3904 6184
266 356 375 433 τεξές

1163 345 1516 424 CoquN'r.
1560 362 1627 417 in
1662 360 2282 419 ECCLESIASTICUM.
2322 390 2396 404 -
2430 362 2557 418 ua.
2596 361 2635 417 ι.

3460 359 3558 424 736

264 484 443 564 ιιιειιιιθ
493 486 761 545 ambulavi
816 485 871 541 in
917 484 1149 559 magnis,
1202 497 1377 553 neque
1421 481 1477 536 in
1523 479 1862 537 mirabilibus
1889 479 2280 538 Amansuetos
2323 479 2605 544 Dominus,
2658 493 2716 534 et
2759 477 2971 549 pra-ibit
3025 479 3078 534 in
3129 479 3272 535 viam
3307 481 3554 553 justitize,

266 599 431 656 super
460 596 571 648 ine,
612 589 727 649 etc.
750 573 926 650 (Psal.
962 573 1147 648 cxxx).
1198 594 1217 626 ι

341 714 360 747 ι
406 689 629 748 Declina
672 689 897 761 pauperi
945 687 1065 742 sine
1112 685 1332 741 tristitia
1375 699 1565 739 aurem
1610 691 1777 747 tuam,
1805 691 1861 737 et

269 806 290 839 ι
338 783 500 842 redde
542 783 783 839 debitum
824 788 995 843 tuum,
1034 785 1091 833 et
1129 775 1395 847 responde
1430 774 1505 829 illi
1541 772 1764 845 pacilice
1805 770 1858 841 in

272 898 290 930 ι
338 873 772 933 mansuetudine.
816 890 835 923 ι
873 869 1123 924 Debitum
1151 876 1236 922 est
1264 865 1519 936 pauperis
1548 879 1670 920 cum
1702 878 1856 916 man-

265 966 554 1024 suetudine
598 959 900 1019 consolatio
947 955 1300 1029 temporalis,
1348 954 1442 1026 qui
1485 963 1668 1009 antem
1716 953 1859 1008 hanc

264 1060 311 1115 ei
364 1058 496 1114 dare
540 1052 785 1126 negligit,
834 1065 1133 1123 congruum
1176 1046 1418 1103 debitum
1463 1045 1540 1101 illi
1576 1058 1695 1100 non
1753 1044 1858 1098 itii-

263 1157 471 1231 pendit.

344 1287 361 1320 ι
409 1267 604 1323 Libera
638 1279 765 1321 eum
808 1262 901 1333 qui
946 1260 1198 1340 injuriam
1228 1259 1429 1330 patitur
1464 1259 1532 1315 de
1559 1274 1720 1314 manu
1766 1272 1859 1313 su-

266 1384 286 1416 ι
331 1361 515 1432 perbi;
558 1366 615 1414 et
653 1373 759 1413 non
791 1354 1129 1412 acide‘feras
1155 1355 1210 1409 in
1245 1355 1428 1408 anima
1473 1363 1586 1409 tua.
1621 1372 1639 1405 ι
1692 1351 1859 1424 Igitur

260 1454 405 1510 sicut
432 1452 586 1522 prius
607 1450 997 1522 expensionem
1023 1448 1145 1518 opis
1174 1448 1229 1502 in
1257 1462 1529 1519 pauperes
1554 1447 1857 1517 cleemosy-

265 1562 392 1601 nam
432 1559 554 1601 esse
592 1543 863 1607 ostendit,
903 1543 983 1597 sic
1025 1548 1082 1597 ct
1119 1555 1266 1595 nunc
1298 1539 1672 1596 liberationem
1714 1538 1854 1608 ejus,

256 1638 353 1709 qui
383 1638 568 1707 inique
594 1635 922 1706 opprimitur
949 1642 981 1689 a
1009 1634 1267 1704 superbo,
1300 1633 1694 1689 misericordia:
1718 1646 1856 1701 opus

263 1728 380 1786 fieri
435 1727 696 1785 dederat.
747 1725 904 1783 Unde
955 1726 1009 1780 in
1058 1724 1367 1780 Proverbiis
1419 1723 1684 1794 scriptum
1733 1729 1852 1779 est:

1954 571 2049 641 qui
2082 570 2194 625 ait:
2227 591 2244 624 ι
2273 571 2386 642 Ego
2417 586 2537 626 sum
2561 571 2678 634 via,
2709 570 2911 626 veritas
2958 579 3014 624 et
3043 569 3153 624 vita
3191 588 3204 624 :
3236 573 3329 642 qui
3361 576 3544 644 sequi-

1961 671 2049 717 tur
2069 679 2176 729 me,
2212 679 2318 718 non
2349 662 2590 718 ambulat
2631 662 2683 716 in
2713 662 2970 725 tenebris,
2999 662 3092 717 sed
3123 663 3342 719 habebit
3369 663 3552 721 lumen

1958 755 2082 810 vitm
2127 754 2309 828 (Ioan.
2338 757 2473 827 XIV).
2514 774 2533 809 ι
2591 753 2746 810 Unde
2791 753 2883 823 qui
2933 740 3081 809 illum
3133 754 3326 825 diligit,
3381 757 3555 831 diligit

1956 846 2147 910 vitam,
2194 847 2322 918 quia
2371 845 2640 903 servando
2684 845 2937 899 mandata
2988 843 3151 909 illius,
3199 846 3267 900 ad
3294 854 3552 902 aeternam

1958 937 2241 1007 perveniet
2262 938 2459 1000 vitam;
2497 944 2554 991 et
2588 935 2678 1006 qui
2716 934 3056 1005 vigilaverint
3103 935 3169 989 ad
3204 935 3372 999 illam,
3404 949 3552 993 eont-

1956 1027 2265 1099 plecteutnr
2293 1030 2569 1100 placerem
2610 1027 2747 1099 ejus.
2785 1025 2941 1084 Sicut
2973 1029 3025 1083 in
3059 1028 3369 1086 Proverbiis
3395 1047 3557 1101 Spon-

1958 1120 2067 1183 det,
2099 1121 2290 1177 dicens
2323 1140 2335 1174 :
2372 1141 2391 1173 ι
2427 1121 2622 1176 lteatns
2648 1120 2810 1176 homo
2837 1120 2928 1189 qui
2961 1121 3107 1175 audit
3144 1136 3249 1185 me,
3283 1133 3337 1177 et
3364 1122 3553 1193 vigilat

1958 1212 2025 1266 ad
2056 1212 2199 1268 fores
2236 1227 2385 1267 meas
2418 1212 2676 1283 quotidie,
2716 1222 2765 1265 et
2807 1213 3057 1267 observat
3101 1212 3169 1267 ad
3205 1225 3390 1283 postes
3425 1214 3552 1271 ostii

1957 1302 2065 1358 mei
2096 1302 2279 1369 (Prov.
2314 1302 2451 1373 vni).
2488 1323 2505 1356 ι
2558 1298 2729 1359 Foras
2760 1318 2917 1368 suas,
2956 1314 3011 1359 et
3047 1314 3228 1374 postes
3277 1305 3400 1360 ostii
3446 1306 3551 1372 sui,

1958 1394 2271 1464 Scripturas
2322 1402 2543 1450 sanctas
2593 1405 2650 1449 ct
2698 1410 2885 1450 earum
2937 1397 3191 1451 doctores
3241 1409 3551 1467 nuncupat,

1957 1485 2080 1540 sine
2106 1483 2303 1554 quibus
2340 1486 2408 1541 ad
2438 1485 2606 1540 vitam
2638 1500 2800 1554 quam
2843 1485 3129 1555 pollicetur
3167 1500 3275 1541 non
3310 1488 3551 1544 valemus

1956 1571 2195 1641 ingredi;
2242 1570 2332 1642 qui
2374 1573 2519 1627 enim
2557 1574 2624 1627 ad
2658 1573 2757 1628 has
2795 1572 2939 1628 fores
2977 1572 3177 1642 vigilat,
3214 1575 3315 1631 hoc
3348 1584 3434 1630 est
3474 1577 3552 1630 in-

1956 1666 2109 1718 tenta
2160 1673 2344 1719 mente
2396 1664 2708 1719 meditando
2754 1672 3109 1734 perseverat,
3162 1665 3550 1736 magnitudinis

1956 1746 2129 1822 ipsius
2157 1756 2482 1809 suavitatem
2513 1752 2763 1824 percipit.

266 1841 289 1874 ί
333 1821 476 1917 Et“?
498 1834 595 1876 θοθ
619 1819 711 1917 fl“?
743 1820 1017 1874 dum!“
1041 1817 1109 1872 ad
1136 1823 1387 1917 ωθξξθπῖθ
1417 1822 1473 1871 ⁸⁸
1508 1816 1600 1917 qh“?
1628 1815 1853 1917 ξῗθίυξὼ
1881 1832 1928 1894 Β
1977 1815 1995 1822 ’
2031 1862 2051 1895 ι
2076 1844 2177 1911 Qui
2206 1846 2481 1901 tenuerint
2509 1815 2681 1910 illam,
2705 1845 2871 1899 vitam
2897 1844 3316 1912 hmreditahunt,
3353 1859 3409 1902 et
3433 1864 3542 1917 quo

262 1924 357 1969 tur
400 1912 469 1968 ad
508 1912 871 1986 perditionem
911 1926 981 1966 ne
1004 1925 1187 1966 cesses
1222 1909 1476 1965 liberare.
1530 1908 1590 1965 Si
1616 1909 1848 1966 dixeris:

264 2003 424 2060 Vires
453 2019 561 2058 non
588 2010 908 2073 suppetunt;
953 2004 1045 2072 qui
1076 2003 1358 2072 inspector
1388 2010 1475 2057 est
1502 2002 1707 2065 cordis,
1738 2002 1853 2071 ipse

262 2097 547 2167 intelligit;
625 2104 684 2150 et
732 2104 1079 2152 servatorem
1121 2095 1318 2151 anima:
1368 2104 1474 2151 tua:
1523 2095 1661 2151 nihil
1715 2095 1855 2151 fallit

259 2187 447 2259 (Prov.
471 2187 642 2258 xxiv).
677 2202 698 2240 ι
729 2187 855 2243 ideo
880 2196 936 2242 et
958 2187 1048 2243 hic
1070 2187 1291 2253 dicitur,
1325 2207 1345 2241 ι
1383 2184 1501 2243 Non
1528 2188 1684 2244 aeide
1708 2187 1854 2244 feras

260 2278 315 2331 in
362 2277 543 2331 anima
589 2285 712 2342 tua;
750 2296 768 2328 ι
809 2277 912 2331 hoc
948 2285 1034 2332 est
1069 2276 1288 2333 taediose
1316 2276 1401 2333 vel
1428 2277 1690 2349 indigne:
1724 2277 1853 2348 quia

257 2367 548 2423 charitatis
593 2366 862 2421 fervet'em
897 2381 1023 2438 ergo
1070 2366 1377 2437 proximum
1424 2372 1485 2424 se
1518 2382 1626 2422 non
1653 2367 1853 2423 habere

256 2458 516 2522 ostendit,
546 2458 637 2527 qui
669 2470 791 2513 eum
817 2456 887 2512 ab
927 2459 1085 2514 hoste
1109 2458 1322 2529 eripere
1348 2470 1454 2513 non
1480 2456 1780 2513 contendit.

857 2607 1087 2665 CAPUT
1125 2608 1262 2665 XVI.

256 2721 340 2776 De
361 2721 578 2793 pupillis
600 2731 649 2777 et
672 2721 844 2778 viduis
873 2722 928 2777 in
950 2722 1160 2792 judicio
1188 2722 1528 2792 defendendis
1566 2724 1622 2779 in
1652 2725 1857 2781 miseri-

805 2793 987 2846 cordia
1016 2810 1111 2863 pro
1141 2804 1314 2862 patre.

339 2953 358 2986 ι
407 2934 460 2989 In
496 2933 790 3003 iudicando
823 2941 944 2989 esto
982 2933 1202 3005 pupillis
1238 2935 1547 2991 misericors
1592 2945 1648 2991 ιιι
1680 2944 1852 3006 pater,

264 3042 286 3075 ι
333 3028 391 3079 et
419 3040 519 3095 pro
544 3025 854 3079 viro-matri
882 3025 1189 3090 illorum,et
1213 3025 1322 3082 eris
1348 3026 1492 3081 velut
1521 3026 1664 3082 filius
1684 3026 1856 3082 Altis-

1959 1952 1980 1986 ι
2029 1935 2296 2000 introibit,
2324 1937 2607 1991 benedicct
2634 1934 2797 1992 Deus.
2833 1956 2851 1989 ι
2895 1936 2988 1992 Ille
3014 1938 3212 2007 quippe
3240 1952 3368 1994 vere
3399 1949 3547 1994 tenet

1954 2026 2299 2096 sapientiam,
2340 2026 2432 2096 qui
2471 2026 2675 2082 Christi
2718 2028 2991 2082 mandatis
3032 2027 3252 2082 adhibet
3293 2028 3549 2084 obedien-

1956 2113 2114 2184 tiam,
2142 2127 2199 2174 et
2223 2132 2332 2189 quo
2368 2120 2484 2187 ipsa
2516 2118 2802 2173 intraverit
2835 2118 3142 2173 benedictio
3166 2119 3281 2184 Dei,
3312 2119 3440 2173 illuc
3476 2134 3548 2174 Sl-

1955 2209 2067 2265 mul
2109 2209 2423 2263 comitatur.
2479 2207 2682 2279 Sicque
2723 2223 2871 2273 eum,
2901 2208 2992 2278 qui
3022 2223 3121 2278 per
3146 2208 3263 2278 ejus
3301 2208 3460 2264 fidem
3493 2218 3550 2264 et

1954 2298 2300 2355 dilectionem
2345 2297 2584 2353 caelestis
2624 2297 2776 2366 regni
2821 2296 3025 2352 aditum
3063 2298 3277 2367 quierit,
3329 2298 3544 2353 benedi-

1954 2390 2133 2447 ctione
2178 2400 2381 2446 teterna
2422 2388 2635 2445 ditabit.
2670 2388 2823 2444 Unde
2861 2387 2977 2458 ipse
3018 2386 3073 2441 in
3113 2386 3406 2459 Evangelio
3433 2393 3542 2444 ait:

1960 2499 1978 2533 ι
2022 2481 2137 2553 Ego
2166 2494 2283 2536 sum
2313 2481 2541 2546 ostium;
2573 2494 2671 2550 per
2699 2493 2784 2533 me
2817 2479 2861 2533 si
2890 2478 3016 2548 quis
3045 2477 3339 2543 intraierit,
3366 2479 3549 2533 salva-

1954 2574 2119 2638 bitur,
2152 2581 2207 2629 et
2236 2572 2573 2645 ingredietur
2597 2579 2652 2626 et
2694 2569 3028 2641 egredietur,
3058 2576 3114 2623 et
3141 2583 3344 2639 pascua
3395 2568 3547 2624 inve-

1954 2667 2068 2725 nlet
2095 2667 2285 2740 (Joan.
2320 2665 2398 2738 κ).
2442 2685 2461 2719 t

2032 2776 2052 2809 ι
2094 2757 2202 2826 Qui
2249 2757 2493 2814 serviunt
2534 2756 2583 2811 ei
2635 2755 2999 2825 obsequentes
3043 2769 3206 2809 erunt
3248 2760 3458 2820 saneto,
3494 2766 3552 2810 et

1960 2866 1982 2900 ι
2025 2862 2122 2903 eos
2155 2847 2249 2918 qui
2292 2845 2527 2916 diligunt
2576 2844 2725 2900 illam
2770 2843 2942 2914 diligit
2969 2844 3133 2899 Deus.
3172 2864 3192 2896 ρ
3247 2843 3352 2912 Qui
3395 2842 3544 2898 enim

1955 2938 2228 2993 veraciter
2256 2937 2427 2992 servit
2451 2936 2692 3001 Christo,
2722 2942 2777 2989 α
2806 2944 2957 3005 spem
2995 2935 3158 2991 habet
3196 2935 3251 2989 in
3278 2933 3394 3000 illo,
3424 2948 3552 2990 sau-

1957 3029 2161 3086 ctilicat
2185 3044 2245 3086 se
2272 3030 2412 3086 sicut
2436 3037 2491 3084 et
2518 3029 2609 3084 ille
2638 3036 2861 3086 sanctus
2883 3034 2987 3093 est,
3014 3028 3271 3098 quoniam
3300 3026 3552 3084 faciendo

260 3137 285 3169 ς
333 3116 460 3172 simi
503 3116 793 3182 obediens;
843 3125 899 3172 et
944 3117 1293 3172 miserebitur
1341 3118 1417 3180 tui
1474 3119 1649 3187 magis
1687 3132 1857 3188 quam
1899 3190 1926 3193 _
1950 3119 2218 3189 justitiam
2252 3122 2431 3193 justus
2465 3129 2569 3186 est,
2598 3121 2738 3177 sicut
2778 3128 2831 3175 et
2873 3118 2961 3174 ille
2985 3118 3165 3187 justus
3191 3126 3294 3175 est.
3337 3119 3413 3174 De
3443 3133 3551 3190 quo

263 3228 287 3259 ι
335 3217 531 3263 mater.
565 3226 585 3261 ι
619 3206 698 3263 Ne
725 3206 962 3278 aliquam
989 3208 1226 3277 speciem
1255 3208 1530 3263 omitteret
1555 3208 1857 3281 clceuiosy-
1883 3190 1929 3254 (ἶ

261 3316 483 3365 narum,
509 3301 825 3371 parentibus
863 3308 1025 3371 atque
1054 3303 1383 3373 pauperibus
1409 3302 1590 3375 jungit
1623 3304 1855 3374 pupillos

257 3398 318 3447 et
345 3390 561 3457 viduas,
589 3396 649 3445 ut
676 3392 839 3447 etiam
868 3405 1055 3448 eorum
1094 3408 1283 3449 curam
1315 3393 1516 3448 habere
1544 3404 1649 3449 non
1680 3395 1858 3466 despi-

258 3483 496 3548 ciamus,
544 3482 639 3537 sed
682 3496 840 3551 opem
882 3484 1206 3554 condignam
1240 3483 1348 3540 illis
1394 3483 1652 3539 fet-amns.
1705 3485 1859 3541 Sicut

256 3575 409 3630 enim
438 3568 642 3645 pupillo
670 3584 929 3644 paternus
951 3575 1340 3645 impendendus
1372 3585 1456 3631 est
1494 3576 1750 3644 allectus,
1781 3577 1854 3632 ita

256 3673 321 3719 et
350 3664 528 3719 viduae
560 3664 662 3719 viri
692 3665 776 3720 sui
808 3665 862 3719 in
888 3665 1067 3720 solatii
1100 3665 1392 3722 collatione
1422 3667 1742 3722 imitandum
1771 3674 1857 3723 est

260 3756 604 3826 exemplum;
662 3765 826 3827 atque
873 3758 989 3813 lucc
1025 3756 1296 3815 facientes
1341 3759 1434 3813 lilii
1481 3759 1747 3815 Altissimi
1798 3760 1854 3814 in

256 3850 568 3906 obediendo
616 3850 887 3905 mandatis
935 3850 1078 3906 illius
1121 3865 1244 3907 esse
1288 3851 1656 3922 probabimnr.
1715 3851 1856 3921 Quia

259 3941 447 4008 magis
482 3942 637 3998 nobis
681 3942 1031 3997 miserebitur
1072 3941 1125 3996 in
1158 3944 1596 3999 remuneratione
1626 3944 1854 4014 praemii,

258 4044 432 4101 quam
484 4038 729 4087 materna
796 4028 1011 4087 affectio
1053 4047 1291 4103 unquam
1355 4030 1548 4089 fecerit
1593 4033 1648 4087 in
1677 4033 1859 4088 studio

258 4122 607 4178 untrimenti.

843 4235 1072 4292 CAPUT
1124 4235 1285 4292 XVII.

257 4367 344 4421 De
361 4364 544 4421 studio
578 4365 848 4435 sapientia:
870 4384 889 4424 :
909 4365 1050 4432 quod
1076 4364 1351 4435 diligentes
1379 4381 1498 4420 eam
1522 4369 1723 4421 cunctis
1751 4369 1858 4422 uir—

336 4435 544 4519 entibus
563 4435 1144 4519 justitir’e,.adjttvt‘uite
1173 4435 1425 4516 Domino,
1456 4452 1670 4519 cperant
1708 4438 1853 4519 derit,

334 4507 544 4576 dicente
564 4502 697 4576 ipsa
729 4502 956 4561 Veritatc
980 4519 998 4556 :
1025 4504 1138 4576 Non
1185 4505 1363 4561 omnis
1404 4502 1498 4576 qui
1524 4505 1656 4576 dicit
1699 4502 1855 4571 mihi,

334 4574 569 4631 Domine
591 4574 836 4645 Domine,
868 4575 1090 4645 intrabit
1117 4575 1169 4629 in
1195 4574 1732 4645 regnnm'ccelornm,
1765 4577 1862 4633 sed

337 4646 437 4717 qui
466 4645 597 4701 facit
622 4644 955 4701 voluntatem
980 4644 1158 4701 Patris
1187 4644 1312 4717 mei.

340 4798 363 4832 ι
412 4778 698 4849 Sapientia
733 4777 858 4834 [iiiis
896 4779 1009 4834 suis
1037 4778 1204 4834 vitam
1259 4779 1506 4851 inspirat,
1546 4791 1604 4836 et
1631 4781 1865 4852 suscipit

269 4892 290 4923 ι
338 4871 698 4942 exquirentes
736 4886 824 4935 se;
858 4880 914 4926 et
937 4871 1150 4941 praeibit
1195 4871 1249 4926 in
1278 4873 1364 4927 via
1403 4871 1657 4942 iustitiae;
1689 4884 1744 4931 et
1769 4877 1862 4945 qui

269 4983 290 5016 σ
341 4963 499 5018 illam
528 4962 723 5033 diligit,
756 4962 930 5031 diligit
964 4963 1156 5029 vitam,
1190 4971 1246 5019 et
1284 4965 1377 5034 qui
1418 4965 1761 5037 vigilaverint
1797 4968 1863 5024 ad

269 5075 290 5107 ι
339 5053 520 5117 illam,
558 5052 982 5123 complectantur
1022 5054 1295 5124 placerem
1336 5056 1471 5127 ejus.
1514 5078 1532 5109 ι
1588 5056 1866 5130 Sapientia

266 5142 461 5200 divina
493 5156 718 5212 parvum
755 5142 857 5196 sibi
891 5149 1076 5211 aptum
1107 5142 1314 5210 laudat,
1347 5145 1517 5215 ipsam
1547 5148 1867 5219 sapientiam

267 5236 397 5302 Dei,
423 5248 591 5305 quam
617 5248 723 5291 non
755 5232 916 5289 aliam
942 5244 1105 5305 quam
1132 5235 1410 5291 Christum
1441 5237 1633 5294 Filium
1663 5239 1756 5297 Dei
1791 5242 1869 5295 iu-

271 5325 595 5396 telligimus.
651 5322 728 5378 De
777 5338 884 5393 quo
912 5324 1204 5394 Apostolus
1251 5327 1365 5381 ait:
1396 5343 1415 5377 ι
1444 5326 1717 5384 Christum
1749 5330 1871 5387 dico

272 5416 377 5471 Dei
428 5413 685 5469 virtutem
725 5421 780 5468 et
809 5412 903 5468 Dei
951 5414 1272 5484 sapientiam
1306 5412 1359 5490 (I
1385 5414 1508 5472 Cor.
1539 5418 1598 5488 i).
1638 5436 1656 5469 ι
1742 5418 1860 5490 Ipsa

274 5503 428 5560 enim
478 5502 746 5572 sapientia
795 5501 923 5559 llllis
974 5503 1090 5559 suis
1139 5504 1305 5559 vitam
1356 5505 1603 5576 inspirat,
1651 5509 1867 5578 quando

279 5591 565 5663 discipulis
610 5593 723 5648 suis
769 5603 823 5648 et
872 5592 1089 5650 cmtcris
1132 5590 1380 5650 ﬁdelibus
1424 5596 1715 5667 agnitionis
1759 5614 1870 5655 sua:

279 5685 521 5755 praebuit
563 5691 991 5749 sacramentum,
1031 5695 1086 5741 et
1114 5677 1391 5757 Evangelii
1439 5687 1700 5744 revelavit
1749 5704 1869 5762 my-

284 5776 535 5829 sterium.
586 5774 825 5846 Suscipit
878 5776 1253 5847 perquirentes
1294 5790 1391 5843 se,
1438 5779 1565 5848 quia
1615 5780 1874 5853 suscipiet

1961 3213 2221 3269 Dominus
2251 3212 2304 3267 in
2338 3211 2454 3285 lege
2482 3212 2763 3283 prmeepit,
2793 3212 2978 3267 dicens
3006 3223 3023 3265 :
3076 3228 3096 3263 ι
3137 3209 3321 3265 Sancti
3356 3218 3551 3277 estote,

1959 3304 2215 3376 quoniam
2254 3312 2310 3362 et
2334 3319 2436 3376 ego
2461 3311 2682 3359 sanctus
2708 3318 2850 3369 sum,
2880 3302 3144 3357 Dominus
3169 3301 3312 3357 Deus
3341 3308 3545 3366 vester,

1958 3402 2015 3449 et
2062 3408 2175 3461 eos,
2219 3394 2313 3463 qui
2360 3393 2590 3465 diligunt
2639 3392 2804 3456 illam,
2857 3392 3028 3465 diligit
3057 3392 3199 3447 Dens
3246 3390 3431 3464 (Lavit.
3462 3407 3549 3456 xi,

1958 3498 2050 3541 xu
2090 3495 2138 3541 et
2165 3485 2300 3559 xx):
2337 3506 2356 3538 ι
2390 3485 2648 3555 quoniam
2685 3483 2775 3555 qui
2807 3483 2985 3555 diligit
3066 3498 3189 3539 eum
3216 3484 3309 3554 qni
3346 3483 3551 3555 genuit,

1960 3575 2137 3647 diligit
2172 3590 2296 3631 eum
2324 3575 2417 3646 qui
2447 3584 2609 3629 natus
2635 3582 2719 3629 est
2746 3589 2814 3629 ex
2842 3588 2930 3639 eo,
2963 3584 3122 3641 quem
3154 3572 3340 3641 utique
3377 3571 3555 3642 diligit

1959 3665 2142 3732 Pater,
2170 3666 2329 3722 simul
2356 3666 2531 3736 diligit
2555 3673 2611 3721 et
2636 3664 2844 3719 Filius:
2869 3664 3010 3719 sicut
3039 3661 3094 3718 in
3117 3662 3408 3734 Evangelio
3434 3662 3551 3733 ipsa

1962 3757 2178 3813 Veritas
2223 3756 2482 3821 ostendit,
2510 3755 2737 3810 dicens:
2767 3772 2787 3806 ι
2823 3752 2924 3821 Qui
2955 3754 3132 3825 diligit
3165 3768 3273 3819 me,
3301 3753 3557 3824 diligetur

1961 3861 1993 3902 a
2020 3847 2185 3901 Patre
2211 3860 2355 3910 meo,
2383 3853 2439 3901 et
2467 3859 2569 3916 ego
2598 3844 2820 3913 diligam
2851 3858 3000 3910 eum,
3030 3851 3085 3898 et
3117 3842 3476 3899 manifestabo
3502 3844 3553 3899 ei

1960 3937 2229 4007 meipsum
2254 3934 2438 4009 (lacn.
2462 3935 2598 4008 xw).
2631 3954 2650 3988 ι
2668 3924 2786 3991 Sed
2810 3935 2935 4005 quia
2957 3935 3205 4006 probatio
3247 3934 3554 3991 dilectionis

1960 4027 2228 4084 exhibitio
2252 4035 2339 4084 est
2372 4027 2574 4098 operis,
2606 4026 2871 4098 sequitur.

2039 4162 2057 4196 ι
2101 4143 2206 4211 Qui
2241 4143 2395 4198 audit
2422 4143 2591 4210 illam,
2616 4140 2885 4211 indicabit
2917 4151 3139 4215 gentes;
3175 4151 3230 4198 et
3256 4141 3349 4212 qui
3381 4142 3556 4197 intue-

1970 4254 1986 4285 ι
2035 4242 2124 4289 tur
2154 4232 2321 4298 illam,
2351 4233 2692 4304 permanebit
2717 4230 3017 4289 confidens.
3065 4230 3124 4297 Si
3159 4230 3450 4289 crediderit
3478 4231 3551 4298 ei,

1969 4342 1988 4376 ι
2035 4325 2378 4381 hmreditabit
2405 4324 2575 4392 illam,
2607 4333 2664 4379 et
2691 4330 2853 4379 erunt
2877 4325 2930 4379 in
2961 4322 3374 4381 confirmatione
3400 4338 3555 4380 crea-

1969 4435 1988 4468 ι
2035 4425 2170 4473 turae
2205 4417 2671 4489 illiuszquoniam
2724 4418 2778 4472 in
2821 4418 3119 4473 tentatione
3153 4417 3388 4472 ambulat
3428 4433 3552 4474 cum

1885 4541 1940 4602 Β
1969 4526 1989 4560 ι
2035 4520 2121 4575 eo,
2155 4518 2211 4563 et
2257 4507 2310 4563 in
2359 4508 2552 4579 primis
2600 4507 2751 4580 eligit
2799 4524 2943 4564 eum.
2975 4529 2995 4560 ι
3046 4507 3148 4575 Qui
3188 4507 3335 4564 enim
3378 4507 3554 4581 diligit

1969 4598 2269 4665 Christum,
2304 4600 2558 4654 mandata
2585 4597 2703 4668 ejus
2739 4606 2940 4663 servat,
2977 4609 3034 4654 et
3069 4598 3157 4654 ille
3187 4597 3396 4668 judicat
3422 4615 3542 4670 gen-

1973 4695 2074 4755 tes,
2102 4690 2243 4745 sicut
2268 4689 2381 4760 ipsa
2406 4689 2621 4746 Veritas
2646 4690 2699 4744 in
2720 4690 3011 4761 Evangelio
3039 4692 3309 4760 promisit,
3334 4692 3518 4749 dicens
3536 4736 3548 4747 .

1975 4801 1994 4834 ι
2039 4781 2172 4837 Cum
2200 4782 2399 4837 sederit
2427 4780 2568 4836 filius
2595 4781 2829 4836 hominis
2857 4781 2910 4835 in
2939 4781 3065 4836 sede
3092 4781 3389 4853 maiestatis
3416 4800 3552 4850 sum,

1972 4872 2227 4927 sedebizis
2279 4880 2336 4926 et
2376 4876 2473 4927 vos
2514 4885 2677 4941 super
2715 4870 2872 4926 sedes
2906 4870 3224 4937 duodecim,
3244 4873 3554 4943 iudicantes

1971 4961 2255 5016 duodecim
2289 4959 2460 5016 tribus
2486 4957 2647 5015 Israel
2683 4954 2900 5032 (Matth.
2932 4958 3067 5034 xix).
3101 4982 3120 5014 ι
3151 4961 3221 5016 Et
3257 4962 3313 5017 in
3342 4963 3556 5035 Apoca-

1972 5051 2102 5123 lypsi
2133 5070 2175 5105 τι
2208 5050 2346 5107 Ecce
2368 5057 2473 5117 sto,
2505 5050 2699 5121 inQuit,
2724 5050 2789 5105 ad
2818 5049 3018 5107 ostium
3048 5056 3101 5108 et
3126 5053 3282 5123 pulso
3310 5073 3324 5109 :
3358 5056 3404 5111 si
3433 5057 3556 5128 quis

1973 5142 2205 5198 audierit
2228 5157 2413 5199 vocem
2441 5156 2640 5210 meam,
2668 5151 2725 5199 et
2749 5146 3024 5215 aperuerit
3041 5143 3290 5211 ianuam,
3323 5145 3559 5201 introibo

1973 5233 2040 5288 ad
2080 5232 2248 5297 illum,
2280 5243 2334 5289 et
2371 5234 2599 5291 coenabo
2627 5248 2752 5290 cum
2782 5235 2895 5301 illo,
2934 5243 2990 5291 et
3030 5236 3146 5307 ipse
3172 5251 3404 5291 mecum.
3452 5234 3553 5301 Qui

1973 5325 2186 5388 vicerit.
2219 5325 2358 5381 dabo
2382 5325 2430 5379 ei
2462 5326 2652 5381 sedere
2682 5340 2897 5381 mecum
2930 5325 2985 5380 in
3017 5326 3213 5381 throno
3234 5338 3354 5379 meo
3379 5342 3392 5378 :
3417 5325 3559 5379 sicut

1973 5423 2028 5470 et
2056 5430 2157 5487 ego
2190 5416 2314 5483 vici,
2347 5425 2403 5472 ct
2439 5417 2554 5473 sedi
2582 5433 2705 5473 cum
2740 5418 2902 5472 Patre
2944 5432 3065 5472 meo
3109 5417 3164 5471 in
3208 5416 3401 5471 throno
3438 5414 3555 5484 ejus

1974 5503 2157 5577 (Apoc.
2189 5505 2293 5577 in).
2331 5525 2349 5558 ι
2395 5505 2601 5563 Idcirco
2644 5507 2689 5563 is
2717 5506 2809 5577 nui
2849 5506 3142 5561 intuebitur
3172 5518 3318 5567 eam,
3345 5503 3447 5558 hoc
3472 5511 3559 5560 est

1977 5609 2144 5656 totam
2199 5600 2553 5656 intentionem
2604 5599 2772 5656 animi
2821 5597 2905 5655 sui
2945 5606 3001 5654 et
3045 5596 3166 5653 lidei
3215 5604 3465 5653 uirtutem
3502 5597 3557 5652 in

1976 5705 2096 5746 eam
2122 5691 2296 5759 ponit,
2325 5691 2658 5761 permanebit
2702 5686 3000 5754 conlidens,
3045 5704 3145 5744 nec
3179 5704 3301 5742 eunt
3337 5690 3560 5745 subver-

1981 5790 2095 5837 tere
2139 5782 2341 5851 poterit
2387 5782 2611 5837 tentatio
2655 5781 2937 5850 praesentis
2983 5781 3124 5847 vitaz,
3171 5781 3265 5836 sed
3304 5788 3462 5837 erunt
3502 5780 3560 5836 in
