3928 6182
379 382 383 391 ’
438 412 543 469 737

1090 410 1151 465 Β.
1188 409 1445 469 BABANl
1481 410 1702 466 MAURI
1739 410 2063 467 ARCHIEP.
2102 409 2415 468 MOGUNT.
2454 410 2737 466 OPERUM
2778 412 2958 467 PARS
2996 413 3037 467 I.

3620 416 3720 476 788

440 526 855 583 conﬁrmatione
896 540 1060 594 opera
1107 525 1296 595 ipsius,
1340 536 1396 581 et
1443 525 1511 580 ad
1560 525 1782 596 praemia
1812 535 2029 582 aeterna:
2055 529 2109 588 Α
2209 546 2228 576 ι
2278 527 2381 581 Pro
2421 527 2604 581 anima
2647 536 2734 581 tua
2783 544 2851 582 ne
2892 527 3245 585 confundaris
3280 532 3465 588 dicere
3506 549 3719 591 verum.

445 616 775 672 liaereditatis
832 616 1229 672 remuneranda
1285 620 1664 684 servabuntur,
1718 633 1815 687 pro
1870 618 2026 689 cujus

439 716 623 759 amore
646 705 826 761 omnia
856 704 1003 759 fecit.
1030 705 1108 760 Ita
1139 714 1197 760 ut
1224 719 1423 762 eorum'
1442 717 1696 778 acceptor
1721 709 1869 764 dicat
1897 717 2027 764 tunc

441 810 561 849 cum
593 796 862 864 Propheta
890 814 903 848 :
937 814 955 846 i
994 796 1120 851 Haec
1149 798 1362 867 requies
1390 814 1511 854 mea
1560 800 1613 853 in
1646 799 1899 855 saeculum
1929 814 2029 854 sae-

441 887 550 942 culi
601 903 615 942 :
660 888 749 943 hic
775 888 1059 956 habitabo,
1106 892 1363 961 quoniam
1393 892 1645 965 praeelegi
1683 908 1807 949 eam
1850 892 2024 966 (Psal.

439 982 649 1049 CXXXI).
690 999 711 1033 ι

514 1092 533 1124 ‹
581 1072 878 1138 Timorem,
927 1080 984 1129 et
1013 1082 1240 1140 metum,
1284 1083 1339 1130 et
1384 1076 1759 1145 probationem
1812 1076 2030 1133 inducet

439 1184 465 1217 τ
512 1181 676 1237 super
722 1165 906 1233 illum;
953 1176 1009 1222 et
1058 1168 1330 1223 cruciabit
1377 1167 1525 1231 illum
1577 1168 1631 1223 in
1681 1168 2029 1224 tribulatione

445 1276 463 1308 c
511 1256 769 1312 doctrinae
795 1272 927 1321 suae,
956 1258 1127 1313 donec
1155 1264 1325 1313 tentet
1350 1257 1498 1313 illum
1528 1259 1583 1313 in
1609 1258 2030 1329 cogitationibus

451 1367 470 1397 ι
517 1347 648 1414 suis,
677 1355 731 1401 et
757 1347 946 1402 credat
989 1347 1183 1402 animae
1217 1347 1394 1413 illius;
1431 1355 1486 1405 et
1511 1346 1748 1402 ﬁrmabit
1775 1347 1944 1413 illum,
1976 1356 2032 1403 et

448 1463 466 1492 ι
516 1443 620 1497 iter
645 1441 877 1497 adducet
910 1442 1177 1496 directum
1203 1441 1271 1496 ad
1297 1441 1481 1507 illum;
1508 1448 1563 1496 et
1587 1440 1880 1496 denudabit
1908 1442 2031 1495 abs-

448 1551 466 1582 ι
514 1546 679 1587 causa
720 1546 818 1586 sua
848 1531 946 1597 illi,
971 1540 1025 1584 et
1057 1531 1449 1586 thesaurizabit
1484 1546 1649 1601 super
1673 1531 1820 1585 illum
1854 1532 2031 1586 scien-

448 1638 466 1672 ι
515 1622 644 1676 tiam
665 1629 721 1676 et
749 1621 1079 1676 intellectum
1099 1620 1342 1690 justitiae.
1367 1641 1386 1673 ι
1412 1622 1527 1677 Hac
1551 1622 1818 1677 sententia
1846 1622 2029 1692 priora

442 1712 928 1778 confirmabuntur,
983 1712 1241 1782 quoniam
1293 1712 1484 1778 illum,
1548 1727 1709 1782 quem
1763 1711 2029 1782 sapientia

440 1802 622 1858 divina
647 1802 909 1857 introieris
945 1802 1352 1868 inhabitaverit,
1381 1818 1545 1873 opera
1572 1802 1688 1873 ejus
1719 1803 1947 1871 diriget;
1975 1809 2032 1858 et

2137 636 2156 667 ε
2206 617 2302 671 Est
2352 617 2498 672 enim
2548 616 2797 673 confusio
2842 619 3118 675 adducens
3162 631 3490 689 peccatum,
3545 632 3605 678 et
3648 636 3729 680 est

2138 727 2156 759 ι
2202 707 2447 763 confusio
2481 709 2753 765 adducens
2780 710 3007 780 gloriam
3033 718 3088 766 et
3115 712 3369 782 gratiam.
3404 733 3424 766 ι
3467 713 3728 770 Hortatur

2132 796 2333 853 milites
2360 797 2585 862 Christi,
2616 805 2677 852 ut
2709 813 2829 853 cum
2875 806 3089 870 tempus
3124 802 3527 871 persecutionis
3568 804 3725 859 insti-

2132 890 2279 956 terit,
2310 905 2417 945 non
2446 890 2829 945 deterreantur
2868 907 2966 962 pro
2991 890 3195 947 Christi
3235 895 3456 951 nomine
3486 896 3725 951 animam

2129 994 2364 1050 ponere;
2413 995 2588 1049 neque
2633 978 3034 1035 confundantur
3062 996 3194 1036 voce
3222 990 3277 1036 et
3306 998 3403 1038 ore
3428 998 3578 1038 verae
3607 983 3725 1039 fidei

2132 1065 2527 1124 confessionem
2567 1067 2837 1140 proferre,
2876 1071 3001 1139 quia
3038 1080 3122 1127 est
3162 1071 3410 1128 confusio
3451 1075 3723 1132 adducens

2130 1169 2435 1230 peccatum,
2467 1159 2534 1214 de
2562 1175 2670 1230 qua
2714 1160 2831 1231 ipsa
2858 1159 3080 1216 Veritas
3117 1164 3233 1220 ait:
3282 1184 3299 1215 ι
3334 1163 3439 1231 Qui
3481 1181 3573 1219 me
3602 1181 3722 1220 eru-

2131 1252 2310 1308 buerit
2338 1260 2393 1306 et
2417 1266 2567 1309 meos
2591 1267 2893 1318 sermones,
2919 1253 3065 1308 hunc
3096 1254 3239 1310 filius
3268 1255 3507 1312 hominis
3534 1258 3723 1312 erubeo

2133 1350 2247 1397 scel
2278 1356 2400 1396 cum
2429 1342 2638 1397 venerit
2668 1341 2722 1396 in
2747 1351 3031 1413 majestate
3061 1359 3180 1410 sua,
3206 1352 3260 1399 et
3284 1344 3488 1408 Patris,
3524 1356 3582 1401 ει
3608 1362 3719 1401 εειισ

2131 1440 2342 1489 ctorum
2386 1434 2699 1506 angelorum
2733 1434 2887 1509 (Luc.
2920 1436 3055 1509 xu).
3097 1457 3115 1489 ι
3154 1437 3251 1492 Est
3288 1439 3510 1508 quidem
3543 1450 3595 1494 et
3623 1441 3719 1493 alia

2130 1523 2396 1591 confusio,
2424 1541 2547 1595 quae
2576 1526 2795 1581 adducit
2824 1525 3052 1597 gloriam
3081 1536 3137 1582 et
3164 1529 3420 1599 gratiam,
3453 1545 3582 1585 cum
3608 1531 3723 1600 quis

2129 1630 2229 1685 pro
2257 1617 2496 1685 peccatis
2528 1617 2643 1673 suis
2668 1619 3069 1689 compungitur,
3097 1628 3155 1674 et
3177 1621 3565 1691 paenitentiam
3597 1624 3718 1693 agit.

2131 1704 2209 1759 De
2230 1720 2337 1775 qua
2360 1706 2622 1762 Dominus
2647 1720 2746 1776 per
2772 1706 3112 1763 Ezecliielem
3144 1711 3465 1780 prophetam
3499 1713 3572 1766 ad
3599 1712 3717 1768 Ilie-

2133 1795 2367 1851 rusalem
2397 1795 2511 1851 ait:
2540 1815 2559 1847 i
2597 1795 2885 1853 Suscitabo
2923 1798 3021 1854 tibi
3049 1807 3266 1868 pactum
3308 1801 3721 1872 sempiternum,

440 1894 771 1967 praeparabit
808 1893 960 1949 illum
1000 1894 1056 1947 in
1090 1894 1258 1950 variis
1302 1894 1690 1950 tentationibus
1722 1895 2026 1950 exercendo
2054 1884 2101 1944 Β
2128 1897 2185 1942 ει
2241 1887 2619 1944 recordaberis
2668 1890 2881 1945 viarum
2940 1899 3155 1946 tuarum
3184 1932 3200 1958 ,
3266 1901 3324 1948 et
3375 1895 3722 1950 confumheri's

440 1995 605 2055 atque
637 1986 919 2056 probando
947 1985 1016 2040 ad
1052 1985 1248 2042 futurae
1272 1987 1397 2041 vitae
1425 1987 1624 2058 gaudia
1650 1986 2021 2057 percipienda.

445 2094 465 2127 ι
512 2076 784 2132 Timorem
816 2085 871 2131 et
895 2084 1098 2132 metum
1124 2085 1179 2132 et
1204 2077 1577 2147 probationem
1613 2078 1832 2133 inducet
1861 2092 2029 2148 super

443 2164 615 2234 illum,
654 2190 674 2223 ι
732 2170 989 2239 quoniam
1042 2171 1322 2227 tribulatio
1367 2172 1689 2242 patientiam
1737 2182 2024 2243 operatur;

440 2261 703 2333 patientia
734 2277 866 2317 vero
895 2264 1309 2333 probationem;
1363 2264 1614 2334 probatio
1663 2280 1794 2320 vero
1839 2279 2022 2334 spem;

437 2353 564 2422 Spes
586 2360 768 2408 autem
793 2368 900 2407 non
921 2352 1221 2408 confundit.
1250 2372 1270 2406 ι
1301 2354 1438 2421 Quia
1463 2355 1700 2410 cbaritas
1721 2355 1816 2410 Dei
1833 2355 2025 2411 diffusa

438 2450 525 2497 cst
569 2442 624 2498 in
667 2444 923 2499 cordibus
971 2443 1267 2499 electorum
1308 2460 1407 2514 per
1444 2444 1707 2514 Spiritum
1751 2455 2024 2512 sanctum,

440 2538 531 2608 qui
556 2536 714 2593 datus
735 2546 821 2593 est
843 2538 941 2593 eis.
967 2558 988 2590 ›
1015 2537 1168 2594 Unde
1197 2538 1348 2606 dicit,
1377 2537 1618 2594 ﬁrmabit
1639 2539 1812 2602 illum,
1839 2547 1894 2594 et
1925 2540 2029 2593 iter

442 2628 674 2684 adducet
717 2628 984 2684 directum
1030 2631 1099 2685 ad
1146 2630 1319 2697 illum,
1354 2639 1413 2687 et
1439 2631 1734 2687 denudabit
1764 2631 2025 2687 absconsa

442 2733 541 2773 sua
584 2717 684 2786 illi,
719 2726 772 2775 et
814 2720 1204 2776 thesaurizabit
1243 2736 1407 2793 super
1449 2721 1599 2776 illum
1643 2722 1927 2778 scientiam
1971 2732 2028 2778 et

441 2808 772 2865 intellectum
806 2808 1055 2880 justitiae,
1092 2832 1114 2865 ι
1164 2812 1423 2883 quoniam
1452 2813 1542 2868 ubi
1570 2810 1805 2883 Spiritus
1853 2812 2027 2868 sancti

441 2900 616 2970 gratia
644 2900 847 2958 donum
876 2901 1137 2959 infuderit
1156 2903 1464 2969 charitatis,
1490 2903 1738 2974 profecto
1761 2904 2026 2959 absconsa

441 3001 497 3046 et
522 2991 773 3049 abstrusa
798 2996 1186 3066 mysteriorum
1213 2995 1325 3051 illic
1350 2995 1633 3065 patebunt,
1661 3002 1717 3050 et
1740 2994 2028 3050 thesaurus

439 3083 681 3140 scientiae
705 3092 870 3152 atque
899 3084 1207 3140 intellectus
1233 3084 1309 3141 ibi
1340 3084 1689 3141 revelabitur.

517 3192 536 3226 ι
583 3172 643 3230 Si
668 3182 849 3228 autem
875 3174 1234 3239 oberraverit,
1268 3172 1609 3244 derelinquet
1635 3172 1807 3240 illum,
1838 3181 1893 3227 et
1921 3182 2028 3229 tra-

449 3283 466 3316 ι
511 3263 606 3318 det
628 3279 752 3319 eum
780 3265 836 3318 in
865 3280 1058 3320 manus
1092 3264 1296 3320 inimici
1318 3264 1419 3320 sui.
1450 3284 1470 3317 ›
1506 3265 1601 3319 Ille
1629 3264 1764 3319 avia
1781 3264 2027 3321 veritatis
2052 3237 2097 3299 δ

447 3371 467 3405 ι
515 3354 870 3420 aberraverit,
901 3371 994 3425 qui
1043 3354 1227 3422 ﬁdem,
1285 3371 1437 3426 spem
1465 3364 1520 3411 et
1552 3356 1876 3411 charitatem
1906 3371 2026 3425 per-

447 3461 467 3494 i
508 3441 730 3507 diderit,
761 3458 922 3513 quem
963 3444 1228 3513 sapientia
1265 3443 1615 3516 derelinquit,
1646 3446 1901 3516 quoniam
1943 3447 2027 3501 in-

444 3534 666 3604 dignum
737 3549 834 3590 sua
904 3536 1296 3592 inliabitatione
1345 3537 1627 3608 judicavit.
1703 3538 1857 3593 Sicut
1931 3554 2029 3608 per

444 3624 763 3695 prophetam
807 3625 921 3696 ipse
947 3626 1208 3682 Dominus
1244 3628 1357 3682 ait:
1391 3647 1409 3679 ι
1440 3627 1627 3684 Justus
1653 3637 1834 3684 autem
1876 3644 2028 3684 meus

442 3732 509 3772 ex
534 3716 640 3772 ﬁde
665 3733 783 3773 mea
810 3718 980 3774 vivit:
1006 3719 1150 3789 quod
1179 3719 1223 3774 si
1256 3718 1583 3775 subtraxerit
1606 3736 1685 3785 se,
1716 3737 1821 3776 non
1848 3721 2028 3791 place-

446 3812 525 3865 bit
562 3810 758 3865 animae
787 3826 939 3878 meae,
965 3819 1022 3867 et
1048 3812 1225 3867 tradet
1251 3828 1375 3867 eum
1402 3813 1458 3867 in
1491 3828 1684 3869 manus
1710 3813 1914 3868 inimici
1941 3813 2026 3867 sui

444 3899 674 3972 (Habac.
707 3900 795 3973 ii),
831 3920 851 3955 ι
887 3917 1011 3958 cum
1039 3917 1165 3958 eum
1205 3918 1303 3958 sua
1335 3904 1672 3973 protectione
1694 3912 1941 3969 exutum,
1973 3903 2028 3957 iu

447 4007 640 4048 manus
679 3991 918 4048 hostium
963 4009 1185 4051 suorum
1215 3992 1366 4062 justo
1399 3994 1605 4065 judicio
1640 3994 1879 4050 incidere
1905 4009 2031 4064 per-

445 4084 632 4140 mittit.

1002 4176 1232 4236 CAPUT
1271 4177 1455 4234 XVIII.

445 4265 716 4339 Sapientia
749 4267 994 4342 (tortatur
1031 4269 1087 4324 in
1124 4279 1353 4342 tempore
1396 4269 1751 4342 tribulationis
1791 4287 1885 4342 pro
1924 4269 2031 4339 [ide

659 4347 712 4394 et
738 4338 953 4410 justitia
984 4338 1239 4394 standum
1268 4356 1363 4411 pro
1400 4339 1569 4394 salute
1599 4338 1812 4396 animai.

518 4468 539 4501 ι
583 4448 705 4516 Fili,
735 4465 999 4507 conserva
1023 4459 1255 4521 tempus,
1283 4459 1339 4507 et
1368 4451 1548 4507 devita
1580 4467 1611 4505 a
1641 4451 1802 4506 inalo.
1840 4471 1860 4505 ι
1916 4450 2027 4507 Su-

444 4542 626 4611 perius
650 4541 878 4598 laudans
903 4541 1302 4598 commendavit
1326 4541 1606 4612 sapientiae
1631 4542 1851 4606 donum,
1886 4556 2028 4597 nunc

445 4632 682 4690 ostendit
727 4632 898 4703 ipsius
943 4631 1222 4701 sapientiae
1269 4629 1491 4696 factum,
1545 4632 1670 4700 quia
1717 4631 2025 4701 quicunque

444 4724 710 4780 veraciter
747 4731 1014 4795 praecepta
1052 4731 1233 4776 servat
1279 4721 1578 4791 sapientiae,
1611 4730 1804 4777 cautus
1840 4730 1925 4777 est
1969 4723 2024 4777 in

447 4825 747 4885 temporum
798 4814 1114 4879 mutatione,
1160 4828 1261 4868 nec
1293 4811 1498 4868 deserit
1532 4812 1675 4867 viam
1703 4812 1929 4883 justitiae
1970 4813 2025 4867 in

446 4915 687 4976 tempore
724 4905 1119 4975 persecutionis
1151 4913 1206 4959 et
1237 4904 1517 4977 angustiae.
1570 4903 1694 4961 Ideo
1729 4906 2026 4961 exhortans

446 4994 584 5050 illius
619 5011 746 5050 suos
783 4997 897 5065 ipsa
927 4997 1084 5052 docet
1121 4996 1408 5066 sapientia,
1438 5004 1500 5052 ut
1524 5006 1853 5053 conservent
1892 5007 2029 5052 tem-

446 5099 568 5153 pus,
625 5084 752 5154 quia
816 5102 835 5135 ι
870 5093 1082 5156 tempus
1136 5086 1285 5141 omni
1338 5086 1417 5142 rei
1478 5086 1578 5142 sub
1607 5087 1777 5153 coelo;
1804 5094 1859 5141 et
1889 5095 2025 5141 tem—

445 5190 549 5249 pus
575 5184 659 5233 est
696 5175 839 5242 belli,
871 5184 926 5231 et
962 5187 1174 5247 tempus
1208 5178 1382 5248 pacis,
1421 5198 1440 5231 ι
1491 5179 1747 5249 quoniam
1786 5178 2024 5249 quandiu

446 5268 501 5325 iii
527 5266 631 5323 hoc
665 5265 860 5321 saeculo
889 5282 1099 5333 sumus,
1131 5277 1343 5339 tempus
1380 5278 1462 5325 est
1491 5269 1644 5334 belli;
1692 5278 1747 5324 et
1782 5284 1879 5339 pro
1923 5268 2027 5322 ﬁde

444 5373 510 5413 ac
547 5356 759 5427 justitia
807 5359 1076 5424 standum,
1120 5367 1173 5415 et
1203 5374 1304 5430 pro
1331 5359 1735 5416 saluteanima:
1783 5375 2028 5429 pugnan-

443 5448 591 5504 dum.
638 5447 788 5507 Unde
825 5456 880 5504 et
912 5463 1074 5504 omne
1109 5451 1331 5516 malum,
1372 5450 1476 5505 hoc
1510 5460 1612 5515 est,
1644 5449 1832 5504 vitium
1869 5448 2024 5503 nobis

442 5545 527 5595 cst
564 5538 928 5597 devitandum.
974 5538 1111 5596 Cum
1158 5549 1340 5612 autem
1387 5541 1798 5612 migraveriinus
1826 5539 1891 5593 de
1920 5540 2024 5594 hoc

442 5628 661 5695 seculo,
692 5630 843 5701 pacis
878 5641 1091 5702 tempus
1131 5610 1402 5687 adveniet.
1442 5610 1500 5686 lii
1530 5647 1661 5702 pace
1699 5630 1843 5687 enim
1874 5629 2023 5685 locus

446 5719 564 5783 Dei,
603 5731 659 5778 et
703 5723 896 5778 civitas
941 5733 1128 5781 nostra
1155 5723 1493 5781 Hierusalem
1535 5724 1600 5780 de
1642 5739 1775 5795 pace
1829 5722 2021 5779 sortita

446 5810 763 5867 vocabulum
790 5824 891 5871 est.

2131 1983 2346 2054 (Ezech.
2364 1983 2497 2056 xvi).
2524 2004 2544 2037 ι
2577 1984 2647 2039 Ει
2673 1984 2835 2055 paulo
2858 1993 3014 2056 post:
3043 2002 3063 2037 ι
3090 1985 3160 2040 Ει
3182 1987 3342 2051 scies,
3370 1986 3575 2057 inquit,
3601 1989 3721 2058 quia

2129 2088 2231 2145 ego
2250 2074 2512 2131 Dominus
2539 2092 2553 2129 :
2579 2083 2639 2130 ut
2680 2077 2986 2133 recorderis
3024 2086 3081 2132 et
3123 2078 3501 2145 eonfundaris,
3536 2092 3593 2136 et
3621 2096 3719 2137 non

2128 2166 2205 2221 sit
2247 2165 2348 2220 tibi
2392 2166 2535 2221 ultra
2587 2168 2802 2237 aperire
2845 2183 2909 2224 os
2951 2184 3065 2239 prae
3090 2170 3411 2226 confusione
3441 2181 3560 2226 tua.
3590 2172 3718 2227 Cum

2128 2257 2377 2328 placatus
2416 2257 2571 2314 fuero
2611 2258 2707 2314 tibi
2752 2258 2808 2312 in
2848 2259 3101 2315 omnibus
3129 2275 3251 2331 quae
3287 2260 3490 2328 fecisti,
3525 2260 3597 2315 ait
3629 2261 3723 2319 Do—

2130 2348 2309 2402 minus
2334 2346 2479 2403 Deus
2507 2345 2716 2420 (Ibid.).
2756 2367 2777 2401 ι

2205 2457 2224 2490 ι
2267 2437 2379 2493 Νεε
2408 2438 2646 2508 accipies
2671 2438 2865 2495 faciem
2897 2438 3162 2495 adversus
3189 2439 3384 2496 faciem
3421 2450 3596 2506 tuam,
3626 2457 3721 2497 nec

2134 2550 2153 2582 ι
2198 2531 2463 2589 adversus
2490 2531 2730 2586 animam
2774 2540 2922 2586 tuam
2962 2533 3325 2587 mendacium.
3364 2553 3386 2586 ι
3442 2534 3719 2589 Adversus

2126 2631 2502 2695 persecutores
2525 2622 2650 2677 ﬁdei
2690 2632 2746 2677 et
2774 2623 3059 2679 haereticos
3093 2639 3306 2695 semper
3329 2634 3415 2679 est
3452 2624 3719 2679 dimican-

2127 2715 2255 2770 dum
2286 2722 2449 2784 atque
2487 2712 2884 2768 resistendum:
2919 2726 3019 2767 nec
3055 2713 3229 2768 errori
3258 2727 3449 2767 eorum
3480 2727 3719 2783 unquam

2127 2804 2428 2860 cedendum
2481 2810 2577 2857 aut
2642 2801 3111 2858 consentiendum.
3177 2799 3329 2858 Unde
3387 2809 3444 2857 et
3497 2800 3720 2870 subjun-

2127 2898 2294 2970 gitur.

2202 3009 2221 3044 ι
2268 2989 2385 3046 Non
2429 2990 2734 3046 reverearis
2777 2988 3082 3061 proximum
3127 2997 3276 3044 tuum
3324 2988 3380 3043 in
3428 3001 3563 3044 casu
3606 3003 3724 3051 suo,

2133 3102 2153 3137 ι
2200 3100 2301 3141 nec
2331 3084 2574 3141 retineas
2601 3084 2827 3139 verbum
2866 3083 2922 3138 in
2974 3092 3217 3153 tempore
3264 3082 3481 3138 salutis.
3523 3103 3545 3136 ι
3586 3082 3724 3141 Hinc

2127 3185 2186 3231 et
2206 3175 2465 3232 Dominus
2494 3176 2550 3231 in
2570 3175 2862 3246 Evangelio
2890 3175 2997 3229 ait:
3022 3193 3043 3225 ι
3068 3173 3202 3230 Cum
3231 3174 3521 3231 audieritis
3545 3176 3729 3246 pnnlia

2129 3278 2186 3324 et
2211 3268 2527 3332 seditiones,
2559 3266 2727 3322 nolite
2770 3265 2967 3322 terreri
3014 3265 3165 3337 (Luc.
3196 3266 3333 3337 XXI).
3379 3285 3402 3318 ι
3458 3267 3530 3322 Ει
3558 3268 3724 3323 item:

2134 3377 2154 3413 ι
2199 3359 2356 3427 Quod
2382 3359 2505 3414 dico
2530 3358 2684 3414 vobis
2711 3357 3054 3423 intenebris,
3087 3357 3250 3412 dicite
3295 3357 3348 3412 in
3382 3356 3627 3418 lumine;
3671 3366 3728 3413 ει

2128 3452 2275 3523 quod
2305 3453 2361 3505 in
2389 3463 2522 3505 aure
2549 3449 2803 3515 audistis,
2830 3449 3121 3519 piaedicate
3145 3464 3310 3520 super
3335 3456 3504 3504 tecta.
3546 3449 3726 3505 Nolite

2129 3544 2323 3599 timere
2379 3556 2473 3598 eos
2524 3542 2617 3611 qui
2670 3540 2926 3597 occidunt
2970 3555 3200 3611 corpus,
3248 3541 3492 3595 animam
3542 3552 3730 3597 autem

2130 3650 2237 3690 non
2287 3642 2515 3704 possunt
2558 3633 2835 3697 occidere;
2883 3632 2976 3687 sed
3026 3633 3208 3701 potius
3245 3647 3374 3687 eum
3410 3632 3609 3689 timete
3636 3633 3733 3703 qui

2128 3731 2309 3793 potest
2370 3723 2611 3777 animam
2664 3730 2721 3778 et
2770 3736 2971 3792 corpus
3028 3721 3258 3791 perdere
3310 3722 3367 3777 in
3417 3724 3733 3793 gehennam

2128 3811 2346 3885 (Matth.
2378 3813 2457 3884 χ).
2495 3833 2513 3866 ι

2206 3924 2226 3956 ι
2258 3904 2375 3959 Non
2408 3904 2711 3960 abscondas
2743 3903 3066 3974 sapientiam
3100 3910 3247 3958 tuam
3276 3902 3330 3957 in
3357 3904 3558 3958 decore
3585 3901 3731 3971 eius.

2136 4015 2155 4048 ι
2202 3997 2258 4051 In
2294 3996 2472 4067 lingua
2517 3996 2661 4051 enim
2705 3995 3053 4067 cognoscitur
3090 3993 3386 4063 sapientia;
3433 4002 3493 4049 et
3527 4009 3738 4050 sensus

2136 4107 2155 4141 ι
2200 4097 2257 4143 ει
2286 4088 2520 4144 scientia
2560 4095 2618 4142 et
2654 4086 2902 4142 doctrina
2937 4086 2991 4140 in
3028 4086 3209 4142 verbis
3239 4086 3510 4151 veritatis,
3540 4096 3609 4141 et
3638 4088 3738 4142 lir-

2140 4196 2157 4229 i
2200 4184 2532 4232 iiiamentum
2580 4176 2634 4230 in
2695 4176 2950 4246 operibus
2990 4175 3233 4246 justitiae.
3286 4195 3304 4227 ι
3364 4174 3741 4247 Nequaquam

2128 4267 2275 4323 enim
2317 4266 2581 4337 sapientia
2628 4282 2813 4321 coram
2861 4266 2948 4321 his
2994 4266 3442 4332 occultandaest,
3472 4266 3573 4335 qui
3610 4283 3739 4322 eam

2129 4359 2218 4430 pia
2259 4366 2438 4413 mente
2478 4357 2755 4425 suscipere
2780 4364 2834 4411 et
2855 4356 3067 4412 discere
3113 4355 3318 4421 volunt,
3355 4371 3454 4411 nec
3490 4358 3742 4412 verbum

2127 4448 2534 4520 praedicationis
2581 4461 2769 4502 coram
2825 4446 3049 4502 intentis
3095 4444 3434 4501 auditoribus
3486 4447 3745 4502 abscon-

2130 4538 2389 4604 denduin,
2417 4536 2546 4608 quia
2574 4545 2634 4591 ut
2666 4536 2719 4591 in
2747 4535 3061 4591 Proverbiis
3091 4535 3353 4605 scriptum
3383 4543 3471 4591 est
3504 4553 3518 4588 :
3580 4557 3604 4587 ι
3635 4536 3747 4604 Qui

2131 4629 2415 4686 abscondit
2460 4626 2814 4693 frumentum,
2848 4625 3204 4682 maledicetur
3253 4626 3308 4682 in
3339 4626 3566 4697 populis
3593 4645 3609 4682 :
3642 4628 3750 4683 Be-

2133 4721 2370 4776 nedictio
2399 4728 2582 4775 autem
2611 4733 2773 4790 super
2801 4726 2968 4789 caput
2990 4717 3340 4773 vendentium
3367 4715 3565 4789 (Prov.
3590 4736 3743 4793 Xijzi

2135 4816 2240 4871 hoc
2270 4825 2372 4880 est,
2401 4814 2494 4885 qui
2525 4821 2730 4869 sancta:
2755 4810 3159 4882 praedicationis
3181 4810 3321 4882 apud
3352 4826 3412 4866 se
3439 4813 3628 4869 verba
3661 4829 3753 4868 re-

2136 4906 2292 4972 tinet,
2332 4905 2422 4961 hic
2457 4903 2804 4959 maledicitur
2843 4902 2899 4956 in
2935 4902 3170 4973 p0pulis,
3206 4902 3426 4972 quando
3472 4902 3528 4957 in
3565 4906 3752 4961 solius

2135 5000 2293 5070 culpa
2322 4997 2526 5053 silentii
2559 5012 2659 5067 pro
2694 4995 3012 5061 multorum,
3042 5009 3179 5065 quos
3210 4994 3490 5065 corrigere
3526 4999 3755 5065 potuit,

2127 5104 2288 5160 poena
2318 5089 2624 5144 damnatur.
2656 5086 2775 5158 Ipse
2806 5094 2890 5142 est
2918 5101 3108 5142 servus
3130 5085 3284 5156 plger
3311 5094 3369 5142 et
3399 5086 3613 5154 malus,
3645 5089 3750 5160 qui

2128 5197 2228 5252 pro
2273 5183 2575 5236 retentione
2624 5178 2834 5246 talenti,
2885 5178 3030 5248 quod
3077 5177 3289 5248 accepit
3330 5178 3385 5232 in
3421 5181 3755 5236 exteriores

2130 5273 2384 5328 tenebras
2431 5271 2634 5327 missus
2679 5279 2785 5326 est.
2836 5269 3090 5326 Vendunt
3130 5278 3313 5323 autem
3364 5268 3751 5336 frumentum,

2130 5364 2222 5434 qui
2264 5362 2488 5418 verbum
2526 5362 2652 5417 vitae
2682 5360 3027 5417 audientibus
3070 5359 3393 5423 conferunt;
3448 5376 3476 5414 a
3527 5364 3757 5430 quibus

2129 5453 2373 5525 pretium.
2402 5452 2524 5508 fidei
2562 5459 2619 5506 et
2656 5450 3016 5507 confesslonis
3045 5451 3333 5522 recipiant,
3362 5449 3591 5507 dicente
3626 5452 3751 5507 Do—

2133 5546 2318 5603 mino:
2356 5564 2375 5596 i
2405 5544 2765 5616 Negotiamini
2803 5544 2933 5601 dum
2962 5544 3123 5600 venio
3151 5542 3306 5613 (Luc.
3339 5543 3480 5615 xu),
3512 5564 3530 5595 ι
3587 5561 3756 5615 quo-

2131 5652 2251 5692 rum
2293 5636 2455 5708 capiti
2492 5635 2798 5691 benedictio
2836 5634 3185 5707 supervenit,
3227 5634 3355 5689 dum
3400 5634 3649 5705 singulis
3676 5635 3756 5691 de

2130 5727 2223 5781 tali
2278 5727 2492 5797 negotio
2545 5726 2883 5781 redeuntium
2933 5724 3196 5779 Dominus
3247 5723 3381 5779 dicit
3422 5739 3439 5777 :
3488 5741 3507 5774 ι
3547 5722 3758 5796 Euge,

2130 5830 2286 5873 serve
2308 5816 2445 5872 bone
2477 5822 2532 5870 et
2568 5814 2765 5882 ﬁdelis,
2792 5815 2923 5887 quia
2940 5829 3102 5884 super
3132 5828 3303 5885 pauca
3327 5811 3480 5870 fuisti
3512 5812 3752 5884 ﬁdelis,
