3928 6182
261 364 370 421 789

1160 357 1514 415 COMMENT.
1555 357 1621 412 IN
1665 354 2280 414 ECCLESIASTICUM.
2321 389 2386 398 —
2428 355 2556 411 LIB.
2600 355 2637 410 l.

3443 358 3542 415 71:6

264 491 430 546 super
454 472 622 528 multa
649 478 700 526 te
727 468 1077 534 constituam,
1106 468 1248 523 intra
1272 469 1326 523 in
1353 467 1609 540 gaudium
1638 467 1850 521 Domini
1880 473 1927 530 Α
1956 481 2054 536 pro
2089 473 2144 520 te
2177 465 2431 522 inimicos
2470 473 2590 521 tuos
2618 482 2631 518 :
2663 484 2681 517 ι
2719 464 2956 521 ostendit
2984 463 3127 535 quod
3163 480 3270 520 non
3306 465 3541 522 humana

267 567 365 620 tui.
402 584 422 617 ι
458 563 526 618 Et
555 561 750 618 merito
784 561 839 614 in
869 560 1056 615 talium
1085 559 1265 629 lingua
1291 559 1492 614 dicitur
1516 559 1739 629 agnosci
1766 574 1854 612 sa-

265 653 488 722 pientia,
535 660 590 706 et
626 665 816 705 sensus
859 657 912 703 et
959 647 1209 712 scientia,
1247 648 1300 701 in
1347 662 1577 716 quorum
1609 646 1852 701 doctrina

267 745 432 799 verba
462 753 589 797 sunt
616 741 863 795 veritatis
911 749 1073 807 atque
1114 740 1168 791 in
1194 738 1426 807 exempli
1452 738 1854 792 firmamentum

262 836 508 906 justitize.
542 833 646 887 Pro
673 832 870 901 quibus
894 830 1150 884 videlicet
1173 830 1424 885 omnibus
1447 838 1649 884 acterna
1679 845 1856 885 remu-

268 926 551 980 neratione
581 929 932 977 coronantur.
1399 938 1401 941 ·

346 1037 366 1068 ι
409 1015 527 1070 Non
558 1013 903 1068 contradicas
928 1011 1147 1065 veritati
1176 1009 1284 1064 ullo
1308 1011 1496 1073 modo;
1530 1017 1585 1064 et
1610 1009 1674 1063 de
1706 1024 1854 1062 men-

273 1126 293 1156 ί
339 1107 498 1160 dacio
544 1101 923 1158 ineruditionis
952 1108 1058 1155 tum
1087 1098 1438 1154 confundere.
1481 1116 1499 1150 ι
1535 1097 1688 1152 Multi
1728 1104 1856 1151 sunt

268 1199 387 1268 qui,
419 1211 544 1250 cum
584 1210 613 1247 a
644 1192 948 1248 rectoribus
991 1192 1106 1246 suis
1133 1206 1232 1260 pro
1273 1190 1412 1245 male
1438 1189 1742 1245 commissis
1769 1204 1850 1242 ar-

269 1296 527 1357 guuntur,
572 1293 664 1338 aut
699 1285 802 1338 hoc
830 1279 1132 1337 defendunt
1161 1282 1304 1351 quod
1348 1282 1526 1351 inique
1552 1288 1852 1351 gesserunt,

269 1387 363 1432 aut
400 1377 539 1431 falso
580 1377 847 1446 denegant
891 1375 1036 1445 quod
1070 1375 1124 1428 in
1163 1373 1497 1429 conscientia
1543 1389 1639 1428 sua
1669 1387 1854 1428 verum

269 1483 391 1522 esse
437 1483 542 1521 non
575 1467 846 1536 ignorant.
887 1463 1014 1519 Ideo
1041 1465 1296 1519 admonet
1323 1479 1390 1518 ne
1415 1464 1538 1534 quis
1567 1471 1854 1534 praesumat

270 1568 463 1613 contra
484 1559 769 1613 veritatem
799 1556 1151 1623 contendere,
1179 1565 1233 1612 et
1261 1555 1526 1611 fallaciter
1551 1554 1858 1610 excusando

271 1651 622 1722 semetipsum
664 1649 977 1713 defendere,
1008 1651 1264 1719 quoniam
1303 1651 1395 1718 qui
1435 1649 1716 1704 abscondit
1745 1663 1862 1704 sce-

271 1742 385 1796 lera
416 1757 536 1806 sua,
579 1757 686 1795 non
731 1741 1054 1811 corrigitur;
1109 1741 1200 1809 qui
1251 1748 1430 1794 autem
1481 1739 1758 1795 confessus
1795 1755 1860 1794 ea

1956 555 2179 619 virtute,
2211 555 2305 610 sed
2335 555 2514 609 divina
2551 570 2652 624 ope
2682 555 2979 610 adversarii
3025 556 3336 611 vincuntur.
3391 557 3544 613 Unde

1955 644 2072 714 ipsa
2091 642 2309 699 Veritas
2329 643 2730 698 confessoribus
2763 645 2875 698 suis
2895 644 2971 699 ait
3006 663 3017 698 :
3055 662 3072 695 ι
3111 644 3302 700 Ponite
3327 663 3456 716 ergo
3489 649 3542 702 in

1956 735 2209 790 cordibus
2257 738 2454 791 vestris
2505 751 2608 790 non
2652 738 3039 806 prremeditari,‘
3087 738 3542 807 quemadmodum

1955 828 2361 897 respondeatis:
2389 827 2498 899 Ego
2523 828 2666 882 enim
2693 829 2830 883 dabo
2857 829 3009 884 vobis
3035 845 3097 884 os
3118 838 3174 884 et
3200 831 3541 900 sapientiam,

1954 918 2040 972 cui
2092 933 2197 972 non
2244 926 2500 988 poterunt
2542 919 2796 972 resistere
2840 927 2895 973 et
2937 921 3310 975 contradicere
3351 935 3543 975 omnes

1955 1007 2250 1062 adversarii
2285 1009 2449 1063 vestri
2483 1007 2634 1079 (Luc.
2664 1009 2800 1080 χχι).
2841 1029 2857 1060 ι
3183 1081 3190 1088 .

2033 1117 2050 1148 ‹
2099 1097 2218 1151 Noli
2277 1099 2476 1153 citatus
2539 1113 2660 1153 esse
2709 1099 2763 1153 in
2815 1099 2997 1170 lingua
3047 1109 3178 1165 tua,
3229 1109 3282 1156 et
3335 1099 3544 1157 inutilis

1964 1207 1982 1240 ι
2028 1197 2083 1243 et
2125 1190 2388 1245 remissus
2437 1189 2490 1244 in
2520 1190 2776 1259 operibus
2808 1191 2936 1245 tuis.
2977 1213 2993 1244 ι
3039 1191 3289 1247 Velocem
3320 1206 3439 1248 esse
3490 1194 3544 1247 in

1957 1279 2135 1349 lingua
2167 1278 2322 1334 valde
2358 1280 2723 1350 periculosum
2765 1288 2868 1346 est,
2898 1281 3025 1351 quia
3052 1296 3202 1337 mors
3245 1289 3301 1338 et
3338 1283 3448 1336 vita
3488 1283 3544 1336 in

1959 1368 2210 1424 manibus
2262 1368 2474 1440 linguae.
2523 1389 2542 1421 ι
2581 1370 2682 1436 Qui
2721 1371 2958 1426 custodit
2995 1387 3056 1428 os
3097 1388 3276 1440 suum,
3309 1373 3547 1429 custodit

1959 1459 2028 1512 ab
2069 1459 2335 1529 angustiis
2379 1461 2618 1514 animam
2665 1475 2821 1515 suam
2848 1479 2861 1514 :
2887 1463 2988 1530 qui.
3017 1471 3196 1518 autem
3243 1462 3546 1519 inconside-

1962 1564 2118 1608 ratus
2149 1562 2235 1609 est
2279 1555 2348 1608 ad
2385 1555 2737 1625 loquendum,
2779 1557 2979 1611 sentiet
3019 1557 3180 1611 mala.
3220 1578 3238 1610 ι
3291 1556 3365 1613 Os
3401 1560 3546 1614 enim

1962 1646 2228 1701 lubricum
2268 1656 2526 1716 operatur
2564 1648 2769 1703 ruinas.
2821 1648 2974 1704 Unde
3011 1649 3246 1705 Iacobus
3275 1651 3548 1720 apostolus

1963 1738 2142 1802 docet,
2191 1738 2421 1793 dicens:
2451 1757 2469 1789 ι
2505 1737 2590 1792 Sit
2639 1748 2820 1792 autem
2870 1740 3045 1793 omnis
3088 1741 3251 1795 homo
3290 1741 3443 1796 velox
3479 1742 3546 1796 ad

273 1831 576 1900 reliquerit,
625 1829 870 1900 profecto
915 1830 1216 1884 sanabitur.
1270 1829 1425 1886 Unde
1455 1830 1740 1886 Psalmista
1789 1831 1857 1885 ab
1887 1818 1934 1877 Β
1962 1827 2314 1892 audiendum,
2348 1827 2537 1883 tardus
2575 1836 2756 1882 autem
2798 1828 2864 1881 ad
2894 1828 3244 1898 loquendum,
3281 1839 3336 1885 et
3361 1831 3550 1886 tardus

274 1919 582 1988 hujusmodi
612 1919 753 1974 malo
780 1935 839 1975 se
869 1920 986 1976 erui
1017 1920 1253 1990 postulat
1296 1935 1328 1974 a
1359 1921 1605 1985 Domino,
1635 1922 1854 1976 dicens:

281 2029 298 2060 ι
343 2009 514 2074 Pone,
540 2009 784 2075 Domine,
815 2010 1115 2064 custodiam
1143 2011 1224 2064 ori
1251 2025 1390 2075 meo,
1419 2018 1474 2066 et
1511 2012 1710 2065 ostium
1755 2011 1861 2066 cir—

272 2101 615 2156 cumstantiae
640 2100 799 2156 labiis
835 2101 989 2156 meis.
1031 2100 1149 2156 Non
1189 2101 1428 2156 declines
1471 2117 1566 2156 cor
1595 2117 1774 2157 meum
1805 2101 1862 2155 in

273 2192 501 2246 verbum
533 2191 756 2245 malum
788 2232 803 2256 ,
867 2193 934 2247 ad
984 2193 1321 2248 excusandas
1377 2194 1755 2249 excusationes
1808 2195 1861 2249 in

273 2283 535 2352 peccatis,
587 2299 713 2338 cum
763 2283 1074 2339 hominibus
1119 2285 1476 2354 operantibus.
1525 2285 1863 2354 iniquitatem

278 2372 453 2443 (Psal.
482 2373 612 2443 Civ).
652 2392 670 2424 ι

353 2481 371 2513 ι
421 2462 535 2516 Νοη
580 2463 927 2520 confundaris
974 2465 1220 2521 confiteri
1268 2474 1488 2539 peccata
1542 2475 1654 2532 tua,
1693 2476 1750 2521 et
1795 2482 1865 2522 ne

281 2573 301 2602 ε
349 2551 605 2620 subjicias
657 2563 711 2608 te
757 2556 903 2610 omni
950 2556 1153 2610 homini
1204 2571 1302 2626 pro
1349 2564 1591 2625 peccato.
1634 2577 1652 2608 ι
1713 2555 1865 2610 Sicut

279 2647 531 2700 hortatur
575 2647 644 2700 ad
688 2646 1081 2703 confessionem
1130 2650 1360 2718 peccati,
1417 2649 1490 2703 ita
1537 2649 1789 2718 prohibet
1832 2665 1864 2703 a

278 2752 547 2792 consensu
593 2739 775 2808 operis
812 2739 1048 2793 nefandi.
1090 2739 1229 2807 Quid
1271 2748 1354 2794 est
1392 2740 1536 2793 extim
1582 2741 1726 2795 aliud
1757 2755 1865 2796 non

277 2825 473 2896 subjici
502 2829 710 2884 homini
739 2846 838 2900 pro
866 2840 1110 2901 peccato,
1141 2833 1243 2887 nisi
1281 2847 1388 2886 non
1418 2834 1864 2888 consentiendum

281 2918 357 2972 illi
410 2920 504 2988 qui
541 2920 711 2975 allicit
753 2922 932 2992 aliquo
963 2923 1122 2978 modo
1153 2923 1220 2977 ad
1249 2925 1620 2993 peccandum?
1667 2925 1866 2980 Doctor

278 3013 424 3067 enim
454 3015 726 3078 veritatis,
763 3022 818 3068 et
860 3025 1114 3083 operator
1146 3015 1374 3086 justitite
1411 3031 1624 3088 semper
1654 3018 1867 3074 audito-

279 3118 394 3156 rem
444 3119 601 3156 snum
667 3103 733 3158 ad
796 3103 1018 3159 meliora
1079 3113 1135 3159 et
1187 3104 1514 3178 perfectiora
1581 3117 1866 3178 provocat.

281 3192 321 3246 Ε
349 3193 631 3248 contrario
675 3201 854 3248 autem
892 3202 1128 3249 assertor
1157 3197 1426 3251 mendacii
1469 3206 1525 3251 et
1555 3195 1728 3251 factor
1767 3198 1868 3250 ini-

282 3283 536 3351 quitatis,
574 3283 976 3338 consentientes
1011 3284 1113 3338 sibi
1147 3285 1316 3339 trahit
1347 3285 1414 3339 ad
1453 3284 1664 3340 foveam
1692 3285 1870 3355 perdi-

283 3374 464 3428 tionis.

357 3483 376 3514 ‹
424 3462 547 3518 Noli
589 3465 845 3519 resistere
884 3471 1072 3520 contra
1110 3463 1302 3520 faciem
1339 3466 1598 3535 potentis,
1646 3481 1744 3521 nec
1776 3481 1868 3521 co-

286 3570 305 3604 t
351 3553 500 3608 neris
549 3564 738 3608 contra
787 3554 951 3608 ictum
996 3553 1162 3609 ﬂuvii.
1219 3554 1275 3609 In
1319 3553 1534 3624 justitia
1585 3557 1872 3626 agonizare

288 3659 306 3691 ι
352 3657 453 3712 pro
501 3641 683 3696 anima
725 3649 849 3706 tua;
900 3649 956 3696 et
996 3658 1168 3712 usque
1212 3643 1280 3698 ad
1327 3654 1558 3699 mortem
1585 3652 1735 3699 certa
1771 3661 1872 3715 pro

288 3749 309 3782 ε
347 3730 577 3798 justitia,
605 3739 661 3785 et
681 3731 822 3785 Deus
846 3731 1172 3802 expugnabit
1194 3747 1292 3801 pro
1320 3741 1372 3788 te
1404 3733 1652 3790 inimicos
1679 3743 1818 3801 tuos.
1845 3755 1863 3788 ι

286 3819 608 3874 Ubedientia
657 3835 788 3890 ergo
826 3821 1122 3891 majoribus
1160 3837 1374 3892 semper
1417 3823 1721 3879 adhibenda
1765 3819 1867 3888 est,

286 3911 374 3964 ubi
408 3919 679 3980 praecepta
713 3927 903 3966 eorum
933 3913 1261 3968 concordant
1295 3914 1492 3985 regula:
1513 3916 1758 3972 veritatis
1787 3928 1872 3972 at-

284 4016 390 4070 que
437 4000 682 4069 iustitiae,
708 4004 852 4073 quod
885 4015 940 4059 et
973 4003 1059 4059 lex
1093 4005 1210 4076 pari
1240 4007 1399 4062 modo
1427 4007 1584 4063 docet
1617 4017 1674 4063 et
1700 4009 1873 4065 Evan-

292 4094 511 4164 gelium.
573 4093 630 4148 Si
656 4104 838 4149 autem
868 4103 1109 4164 potestas
1138 4097 1370 4150 humana
1398 4114 1497 4153 nos
1526 4098 1638 4153 vult
1663 4100 1731 4155 ad
1758 4100 1873 4156 bla-

287 4185 676 4254 sphemandum
732 4186 1076 4255 compellere,
1120 4187 1206 4242 vel
1249 4189 1317 4243 ad
1363 4203 1525 4259 opera
1556 4189 1861 4260 iniquitatis

287 4277 644 4347 pertrahere,
688 4276 832 4332 nullo
874 4278 1036 4333 modo
1080 4279 1340 4335 debemus
1387 4282 1728 4347 consentire,
1777 4283 1874 4338 sed

287 4384 383 4438 pro
419 4376 570 4423 recta
603 4367 706 4423 fide
741 4377 902 4438 atque
931 4385 1056 4425 vera
1095 4370 1376 4441 religione,
1410 4373 1464 4428 in
1501 4374 1698 4442 quibus
1725 4381 1873 4428 certa

287 4468 466 4514 exstat
501 4459 651 4514 salus
680 4461 895 4524 animae,
926 4461 1072 4516 omni
1113 4468 1353 4532 tempore
1385 4464 1682 4519 decertare.
1719 4464 1873 4520 Unde

288 4554 404 4622 ipsa
457 4552 670 4607 Veritas
721 4551 774 4606 in
829 4553 1119 4622 Evangelio
1173 4555 1249 4608 ait
1299 4572 1366 4606 ει
1423 4555 1480 4610 Si
1509 4556 1698 4612 oculus
1748 4564 1872 4611 tuus

287 4643 625 4698 scandalizat
656 4652 730 4706 te,
758 4659 889 4698 erue
923 4660 1046 4698 eum
1084 4654 1140 4698 et
1178 4645 1380 4715 projice
1423 4646 1520 4700 abs
1552 4654 1622 4701 te.
1669 4647 1874 4701 Bonum

288 4744 371 4788 est
399 4733 505 4789 tibi
546 4749 712 4786 unum
749 4734 962 4788 oculum
1007 4735 1292 4790 habentem
1337 4738 1388 4790 in
1425 4738 1590 4791 vitam
1644 4737 1871 4809 ingredi,

289 4839 452 4894 quam
517 4823 653 4878 duos
707 4823 890 4878 oculos
939 4825 1226 4880 habentem
1281 4826 1419 4880 mitti
1471 4826 1522 4879 in
1575 4826 1873 4896 gehennam

286 4917 450 4985 ignis.
481 4914 554 4968 Et
585 4913 630 4968 si
668 4929 858 4969 manus
892 4923 980 4968 tua
1015 4915 1098 4970 vel
1131 4931 1228 4986 pes
1258 4922 1379 4969 tuus
1417 4915 1750 4970 scandalizat
1793 4924 1869 4980 te,

286 5005 553 5061 abscinde
590 5020 712 5060 eum
758 5014 813 5060 et
851 5005 1054 5074 projice
1088 5007 1186 5062 abs
1220 5015 1292 5062 te.
1324 5007 1532 5063 Bonum
1565 5015 1649 5063 est
1679 5007 1774 5062 tibi
1804 5008 1872 5061 ad

287 5100 456 5153 vitam
491 5096 702 5168 ingredi
742 5097 970 5153 debilem
997 5097 1082 5152 vel
1103 5099 1371 5164 claudum,
1401 5115 1564 5169 quam
1593 5099 1728 5155 duas
1763 5113 1876 5152 ma-

289 5206 392 5246 nus
418 5190 505 5246 vel
535 5189 672 5244 duos
699 5190 862 5259 pedes
897 5190 1185 5246 habentem
1224 5191 1362 5246 mitti
1399 5192 1454 5246 in
1490 5191 1670 5263 ignem
1712 5199 1872 5246 teter-

289 5296 422 5335 num
448 5278 669 5352 (Matth.
699 5295 731 5334 v
753 5289 802 5334 et
825 5280 1000 5350 xvm).
1032 5302 1050 5334 ι
1086 5281 1154 5335 Εῑ
1179 5281 1305 5336 alibi
1334 5282 1624 5354 discipulos
1652 5297 1780 5337 suos
1807 5281 1875 5335 ad

282 5372 597 5427 certamina
646 5372 958 5441 passionum
1011 5388 1310 5444 provocans
1337 5375 1606 5440 hortatur,
1656 5375 1871 5430 dicens:

291 5482 314 5512 α
362 5461 421 5516 Si
449 5459 574 5531 quis
604 5461 720 5516 vult
747 5471 868 5532 post
895 5479 980 5518 me
1007 5463 1212 5530 venire,
1241 5465 1470 5536 abneget
1499 5465 1874 5535 semetipsum,

281 5560 345 5606 et
380 5552 538 5606 tollat
583 5567 800 5608 crucem
839 5570 992 5610 suam
1028 5563 1084 5611 et
1132 5566 1390 5625 sequatur
1432 5571 1550 5619 me;
1600 5556 1690 5626 qui
1731 5557 1876 5611 enim

284 5644 529 5699 voluerit
567 5645 806 5700 animam
856 5662 1009 5702 suam
1049 5647 1252 5702 salvam
1304 5647 1504 5713 facere,
1537 5647 1728 5717 perdet
1755 5663 1876 5703 eam

283 5735 446 5791 (Luc.
475 5740 576 5808 Ix).
615 5756 633 5788 ι
670 5737 822 5805 Quod
855 5750 1033 5797 autem
1063 5742 1294 5796 dicitur:
1324 5761 1340 5793 ‹
1381 5742 1520 5797 Deus
1548 5742 1878 5814 expugnabit

1897 4506 1950 4565 D

1961 1920 2028 1972 ad
2075 1918 2213 1972 iram
2259 1918 2468 1990 (Iacob.
2509 1918 2570 1988 I).
2610 1936 2628 1969 ι
2692 1917 2760 1971 Et
2805 1918 2975 1972 item:
3017 1937 3035 1968 ‹
3077 1919 3298 1985 Estote,
3351 1921 3548 1989 inquit,

1961 2007 2194 2064 factores
2242 2008 2393 2063 verbi
2443 2017 2498 2063 et
2545 2024 2650 2063 non
2695 2009 2972 2065 auditores
3019 2017 3250 2076 tantum,
3302 2010 3551 2067 fallentes

1961 2100 2317 2170 vosmetipsos
2365 2099 2576 2172 (ηὸτι).
2616 2119 2635 2152 ι
2691 2100 2826 2156 Hinc
2867 2109 2922 2154 et
2949 2101 3076 2156 alibi
3114 2103 3377 2174 scriptum
3432 2113 3544 2160 est:

1967 2208 1986 2241 ι
2035 2189 2152 2246 Non
2179 2199 2265 2244 est
2305 2190 2357 2244 in
2396 2205 2646 2245 sermone
2689 2206 2910 2261 regnum
2951 2193 3070 2257 Dei,
3106 2193 3200 2249 sed
3233 2195 3286 2249 in
3321 2196 3545 2251 virtute.

1964 2281 2065 2348 Qui
2093 2289 2276 2334 autem
2318 2278 2446 2333 facit
2474 2279 2810 2334 voluntatem
2840 2281 2958 2346 Dei,
2987 2290 3170 2337 manet
3198 2283 3252 2338 in
3281 2293 3548 2340 aeternum

1965 2370 2016 2444 (I
2047 2370 2169 2426 Cor.
2202 2368 2299 2440 tv).
2341 2390 2358 2423 ι
2391 2369 2636 2425 lnutilem
2682 2379 2864 2426 autem
2908 2371 3022 2426 fieri
3060 2381 3116 2428 et
3161 2374 3448 2431 remissum
3491 2376 3546 2430 in

1962 2463 2239 2532 operibus,
2271 2461 2425 2518 valde
2470 2463 2884 2533 ignominiosum
2914 2473 2998 2520 est
3024 2474 3244 2536 propter
3279 2467 3426 2538 quod
3467 2469 3549 2524 di—

1965 2553 2040 2606 cit
2089 2552 2142 2606 in
2171 2551 2480 2606 Proverbiis
2510 2570 2522 2606 ε
2560 2571 2579 2603 ι
2618 2551 2720 2620 Qui
2755 2553 2931 2609 mollis
2969 2564 3026 2611 et
3055 2555 3348 2612 dissolutus
3377 2565 3463 2612 est
3493 2557 3550 2612 in

1965 2657 2129 2714 Opere
2188 2659 2306 2709 suo,
2370 2652 2537 2700 trater
2565 2654 2651 2700 est
2699 2645 3012 2715 dissipantis
3065 2661 3230 2717 opera
3282 2661 3400 2714 sua,
3453 2647 3547 2718 qui

1964 2743 2218 2804 operatur
2279 2744 2482 2789 terram
2555 2751 2745 2802 suam,
2793 2736 3085 2792 satiabitur
3130 2738 3390 2808 panibus;
3455 2739 3550 2809 qui

1967 2811 2208 2884 sectatur
2235 2828 2428 2892 otium,
2477 2828 2775 2897 replebitur
2803 2837 3044 2899 egestate
3071 2828 3255 2902 (Prov.
3288 2828 3465 2897 ινιιι).
3514 2849 3534 2884 ι

2043 2937 2062 2970 ι
2108 2918 2227 2974 ΝοΙί
2255 2934 2377 2975 esse
2405 2919 2546 2974 sicut
2569 2919 2652 2975 leo
2683 2920 2737 2974 in
2763 2920 2923 2975 domo
2952 2929 3062 2986 tua,
3093 2930 3344 2978 evertens
3367 2922 3552 2979 dome-

1974 3027 1994 3061 t
2039 3010 2206 3065 sticos
2237 3018 2378 3075 tuos,
2407 3017 2462 3064 et
2489 3011 2800 3081 Opprimens
2825 3013 3098 3084 subjectos
3121 3013 3266 3068 tibi.»
3305 3014 3546 3071 Leonem

1969 3101 2058 3156 hic
2084 3102 2246 3171 ponit.
2261 3117 2361 3172 pro
2398 3100 2612 3168 feroce,
2627 3104 2754 3173 quia
2799 3119 2910 3161 non.
2940 3106 3198 3161 condecet
3225 3103 3428 3162 Christi
3461 3107 3544 3164 di-

1973 3191 2262 3261 scipulum,
2287 3207 2408 3247 esse
2441 3192 2788 3251 furibundum
2825 3210 3002 3264 neque
3026 3194 3320 3251 crudelem.
3355 3214 3382 3249 ι
3404 3197 3557 3253 Beati

1973 3283 2155 3347 mites,
2179 3283 2944 3354 quoniamsipsipossidebunt
2969 3293 3172 3341 terram
3196 3286 3413 3358 (Matth.
3440 3287 3516 3362 v).
3531 3309 3551 3343 ι

1971 3372 2205 3428 Possunt
2241 3381 2297 3427 et
2332 3373 2386 3428 in
2428 3375 2543 3444 ipsa
2579 3375 2848 3430 sententia
2887 3375 3126 3433 h:eretici
3169 3378 3434 3446 denotari,
3465 3382 3558 3453 qui

1973 3465 2025 3521 in
2048 3465 2208 3520 domo
2230 3465 2487 3521 Ecclesia:
2514 3481 2610 3537 per
2644 3465 2839 3536 lingnze
2867 3467 3257 3526 volubilitatem
3291 3471 3560 3528 seducunt

1974 3556 2137 3610 corda
2170 3555 2562 3621 innocentium,
2593 3566 2648 3610 et
2682 3572 2779 3630 per
2811 3557 3153 3616 insolentiam
3192 3577 3403 3618 morum
3429 3579 3558 3618 con-

1975 3643 2195 3696 turbant
2270 3642 2752 3698 mansuetudinem.
2785 3643 3148 3713 simplicium,
3205 3661 3341 3716 quos
3391 3649 3558 3704 etiam

1966 3727 2127 3798 juxta
2167 3731 2484 3800 Apostolum
2537 3741 2750 3805 oportet
2795 3735 3066 3805 redargui,
3101 3745 3163 3790 ut
3205 3736 3421 3794 discant
3449 3753 3556 3794 non

1972 3818 2382 3888 blasphemare-

2049 3929 2067 3962 ι
2112 3909 2232 3965 Non
2280 3913 2350 3966 sit
2403 3921 2662 3985 porrecta
2704 3929 2897 3972 manus
2945 3922 3036 3972 tua
3067 3915 3136 3970 ad
3185 3916 3559 3987 accipiendum

1979 4019 1998 4051 ‹
2043 4009 2098 4057 et
2121 4000 2187 4055 ad
2215 4001 2447 4056 dandum
2475 4002 2722 4058 collecta.
2753 4023 2771 4056 ›
2825 4004 3125 4063 Avaritiam
3150 4006 3337 4078 utique
3384 4018 3554 4076 vetat,

1972 4103 2028 4150 et
2066 4093 2490 4149 misericordiam
2525 4095 2868 4152 commendat
2899 4113 2912 4150 :
2942 4105 3003 4153 ut
3040 4112 3148 4153 non
3177 4111 3346 4154 avare.
3381 4098 3556 4156 aliena

1975 4185 2249 4254 rapiamus
2276 4225 2292 4250 ,
2363 4183 2458 4239 sed
2513 4193 2718 4241 nostra.
2761 4187 3188 4244 misericorditer
3242 4187 3554 4258 largiamur.

1981 4291 2000 4324 ε
2055 4272 2274 4329 Beatius
2323 4281 2407 4329 est
2465 4274 2610 4328 enim
2694 4276 2866 4351 magis
2919 4276 3047 4332 dare
3095 4292 3256 4350 quam
3308 4279 3558 4350 accipere

1976 4361 2111 4431 (Act.
2141 4361 2254 4432 xx).
2293 4382 2319 4420 ,ι

2562 4473 2789 4532 CAPUT
2827 4473 2967 4529 XIX.

1977 4583 2265 4658 Ingdivitiis
2290 4603 2395 4642 non
2420 4589 2810 4658 conﬁdendum,
2839 4590 3126 4645 secundum
3153 4590 3288 4646 illud
3313 4611 3333 4648 :
3359 4591 3555 4656 Stulte.

2047 4656 2148 4734 hac
2169 4664 2327 4713 nocte
2348 4656 2528 4734 ultima
2559 4668 2650 4714 tua
2682 4658 2976 4727 auferetur,
3005 4669 3060 4716 et
3097 4676 3216 4730 quae
3242 4667 3557 4734 praeparasti

2049 4726 2200 4796 cujus
2237 4728 2431 4782 erunt?

2046 4833 2197 4906 (CAP.
2214 4835 2288 4908 v).
2310 4855 2328 4887 ε
2351 4835 2470 4892 Noli
2487 4838 2766 4894 attendere
2781 4840 2849 4895 ad
2862 4841 3237 4909 possessiones
3250 4843 3488 4914 iniquas,
3502 4852 3560 4900 et

1985 4945 2002 4978 ι
2039 4939 2106 4980 ne
2127 4925 2348 4991 dixeris,
2375 4933 2459 4981 est
2489 4927 2619 4982 mihi
2646 4927 2917 4986 sufﬁciens
2941 4931 3084 4998 vita;
3107 4932 3243 4987 nihil
3269 4933 3415 4989 enim
3437 4950 3561 5006 pro-

1982 5036 2000 5068 ι
2032 5017 2172 5073 derit
2195 5018 2249 5072 in
2282 5025 2525 5090 tempore
2563 5019 2811 5078 vindictae
2846 5032 2903 5077 et
2933 5023 3296 5081 obductionis.
3335 5045 3355 5078 ι
3389 5025 3559 5094 Quam

1976 5109 2201 5165 stultum
2228 5111 2299 5165 sit
2322 5111 2388 5166 ad
2418 5119 2660 5167 terrenas
2679 5113 3052 5183 possessiones
3073 5130 3238 5171 avare
3257 5115 3491 5185 inhiare,
3507 5129 3563 5174 et

1977 5201 2214 5257 maxime
2239 5202 2307 5258 ad
2338 5202 2535 5274 injusta
2565 5203 2716 5258 lucra
2756 5206 2998 5260 animum
3025 5215 3260 5276 vertere,
3290 5208 3560 5264 mutabili-

1978 5300 2064 5346 tas
2099 5307 2281 5348 rerum
2307 5301 2363 5347 et
2384 5293 2685 5349 auctoritas
2715 5292 3024 5350 divinarum
3053 5295 3355 5353 litterarum
3380 5307 3560 5352 osten—

1979 5381 2079 5447 dit,
2096 5383 2224 5454 quia
2244 5382 2386 5438 sicut
2405 5383 2538 5438 nihil
2559 5383 2836 5438 intulimus
2859 5384 2914 5438 in
2941 5385 3090 5442 hunc
3113 5387 3394 5450 mundum,
3417 5385 3559 5438 haud

1979 5474 2198 5532 dubium
2230 5476 2302 5530 ita
2330 5491 2431 5531 nec
2461 5474 2676 5531 auferre
2697 5475 2827 5546 quid
2853 5491 3160 5546 possumus.
3198 5474 3370 5530 Radix
3412 5473 3556 5528 enim

1980 5565 2220 5620 omnium
2266 5565 2529 5620 malorum
2574 5572 2658 5620 est
2708 5565 2956 5620 avaritia.
3000 5562 3150 5620 Unde
3200 5561 3459 5618 Dominus
3503 5562 3558 5616 in

1981 5653 2270 5727 Evangelia
2298 5655 2542 5724 divitem,
2565 5655 2659 5725 qui
2705 5655 2770 5710 de
2811 5652 2990 5710 futura
3038 5666 3201 5707 usura
3247 5659 3303 5705 et
3349 5660 3558 5720 quaestu

1981 5744 2333 5815 plurimorum
2361 5760 2622 5801 annorum
2650 5743 2920 5813 superflue
2949 5749 3235 5806 tractabat,
3263 5741 3557 5812 redarguit,
