3904 6184
358 316 458 370 7M

358 429 546 484 d‘cens
572 444 593 479 :
633 443 651 475 ι
682 422 876 485 Stulte,
906 421 1007 474 hac
1034 429 1190 472 nocte
1218 434 1452 471 annnam
1481 427 1627 470 tuam
1659 420 1954 484 repetunta
1982 413 2032 472 Α

363 530 415 575 te
444 534 457 572 :
487 534 610 588 qum
638 523 818 570 autem
844 508 1065 581 parasti,
1090 506 1240 578 cujus
1269 507 1470 561 erunt?
1500 505 1653 576 (Luc.
1686 504 1834 575 xu)»
1864 502 1955 559 Sic

361 624 444 668 est
469 611 561 681 qui
587 607 687 663 sibi
714 604 1061 667 thesaurizat,
1102 611 1157 657 et
1206 618 1314 656 non
1355 611 1439 656 est
1479 602 1531 654 in
1578 600 1744 654 Deum
1780 598 1951 652 dives.

364 703 501 758 llinc
526 710 579 756 et
613 698 809 753 Paulus
839 696 1164 766 discipulum
1193 694 1471 758 admonet,
1497 693 1681 747 dicens
1709 708 1721 744 :
1760 710 1778 742 ι
1812 690 1955 745 Divi-

365 794 509 848 tibus
540 788 700 859 hujus
725 787 908 844 smculi
948 787 1202 857 prmcipe,
1233 800 1339 840 non
1367 784 1595 853 superbe
1623 796 1834 852 sapere,
1858 797 1953 837 ne-

364 901 470 955 que
495 900 716 956 sperare
745 883 798 937 in
830 885 1038 938 incerto
1059 879 1405 944 divitiarum;
1445 877 1540 932 sed
1575 877 1631 931 in
1663 877 1774 932 Deo
1810 875 1957 940 vivo,

364 979 456 1049 qui
502 984 722 1048 praestat
779 974 937 1030 nobis
986 972 1168 1027 omnia
1221 968 1434 1025 abunde
1472 968 1541 1023 ad
1610 965 1895 1022 fruendum
1941 982 1955 1017 :

365 1072 504 1127 bene
529 1082 719 1138 agere,
753 1066 947 1123 divites
994 1063 1113 1119 fieri
1153 1063 1208 1118 in
1268 1060 1526 1132 operibus
1582 1058 1760 1122 bonis,
1802 1056 1961 1112 facile

369 1162 629 1226 tribuere,
658 1157 1086 1222 communicare,
1110 1152 1484 1211 thesaurizare
1512 1150 1615 1207 sibi
1638 1148 1959 1205 fundamen-

369 1263 481 1309 tum
533 1253 734 1309 bonum
790 1251 845 1307 in
894 1247 1263 1325 futurumput
1311 1241 1717 1314 apprehendant
1776 1254 1960 1294 veram

365 1345 535 1399 vitam
574 1342 627 1419 _(I
663 1341 798 1397 Tim.
832 1341 962 1415 v1)»

443 1476 462 1510 ι
499 1453 579 1510 Ne
617 1454 863 1523 sequaris
899 1453 957 1511 in
994 1449 1312 1508 fortitudine
1348 1457 1439 1505 tua
1467 1444 1961 1515 concupiscentiam

374 1568 397 1600 ι
438 1547 621 1607 cordis
648 1546 722 1600 tui
746 1563 760 1599 :
787 1552 932 1600 etne
952 1543 1186 1600 dixeris;
1209 1540 1493 1609 Quomodo
1518 1538 1704 1608 potui?
1728 1545 1821 1591 aut
1841 1536 1966 1606 quis

377 1661 395 1695 ι
438 1655 527 1699 me
548 1636 799 1706 subjiciet
821 1644 1044 1707 propter
1064 1633 1213 1691 facta
1242 1634 1402 1689 mea?
1431 1631 1576 1687 Deus
1603 1629 1748 1685 enim
1786 1628 1963 1683 vindi-

376 1752 399 1787 ι
437 1746 570 1788 caus
584 1727 900 1787 vindicabit.
925 1747 1031 1781 ι-
1060 1745 1078 1777 ‹
1107 1724 1294 1781 Justus
1330 1723 1590 1781 Dominus
1622 1729 1680 1777 et
1696 1721 1965 1792 justitiam

368 1822 545 1892 diligit
592 1818 769 1892 (Psal.
801 1817 951 1888 mu);
1005 1815 1099 1885 qui
1146 1814 1327 1870 reddit
1354 1812 1646 1881 unicuique
1671 1810 1965 1866 secundum

369 1926 536 1980 opera
566 1923 662 1962 sua
678 1906 861 1977 (Prae.
884 1906 1055 1975 sxw).
1078 1904 1213 1974 pluit
1234 1919 1396 1974 super
1408 1909 1727 1972 peceatores
1747 1900 1965 1970 laqueos

370 1999 537 2070 ignis,
576 2008 633 2055 et
661 1996 908 2066 sulphur,
934 2005 990 2050 et
1032 1994 1259 2066 spiritus
1299 1992 1657 2063 procellarum
1688 2008 1813 2062 pars
1837 1990 1968 2046 cali-

370 2095 451 2150 eis
478 2107 668 2151 eorum
699 2089 871 2164 (Paul.
902 2088 982 2162 ι).
1011 2089 1170 2146 ibunt
1198 2088 1350 2157 impii
1372 2087 1427 2143 in
1458 2085 1780 2156 supplicium
1810 2093 1967 2140 aeter-

371 2200 502 2242 nmn
532 2183 708 2241 :Justi
734 2191 917 2238 autem
942 2182 997 2236 in
1030 2181 1198 2236 vitam
1224 2187 1486 2234 aeternam
1514 2175 1730 2249 (Matth.
1761 2173 1912 2244 xxv).
1944 2193 1962 2225 ι

370 2302 375 2307 ‘
448 2316 468 2352 ι
504 2299 584 2354 Ne
611 2298 817 2354 dixeris
848 2315 862 2351 :
894 2295 1215 2359 Peeeavi,et
1234 2291 1363 2362 quid
1393 2291 1592 2347 accidit
1618 2290 1750 2344 mihi
1779 2288 1961 2353 triste;

374 2410 397 2444 σ
436 2390 748 2445 Altissimus
769 2388 916 2444 enim
946 2394 1031 2441 est
1053 2384 1264 2455 patiens
1293 2383 1555 2437 redditor.
1595 2400 1613 2431 ι
1645 2378 1790 2433 Nihil
1827 2377 1964 2432 stul-

359 2480 483 2536 -Iius
500 2487 587 2535 est
609 2490 772 2548 quam
797 2476 1053 2547 pietatem
1092 2474 1187 2529 Dei
1224 2488 1288 2528 ac
1335 2470 1653 2543 patientiam
1702 2469 1758 2523 in
1809 2483 1966 2523 usum

373 2576 693 2628 convertere
720 2565 1199 2638 peccatorum,qui
1228 2565 1350 2620 ideo
1378 2558 1753 2634 delinquentes
1774 2576 1965 2631 exspe-

366 2671 509 2728 ctat,
539 2669 602 2716 ut
645 2673 704 2716 se
727 2666 1052 2715 convertant
1081 2658 1136 2712 in
1163 2657 1378 2722 melius,
1413 2666 1468 2712 et
1504 2663 1666 2726 agant
1698 2654 1968 2724 poeniten-

301 2783 307 2790 -
375 2749 509 2810 tiam
539 2746 608 2803 de
636 2744 877 2817 peccatis
903 2744 1035 2799 suis.
1081 2762 1100 2794 ι
1138 2742 1404 2811 Quoniam
1440 2740 1753 2796 misericors
1779 2748 1834 2794 et
1860 2741 1965 2793 mi-

372 2845 586 2895 seratur
606 2844 696 2891 est
724 2834 1005 2899 Dominus,
1026 2832 1239 2903 patiens
1261 2840 1317 2888 et
1338 2830 1564 2888 multum
1581 2829 1912 2885 misericors.
1942 2848 1960 2880 ›

372 2926 474 2996 ω
505 2941 606 2997 per
633 2924 954 2996 prophetam
982 2923 1061 2978 ait
1093 2941 1105 2976 :
1142 2941 1161 2974 ‹
1193 2922 1330 2977 Nolo
1369 2929 1601 2976 mortem
1640 2919 1963 2990 peccatoris,

366 3020 557 3077 sedul
584 3022 1033 3073 conrertaturet
1068 3015 1218 3069 vivat
1265 3011 1482 3085 (Ezech.
1528 3010 1715 3083 xvni),
1767 3029 1786 3062 ι
1834 3009 1964 3080 quia

371 3121 555 3169 autem
580 3111 779 3167 mentis
798 3120 885 3166 est
916 3109 1088 3173 durae,
1116 3115 1173 3162 et
1193 3104 1539 3176 indulgentiae
1565 3113 1776 3173 tempus
1805 3101 1964 3157 dissi—
1999 3127 2044 3190 Ο

375 3204 630 3261 mutando
668 3203 850 3257 tardat
871 3200 1139 3263 converti,
1160 3197 1496 3252 thesaurizat
1516 3194 1619 3249 sibi
1650 3194 1788 3247 iram
1809 3193 1862 3247 in
1887 3192 1975 3247 die

368 3297 472 3351 ira
512 3301 570 3350 et
610 3290 959 3348 reuelationis
1010 3289 1144 3359 justi
1190 3287 1380 3357 iudicii
1433 3285 1549 3340 Dei.
1595 3285 1746 3340 Unde
1770 3294 1825 3339 et
1852 3284 1978 3339 sub-

371 3385 539 3445 ditur.

454 3518 469 3550 :
503 3494 623 3552 Noli
653 3509 776 3551 esse
807 3495 926 3550 sine
966 3502 1134 3557 metu,
1180 3506 1357 3561 neque
1406 3487 1635 3559 adiicias
1694 3495 1978 3557 peccatum

379 3609 400 3643 ι
434 3602 599 3660 super
620 3596 927 3658 peceatum,
952 3593 1008 3640 et
1041 3599 1109 3639 ne
1135 3583 1284 3639 dicas
1311 3600 1324 3635 :
1357 3580 1630 3636 Miseratio
1657 3577 1752 3632 Dei
1782 3591 1976 3647 magna

379 3698 400 3733 ι
436 3688 552 3736 est:
574 3677 936 3734 multitudinis
956 3684 1303 3747 peccaturum
1322 3687 1567 3728 meorum
1595 3667 1972 3731 miserebitur;

364 3772 400 3823 ⁸(
441 3768 815 3829 misericordia
841 3769 985 3823 enim
1012 3775 1068 3823 et
1096 3766 1174 3821 ira
1199 3766 1267 3820 ab
1299 3764 1391 3819 illo
1420 3762 1530 3819 cito
1555 3760 1886 3832 proximam,
1918 3772 1974 3814 et

378 3867 773 3938 iupeccatores
811 3860 1032 3931 respicit
1078 3859 1157 3913 ira
1208 3858 1370 3912 illius.
1416 3876 1434 3907 ι
1489 3854 1773 3923 Nunquam
1829 3853 1975 3906 enim

379 3953 614 4008 hominis
639 3952 854 4006 animus
881 3950 999 4028 sine
1026 3956 1172 4003 metu
1200 3947 1297 4003 Dei
1327 3962 1449 4003 esse
1478 3946 1670 4010 debet,
1721 3944 1847 4015 quia
1882 3941 1973 4010 ju-

372 4052 493 4100 stus
518 4036 776 4099 Dominus
806 4043 860 4097 in
886 4040 1139 4096 omnibus
1156 4034 1264 4095 viis
1284 4040 1421 4103 suis,
1445 4046 1500 4094 et
1527 4047 1752 4095 sanctus
1779 4036 1832 4095 in
1857 4051 1972 4089 om-

379 4136 539 4192 nibus
566 4136 821 4207 operibus
843 4134 976 4190 suis.
1006 4132 1254 4189 Custodit
1282 4131 1567 4206 diligentes
1590 4147 1649 4187 se
1667 4172 1682 4195 ,
1701 4141 1753 4186 et
1783 4145 1973 4185 omnes

379 4235 696 4301 peccatores
744 4225 1041 4296 disperdet.
1089 4222 1245 4279 Unde
1298 4224 1492 4278 beatus
1545 4222 1709 4277 homo
1760 4236 1974 4289 semper

308 4342 313 4347 -
378 4317 607 4389 pavidus
635 4323 739 4382 est,
763 4323 820 4370 et
842 4328 1115 4384 nunquam
1143 4312 1212 4368 de
1253 4310 1626 4368 misericordia
1654 4310 1749 4365 Dei
1781 4311 1972 4381 despe-

380 4424 487 4481 rat,
512 4414 639 4485 quia
669 4413 850 4469 suavis
875 4419 959 4467 est
1004 4410 1266 4466 Dominus
1294 4407 1584 4471 universis,
1631 4414 1685 4461 et
1732 4404 1964 4459 misera-

1006 306 1068 361 B.
1111 305 1364 361 RABAN!
1406 304 1627 361 ΜΑυηί
1664 301 1984 360 AllClllEP.
2028 298 2341 358 MOGUNT.
2386 298 2670 356 OPEllUM
2712 297 2892 355 PARS
2926 298 2966 353 Ι.

3542 298 3650 354 792

2655 408 2883 464 CAPUT
2924 408 3042 463 XX.

2062 520 2186 590 Non
2212 536 2337 590 esse,
2361 520 2679 590 tardandum
2725 521 2795 574 ad
2838 520 3125 575 Dominum
3172 522 3425 585 converti,
3457 531 3505 579 et
3542 522 3653 590 dif-

2130 589 2268 714 fezre
2306 589 2369 644 de
2411 588 2495 643 die
2537 590 2591 643 in
2633 589 2798 657 diem,
2844 600 2894 644 et
2937 607 3039 644 non
3076 589 3258 644 extolli
3283 590 3337 645 in
3368 588 3650 662 cogitatio-

2130 677 2181 715 m
2220 677 2302 714 us.
2828 668 2838 676 ‘

2134 794 2152 827 ι
2189 773 2308 830 Non
2339 774 2520 830 tardes
2542 775 2783 829 converti
2811 775 2878 828 ad
2910 773 3220 840 Dominum,
3243 782 3297 828 et
3328 791 3397 829 ne
3430 773 3655 829 differas

2064 882 2083 915 ι
2126 864 2192 919 de
2235 864 2321 919 die
2367 864 2421 918 in
2459 863 2621 918 diem.
2654 861 2850 917 Subito
2884 863 3030 918 enim
3063 864 3245 918 veniet
3275 864 3355 918 ira
3392 862 3564 928 illius,
3600 872 3656 919 et

2065 979 2084 1010 ι
2122 958 2174 1013 in
2197 966 2441 1030 tempore
2468 958 2720 1012 vindicta:
2746 956 3022 1027 disperdet
3050 966 3122 1012 te.
3160 975 3179 1010 ι
3216 956 3365 1014 Unde
3390 958 3653 1013 Dominus

2062 1050 2115 1104 in
2149 1048 2439 1121 Evangelio
2459 1048 2734 1114 admouet,
2760 1049 2944 1105 dicens
2970 1067 2983 1104 :
3019 1068 3037 1101 ι
3068 1048 3283 1104 Currite
3310 1048 3441 1104 dum
3470 1050 3654 1104 lumen

2061 1140 2295 1204 habetis,
2329 1154 2399 1194 ne
2424 1130 2562 1194 ferte
2591 1138 2827 1197 tenebrze
2850 1154 2947 1193 vos
2976 1137 3439 1210 comprehendant
3463 1137 3653 1212 (locu.

2063 1230 2184 1304 xu).
2228 1251 2247 1283 ι
2294 1231 2360 1286 Et
2388 1232 2564 1286 item:
2611 1249 2631 1282 ι
2676 1229 3522 1300 Pmnilentiam,inquit,agite,
3555 1247 3653 1301 ap-

2063 1322 2445 1393 propinquabit
2471 1322 2616 1379 enim
2646 1337 2871 1391 regnum
2885 1320 3145 1377 calorum
3168 1318 3382 1392 (Matth.
3412 1336 3497 1385 ιιι,
3520 1319 3604 1390 ‘2).
3632 1341 3650 1371 ι

2064 1415 2132 1469 Et
2172 1414 2409 1469 iterum:
2440 1433 2458 1466 ι
2504 1412 2737 1486 Vigilate
2784 1429 2932 1485 ergo,
2979 1413 3201 1469 nescitis
3244 1413 3388 1468 enim
3439 1413 3657 1481 quando

2066 1506 2327 1561 Dominus
2369 1506 2560 1562 domus
2598 1506 2823 1561 veniat:
2857 1518 2997 1568 sero,
3027 1519 3096 1558 an
3137 1504 3314 1559 media
3360 1512 3545 1567 nocte,
3588 1518 3656 1556 an

2065 1597 2189 1670 galli
2220 1605 2404 1664 cantu,
2431 1614 2500 1651 an
2524 1611 2700 1655 mane.
2733 1611 2821 1660 ne,
2851 1611 2974 1652 cum
3000 1593 3213 1651 venerit
3238 1602 3484 1664 repente,
3507 1594 3659 1648 inve-

2068 1691 2183 1744 niat
2207 1706 2304 1745 vos
2330 1689 2680 1745 dormientes.
2725 1687 2878 1756 Quod
2904 1696 3086 1743 autem
3110 1687 3267 1743 vobis
3291 1687 3445 1751 dico,
3475 1687 3657 1742 omni-

1996 1771 2040 1829 Β
2068 1782 2170 1836 bus
2196 1782 2336 1847 dico,
2373 1781 2589 1851 vigilate
2623 1779 2818 1861 (Marc.
2847 1778 2990 1852 xm).
3029 1798 3049 1832 ι
3084 1778 3153 1834 Ει
3173 1793 3389 1835 rursum
3414 1798 3429 1834 :
3458 1798 3478 1831 ι
3508 1779 3659 1850 Vigi-

2071 1871 2178 1925 late
2204 1871 2385 1941 itaque
2410 1870 2557 1925 omni
2592 1878 2854 1941 tempore,
2883 1878 3135 1934 orantes,
3164 1876 3223 1923 ut
3262 1867 3409 1940 digni
3458 1869 3662 1923 habea-

2070 1960 2201 2015 mini
2254 1960 2438 2030 fugere
2491 1959 2595 2015 ista
2644 1959 2825 2014 omnia
2883 1974 3005 2028 qua:
3036 1955 3218 2014 futura
3261 1965 3495 2023 suut,et
3518 1968 3663 2012 stare

2069 2058 2195 2105 ante
2226 2050 2393 2105 tilium
2420 2050 2656 2105 hominis
2684 2050 2836 2121 (Luc.
2864 2049 3001 2120 xxi).
3036 2068 3055 2103 ι

2145 2160 2164 2193 ι
2206 2140 2325 2196 Noli
2347 2140 2544 2196 anxius
2579 2155 2699 2196 esse
2728 2140 2781 2195 in
2817 2139 3022 2194 divitiis
3056 2138 3301 2208 injustis;
3347 2138 3485 2205 nihil
3515 2139 3663 2193 enim

2074 2252 2092 2284 ι
2130 2234 2422 2304 proderunt
2450 2230 2546 2286 tibi
2573 2230 2624 2285 in
2653 2230 2740 2287 die
2759 2229 3100 2286 obductionis
3126 2237 3181 2284 et
3206 2229 3478 2284 vindictae.
3519 2248 3538 2280 ι
3574 2228 3663 2282 Di-

2067 2324 2213 2379 \‘lliIB
2240 2324 2454 2393 injustas
2483 2331 2632 2385 sunt,
2655 2336 2775 2390 qua:
2800 2321 2986 2390 inique
3011 2321 3387 2390 acquiruntur,
3415 2329 3472 2374 et
3500 2334 3665 2373 avare

2069 2422 2388 2479 servantur;
2435 2417 2502 2467 ad
2543 2427 2682 2483 quas
2716 2412 2961 2467 animant
2984 2409 3281 2466 Christiani
3310 2424 3419 2464 non
3449 2416 3663 2479 oportet

2068 2502 2227 2557 anxie
2248 2502 2525 2567 anhelare,
2556 2500 2641 2555 cui
2671 2500 3002 2570 promissum
3028 2508 3111 2556 est
3149 2514 3375 2570 regnum
3413 2499 3657 2554 caeleste.

2067 2590 2369 2650 Conturbat
2396 2592 2543 2648 enim
2589 2593 2805 2647 domum
2854 2608 3028 2657 suain,
3058 2592 3150 2660 qui
3193 2600 3438 2646 sectatur
3487 2589 3664 2643 avari-

2070 2685 2239 2746 tiam;
2288 2685 2376 2754 qui
2420 2694 2603 2741 autem
2631 2685 2739 2740 odit
2769 2700 3025 2750 munera,
3048 2685 3210 2739 vivet.
3240 2682 3396 2740 Unde
3421 2682 3537 2754 ipsa
3567 2698 3665 2737 cu-

2068 2779 2291 2832 mulatio
2325 2776 2633 2831 divitiarum
2663 2790 2768 2830 non
2800 2776 2942 2830 valet
2971 2775 3023 2828 in
3054 2775 3140 2829 die
3160 2773 3351 2845 judicii
3382 2774 3453 2829 de
3499 2788 3664 2827 manu

2068 2873 2318 2929 vindictae
2344 2874 2557 2943 eripere
2588 2886 2958 2943 possessorem
3004 2886 3160 2927 suum
3196 2889 3211 2924 :
3244 2885 3365 2939 qua:
3407 2869 3499 2924 hic
3537 2878 3665 2922 ante

2070 2963 2497 3022 misericorditer
2526 2962 2812 3034 egentibus
2838 2977 3078 3033 expensa
3124 2977 3230 3016 non
3279 2960 3478 3014 fuerat.
3540 2958 3664 3013 ideo

2073 3056 2324 3115 Salvator
2359 3072 2458 3112 nos
2504 3055 2849 3126 praemonuit,
2888 3054 3076 3109 dicens
3118 3071 3133 3107 :
3183 3072 3203 3105 ι
3257 3052 3399 3119 Quid
3447 3053 3665 3120 prodest

2082 3150 2305 3216 homini,
2328 3149 2371 3204 si
2404 3148 2713 3203 universum
2737 3147 2996 3205 mundum
3023 3145 3284 3210 lucretur,
3312 3145 3512 3200 anima:
3539 3160 3665 3198 vero

2082 3258 2195 3298 suae
2223 3239 2607 3296 detrimentum
2638 3237 2908 3308 patiatur?
2946 3236 3055 3291 Aut
3094 3250 3260 3304 quam
3304 3235 3456 3289 dabit
3504 3235 3664 3289 homo

2080 3329 2557 3386 counnutationem
2588 3342 2687 3397 pro
2711 3328 2891 3380 anima
2914 3326 3046 3381 sua?
3075 3325 3243 3381 Filius
3268 3326 3415 3379 enim
3433 3325 3663 3379 hominis

2080 3432 2340 3479 venturus
2362 3430 2445 3476 est
2471 3420 2526 3475 in
2554 3418 2724 3490 gloria
2748 3418 2924 3473 Patris
2949 3417 3033 3472 sui
3054 3433 3177 3473 cum
3199 3416 3406 3488 angelis
3426 3417 3576 3479 suis;
3609 3426 3662 3470 et

2083 3523 2138 3569 tu
2179 3529 2210 3568 c
2236 3510 2424 3568 reddet
2452 3509 2742 3579 unicuique
2762 3506 3058 3565 secundum
3087 3522 3255 3579 opera
3280 3507 3401 3578 ejus
3448 3505 3658 3576 (Hauh.

2082 3602 2213 3675 xvi).
2253 3622 2271 3653 ι

2157 3711 2175 3742 ι
2218 3676 2333 3747 Non
2360 3690 2591 3746 vcntiles
2620 3697 2671 3747 te
2694 3689 2749 3743 in
2775 3702 2990 3744 onmem
3019 3696 3259 3748 ventum.
3284 3694 3341 3741 et
3363 3702 3472 3742 non
3492 3701 3586 3741 eas
3611 3687 3662 3740 in

2058 3766 2107 3837 it
2141 3798 2359 3837 omnem
2386 3782 2530 3834 viam
2546 3797 2567 3835 .:
2598 3780 2679 3835 sic
2710 3778 2856 3833 enim
2885 3785 3141 3848 peccator
3160 3777 3421 3845 probatur
3468 3775 3525 3832 in
3571 3776 3663 3829 du-

2085 3892 2102 3924 ι
2140 3872 2264 3942 plici
2297 3872 2530 3943 lingua.)
2556 3868 2972 3923 lustahilitatem
2993 3867 3425 3937 vituperat,qu;e
3453 3865 3662 3936 proprie

2077 3962 2367 4019 stultorum
2395 3970 2499 4026 est,
2525 3962 2668 4014 sicut
2697 3965 2957 4028 scriptum
2985 3965 3070 4012 est
3098 3975 3110 4009 :
3146 3975 3165 4007 ί
3203 3955 3416 4012 Stultus
3456 3965 3515 4010 ut
3543 3956 3661 4009 luna

2078 4042 2420 4114 mutatut,et
2456 4051 2543 4105 vir
2582 4048 2781 4120 duplici
2809 4048 2993 4103 animo
3030 4047 3347 4103 inconstans
3370 4055 3455 4102 est
3477 4048 3661 4102 inom-

2078 4143 2237 4198 nibus
2265 4143 2369 4198 viis
2410 4142 2523 4197 suis
2554 4139 2754 4213 (Eccle.
2785 4138 2981 4209 χχιιι).
3018 4158 3037 4191 ι
3079 4139 3138 4194 ln
3179 4154 3398 4195 omnem
3447 4148 3660 4197 ventum

2075 4249 2136 4290 se
2162 4236 2414 4313 ventilat,
2445 4240 2496 4287 et
2528 4232 2579 4286 in
2604 4246 2822 4287 omnem
2844 4230 2987 4289 viam
3016 4230 3191 4295 vadit,
3218 4230 3309 4300 qui
3350 4230 3538 4284 luxum
3572 4244 3663 4284 sa:-

2075 4326 2180 4383 culi
2209 4324 2384 4395 sequi,
2400 4332 2450 4379 et
2472 4325 2719 4381 timorem
2741 4322 2954 4379 Domini
2976 4337 3195 4379 servare
3214 4338 3275 4380 se
3286 4324 3493 4393 pariter
3510 4336 3661 4392 posse

2075 4420 2329 4483 mstimat,
2351 4427 2404 4474 et
2434 4416 2635 4473 mundo
2660 4431 2724 4471 ac
2746 4414 2964 4471 Christo
2988 4414 3270 4484 aequaliter
3288 4414 3542 4471 militare.
3560 4410 3657 4480 Qui

381 4474 554 4560 tiones
579 4503 694 4573 ejus
715 4518 880 4572 super
899 4500 1081 4555 omnia
1101 4513 1266 4569 opera
1286 4496 1423 4567 ejus.
1451 4494 1859 4565 Beneplacitum
1889 4498 1967 4545 est

2079 4513 2219 4567 enim
2257 4508 2629 4581 hujuscemodi
2657 4508 2925 4578 loquendo
2954 4514 3065 4584 aut
3103 4508 3379 4581 operando
3419 4506 3656 4561 illusionc

377 4594 524 4650 enim
553 4592 784 4649 Domino
806 4605 975 4659 super
1002 4589 1254 4646 timentes
1278 4601 1424 4651 etim,
1450 4594 1507 4639 et
1531 4585 1588 4639 in
1621 4583 1702 4638 eis
1727 4581 1821 4651 qui
1847 4592 1969 4649 spe-

382 4693 503 4738 rant
531 4697 694 4752 super
728 4678 1101 4734 misericordia
1134 4674 1271 4743 ejus.
1316 4673 1457 4729 Hinc
1486 4673 1539 4728 in
1579 4673 1697 4743 lege
1730 4671 1803 4724 ita
1828 4683 1969 4741 prte-

380 4786 596 4847 eeptum
622 4782 707 4830 est
740 4792 754 4828 :
792 4791 811 4825 (
838 4770 917 4827 Ne
943 4769 1161 4826 auferas
1180 4770 1234 4824 in
1258 4768 1378 4824 loco
1394 4764 1636 4838 pignoris
1657 4761 1970 4819 inferiorem

374 4870 435 4924 et
458 4866 793 4936 superiorem
818 4863 1016 4919 molam
1042 4860 1221 4935 (Deut.
1248 4857 1419 4930 xxxv).
1453 4876 1473 4910 ι
1505 4855 1768 4927 Superior
1788 4862 1971 4909 autem

381 4968 436 5015 et
462 4958 688 5013 inferior
739 4956 881 5012 mola
930 4964 1017 5011 est
1059 4969 1184 5023 spes
1228 4960 1284 5008 et
1325 4952 1504 5007 timor.
1554 4947 1693 5019 Spes
1731 4962 1862 5002 vero
1908 4947 1976 5001 ad

376 5051 491 5105 alta
518 5047 804 5111 subvehit;
837 5046 999 5099 timor
1026 5054 1205 5098 autem
1237 5058 1332 5097 cor
1367 5040 1594 5097 inferius
1620 5036 1837 5110 premit.
1866 5035 1976 5092 Sed

376 5140 527 5198 mola
559 5141 807 5210 superior
835 5149 896 5195 et‘
931 5139 1254 5195 inferiorita
1280 5139 1382 5195 sibi
1406 5135 1715 5194 necessario
1736 5134 1974 5204 jungun-

374 5244 490 5298 tur,
524 5240 584 5288 ut
604 5249 711 5288 una
746 5234 863 5288 sine
891 5233 1062 5288 altera
1091 5232 1355 5288 inutiliter
1384 5229 1668 5285 habeatur.
1702 5228 1754 5281 In
1784 5240 1976 5296 pecca-

376 5325 518 5381 toris
540 5324 726 5395 utique
751 5332 970 5395 pectore
994 5324 1329 5380 incessanter
1350 5324 1508 5378 debet
1529 5337 1651 5393 spes
1669 5329 1724 5375 et
1744 5317 1976 5374 formido

383 5416 654 5489 conjungi,
674 5415 800 5489 quia
824 5416 1097 5471 incassum
1126 5414 1554 5471 misericordiam
1577 5418 1778 5483 sperat,
1800 5411 1844 5464 si
1869 5424 1976 5464 non

384 5511 549 5564 etiam
567 5502 834 5581 justitiam
882 5508 1093 5563 timeat.
1130 5505 1405 5562 Incassum
1444 5502 1716 5579 justitiam
1763 5499 1970 5561 metuit,

378 5598 427 5657 ἐἰ
456 5616 561 5658 non
584 5604 749 5659 etiam
775 5592 841 5658 de
867 5599 1241 5657 misericordia
1266 5596 1507 5656 confidit.

2079 4602 2278 4657 fallitur
2300 4642 2314 4666 ,
2368 4607 2622 4670 peccatur
2678 4597 2934 4652 nimirum
2988 4609 3109 4653 esse
3156 4596 3440 4666 probatur.
3470 4593 3649 4655 Aliter,

2078 4704 2374 4765 pra-monet
2398 4706 2497 4747 nos
2520 4689 2784 4762 sapientia
2810 4689 3015 4755 divina,
3046 4702 3115 4743 ne
3146 4686 3525 4743 hteretieorum
3567 4701 3648 4739 va.

2079 4784 2306 4839 nitatem
2332 4789 2495 4853 atque
2522 4795 2770 4836 errorum
2799 4779 2955 4834 devia
2983 4792 3294 4849 sequamur.
3318 4776 3459 4843 Quia
3495 4774 3643 4845 dupli

2080 4877 2218 4933 citas
2269 4874 2526 4931 doctrina:
2574 4887 2784 4936 eorum,
2810 4871 2866 4926 in
2911 4885 3022 4941 qua
3065 4868 3355 4942 aliquando
3384 4884 3539 4935 vera,
3568 4868 3655 4922 ali-

2081 4969 2297 5041 quando
2342 4981 2557 5037 quoque
2601 4963 2735 5019 falsa
2784 4962 3088 5035 proferunt,
3141 4962 3335 5018 noxius
3380 4961 3503 5017 illos
3544 4975 3653 5016 esse

2079 5060 2416 5131 comprobat.
2447 5055 2554 5112 Sed
2588 5054 2719 5127 quid
2745 5054 2904 5110 uobis
2943 5053 3270 5113 servandum
3311 5052 3387 5108 sit
3432 5064 3651 5123 seqiteus

2079 5149 2351 5207 sententia
2376 5148 2728 5205 demonstrat.

2155 5261 2174 5294 ι
2209 5241 2339 5296 Esto
2374 5239 2561 5293 lirmus
2586 5237 2640 5293 in
2670 5236 2757 5292 via
2790 5236 2909 5299 Dei,
2933 5244 2989 5292 et
3019 5238 3080 5292 in
3100 5233 3335 5289 veritate
3364 5246 3549 5289 sensus
3576 5227 3646 5283 tui

2086 5351 2104 5385 ι
2141 5339 2195 5387 et
2230 5328 2476 5391 scientia,
2509 5336 2566 5382 ct
2602 5332 2965 5396 prosequatur
2993 5331 3045 5379 te
3071 5322 3294 5381 verbum
3323 5321 3474 5397 pacis
3495 5316 3645 5386 etju-

2086 5441 2105 5474 ι
2143 5421 2322 5478 stitiae.
2363 5440 2382 5472 ι
2417 5417 2633 5475 Firmus
2658 5415 2710 5471 in
2738 5416 2823 5470 via
2850 5415 2944 5471 Dei
2969 5423 3075 5480 est,
3096 5414 3189 5484 qui
3218 5413 3460 5486 regulam
3486 5411 3647 5467 catho-

2078 5515 2197 5571 lica:
2225 5513 2345 5571 fidei
2375 5511 2478 5567 rite
2506 5507 2776 5565 credendo
2821 5519 3033 5571 servat,
3062 5515 3116 5562 et
3162 5505 3464 5563 doctrinam
3503 5512 3646 5558 evan-

2081 5604 2304 5676 gelicum
2334 5610 2481 5656 recte
2511 5598 2741 5655 vivendo
2771 5614 2835 5653 ac
2884 5597 3021 5653 bene
3072 5597 3349 5664 operando
3396 5591 3640 5662 sequitur.

2082 5697 2235 5752 llunc
2260 5701 2617 5766 prosequetur
2649 5691 2868 5747 verbum
2911 5689 3058 5760 pacis
3087 5696 3142 5744 et
3175 5687 3416 5758 justitize,
3447 5677 3639 5755 qualth
