  <div class='ocr_page' id='page_1' title='image "/cluster/home/n/w/nwhite01/storage/ocr_20150623/109/hvd.32044054759741/402.png"; bbox 0 0 3904 6184; ppageno 0'>
   <div class='ocr_carea' id='block_1_1' title="bbox 267 318 374 373">
    <p class='ocr_par' dir='ltr' id='par_1_1' title="bbox 267 318 374 373">
     <span class='ocr_line' id='line_1_1' title="bbox 267 318 374 373; baseline 0 0"><span class='ocrx_word' id='word_1_1' title='bbox 267 318 374 373; x_wconf 74' lang='lat'><strong>793</strong></span> 
     </span>
    </p>
   </div>
   <div class='ocr_carea' id='block_1_2' title="bbox 1170 304 2636 375">
    <p class='ocr_par' dir='ltr' id='par_1_2' title="bbox 1170 304 2636 375">
     <span class='ocr_line' id='line_1_2' title="bbox 1170 304 2636 375; baseline -0.004 -8"><span class='ocrx_word' id='word_1_2' title='bbox 1170 308 1520 375; x_wconf 68' lang='lat' dir='ltr'><strong>COMMENT.</strong></span> <span class='ocrx_word' id='word_1_3' title='bbox 1561 306 1629 363; x_wconf 83' lang='grc' dir='ltr'><strong>ΙΝ</strong></span> <span class='ocrx_word' id='word_1_4' title='bbox 1662 304 2273 365; x_wconf 63' lang='lat' dir='ltr'><strong>ECCLESlASl&#39;lCUM.</strong></span> <span class='ocrx_word' id='word_1_5' title='bbox 2320 339 2367 349; x_wconf 86' lang='lat'><strong>--</strong></span> <span class='ocrx_word' id='word_1_6' title='bbox 2426 307 2553 365; x_wconf 78' lang='lat' dir='ltr'><strong>LIB.</strong></span> <span class='ocrx_word' id='word_1_7' title='bbox 2595 306 2636 363; x_wconf 88' lang='grc' dir='ltr'><strong>Ι.</strong></span> 
     </span>
    </p>
   </div>
   <div class='ocr_carea' id='block_1_3' title="bbox 3446 311 3551 368">
    <p class='ocr_par' dir='ltr' id='par_1_3' title="bbox 3446 311 3551 368">
     <span class='ocr_line' id='line_1_3' title="bbox 3446 311 3551 368; baseline -0.029 0"><span class='ocrx_word' id='word_1_8' title='bbox 3446 311 3551 368; x_wconf 69' lang='grc'><strong>794</strong></span> 
     </span>
    </p>
   </div>
   <div class='ocr_carea' id='block_1_4' title="bbox 266 418 3555 503">
    <p class='ocr_par' dir='ltr' id='par_1_4' title="bbox 266 418 3555 503">
     <span class='ocr_line' id='line_1_4' title="bbox 266 418 3555 503; baseline -0.002 -17"><span class='ocrx_word' id='word_1_9' title='bbox 266 449 322 486; x_wconf 84' lang='grc' dir='ltr'><strong>ιιι</strong></span> <span class='ocrx_word' id='word_1_10' title='bbox 360 426 678 486; x_wconf 79' lang='lat' dir='ltr'><strong>meritorum</strong></span> <span class='ocrx_word' id='word_1_11' title='bbox 712 424 1069 483; x_wconf 82' lang='lat' dir='ltr'><strong>retributione</strong></span> <span class='ocrx_word' id='word_1_12' title='bbox 1116 424 1193 479; x_wconf 76' lang='lat' dir='ltr'><strong>iiii</strong></span> <span class='ocrx_word' id='word_1_13' title='bbox 1250 423 1541 480; x_wconf 72' lang='lat' dir='ltr'><strong>confertur</strong></span> <span class='ocrx_word' id='word_1_14' title='bbox 1574 422 1861 503; x_wconf 51' lang='lat' dir='ltr'><strong>praemium</strong></span> <span class='ocrx_word' id='word_1_15' title='bbox 1888 425 1934 482; x_wconf 79' lang='grc' dir='ltr'><strong>Α</strong></span> <span class='ocrx_word' id='word_1_16' title='bbox 1965 430 2185 488; x_wconf 86' lang='lat' dir='ltr'><strong>mactet,</strong></span> <span class='ocrx_word' id='word_1_17' title='bbox 2236 428 2292 476; x_wconf 91' lang='lat' dir='ltr'><strong>et</strong></span> <span class='ocrx_word' id='word_1_18' title='bbox 2339 421 2534 492; x_wconf 77' lang='lat' dir='ltr'><strong>perdat</strong></span> <span class='ocrx_word' id='word_1_19' title='bbox 2581 419 2746 491; x_wconf 85' lang='lat' dir='ltr'><strong>(Joan</strong></span> <span class='ocrx_word' id='word_1_20' title='bbox 2801 418 2880 492; x_wconf 69' lang='grc' dir='ltr'><strong>χ).</strong></span> <span class='ocrx_word' id='word_1_21' title='bbox 2921 439 2941 471; x_wconf 76' lang='grc' dir='ltr'><strong>ι</strong></span> <span class='ocrx_word' id='word_1_22' title='bbox 2983 419 3148 476; x_wconf 90' lang='lat' dir='ltr'><strong>lidem</strong></span> <span class='ocrx_word' id='word_1_23' title='bbox 3193 421 3450 479; x_wconf 85' lang='lat' dir='ltr'><strong>dicuntur</strong></span> <span class='ocrx_word' id='word_1_24' title='bbox 3497 437 3555 480; x_wconf 86' lang='lat' dir='ltr'><strong>et</strong></span> 
     </span>
    </p>
   </div>
   <div class='ocr_carea' id='block_1_5' title="bbox 265 512 1859 590">
    <p class='ocr_par' dir='ltr' id='par_1_5' title="bbox 265 512 1859 590">
     <span class='ocr_line' id='line_1_5' title="bbox 265 512 1859 590; baseline -0.011 -11"><span class='ocrx_word' id='word_1_25' title='bbox 265 532 485 578; x_wconf 72' lang='lat' dir='ltr'><strong>:eterute</strong></span> <span class='ocrx_word' id='word_1_26' title='bbox 511 517 715 590; x_wconf 68' lang='lat' dir='ltr'><strong>gloriae,</strong></span> <span class='ocrx_word' id='word_1_27' title='bbox 738 516 950 570; x_wconf 89' lang='lat' dir='ltr'><strong>dicente</strong></span> <span class='ocrx_word' id='word_1_28' title='bbox 981 514 1209 569; x_wconf 86' lang='lat' dir='ltr'><strong>Domine</strong></span> <span class='ocrx_word' id='word_1_29' title='bbox 1234 530 1248 567; x_wconf 90' lang='lat'><strong>:</strong></span> <span class='ocrx_word' id='word_1_30' title='bbox 1284 534 1302 565; x_wconf 83' lang='grc'><em>‹</em></span> <span class='ocrx_word' id='word_1_31' title='bbox 1340 515 1508 585; x_wconf 85' lang='lat' dir='ltr'><strong>Euge,</strong></span> <span class='ocrx_word' id='word_1_32' title='bbox 1534 527 1690 568; x_wconf 86' lang='lat' dir='ltr'><strong>serve</strong></span> <span class='ocrx_word' id='word_1_33' title='bbox 1714 512 1859 568; x_wconf 75' lang='lat' dir='ltr'><strong>bene</strong></span> 
     </span>
    </p>
   </div>
   <div class='ocr_carea' id='block_1_6' title="bbox 267 603 1860 678">
    <p class='ocr_par' dir='ltr' id='par_1_6' title="bbox 267 603 1860 678">
     <span class='ocr_line' id='line_1_6' title="bbox 267 603 1860 678; baseline -0.007 -11"><span class='ocrx_word' id='word_1_34' title='bbox 267 605 321 667; x_wconf 87' lang='lat' dir='ltr'><strong>ét</strong></span> <span class='ocrx_word' id='word_1_35' title='bbox 346 610 541 672; x_wconf 83' lang='lat' dir='ltr'><strong>ﬁdelis,</strong></span> <span class='ocrx_word' id='word_1_36' title='bbox 570 608 698 678; x_wconf 84' lang='lat' dir='ltr'><strong>quia</strong></span> <span class='ocrx_word' id='word_1_37' title='bbox 725 622 888 677; x_wconf 81' lang='lat' dir='ltr'><strong>super</strong></span> <span class='ocrx_word' id='word_1_38' title='bbox 908 621 1082 675; x_wconf 80' lang='lat' dir='ltr'><strong>pauca</strong></span> <span class='ocrx_word' id='word_1_39' title='bbox 1105 605 1253 660; x_wconf 77' lang='lat' dir='ltr'><strong>fuisti</strong></span> <span class='ocrx_word' id='word_1_40' title='bbox 1284 605 1479 668; x_wconf 79' lang='lat' dir='ltr'><strong>fidelis,</strong></span> <span class='ocrx_word' id='word_1_41' title='bbox 1502 620 1666 674; x_wconf 86' lang='lat' dir='ltr'><strong>super</strong></span> <span class='ocrx_word' id='word_1_42' title='bbox 1692 603 1860 658; x_wconf 86' lang='lat' dir='ltr'><strong>multa</strong></span> 
     </span>
    </p>
   </div>
   <div class='ocr_carea' id='block_1_7' title="bbox 271 695 1856 770">
    <p class='ocr_par' dir='ltr' id='par_1_7' title="bbox 271 695 1856 770">
     <span class='ocr_line' id='line_1_7' title="bbox 271 695 1856 770; baseline -0.006 -10"><span class='ocrx_word' id='word_1_43' title='bbox 271 715 323 760; x_wconf 90' lang='lat' dir='ltr'><strong>te</strong></span> <span class='ocrx_word' id='word_1_44' title='bbox 350 702 675 758; x_wconf 79' lang='lat' dir='ltr'><strong>constituam</strong></span> <span class='ocrx_word' id='word_1_45' title='bbox 699 718 715 755; x_wconf 70' lang='grc' dir='ltr'>ε</span> <span class='ocrx_word' id='word_1_46' title='bbox 738 699 886 755; x_wconf 84' lang='lat' dir='ltr'><strong>intra</strong></span> <span class='ocrx_word' id='word_1_47' title='bbox 906 699 960 755; x_wconf 89' lang='lat' dir='ltr'><strong>in</strong></span> <span class='ocrx_word' id='word_1_48' title='bbox 991 699 1248 770; x_wconf 76' lang='lat' dir='ltr'><strong>gaudium</strong></span> <span class='ocrx_word' id='word_1_49' title='bbox 1288 697 1504 755; x_wconf 76' lang='lat' dir='ltr'><strong>Domini</strong></span> <span class='ocrx_word' id='word_1_50' title='bbox 1534 697 1614 754; x_wconf 89' lang='lat' dir='ltr'><strong>tui</strong></span> <span class='ocrx_word' id='word_1_51' title='bbox 1638 695 1856 768; x_wconf 70' lang='lat' dir='ltr'><strong>(Matth.</strong></span> 
     </span>
    </p>
   </div>
   <div class='ocr_carea' id='block_1_8' title="bbox 273 795 482 865">
    <p class='ocr_par' dir='ltr' id='par_1_8' title="bbox 273 795 482 865">
     <span class='ocr_line' id='line_1_8' title="bbox 273 795 482 865; baseline -0.019 -14"><span class='ocrx_word' id='word_1_52' title='bbox 273 795 422 865; x_wconf 71' lang='lat' dir='ltr'><strong>xxv).</strong></span> <span class='ocrx_word' id='word_1_53' title='bbox 463 815 482 847; x_wconf 77' lang='grc' dir='ltr'><strong>ι</strong></span> 
     </span>
    </p>
   </div>
   <div class='ocr_carea' id='block_1_9' title="bbox 347 880 1859 947">
    <p class='ocr_par' dir='ltr' id='par_1_9' title="bbox 347 880 1859 947">
     <span class='ocr_line' id='line_1_9' title="bbox 347 880 1859 947; baseline -0.004 -7"><span class='ocrx_word' id='word_1_54' title='bbox 347 911 365 940; x_wconf 73' lang='grc' dir='ltr'><strong>ι</strong></span> <span class='ocrx_word' id='word_1_55' title='bbox 408 888 540 944; x_wconf 83' lang='lat' dir='ltr'><strong>Esto</strong></span> <span class='ocrx_word' id='word_1_56' title='bbox 567 896 883 941; x_wconf 77' lang='lat' dir='ltr'><strong>mansuetus</strong></span> <span class='ocrx_word' id='word_1_57' title='bbox 901 884 970 940; x_wconf 85' lang='lat' dir='ltr'><strong>ad</strong></span> <span class='ocrx_word' id='word_1_58' title='bbox 995 883 1319 939; x_wconf 66' lang='lat' dir='ltr'><strong>audiemum</strong></span> <span class='ocrx_word' id='word_1_59' title='bbox 1345 883 1596 947; x_wconf 87' lang='lat' dir='ltr'><strong>verbum,</strong></span> <span class='ocrx_word' id='word_1_60' title='bbox 1618 890 1678 937; x_wconf 91' lang='lat' dir='ltr'><strong>ut</strong></span> <span class='ocrx_word' id='word_1_61' title='bbox 1698 880 1859 937; x_wconf 86' lang='lat' dir='ltr'><strong>intel-</strong></span> 
     </span>
    </p>
   </div>
   <div class='ocr_carea' id='block_1_10' title="bbox 278 973 1862 1051">
    <p class='ocr_par' dir='ltr' id='par_1_10' title="bbox 278 973 1862 1051">
     <span class='ocr_line' id='line_1_10' title="bbox 278 973 1862 1051; baseline -0.005 -17"><span class='ocrx_word' id='word_1_62' title='bbox 278 1000 295 1034; x_wconf 70' lang='grc' dir='ltr'>ς</span> <span class='ocrx_word' id='word_1_63' title='bbox 330 980 501 1051; x_wconf 84' lang='lat' dir='ltr'><strong>ligas;</strong></span> <span class='ocrx_word' id='word_1_64' title='bbox 563 984 621 1032; x_wconf 88' lang='lat' dir='ltr'><strong>et</strong></span> <span class='ocrx_word' id='word_1_65' title='bbox 669 990 794 1032; x_wconf 84' lang='lat' dir='ltr'><strong>cum</strong></span> <span class='ocrx_word' id='word_1_66' title='bbox 840 974 1105 1043; x_wconf 83' lang='lat' dir='ltr'><strong>sapientia</strong></span> <span class='ocrx_word' id='word_1_67' title='bbox 1149 973 1392 1043; x_wconf 83' lang='lat' dir='ltr'><strong>proferas</strong></span> <span class='ocrx_word' id='word_1_68' title='bbox 1423 987 1741 1042; x_wconf 79' lang='lat' dir='ltr'><strong>responsum</strong></span> <span class='ocrx_word' id='word_1_69' title='bbox 1771 986 1862 1026; x_wconf 85' lang='lat' dir='ltr'><strong>ve-</strong></span> 
     </span>
    </p>
   </div>
   <div class='ocr_carea' id='block_1_11' title="bbox 278 1064 1859 1133">
    <p class='ocr_par' dir='ltr' id='par_1_11' title="bbox 278 1064 1859 1133">
     <span class='ocr_line' id='line_1_11' title="bbox 278 1064 1859 1133; baseline -0.004 -11"><span class='ocrx_word' id='word_1_70' title='bbox 278 1091 294 1121; x_wconf 80' lang='grc' dir='ltr'><strong>ι</strong></span> <span class='ocrx_word' id='word_1_71' title='bbox 334 1084 473 1122; x_wconf 84' lang='lat' dir='ltr'><strong>rum.</strong></span> <span class='ocrx_word' id='word_1_72' title='bbox 508 1086 528 1118; x_wconf 71' lang='grc' dir='ltr'><strong>ι</strong></span> <span class='ocrx_word' id='word_1_73' title='bbox 568 1064 839 1119; x_wconf 89' lang='lat' dir='ltr'><strong>Bonorum</strong></span> <span class='ocrx_word' id='word_1_74' title='bbox 866 1079 995 1133; x_wconf 86' lang='lat' dir='ltr'><strong>ergo</strong></span> <span class='ocrx_word' id='word_1_75' title='bbox 1014 1064 1349 1120; x_wconf 80' lang='lat' dir='ltr'><strong>consueuido</strong></span> <span class='ocrx_word' id='word_1_76' title='bbox 1373 1078 1588 1133; x_wconf 84' lang='lat' dir='ltr'><strong>semper</strong></span> <span class='ocrx_word' id='word_1_77' title='bbox 1604 1071 1712 1127; x_wconf 85' lang='lat' dir='ltr'><strong>est,</strong></span> <span class='ocrx_word' id='word_1_78' title='bbox 1734 1076 1859 1117; x_wconf 87' lang='lat' dir='ltr'><strong>cum</strong></span> 
     </span>
    </p>
   </div>
   <div class='ocr_carea' id='block_1_12' title="bbox 274 1152 1857 1222">
    <p class='ocr_par' dir='ltr' id='par_1_12' title="bbox 274 1152 1857 1222">
     <span class='ocr_line' id='line_1_12' title="bbox 274 1152 1857 1222; baseline -0.005 -10"><span class='ocrx_word' id='word_1_79' title='bbox 274 1155 686 1212; x_wconf 74' lang='lat' dir='ltr'><strong>niatrsuetudine</strong></span> <span class='ocrx_word' id='word_1_80' title='bbox 715 1152 898 1207; x_wconf 88' lang='lat' dir='ltr'><strong>audire</strong></span> <span class='ocrx_word' id='word_1_81' title='bbox 921 1159 980 1207; x_wconf 88' lang='lat' dir='ltr'><strong>et</strong></span> <span class='ocrx_word' id='word_1_82' title='bbox 1021 1152 1295 1222; x_wconf 76' lang='lat' dir='ltr'><strong>suscipere</strong></span> <span class='ocrx_word' id='word_1_83' title='bbox 1329 1153 1555 1207; x_wconf 80' lang='lat' dir='ltr'><strong>verbum</strong></span> <span class='ocrx_word' id='word_1_84' title='bbox 1592 1152 1857 1217; x_wconf 86' lang='lat' dir='ltr'><strong>veritatis,</strong></span> 
     </span>
    </p>
   </div>
   <div class='ocr_carea' id='block_1_13' title="bbox 260 1236 1862 1316">
    <p class='ocr_par' dir='ltr' id='par_1_13' title="bbox 260 1236 1862 1316">
     <span class='ocr_line' id='line_1_13' title="bbox 260 1236 1862 1316; baseline -0.002 -14"><span class='ocrx_word' id='word_1_85' title='bbox 260 1236 324 1302; x_wconf 70' lang='grc' dir='ltr'><strong>ἐι</strong></span> <span class='ocrx_word' id='word_1_86' title='bbox 378 1254 672 1316; x_wconf 77' lang='lat' dir='ltr'><strong>temperate</strong></span> <span class='ocrx_word' id='word_1_87' title='bbox 715 1260 777 1299; x_wconf 89' lang='lat' dir='ltr'><strong>ac</strong></span> <span class='ocrx_word' id='word_1_88' title='bbox 814 1243 1106 1313; x_wconf 78' lang='lat' dir='ltr'><strong>prudenter</strong></span> <span class='ocrx_word' id='word_1_89' title='bbox 1142 1244 1363 1297; x_wconf 88' lang='lat' dir='ltr'><strong>verbum</strong></span> <span class='ocrx_word' id='word_1_90' title='bbox 1404 1242 1669 1313; x_wconf 82' lang='lat' dir='ltr'><strong>proferre.</strong></span> <span class='ocrx_word' id='word_1_91' title='bbox 1712 1242 1862 1299; x_wconf 89' lang='lat' dir='ltr'><strong>Unde</strong></span> 
     </span>
    </p>
   </div>
   <div class='ocr_carea' id='block_1_14' title="bbox 279 1335 1860 1408">
    <p class='ocr_par' dir='ltr' id='par_1_14' title="bbox 279 1335 1860 1408">
     <span class='ocr_line' id='line_1_14' title="bbox 279 1335 1860 1408; baseline -0.005 -15"><span class='ocrx_word' id='word_1_92' title='bbox 279 1339 508 1394; x_wconf 83' lang='lat' dir='ltr'><strong>lacubus</strong></span> <span class='ocrx_word' id='word_1_93' title='bbox 536 1336 811 1408; x_wconf 82' lang='lat' dir='ltr'><strong>apostolus</strong></span> <span class='ocrx_word' id='word_1_94' title='bbox 850 1336 1131 1400; x_wconf 66' lang='lat' dir='ltr'><strong>athnonet,</strong></span> <span class='ocrx_word' id='word_1_95' title='bbox 1170 1335 1357 1390; x_wconf 75' lang='lat' dir='ltr'><strong>dicens</strong></span> <span class='ocrx_word' id='word_1_96' title='bbox 1403 1353 1416 1389; x_wconf 89' lang='lat'>:</span> <span class='ocrx_word' id='word_1_97' title='bbox 1470 1354 1488 1385; x_wconf 87' lang='grc'><strong>‹</strong></span> <span class='ocrx_word' id='word_1_98' title='bbox 1548 1335 1629 1390; x_wconf 86' lang='lat' dir='ltr'><strong>Sit</strong></span> <span class='ocrx_word' id='word_1_99' title='bbox 1677 1342 1860 1389; x_wconf 90' lang='lat' dir='ltr'><strong>autem</strong></span> 
     </span>
    </p>
   </div>
   <div class='ocr_carea' id='block_1_15' title="bbox 272 1424 1860 1489">
    <p class='ocr_par' dir='ltr' id='par_1_15' title="bbox 272 1424 1860 1489">
     <span class='ocr_line' id='line_1_15' title="bbox 272 1424 1860 1489; baseline -0.003 -6"><span class='ocrx_word' id='word_1_100' title='bbox 272 1428 451 1483; x_wconf 85' lang='lat' dir='ltr'><strong>omnis</strong></span> <span class='ocrx_word' id='word_1_101' title='bbox 478 1428 639 1483; x_wconf 87' lang='lat' dir='ltr'><strong>homo</strong></span> <span class='ocrx_word' id='word_1_102' title='bbox 666 1426 819 1481; x_wconf 79' lang='lat' dir='ltr'><strong>velox</strong></span> <span class='ocrx_word' id='word_1_103' title='bbox 856 1425 925 1479; x_wconf 86' lang='lat' dir='ltr'><strong>ad</strong></span> <span class='ocrx_word' id='word_1_104' title='bbox 959 1424 1306 1489; x_wconf 79' lang='lat' dir='ltr'><strong>audiendum,</strong></span> <span class='ocrx_word' id='word_1_105' title='bbox 1338 1424 1522 1480; x_wconf 87' lang='lat' dir='ltr'><strong>tardus</strong></span> <span class='ocrx_word' id='word_1_106' title='bbox 1563 1433 1744 1479; x_wconf 84' lang='lat' dir='ltr'><strong>autem</strong></span> <span class='ocrx_word' id='word_1_107' title='bbox 1791 1424 1860 1480; x_wconf 90' lang='lat' dir='ltr'><strong>ad</strong></span> 
     </span>
    </p>
   </div>
   <div class='ocr_carea' id='block_1_16' title="bbox 271 1514 1861 1588">
    <p class='ocr_par' dir='ltr' id='par_1_16' title="bbox 271 1514 1861 1588">
     <span class='ocr_line' id='line_1_16' title="bbox 271 1514 1861 1588; baseline -0.004 -14"><span class='ocrx_word' id='word_1_108' title='bbox 271 1519 619 1588; x_wconf 53' lang='lat' dir='ltr'><strong>uiuendum,</strong></span> <span class='ocrx_word' id='word_1_109' title='bbox 655 1524 713 1572; x_wconf 87' lang='lat' dir='ltr'><strong>et</strong></span> <span class='ocrx_word' id='word_1_110' title='bbox 739 1516 924 1573; x_wconf 85' lang='lat' dir='ltr'><strong>tardus</strong></span> <span class='ocrx_word' id='word_1_111' title='bbox 944 1514 1021 1571; x_wconf 76' lang='lat' dir='ltr'><strong>ad</strong></span> <span class='ocrx_word' id='word_1_112' title='bbox 1054 1514 1196 1569; x_wconf 81' lang='lat' dir='ltr'><strong>iram</strong></span> <span class='ocrx_word' id='word_1_113' title='bbox 1226 1514 1435 1587; x_wconf 74' lang='lat' dir='ltr'><strong>(Iacob.</strong></span> <span class='ocrx_word' id='word_1_114' title='bbox 1467 1515 1528 1586; x_wconf 92' lang='grc' dir='ltr'><strong>ι).</strong></span> <span class='ocrx_word' id='word_1_115' title='bbox 1565 1535 1583 1565; x_wconf 75' lang='grc' dir='ltr'><strong>ι</strong></span> <span class='ocrx_word' id='word_1_116' title='bbox 1614 1515 1678 1569; x_wconf 85' lang='lat' dir='ltr'><strong>Et</strong></span> <span class='ocrx_word' id='word_1_117' title='bbox 1700 1514 1861 1583; x_wconf 88' lang='lat' dir='ltr'><strong>paulo</strong></span> 
     </span>
    </p>
   </div>
   <div class='ocr_carea' id='block_1_17' title="bbox 270 1605 1859 1682">
    <p class='ocr_par' dir='ltr' id='par_1_17' title="bbox 270 1605 1859 1682">
     <span class='ocr_line' id='line_1_17' title="bbox 270 1605 1859 1682; baseline -0.004 -18"><span class='ocrx_word' id='word_1_118' title='bbox 270 1619 397 1682; x_wconf 88' lang='lat' dir='ltr'><strong>post</strong></span> <span class='ocrx_word' id='word_1_119' title='bbox 447 1626 461 1662; x_wconf 92' lang='lat'><strong>:</strong></span> <span class='ocrx_word' id='word_1_120' title='bbox 507 1628 524 1660; x_wconf 76' lang='grc' dir='ltr'><strong>ι</strong></span> <span class='ocrx_word' id='word_1_121' title='bbox 574 1607 634 1662; x_wconf 89' lang='lat' dir='ltr'><strong>In</strong></span> <span class='ocrx_word' id='word_1_122' title='bbox 665 1606 1099 1670; x_wconf 84' lang='lat' dir='ltr'><strong>mansuetudine,</strong></span> <span class='ocrx_word' id='word_1_123' title='bbox 1126 1606 1322 1675; x_wconf 85' lang='lat' dir='ltr'><strong>inquit,</strong></span> <span class='ocrx_word' id='word_1_124' title='bbox 1352 1606 1609 1673; x_wconf 87' lang='lat' dir='ltr'><strong>suscipite</strong></span> <span class='ocrx_word' id='word_1_125' title='bbox 1635 1605 1859 1659; x_wconf 85' lang='lat' dir='ltr'><strong>verbum</strong></span> 
     </span>
    </p>
   </div>
   <div class='ocr_carea' id='block_1_18' title="bbox 273 1691 1851 1768">
    <p class='ocr_par' dir='ltr' id='par_1_18' title="bbox 273 1691 1851 1768">
     <span class='ocr_line' id='line_1_18' title="bbox 273 1691 1851 1768; baseline -0.006 -14"><span class='ocrx_word' id='word_1_126' title='bbox 273 1698 675 1768; x_wconf 82' lang='lat' dir='ltr'><strong>insitum,un</strong></span> <span class='ocrx_word' id='word_1_127' title='bbox 706 1705 882 1768; x_wconf 88' lang='lat' dir='ltr'><strong>potest</strong></span> <span class='ocrx_word' id='word_1_128' title='bbox 905 1695 1114 1750; x_wconf 80' lang='lat' dir='ltr'><strong>salvare</strong></span> <span class='ocrx_word' id='word_1_129' title='bbox 1134 1695 1343 1749; x_wconf 88' lang='lat' dir='ltr'><strong>animas</strong></span> <span class='ocrx_word' id='word_1_130' title='bbox 1358 1704 1567 1749; x_wconf 86' lang='lat' dir='ltr'><strong>vestras</strong></span> <span class='ocrx_word' id='word_1_131' title='bbox 1588 1691 1799 1765; x_wconf 61' lang='lat' dir='ltr'><strong>(Ibid).</strong></span> <span class='ocrx_word' id='word_1_132' title='bbox 1832 1712 1851 1744; x_wconf 73' lang='grc' dir='ltr'><strong>ι</strong></span> 
     </span>
    </p>
   </div>
   <div class='ocr_carea' id='block_1_19' title="bbox 275 1769 1936 1856">
    <p class='ocr_par' dir='ltr' id='par_1_19' title="bbox 275 1769 1936 1856">
     <span class='ocr_line' id='line_1_19' title="bbox 275 1769 1936 1856; baseline -0.005 -11"><span class='ocrx_word' id='word_1_133' title='bbox 275 1790 343 1845; x_wconf 84' lang='grc' dir='ltr'><strong>Ει</strong></span> <span class='ocrx_word' id='word_1_134' title='bbox 370 1808 401 1845; x_wconf 87' lang='lat' dir='ltr'><strong>e</strong></span> <span class='ocrx_word' id='word_1_135' title='bbox 426 1789 698 1845; x_wconf 87' lang='lat' dir='ltr'><strong>contrario</strong></span> <span class='ocrx_word' id='word_1_136' title='bbox 723 1788 865 1842; x_wconf 86' lang='lat' dir='ltr'><strong>inter</strong></span> <span class='ocrx_word' id='word_1_137' title='bbox 889 1787 1150 1856; x_wconf 89' lang='lat' dir='ltr'><strong>superbos</strong></span> <span class='ocrx_word' id='word_1_138' title='bbox 1177 1801 1390 1855; x_wconf 81' lang='lat' dir='ltr'><strong>semper</strong></span> <span class='ocrx_word' id='word_1_139' title='bbox 1423 1785 1602 1855; x_wconf 81' lang='lat' dir='ltr'><strong>jurgia</strong></span> <span class='ocrx_word' id='word_1_140' title='bbox 1637 1795 1784 1847; x_wconf 89' lang='lat' dir='ltr'><strong>sunt,</strong></span> <span class='ocrx_word' id='word_1_141' title='bbox 1806 1793 1859 1837; x_wconf 91' lang='lat' dir='ltr'><strong>et</strong></span> <span class='ocrx_word' id='word_1_142' title='bbox 1888 1769 1936 1828; x_wconf 76' lang='grc' dir='ltr'><strong>¹Β</strong></span> 
     </span>
    </p>
   </div>
   <div class='ocr_carea' id='block_1_20' title="bbox 270 1874 1859 1948">
    <p class='ocr_par' dir='ltr' id='par_1_20' title="bbox 270 1874 1859 1948">
     <span class='ocr_line' id='line_1_20' title="bbox 270 1874 1859 1948; baseline -0.005 -13"><span class='ocrx_word' id='word_1_143' title='bbox 270 1878 522 1935; x_wconf 87' lang='lat' dir='ltr'><strong>homines</strong></span> <span class='ocrx_word' id='word_1_144' title='bbox 549 1877 861 1948; x_wconf 87' lang='lat' dir='ltr'><strong>pestilentes</strong></span> <span class='ocrx_word' id='word_1_145' title='bbox 886 1876 1149 1945; x_wconf 88' lang='lat' dir='ltr'><strong>dissipant</strong></span> <span class='ocrx_word' id='word_1_146' title='bbox 1192 1875 1485 1930; x_wconf 89' lang='lat' dir='ltr'><strong>civitatem.</strong></span> <span class='ocrx_word' id='word_1_147' title='bbox 1538 1874 1660 1929; x_wconf 86' lang='lat' dir='ltr'><strong>ldeo</strong></span> <span class='ocrx_word' id='word_1_148' title='bbox 1700 1883 1753 1928; x_wconf 89' lang='lat' dir='ltr'><strong>et</strong></span> <span class='ocrx_word' id='word_1_149' title='bbox 1804 1874 1859 1928; x_wconf 91' lang='lat' dir='ltr'><strong>in</strong></span> 
     </span>
    </p>
   </div>
   <div class='ocr_carea' id='block_1_21' title="bbox 272 1968 1857 2038">
    <p class='ocr_par' dir='ltr' id='par_1_21' title="bbox 272 1968 1857 2038">
     <span class='ocr_line' id='line_1_21' title="bbox 272 1968 1857 2038; baseline -0.003 -13"><span class='ocrx_word' id='word_1_150' title='bbox 272 1970 583 2026; x_wconf 85' lang='lat' dir='ltr'><strong>Proverbiis</strong></span> <span class='ocrx_word' id='word_1_151' title='bbox 629 1969 755 2025; x_wconf 88' lang='lat' dir='ltr'><strong>alibi</strong></span> <span class='ocrx_word' id='word_1_152' title='bbox 802 1970 1063 2038; x_wconf 90' lang='lat' dir='ltr'><strong>scriptum</strong></span> <span class='ocrx_word' id='word_1_153' title='bbox 1104 1976 1231 2024; x_wconf 75' lang='lat' dir='ltr'><strong>est:</strong></span> <span class='ocrx_word' id='word_1_154' title='bbox 1272 1987 1291 2020; x_wconf 70' lang='grc' dir='ltr'><strong>ι</strong></span> <span class='ocrx_word' id='word_1_155' title='bbox 1339 1968 1533 2024; x_wconf 80' lang='lat' dir='ltr'><strong>Vidisti</strong></span> <span class='ocrx_word' id='word_1_156' title='bbox 1581 1968 1857 2022; x_wconf 79' lang='lat' dir='ltr'><strong>hominem</strong></span> 
     </span>
    </p>
   </div>
   <div class='ocr_carea' id='block_1_22' title="bbox 272 2057 1861 2130">
    <p class='ocr_par' dir='ltr' id='par_1_22' title="bbox 272 2057 1861 2130">
     <span class='ocr_line' id='line_1_22' title="bbox 272 2057 1861 2130; baseline -0.002 -14"><span class='ocrx_word' id='word_1_157' title='bbox 272 2060 512 2116; x_wconf 79' lang='lat' dir='ltr'><strong>velocem</strong></span> <span class='ocrx_word' id='word_1_158' title='bbox 540 2059 607 2113; x_wconf 90' lang='lat' dir='ltr'><strong>ad</strong></span> <span class='ocrx_word' id='word_1_159' title='bbox 629 2058 989 2130; x_wconf 84' lang='lat' dir='ltr'><strong>loquendum?</strong></span> <span class='ocrx_word' id='word_1_160' title='bbox 1024 2057 1265 2113; x_wconf 86' lang='lat' dir='ltr'><strong>Stultitia</strong></span> <span class='ocrx_word' id='word_1_161' title='bbox 1297 2059 1562 2128; x_wconf 87' lang='lat' dir='ltr'><strong>speranda</strong></span> <span class='ocrx_word' id='word_1_162' title='bbox 1584 2069 1666 2113; x_wconf 90' lang='lat' dir='ltr'><strong>est</strong></span> <span class='ocrx_word' id='word_1_163' title='bbox 1687 2060 1861 2130; x_wconf 85' lang='lat' dir='ltr'><strong>magis</strong></span> 
     </span>
    </p>
   </div>
   <div class='ocr_carea' id='block_1_23' title="bbox 272 2146 1861 2222">
    <p class='ocr_par' dir='ltr' id='par_1_23' title="bbox 272 2146 1861 2222">
     <span class='ocr_line' id='line_1_23' title="bbox 272 2146 1861 2222; baseline -0.004 -14"><span class='ocrx_word' id='word_1_164' title='bbox 272 2167 441 2222; x_wconf 89' lang='lat' dir='ltr'><strong>quam</strong></span> <span class='ocrx_word' id='word_1_165' title='bbox 462 2150 605 2205; x_wconf 86' lang='lat' dir='ltr'><strong>illius</strong></span> <span class='ocrx_word' id='word_1_166' title='bbox 635 2149 906 2205; x_wconf 83' lang='lat' dir='ltr'><strong>correctio</strong></span> <span class='ocrx_word' id='word_1_167' title='bbox 952 2146 1136 2221; x_wconf 77' lang='lat' dir='ltr'><strong>(Prov.</strong></span> <span class='ocrx_word' id='word_1_168' title='bbox 1188 2154 1359 2220; x_wconf 68' lang='lat' dir='ltr'><strong>xxxx).</strong></span> <span class='ocrx_word' id='word_1_169' title='bbox 1408 2167 1428 2201; x_wconf 76' lang='grc' dir='ltr'><strong>ι</strong></span> <span class='ocrx_word' id='word_1_170' title='bbox 1480 2148 1637 2204; x_wconf 84' lang='lat' dir='ltr'><strong>Unde</strong></span> <span class='ocrx_word' id='word_1_171' title='bbox 1681 2149 1861 2203; x_wconf 83' lang='lat' dir='ltr'><strong>adhuc</strong></span> 
     </span>
    </p>
   </div>
   <div class='ocr_carea' id='block_1_24' title="bbox 273 2241 827 2314">
    <p class='ocr_par' dir='ltr' id='par_1_24' title="bbox 273 2241 827 2314">
     <span class='ocr_line' id='line_1_24' title="bbox 273 2241 827 2314; baseline -0.013 -12"><span class='ocrx_word' id='word_1_172' title='bbox 273 2244 569 2314; x_wconf 74' lang='lat' dir='ltr'><strong>subiungit,</strong></span> <span class='ocrx_word' id='word_1_173' title='bbox 596 2241 783 2297; x_wconf 87' lang='lat' dir='ltr'><strong>dicens</strong></span> <span class='ocrx_word' id='word_1_174' title='bbox 812 2257 827 2293; x_wconf 88' lang='lat'><strong>:</strong></span> 
     </span>
    </p>
   </div>
   <div class='ocr_carea' id='block_1_25' title="bbox 352 2330 1855 2402">
    <p class='ocr_par' dir='ltr' id='par_1_25' title="bbox 352 2330 1855 2402">
     <span class='ocr_line' id='line_1_25' title="bbox 352 2330 1855 2402; baseline -0.004 -13"><span class='ocrx_word' id='word_1_175' title='bbox 352 2355 373 2389; x_wconf 75' lang='grc' dir='ltr'><strong>ι</strong></span> <span class='ocrx_word' id='word_1_176' title='bbox 417 2335 476 2391; x_wconf 89' lang='lat' dir='ltr'><strong>Si</strong></span> <span class='ocrx_word' id='word_1_177' title='bbox 507 2342 591 2390; x_wconf 80' lang='lat' dir='ltr'><strong>est</strong></span> <span class='ocrx_word' id='word_1_178' title='bbox 634 2334 729 2390; x_wconf 90' lang='lat' dir='ltr'><strong>tibi</strong></span> <span class='ocrx_word' id='word_1_179' title='bbox 772 2332 1098 2399; x_wconf 86' lang='lat' dir='ltr'><strong>intellectus,</strong></span> <span class='ocrx_word' id='word_1_180' title='bbox 1129 2331 1396 2402; x_wconf 83' lang='lat' dir='ltr'><strong>responde</strong></span> <span class='ocrx_word' id='word_1_181' title='bbox 1440 2332 1721 2402; x_wconf 78' lang='lat' dir='ltr'><strong>proximo;</strong></span> <span class='ocrx_word' id='word_1_182' title='bbox 1775 2330 1855 2384; x_wconf 90' lang='lat' dir='ltr'><strong>siu</strong></span> 
     </span>
    </p>
   </div>
   <div class='ocr_carea' id='block_1_26' title="bbox 281 2422 1862 2497">
    <p class='ocr_par' dir='ltr' id='par_1_26' title="bbox 281 2422 1862 2497">
     <span class='ocr_line' id='line_1_26' title="bbox 281 2422 1862 2497; baseline -0.002 -15"><span class='ocrx_word' id='word_1_183' title='bbox 281 2450 302 2482; x_wconf 72' lang='grc' dir='ltr'><strong>ε</strong></span> <span class='ocrx_word' id='word_1_184' title='bbox 342 2438 522 2485; x_wconf 83' lang='lat' dir='ltr'><strong>autem</strong></span> <span class='ocrx_word' id='word_1_185' title='bbox 550 2429 622 2483; x_wconf 85' lang='lat' dir='ltr'><strong>sit</strong></span> <span class='ocrx_word' id='word_1_186' title='bbox 645 2442 837 2482; x_wconf 68' lang='lat' dir='ltr'><strong>atauus</strong></span> <span class='ocrx_word' id='word_1_187' title='bbox 866 2435 954 2483; x_wconf 87' lang='lat' dir='ltr'><strong>tua</strong></span> <span class='ocrx_word' id='word_1_188' title='bbox 980 2440 1144 2497; x_wconf 83' lang='lat' dir='ltr'><strong>super</strong></span> <span class='ocrx_word' id='word_1_189' title='bbox 1171 2440 1234 2480; x_wconf 89' lang='lat' dir='ltr'><strong>os</strong></span> <span class='ocrx_word' id='word_1_190' title='bbox 1256 2433 1427 2490; x_wconf 90' lang='lat' dir='ltr'><strong>tuum,</strong></span> <span class='ocrx_word' id='word_1_191' title='bbox 1452 2440 1519 2478; x_wconf 85' lang='lat' dir='ltr'><strong>ne</strong></span> <span class='ocrx_word' id='word_1_192' title='bbox 1548 2423 1780 2493; x_wconf 72' lang='lat' dir='ltr'><strong>capiaris</strong></span> <span class='ocrx_word' id='word_1_193' title='bbox 1807 2422 1862 2479; x_wconf 85' lang='lat' dir='ltr'><strong>in</strong></span> 
     </span>
    </p>
   </div>
   <div class='ocr_carea' id='block_1_27' title="bbox 284 2512 1862 2585">
    <p class='ocr_par' dir='ltr' id='par_1_27' title="bbox 284 2512 1862 2585">
     <span class='ocr_line' id='line_1_27' title="bbox 284 2512 1862 2585; baseline -0.002 -14"><span class='ocrx_word' id='word_1_194' title='bbox 284 2539 305 2571; x_wconf 77' lang='grc' dir='ltr'><strong>ι</strong></span> <span class='ocrx_word' id='word_1_195' title='bbox 340 2517 504 2573; x_wconf 86' lang='lat' dir='ltr'><strong>verbo</strong></span> <span class='ocrx_word' id='word_1_196' title='bbox 532 2516 932 2585; x_wconf 79' lang='lat' dir='ltr'><strong>indisciplinato</strong></span> <span class='ocrx_word' id='word_1_197' title='bbox 973 2523 1028 2570; x_wconf 91' lang='lat' dir='ltr'><strong>et</strong></span> <span class='ocrx_word' id='word_1_198' title='bbox 1076 2514 1441 2570; x_wconf 85' lang='lat' dir='ltr'><strong>confundaris.</strong></span> <span class='ocrx_word' id='word_1_199' title='bbox 1472 2534 1516 2565; x_wconf 50' lang='grc' dir='ltr'><strong>ν»</strong></span> <span class='ocrx_word' id='word_1_200' title='bbox 1568 2512 1722 2568; x_wconf 87' lang='lat' dir='ltr'><strong>Sicut</strong></span> <span class='ocrx_word' id='word_1_201' title='bbox 1773 2512 1862 2568; x_wconf 87' lang='lat' dir='ltr'><strong>ille</strong></span> 
     </span>
    </p>
   </div>
   <div class='ocr_carea' id='block_1_28' title="bbox 273 2604 1864 2682">
    <p class='ocr_par' dir='ltr' id='par_1_28' title="bbox 273 2604 1864 2682">
     <span class='ocr_line' id='line_1_28' title="bbox 273 2604 1864 2682; baseline -0.004 -16"><span class='ocrx_word' id='word_1_202' title='bbox 273 2619 486 2682; x_wconf 81' lang='lat' dir='ltr'><strong>peccat,</strong></span> <span class='ocrx_word' id='word_1_203' title='bbox 517 2609 609 2678; x_wconf 86' lang='lat' dir='ltr'><strong>qui</strong></span> <span class='ocrx_word' id='word_1_204' title='bbox 631 2608 798 2665; x_wconf 80' lang='lat' dir='ltr'><strong>habet</strong></span> <span class='ocrx_word' id='word_1_205' title='bbox 832 2607 1192 2662; x_wconf 87' lang='lat' dir='ltr'><strong>eruditionem</strong></span> <span class='ocrx_word' id='word_1_206' title='bbox 1219 2606 1504 2672; x_wconf 68' lang='lat' dir='ltr'><strong>doctrinae,</strong></span> <span class='ocrx_word' id='word_1_207' title='bbox 1530 2613 1585 2661; x_wconf 89' lang='lat' dir='ltr'><strong>et</strong></span> <span class='ocrx_word' id='word_1_208' title='bbox 1610 2620 1719 2661; x_wconf 91' lang='lat' dir='ltr'><strong>non</strong></span> <span class='ocrx_word' id='word_1_209' title='bbox 1749 2604 1864 2660; x_wconf 82' lang='lat' dir='ltr'><strong>vult</strong></span> 
     </span>
    </p>
   </div>
   <div class='ocr_carea' id='block_1_29' title="bbox 274 2697 1864 2773">
    <p class='ocr_par' dir='ltr' id='par_1_29' title="bbox 274 2697 1864 2773">
     <span class='ocr_line' id='line_1_29' title="bbox 274 2697 1864 2773; baseline -0.004 -17"><span class='ocrx_word' id='word_1_210' title='bbox 274 2702 527 2773; x_wconf 75' lang='lat' dir='ltr'><strong>proximo</strong></span> <span class='ocrx_word' id='word_1_211' title='bbox 555 2698 797 2755; x_wconf 88' lang='lat' dir='ltr'><strong>docendo</strong></span> <span class='ocrx_word' id='word_1_212' title='bbox 819 2698 1098 2769; x_wconf 84' lang='lat' dir='ltr'><strong>prodesse,</strong></span> <span class='ocrx_word' id='word_1_213' title='bbox 1129 2697 1205 2752; x_wconf 85' lang='lat' dir='ltr'><strong>ita</strong></span> <span class='ocrx_word' id='word_1_214' title='bbox 1244 2697 1333 2752; x_wconf 91' lang='lat' dir='ltr'><strong>ille</strong></span> <span class='ocrx_word' id='word_1_215' title='bbox 1361 2712 1469 2753; x_wconf 82' lang='lat' dir='ltr'><strong>non</strong></span> <span class='ocrx_word' id='word_1_216' title='bbox 1515 2697 1864 2752; x_wconf 83' lang='lat' dir='ltr'><strong>mediocriter</strong></span> 
     </span>
    </p>
   </div>
   <div class='ocr_carea' id='block_1_30' title="bbox 274 2790 1863 2862">
    <p class='ocr_par' dir='ltr' id='par_1_30' title="bbox 274 2790 1863 2862">
     <span class='ocr_line' id='line_1_30' title="bbox 274 2790 1863 2862; baseline -0.003 -13"><span class='ocrx_word' id='word_1_217' title='bbox 274 2792 561 2862; x_wconf 75' lang='lat' dir='ltr'><strong>delinquit,</strong></span> <span class='ocrx_word' id='word_1_218' title='bbox 583 2792 675 2861; x_wconf 88' lang='lat' dir='ltr'><strong>qui</strong></span> <span class='ocrx_word' id='word_1_219' title='bbox 713 2806 821 2847; x_wconf 87' lang='lat' dir='ltr'><strong>non</strong></span> <span class='ocrx_word' id='word_1_220' title='bbox 861 2791 1025 2847; x_wconf 83' lang='lat' dir='ltr'><strong>habet</strong></span> <span class='ocrx_word' id='word_1_221' title='bbox 1044 2790 1330 2846; x_wconf 84' lang='lat' dir='ltr'><strong>scientiam</strong></span> <span class='ocrx_word' id='word_1_222' title='bbox 1357 2790 1783 2862; x_wconf 87' lang='lat' dir='ltr'><strong>Scripturarum,</strong></span> <span class='ocrx_word' id='word_1_223' title='bbox 1806 2797 1863 2846; x_wconf 92' lang='lat' dir='ltr'><strong>et</strong></span> 
     </span>
    </p>
   </div>
   <div class='ocr_carea' id='block_1_31' title="bbox 277 2882 1863 2954">
    <p class='ocr_par' dir='ltr' id='par_1_31' title="bbox 277 2882 1863 2954">
     <span class='ocr_line' id='line_1_31' title="bbox 277 2882 1863 2954; baseline -0.004 -12"><span class='ocrx_word' id='word_1_224' title='bbox 277 2896 460 2943; x_wconf 82' lang='lat' dir='ltr'><strong>tamen</strong></span> <span class='ocrx_word' id='word_1_225' title='bbox 488 2884 600 2938; x_wconf 87' lang='lat' dir='ltr'><strong>vult</strong></span> <span class='ocrx_word' id='word_1_226' title='bbox 621 2884 878 2954; x_wconf 80' lang='lat' dir='ltr'><strong>magister</strong></span> <span class='ocrx_word' id='word_1_227' title='bbox 900 2898 1021 2939; x_wconf 86' lang='lat' dir='ltr'><strong>esse</strong></span> <span class='ocrx_word' id='word_1_228' title='bbox 1040 2882 1287 2938; x_wconf 89' lang='lat' dir='ltr'><strong>aliorum.</strong></span> <span class='ocrx_word' id='word_1_229' title='bbox 1319 2882 1681 2950; x_wconf 83' lang='lat' dir='ltr'><strong>Quamobrem</strong></span> <span class='ocrx_word' id='word_1_230' title='bbox 1709 2898 1863 2939; x_wconf 85' lang='lat' dir='ltr'><strong>man-</strong></span> 
     </span>
    </p>
   </div>
   <div class='ocr_carea' id='block_1_32' title="bbox 274 2974 1864 3046">
    <p class='ocr_par' dir='ltr' id='par_1_32' title="bbox 274 2974 1864 3046">
     <span class='ocr_line' id='line_1_32' title="bbox 274 2974 1864 3046; baseline -0.001 -14"><span class='ocrx_word' id='word_1_231' title='bbox 274 2978 371 3032; x_wconf 89' lang='lat' dir='ltr'><strong>dat</strong></span> <span class='ocrx_word' id='word_1_232' title='bbox 393 2976 490 3042; x_wconf 89' lang='lat' dir='ltr'><strong>illi,</strong></span> <span class='ocrx_word' id='word_1_233' title='bbox 523 2976 612 3045; x_wconf 91' lang='lat' dir='ltr'><strong>qui</strong></span> <span class='ocrx_word' id='word_1_234' title='bbox 644 2991 750 3031; x_wconf 92' lang='lat' dir='ltr'><strong>non</strong></span> <span class='ocrx_word' id='word_1_235' title='bbox 780 2975 975 3031; x_wconf 84' lang='lat' dir='ltr'><strong>sullicit</strong></span> <span class='ocrx_word' id='word_1_236' title='bbox 1000 2974 1139 3030; x_wconf 89' lang='lat' dir='ltr'><strong>alios</strong></span> <span class='ocrx_word' id='word_1_237' title='bbox 1178 2974 1393 3041; x_wconf 87' lang='lat' dir='ltr'><strong>docere,</strong></span> <span class='ocrx_word' id='word_1_238' title='bbox 1438 2975 1635 3046; x_wconf 72' lang='lat' dir='ltr'><strong>linguae</strong></span> <span class='ocrx_word' id='word_1_239' title='bbox 1682 2985 1864 3031; x_wconf 85' lang='lat' dir='ltr'><strong>custo-</strong></span> 
     </span>
    </p>
   </div>
   <div class='ocr_carea' id='block_1_33' title="bbox 274 3065 1860 3136">
    <p class='ocr_par' dir='ltr' id='par_1_33' title="bbox 274 3065 1860 3136">
     <span class='ocr_line' id='line_1_33' title="bbox 274 3065 1860 3136; baseline -0.001 -14"><span class='ocrx_word' id='word_1_240' title='bbox 274 3068 423 3123; x_wconf 85' lang='lat' dir='ltr'><strong>diam</strong></span> <span class='ocrx_word' id='word_1_241' title='bbox 447 3065 667 3130; x_wconf 83' lang='lat' dir='ltr'><strong>habere,</strong></span> <span class='ocrx_word' id='word_1_242' title='bbox 690 3075 749 3123; x_wconf 89' lang='lat' dir='ltr'><strong>et</strong></span> <span class='ocrx_word' id='word_1_243' title='bbox 778 3076 878 3121; x_wconf 81' lang='lat' dir='ltr'><strong>ore</strong></span> <span class='ocrx_word' id='word_1_244' title='bbox 921 3065 1141 3120; x_wconf 84' lang='lat' dir='ltr'><strong>verbum</strong></span> <span class='ocrx_word' id='word_1_245' title='bbox 1188 3065 1540 3121; x_wconf 83' lang='lat' dir='ltr'><strong>indiscretum</strong></span> <span class='ocrx_word' id='word_1_246' title='bbox 1584 3080 1692 3120; x_wconf 91' lang='lat' dir='ltr'><strong>non</strong></span> <span class='ocrx_word' id='word_1_247' title='bbox 1730 3079 1860 3136; x_wconf 80' lang='lat' dir='ltr'><strong>pro-</strong></span> 
     </span>
    </p>
   </div>
   <div class='ocr_carea' id='block_1_34' title="bbox 274 3157 1866 3230">
    <p class='ocr_par' dir='ltr' id='par_1_34' title="bbox 274 3157 1866 3230">
     <span class='ocr_line' id='line_1_34' title="bbox 274 3157 1866 3230; baseline 0 -16"><span class='ocrx_word' id='word_1_248' title='bbox 274 3159 442 3225; x_wconf 74' lang='lat' dir='ltr'><strong>ferre,</strong></span> <span class='ocrx_word' id='word_1_249' title='bbox 471 3159 598 3230; x_wconf 83' lang='lat' dir='ltr'><strong>quia</strong></span> <span class='ocrx_word' id='word_1_250' title='bbox 615 3159 669 3213; x_wconf 90' lang='lat' dir='ltr'><strong>in</strong></span> <span class='ocrx_word' id='word_1_251' title='bbox 692 3157 1061 3214; x_wconf 74' lang='lat' dir='ltr'><strong>confusionem</strong></span> <span class='ocrx_word' id='word_1_252' title='bbox 1081 3168 1399 3227; x_wconf 86' lang='lat' dir='ltr'><strong>perpetuam</strong></span> <span class='ocrx_word' id='word_1_253' title='bbox 1424 3158 1587 3226; x_wconf 82' lang='lat' dir='ltr'><strong>cadit,</strong></span> <span class='ocrx_word' id='word_1_254' title='bbox 1613 3158 1706 3229; x_wconf 86' lang='lat' dir='ltr'><strong>qui</strong></span> <span class='ocrx_word' id='word_1_255' title='bbox 1730 3172 1866 3230; x_wconf 35' lang='lat' dir='ltr'><strong>pra?</strong></span> 
     </span>
    </p>
   </div>
   <div class='ocr_carea' id='block_1_35' title="bbox 273 3249 1434 3320">
    <p class='ocr_par' dir='ltr' id='par_1_35' title="bbox 273 3249 1434 3320">
     <span class='ocr_line' id='line_1_35' title="bbox 273 3249 1434 3320; baseline -0.002 -15"><span class='ocrx_word' id='word_1_256' title='bbox 273 3266 473 3305; x_wconf 85' lang='lat' dir='ltr'><strong>cavere</strong></span> <span class='ocrx_word' id='word_1_257' title='bbox 499 3250 705 3305; x_wconf 84' lang='lat' dir='ltr'><strong>erroris</strong></span> <span class='ocrx_word' id='word_1_258' title='bbox 727 3249 978 3320; x_wconf 82' lang='lat' dir='ltr'><strong>laqueum</strong></span> <span class='ocrx_word' id='word_1_259' title='bbox 1010 3263 1117 3303; x_wconf 91' lang='lat' dir='ltr'><strong>non</strong></span> <span class='ocrx_word' id='word_1_260' title='bbox 1136 3249 1434 3304; x_wconf 84' lang='lat' dir='ltr'><strong>contendit.</strong></span> 
     </span>
    </p>
   </div>
   <div class='ocr_carea' id='block_1_36' title="bbox 352 3338 1866 3410">
    <p class='ocr_par' dir='ltr' id='par_1_36' title="bbox 352 3338 1866 3410">
     <span class='ocr_line' id='line_1_36' title="bbox 352 3338 1866 3410; baseline 0.002 -18"><span class='ocrx_word' id='word_1_261' title='bbox 352 3359 372 3392; x_wconf 75' lang='grc' dir='ltr'><strong>ι</strong></span> <span class='ocrx_word' id='word_1_262' title='bbox 406 3339 597 3396; x_wconf 82' lang='lat' dir='ltr'><strong>Honor</strong></span> <span class='ocrx_word' id='word_1_263' title='bbox 620 3341 765 3396; x_wconf 89' lang='lat' dir='ltr'><strong>enim</strong></span> <span class='ocrx_word' id='word_1_264' title='bbox 786 3347 845 3394; x_wconf 90' lang='lat' dir='ltr'><strong>et</strong></span> <span class='ocrx_word' id='word_1_265' title='bbox 866 3339 1037 3410; x_wconf 77' lang='lat' dir='ltr'><strong>gloria</strong></span> <span class='ocrx_word' id='word_1_266' title='bbox 1068 3339 1121 3393; x_wconf 91' lang='lat' dir='ltr'><strong>in</strong></span> <span class='ocrx_word' id='word_1_267' title='bbox 1148 3354 1399 3395; x_wconf 88' lang='lat' dir='ltr'><strong>sermone</strong></span> <span class='ocrx_word' id='word_1_268' title='bbox 1419 3339 1650 3405; x_wconf 89' lang='lat' dir='ltr'><strong>sensati;</strong></span> <span class='ocrx_word' id='word_1_269' title='bbox 1685 3338 1866 3410; x_wconf 91' lang='lat' dir='ltr'><strong>lingua</strong></span> 
     </span>
    </p>
   </div>
   <div class='ocr_carea' id='block_1_37' title="bbox 281 3429 1868 3501">
    <p class='ocr_par' dir='ltr' id='par_1_37' title="bbox 281 3429 1868 3501">
     <span class='ocr_line' id='line_1_37' title="bbox 281 3429 1868 3501; baseline 0.001 -17"><span class='ocrx_word' id='word_1_270' title='bbox 281 3452 303 3484; x_wconf 72' lang='grc' dir='ltr'><strong>ι</strong></span> <span class='ocrx_word' id='word_1_271' title='bbox 341 3447 474 3486; x_wconf 88' lang='lat' dir='ltr'><strong>vero</strong></span> <span class='ocrx_word' id='word_1_272' title='bbox 528 3429 886 3501; x_wconf 81' lang='lat' dir='ltr'><strong>imprudentis</strong></span> <span class='ocrx_word' id='word_1_273' title='bbox 933 3429 1215 3485; x_wconf 84' lang='lat' dir='ltr'><strong>subversio</strong></span> <span class='ocrx_word' id='word_1_274' title='bbox 1258 3437 1340 3485; x_wconf 91' lang='lat' dir='ltr'><strong>est</strong></span> <span class='ocrx_word' id='word_1_275' title='bbox 1386 3430 1576 3499; x_wconf 87' lang='lat' dir='ltr'><strong>ipsius.</strong></span> <span class='ocrx_word' id='word_1_276' title='bbox 1627 3450 1645 3483; x_wconf 74' lang='grc' dir='ltr'><strong>ι</strong></span> <span class='ocrx_word' id='word_1_277' title='bbox 1684 3430 1868 3485; x_wconf 82' lang='lat' dir='ltr'><strong>Honor</strong></span> 
     </span>
    </p>
   </div>
   <div class='ocr_carea' id='block_1_38' title="bbox 273 3521 1865 3594">
    <p class='ocr_par' dir='ltr' id='par_1_38' title="bbox 273 3521 1865 3594">
     <span class='ocr_line' id='line_1_38' title="bbox 273 3521 1865 3594; baseline -0.001 -16"><span class='ocrx_word' id='word_1_278' title='bbox 273 3523 533 3578; x_wconf 81' lang='lat' dir='ltr'><strong>videlicet</strong></span> <span class='ocrx_word' id='word_1_279' title='bbox 560 3521 1002 3589; x_wconf 75' lang='lat' dir='ltr'><strong>immortalitatis,</strong></span> <span class='ocrx_word' id='word_1_280' title='bbox 1029 3522 1087 3578; x_wconf 73' lang='lat' dir='ltr'><strong>e&#39;t</strong></span> <span class='ocrx_word' id='word_1_281' title='bbox 1109 3522 1280 3594; x_wconf 88' lang='lat' dir='ltr'><strong>gloria</strong></span> <span class='ocrx_word' id='word_1_282' title='bbox 1308 3531 1527 3577; x_wconf 62' lang='lat' dir='ltr'><strong>aeternae</strong></span> <span class='ocrx_word' id='word_1_283' title='bbox 1568 3522 1865 3578; x_wconf 88' lang='lat' dir='ltr'><strong>beatitudi-</strong></span> 
     </span>
    </p>
   </div>
   <div class='ocr_carea' id='block_1_39' title="bbox 274 3614 1866 3686">
    <p class='ocr_par' dir='ltr' id='par_1_39' title="bbox 274 3614 1866 3686">
     <span class='ocr_line' id='line_1_39' title="bbox 274 3614 1866 3686; baseline 0 -14"><span class='ocrx_word' id='word_1_284' title='bbox 274 3616 364 3672; x_wconf 85' lang='lat' dir='ltr'><strong>nis</strong></span> <span class='ocrx_word' id='word_1_285' title='bbox 388 3614 687 3670; x_wconf 87' lang='lat' dir='ltr'><strong>succedunt</strong></span> <span class='ocrx_word' id='word_1_286' title='bbox 712 3614 977 3684; x_wconf 86' lang='lat' dir='ltr'><strong>sapienti;</strong></span> <span class='ocrx_word' id='word_1_287' title='bbox 1022 3631 1143 3686; x_wconf 79' lang='lat' dir='ltr'><strong>quae</strong></span> <span class='ocrx_word' id='word_1_288' title='bbox 1187 3624 1531 3686; x_wconf 86' lang='lat' dir='ltr'><strong>promeretur</strong></span> <span class='ocrx_word' id='word_1_289' title='bbox 1565 3615 1866 3672; x_wconf 89' lang='lat' dir='ltr'><strong>catholicus</strong></span> 
     </span>
    </p>
   </div>
   <div class='ocr_carea' id='block_1_40' title="bbox 274 3705 1865 3772">
    <p class='ocr_par' dir='ltr' id='par_1_40' title="bbox 274 3705 1865 3772">
     <span class='ocr_line' id='line_1_40' title="bbox 274 3705 1865 3772; baseline 0.001 -11"><span class='ocrx_word' id='word_1_290' title='bbox 274 3706 467 3761; x_wconf 84' lang='lat' dir='ltr'><strong>doctor</strong></span> <span class='ocrx_word' id='word_1_291' title='bbox 501 3706 556 3761; x_wconf 92' lang='lat' dir='ltr'><strong>in</strong></span> <span class='ocrx_word' id='word_1_292' title='bbox 606 3705 769 3761; x_wconf 85' lang='lat' dir='ltr'><strong>verbo</strong></span> <span class='ocrx_word' id='word_1_293' title='bbox 814 3705 1112 3772; x_wconf 87' lang='lat' dir='ltr'><strong>discretus;</strong></span> <span class='ocrx_word' id='word_1_294' title='bbox 1167 3721 1268 3761; x_wconf 88' lang='lat' dir='ltr'><strong>nec</strong></span> <span class='ocrx_word' id='word_1_295' title='bbox 1320 3721 1426 3761; x_wconf 90' lang='lat' dir='ltr'><strong>non</strong></span> <span class='ocrx_word' id='word_1_296' title='bbox 1480 3716 1538 3761; x_wconf 93' lang='lat' dir='ltr'><strong>et</strong></span> <span class='ocrx_word' id='word_1_297' title='bbox 1583 3707 1865 3763; x_wconf 89' lang='lat' dir='ltr'><strong>subversio</strong></span> 
     </span>
    </p>
   </div>
   <div class='ocr_carea' id='block_1_41' title="bbox 272 3795 1865 3866">
    <p class='ocr_par' dir='ltr' id='par_1_41' title="bbox 272 3795 1865 3866">
     <span class='ocr_line' id='line_1_41' title="bbox 272 3795 1865 3866; baseline 0.001 -15"><span class='ocrx_word' id='word_1_298' title='bbox 272 3796 467 3851; x_wconf 67' lang='lat' dir='ltr'><strong>aeterni</strong></span> <span class='ocrx_word' id='word_1_299' title='bbox 504 3795 754 3851; x_wconf 85' lang='lat' dir='ltr'><strong>interitus</strong></span> <span class='ocrx_word' id='word_1_300' title='bbox 782 3805 1044 3866; x_wconf 85' lang='lat' dir='ltr'><strong>sequetur</strong></span> <span class='ocrx_word' id='word_1_301' title='bbox 1086 3796 1504 3866; x_wconf 88' lang='lat' dir='ltr'><strong>imprudentem,</strong></span> <span class='ocrx_word' id='word_1_302' title='bbox 1549 3812 1709 3865; x_wconf 78' lang='lat' dir='ltr'><strong>quem</strong></span> <span class='ocrx_word' id='word_1_303' title='bbox 1754 3809 1865 3853; x_wconf 86' lang='lat' dir='ltr'><strong>non</strong></span> 
     </span>
    </p>
   </div>
   <div class='ocr_carea' id='block_1_42' title="bbox 274 3883 1183 3955">
    <p class='ocr_par' dir='ltr' id='par_1_42' title="bbox 274 3883 1183 3955">
     <span class='ocr_line' id='line_1_42' title="bbox 274 3883 1183 3955; baseline -0.002 -13"><span class='ocrx_word' id='word_1_304' title='bbox 274 3883 497 3955; x_wconf 73' lang='lat' dir='ltr'><strong>effugiet</strong></span> <span class='ocrx_word' id='word_1_305' title='bbox 524 3884 816 3941; x_wconf 64' lang='lat' dir='ltr'><strong>haereticus</strong></span> <span class='ocrx_word' id='word_1_306' title='bbox 844 3885 1183 3955; x_wconf 79' lang='lat' dir='ltr'><strong>vaniloquus.</strong></span> 
     </span>
    </p>
   </div>
   <div class='ocr_carea' id='block_1_43' title="bbox 353 3975 1865 4050">
    <p class='ocr_par' dir='ltr' id='par_1_43' title="bbox 353 3975 1865 4050">
     <span class='ocr_line' id='line_1_43' title="bbox 353 3975 1865 4050; baseline 0.003 -21"><span class='ocrx_word' id='word_1_307' title='bbox 353 3994 374 4028; x_wconf 74' lang='grc' dir='ltr'><strong>ι</strong></span> <span class='ocrx_word' id='word_1_308' title='bbox 422 3975 541 4031; x_wconf 76' lang='lat' dir='ltr'><strong>Non</strong></span> <span class='ocrx_word' id='word_1_309' title='bbox 565 3975 854 4047; x_wconf 77' lang='lat' dir='ltr'><strong>appelleris</strong></span> <span class='ocrx_word' id='word_1_310' title='bbox 873 3992 1096 4032; x_wconf 80' lang='lat' dir='ltr'><strong>susum</strong></span> <span class='ocrx_word' id='word_1_311' title='bbox 1118 3977 1173 4031; x_wconf 91' lang='lat' dir='ltr'><strong>in</strong></span> <span class='ocrx_word' id='word_1_312' title='bbox 1207 3977 1317 4032; x_wconf 87' lang='lat' dir='ltr'><strong>vita</strong></span> <span class='ocrx_word' id='word_1_313' title='bbox 1345 3985 1455 4043; x_wconf 85' lang='lat' dir='ltr'><strong>tua,</strong></span> <span class='ocrx_word' id='word_1_314' title='bbox 1489 3986 1544 4033; x_wconf 91' lang='lat' dir='ltr'><strong>et</strong></span> <span class='ocrx_word' id='word_1_315' title='bbox 1569 3978 1750 4050; x_wconf 79' lang='lat' dir='ltr'><strong>lingua</strong></span> <span class='ocrx_word' id='word_1_316' title='bbox 1772 3986 1865 4033; x_wconf 90' lang='lat' dir='ltr'><strong>tua</strong></span> 
     </span>
    </p>
   </div>
   <div class='ocr_carea' id='block_1_44' title="bbox 279 4066 1866 4142">
    <p class='ocr_par' dir='ltr' id='par_1_44' title="bbox 279 4066 1866 4142">
     <span class='ocr_line' id='line_1_44' title="bbox 279 4066 1866 4142; baseline 0.003 -23"><span class='ocrx_word' id='word_1_317' title='bbox 279 4086 300 4119; x_wconf 78' lang='grc' dir='ltr'><strong>ι</strong></span> <span class='ocrx_word' id='word_1_318' title='bbox 338 4082 409 4123; x_wconf 90' lang='lat' dir='ltr'><strong>ne</strong></span> <span class='ocrx_word' id='word_1_319' title='bbox 435 4066 670 4137; x_wconf 82' lang='lat' dir='ltr'><strong>capiaris</strong></span> <span class='ocrx_word' id='word_1_320' title='bbox 714 4076 770 4122; x_wconf 89' lang='lat' dir='ltr'><strong>et</strong></span> <span class='ocrx_word' id='word_1_321' title='bbox 792 4067 1191 4125; x_wconf 59' lang='lat' dir='ltr'><strong>confundat-is.)</strong></span> <span class='ocrx_word' id='word_1_322' title='bbox 1223 4067 1583 4127; x_wconf 84' lang='lat' dir='ltr'><strong>Susurronem</strong></span> <span class='ocrx_word' id='word_1_323' title='bbox 1630 4070 1866 4142; x_wconf 84' lang='lat' dir='ltr'><strong>appellat</strong></span> 
     </span>
    </p>
   </div>
   <div class='ocr_carea' id='block_1_45' title="bbox 274 4156 1865 4229">
    <p class='ocr_par' dir='ltr' id='par_1_45' title="bbox 274 4156 1865 4229">
     <span class='ocr_line' id='line_1_45' title="bbox 274 4156 1865 4229; baseline 0.003 -16"><span class='ocrx_word' id='word_1_324' title='bbox 274 4157 665 4222; x_wconf 82' lang='lat' dir='ltr'><strong>detractorem,</strong></span> <span class='ocrx_word' id='word_1_325' title='bbox 686 4156 842 4226; x_wconf 72' lang='lat' dir='ltr'><strong>cuius</strong></span> <span class='ocrx_word' id='word_1_326' title='bbox 869 4157 1114 4214; x_wconf 75' lang='lat' dir='ltr'><strong>confusio</strong></span> <span class='ocrx_word' id='word_1_327' title='bbox 1142 4174 1267 4214; x_wconf 89' lang='lat' dir='ltr'><strong>vera</strong></span> <span class='ocrx_word' id='word_1_328' title='bbox 1293 4166 1395 4225; x_wconf 77' lang='lat' dir='ltr'><strong>est,</strong></span> <span class='ocrx_word' id='word_1_329' title='bbox 1421 4160 1548 4229; x_wconf 78' lang='lat' dir='ltr'><strong>quia</strong></span> <span class='ocrx_word' id='word_1_330' title='bbox 1589 4161 1865 4218; x_wconf 86' lang='lat' dir='ltr'><strong>damnatio</strong></span> 
     </span>
    </p>
   </div>
   <div class='ocr_carea' id='block_1_46' title="bbox 272 4244 1867 4320">
    <p class='ocr_par' dir='ltr' id='par_1_46' title="bbox 272 4244 1867 4320">
     <span class='ocr_line' id='line_1_46' title="bbox 272 4244 1867 4320; baseline 0.002 -17"><span class='ocrx_word' id='word_1_331' title='bbox 272 4254 449 4303; x_wconf 87' lang='lat' dir='ltr'><strong>certa.</strong></span> <span class='ocrx_word' id='word_1_332' title='bbox 469 4244 622 4302; x_wconf 84' lang='lat' dir='ltr'><strong>Unde</strong></span> <span class='ocrx_word' id='word_1_333' title='bbox 648 4246 704 4302; x_wconf 87' lang='lat' dir='ltr'><strong>in</strong></span> <span class='ocrx_word' id='word_1_334' title='bbox 728 4246 1053 4305; x_wconf 81' lang='lat' dir='ltr'><strong>Ecclesiaste</strong></span> <span class='ocrx_word' id='word_1_335' title='bbox 1078 4248 1340 4320; x_wconf 90' lang='lat' dir='ltr'><strong>scriptum</strong></span> <span class='ocrx_word' id='word_1_336' title='bbox 1359 4261 1474 4305; x_wconf 91' lang='lat' dir='ltr'><strong>est:</strong></span> <span class='ocrx_word' id='word_1_337' title='bbox 1498 4270 1517 4302; x_wconf 72' lang='grc' dir='ltr'><strong>ι</strong></span> <span class='ocrx_word' id='word_1_338' title='bbox 1538 4250 1695 4306; x_wconf 87' lang='lat' dir='ltr'><strong>Sicut</strong></span> <span class='ocrx_word' id='word_1_339' title='bbox 1723 4266 1867 4306; x_wconf 84' lang='lat' dir='ltr'><strong>mor-</strong></span> 
     </span>
    </p>
   </div>
   <div class='ocr_carea' id='block_1_47' title="bbox 274 4338 1863 4410">
    <p class='ocr_par' dir='ltr' id='par_1_47' title="bbox 274 4338 1863 4410">
     <span class='ocr_line' id='line_1_47' title="bbox 274 4338 1863 4410; baseline 0.003 -15"><span class='ocrx_word' id='word_1_340' title='bbox 274 4339 369 4395; x_wconf 86' lang='lat' dir='ltr'><strong>det</strong></span> <span class='ocrx_word' id='word_1_341' title='bbox 405 4352 633 4407; x_wconf 83' lang='lat' dir='ltr'><strong>serpeus</strong></span> <span class='ocrx_word' id='word_1_342' title='bbox 658 4338 714 4393; x_wconf 80' lang='lat' dir='ltr'><strong>in</strong></span> <span class='ocrx_word' id='word_1_343' title='bbox 746 4338 982 4404; x_wconf 65' lang='lat' dir='ltr'><strong>silentio,</strong></span> <span class='ocrx_word' id='word_1_344' title='bbox 1008 4339 1090 4395; x_wconf 88' lang='lat' dir='ltr'><strong>sic</strong></span> <span class='ocrx_word' id='word_1_345' title='bbox 1111 4341 1203 4410; x_wconf 89' lang='lat' dir='ltr'><strong>qui</strong></span> <span class='ocrx_word' id='word_1_346' title='bbox 1229 4342 1438 4398; x_wconf 91' lang='lat' dir='ltr'><strong>occulte</strong></span> <span class='ocrx_word' id='word_1_347' title='bbox 1453 4342 1688 4399; x_wconf 85' lang='lat' dir='ltr'><strong>detrahit</strong></span> <span class='ocrx_word' id='word_1_348' title='bbox 1709 4344 1863 4400; x_wconf 80' lang='lat' dir='ltr'><strong>fratri</strong></span> 
     </span>
    </p>
   </div>
   <div class='ocr_carea' id='block_1_48' title="bbox 272 4427 1106 4500">
    <p class='ocr_par' dir='ltr' id='par_1_48' title="bbox 272 4427 1106 4500">
     <span class='ocr_line' id='line_1_48' title="bbox 272 4427 1106 4500; baseline 0 -15"><span class='ocrx_word' id='word_1_349' title='bbox 272 4445 375 4485; x_wconf 83' lang='lat' dir='ltr'><strong>suo</strong></span> <span class='ocrx_word' id='word_1_350' title='bbox 400 4427 603 4500; x_wconf 72' lang='lat' dir='ltr'><strong>(Ereto.</strong></span> <span class='ocrx_word' id='word_1_351' title='bbox 634 4428 710 4500; x_wconf 69' lang='grc' dir='ltr'><strong>ς).</strong></span> <span class='ocrx_word' id='word_1_352' title='bbox 746 4449 768 4482; x_wconf 73' lang='grc' dir='ltr'><strong>ι</strong></span> <span class='ocrx_word' id='word_1_353' title='bbox 800 4429 871 4484; x_wconf 84' lang='lat' dir='ltr'><strong>Et</strong></span> <span class='ocrx_word' id='word_1_354' title='bbox 913 4429 1041 4485; x_wconf 82' lang='lat' dir='ltr'><strong>alibi</strong></span> <span class='ocrx_word' id='word_1_355' title='bbox 1090 4445 1106 4484; x_wconf 91' lang='lat'><strong>:</strong></span> 
     </span>
    </p>
   </div>
   <div class='ocr_carea' id='block_1_49' title="bbox 274 4519 1864 4597">
    <p class='ocr_par' dir='ltr' id='par_1_49' title="bbox 274 4519 1864 4597">
     <span class='ocr_line' id='line_1_49' title="bbox 274 4519 1864 4597; baseline 0.003 -21"><span class='ocrx_word' id='word_1_356' title='bbox 274 4520 441 4577; x_wconf 83' lang='lat' dir='ltr'><strong>alicui</strong></span> <span class='ocrx_word' id='word_1_357' title='bbox 479 4520 581 4585; x_wconf 88' lang='lat' dir='ltr'><strong>rei,</strong></span> <span class='ocrx_word' id='word_1_358' title='bbox 614 4520 669 4574; x_wconf 87' lang='lat' dir='ltr'><strong>in</strong></span> <span class='ocrx_word' id='word_1_359' title='bbox 697 4519 938 4575; x_wconf 76' lang='lat' dir='ltr'><strong>futurum</strong></span> <span class='ocrx_word' id='word_1_360' title='bbox 960 4536 1023 4576; x_wconf 88' lang='lat' dir='ltr'><strong>se</strong></span> <span class='ocrx_word' id='word_1_361' title='bbox 1051 4520 1254 4593; x_wconf 77' lang='lat' dir='ltr'><strong>obligat</strong></span> <span class='ocrx_word' id='word_1_362' title='bbox 1303 4520 1485 4595; x_wconf 77' lang='lat' dir='ltr'><strong>(Prov.</strong></span> <span class='ocrx_word' id='word_1_363' title='bbox 1519 4526 1662 4597; x_wconf 79' lang='lat' dir='ltr'><strong>xui).</strong></span> <span class='ocrx_word' id='word_1_364' title='bbox 1700 4545 1717 4578; x_wconf 76' lang='grc' dir='ltr'><strong>ι</strong></span> <span class='ocrx_word' id='word_1_365' title='bbox 1755 4525 1864 4580; x_wconf 81' lang='lat' dir='ltr'><strong>Ali-</strong></span> 
     </span>
    </p>
   </div>
   <div class='ocr_carea' id='block_1_50' title="bbox 275 4614 1862 4687">
    <p class='ocr_par' dir='ltr' id='par_1_50' title="bbox 275 4614 1862 4687">
     <span class='ocr_line' id='line_1_50' title="bbox 275 4614 1862 4687; baseline 0.001 -18"><span class='ocrx_word' id='word_1_366' title='bbox 275 4622 382 4679; x_wconf 88' lang='lat' dir='ltr'><strong>ter,</strong></span> <span class='ocrx_word' id='word_1_367' title='bbox 414 4628 705 4682; x_wconf 80' lang='lat' dir='ltr'><strong>possmnus</strong></span> <span class='ocrx_word' id='word_1_368' title='bbox 728 4614 784 4667; x_wconf 90' lang='lat' dir='ltr'><strong>in</strong></span> <span class='ocrx_word' id='word_1_369' title='bbox 805 4615 1193 4670; x_wconf 75' lang='lat' dir='ltr'><strong>susurmnibus</strong></span> <span class='ocrx_word' id='word_1_370' title='bbox 1220 4616 1501 4671; x_wconf 67' lang='lat' dir='ltr'><strong>hmreticos</strong></span> <span class='ocrx_word' id='word_1_371' title='bbox 1531 4616 1862 4687; x_wconf 79' lang='lat' dir='ltr'><strong>intelligere;</strong></span> 
     </span>
    </p>
   </div>
   <div class='ocr_carea' id='block_1_51' title="bbox 273 4704 1867 4780">
    <p class='ocr_par' dir='ltr' id='par_1_51' title="bbox 273 4704 1867 4780">
     <span class='ocr_line' id='line_1_51' title="bbox 273 4704 1867 4780; baseline 0.003 -21"><span class='ocrx_word' id='word_1_372' title='bbox 273 4706 367 4776; x_wconf 85' lang='lat' dir='ltr'><strong>qui</strong></span> <span class='ocrx_word' id='word_1_373' title='bbox 394 4704 610 4761; x_wconf 88' lang='lat' dir='ltr'><strong>occulte</strong></span> <span class='ocrx_word' id='word_1_374' title='bbox 633 4712 957 4765; x_wconf 82' lang='lat' dir='ltr'><strong>construunt</strong></span> <span class='ocrx_word' id='word_1_375' title='bbox 991 4706 1162 4780; x_wconf 68' lang='lat' dir='ltr'><strong>dolos,</strong></span> <span class='ocrx_word' id='word_1_376' title='bbox 1191 4715 1246 4761; x_wconf 87' lang='lat' dir='ltr'><strong>et</strong></span> <span class='ocrx_word' id='word_1_377' title='bbox 1270 4716 1481 4777; x_wconf 86' lang='lat' dir='ltr'><strong>ponunt</strong></span> <span class='ocrx_word' id='word_1_378' title='bbox 1522 4708 1748 4764; x_wconf 86' lang='lat' dir='ltr'><strong>insidias</strong></span> <span class='ocrx_word' id='word_1_379' title='bbox 1766 4750 1780 4774; x_wconf 91' lang='lat'><strong>,</strong></span> <span class='ocrx_word' id='word_1_380' title='bbox 1805 4716 1867 4764; x_wconf 90' lang='lat' dir='ltr'><strong>ut</strong></span> 
     </span>
    </p>
   </div>
   <div class='ocr_carea' id='block_1_52' title="bbox 272 4794 1865 4866">
    <p class='ocr_par' dir='ltr' id='par_1_52' title="bbox 272 4794 1865 4866">
     <span class='ocr_line' id='line_1_52' title="bbox 272 4794 1865 4866; baseline 0.001 -16"><span class='ocrx_word' id='word_1_381' title='bbox 272 4796 533 4850; x_wconf 88' lang='lat' dir='ltr'><strong>incautos</strong></span> <span class='ocrx_word' id='word_1_382' title='bbox 577 4807 821 4865; x_wconf 81' lang='lat' dir='ltr'><strong>quosque</strong></span> <span class='ocrx_word' id='word_1_383' title='bbox 868 4794 1157 4865; x_wconf 84' lang='lat' dir='ltr'><strong>decipiant.</strong></span> <span class='ocrx_word' id='word_1_384' title='bbox 1195 4795 1300 4851; x_wconf 88' lang='lat' dir='ltr'><strong>Sed</strong></span> <span class='ocrx_word' id='word_1_385' title='bbox 1356 4815 1376 4847; x_wconf 73' lang='grc' dir='ltr'><strong>ε</strong></span> <span class='ocrx_word' id='word_1_386' title='bbox 1441 4797 1532 4866; x_wconf 87' lang='lat' dir='ltr'><strong>qui</strong></span> <span class='ocrx_word' id='word_1_387' title='bbox 1586 4797 1722 4852; x_wconf 78' lang='lat' dir='ltr'><strong>fodit</strong></span> <span class='ocrx_word' id='word_1_388' title='bbox 1780 4796 1865 4852; x_wconf 81' lang='lat' dir='ltr'><strong>fo-</strong></span> 
     </span>
    </p>
   </div>
   <div class='ocr_carea' id='block_1_53' title="bbox 267 4886 1870 4962">
    <p class='ocr_par' dir='ltr' id='par_1_53' title="bbox 267 4886 1870 4962">
     <span class='ocr_line' id='line_1_53' title="bbox 267 4886 1870 4962; baseline 0.004 -22"><span class='ocrx_word' id='word_1_389' title='bbox 267 4902 459 4946; x_wconf 80' lang='lat' dir='ltr'><strong>veam,</strong></span> <span class='ocrx_word' id='word_1_390' title='bbox 491 4886 680 4941; x_wconf 82' lang='lat' dir='ltr'><strong>incidit</strong></span> <span class='ocrx_word' id='word_1_391' title='bbox 706 4887 761 4941; x_wconf 87' lang='lat' dir='ltr'><strong>in</strong></span> <span class='ocrx_word' id='word_1_392' title='bbox 785 4886 962 4953; x_wconf 84' lang='lat' dir='ltr'><strong>illam;</strong></span> <span class='ocrx_word' id='word_1_393' title='bbox 1012 4897 1069 4943; x_wconf 87' lang='lat' dir='ltr'><strong>et</strong></span> <span class='ocrx_word' id='word_1_394' title='bbox 1104 4889 1158 4943; x_wconf 90' lang='lat' dir='ltr'><strong>in</strong></span> <span class='ocrx_word' id='word_1_395' title='bbox 1191 4889 1402 4945; x_wconf 83' lang='lat' dir='ltr'><strong>insidiis</strong></span> <span class='ocrx_word' id='word_1_396' title='bbox 1436 4891 1551 4947; x_wconf 84' lang='lat' dir='ltr'><strong>suis</strong></span> <span class='ocrx_word' id='word_1_397' title='bbox 1588 4891 1870 4962; x_wconf 82' lang='lat' dir='ltr'><strong>capientur</strong></span> 
     </span>
    </p>
   </div>
   <div class='ocr_carea' id='block_1_54' title="bbox 268 4976 535 5046">
    <p class='ocr_par' dir='ltr' id='par_1_54' title="bbox 268 4976 535 5046">
     <span class='ocr_line' id='line_1_54' title="bbox 268 4976 535 5046; baseline -0.011 -15"><span class='ocrx_word' id='word_1_398' title='bbox 268 4976 478 5046; x_wconf 87' lang='lat' dir='ltr'><strong>iniqui.</strong></span> <span class='ocrx_word' id='word_1_399' title='bbox 514 4996 535 5029; x_wconf 74' lang='grc' dir='ltr'><strong>ι</strong></span> 
     </span>
    </p>
   </div>
   <div class='ocr_carea' id='block_1_55' title="bbox 355 5065 1863 5143">
    <p class='ocr_par' dir='ltr' id='par_1_55' title="bbox 355 5065 1863 5143">
     <span class='ocr_line' id='line_1_55' title="bbox 355 5065 1863 5143; baseline 0.005 -24"><span class='ocrx_word' id='word_1_400' title='bbox 355 5087 375 5119; x_wconf 78' lang='grc' dir='ltr'><strong>ι</strong></span> <span class='ocrx_word' id='word_1_401' title='bbox 422 5065 600 5137; x_wconf 89' lang='lat' dir='ltr'><strong>Super</strong></span> <span class='ocrx_word' id='word_1_402' title='bbox 624 5066 801 5124; x_wconf 77' lang='lat' dir='ltr'><strong>furem</strong></span> <span class='ocrx_word' id='word_1_403' title='bbox 829 5071 972 5126; x_wconf 88' lang='lat' dir='ltr'><strong>enim</strong></span> <span class='ocrx_word' id='word_1_404' title='bbox 1012 5080 1098 5128; x_wconf 88' lang='lat' dir='ltr'><strong>est</strong></span> <span class='ocrx_word' id='word_1_405' title='bbox 1131 5072 1395 5138; x_wconf 87' lang='lat' dir='ltr'><strong>confusio,</strong></span> <span class='ocrx_word' id='word_1_406' title='bbox 1422 5080 1478 5127; x_wconf 84' lang='lat' dir='ltr'><strong>et</strong></span> <span class='ocrx_word' id='word_1_407' title='bbox 1522 5073 1863 5143; x_wconf 63' lang='lat' dir='ltr'><strong>poenitentia,</strong></span> 
     </span>
    </p>
   </div>
   <div class='ocr_carea' id='block_1_56' title="bbox 273 5159 1870 5235">
    <p class='ocr_par' dir='ltr' id='par_1_56' title="bbox 273 5159 1870 5235">
     <span class='ocr_line' id='line_1_56' title="bbox 273 5159 1870 5235; baseline 0.004 -22"><span class='ocrx_word' id='word_1_408' title='bbox 273 5179 297 5212; x_wconf 69' lang='grc'><strong><em>4</em></strong></span> <span class='ocrx_word' id='word_1_409' title='bbox 338 5168 401 5214; x_wconf 87' lang='lat' dir='ltr'><strong>et</strong></span> <span class='ocrx_word' id='word_1_410' title='bbox 431 5159 709 5216; x_wconf 81' lang='lat' dir='ltr'><strong>denotatio</strong></span> <span class='ocrx_word' id='word_1_411' title='bbox 755 5163 988 5232; x_wconf 86' lang='lat' dir='ltr'><strong>pessima</strong></span> <span class='ocrx_word' id='word_1_412' title='bbox 1036 5178 1202 5235; x_wconf 89' lang='lat' dir='ltr'><strong>super</strong></span> <span class='ocrx_word' id='word_1_413' title='bbox 1254 5164 1564 5234; x_wconf 76' lang='lat' dir='ltr'><strong>bilinguem.</strong></span> <span class='ocrx_word' id='word_1_414' title='bbox 1623 5184 1642 5216; x_wconf 73' lang='grc' dir='ltr'><strong>ι</strong></span> <span class='ocrx_word' id='word_1_415' title='bbox 1698 5165 1870 5220; x_wconf 83' lang='lat' dir='ltr'><strong>Fures</strong></span> 
     </span>
    </p>
   </div>
   <div class='ocr_carea' id='block_1_57' title="bbox 258 5248 1868 5323">
    <p class='ocr_par' dir='ltr' id='par_1_57' title="bbox 258 5248 1868 5323">
     <span class='ocr_line' id='line_1_57' title="bbox 258 5248 1868 5323; baseline 0.003 -19"><span class='ocrx_word' id='word_1_416' title='bbox 258 5248 501 5304; x_wconf 74' lang='lat' dir='ltr'><strong>eosdem</strong></span> <span class='ocrx_word' id='word_1_417' title='bbox 523 5249 755 5319; x_wconf 76' lang='lat' dir='ltr'><strong>appellat</strong></span> <span class='ocrx_word' id='word_1_418' title='bbox 777 5252 1082 5318; x_wconf 51' lang='lat' dir='ltr'><strong>haereticos,</strong></span> <span class='ocrx_word' id='word_1_419' title='bbox 1105 5253 1197 5323; x_wconf 84' lang='lat' dir='ltr'><strong>qui</strong></span> <span class='ocrx_word' id='word_1_420' title='bbox 1221 5254 1287 5308; x_wconf 90' lang='lat' dir='ltr'><strong>ad</strong></span> <span class='ocrx_word' id='word_1_421' title='bbox 1306 5253 1443 5309; x_wconf 80' lang='lat' dir='ltr'><strong>luris</strong></span> <span class='ocrx_word' id='word_1_422' title='bbox 1464 5255 1868 5309; x_wconf 84' lang='lat' dir='ltr'><strong>similitudinem</strong></span> 
     </span>
    </p>
   </div>
   <div class='ocr_carea' id='block_1_58' title="bbox 259 5337 1866 5413">
    <p class='ocr_par' dir='ltr' id='par_1_58' title="bbox 259 5337 1866 5413">
     <span class='ocr_line' id='line_1_58' title="bbox 259 5337 1866 5413; baseline 0.002 -18"><span class='ocrx_word' id='word_1_423' title='bbox 259 5337 677 5395; x_wconf 72' lang='lat' dir='ltr'><strong>obscuritatem</strong></span> <span class='ocrx_word' id='word_1_424' title='bbox 707 5348 891 5396; x_wconf 80' lang='lat' dir='ltr'><strong>emant</strong></span> <span class='ocrx_word' id='word_1_425' title='bbox 919 5342 1284 5407; x_wconf 85' lang='lat' dir='ltr'><strong>tenebrarum,</strong></span> <span class='ocrx_word' id='word_1_426' title='bbox 1311 5349 1366 5398; x_wconf 89' lang='lat' dir='ltr'><strong>et</strong></span> <span class='ocrx_word' id='word_1_427' title='bbox 1393 5342 1622 5397; x_wconf 83' lang='lat' dir='ltr'><strong>latenter</strong></span> <span class='ocrx_word' id='word_1_428' title='bbox 1646 5343 1866 5413; x_wconf 81' lang='lat' dir='ltr'><strong>laqueos</strong></span> 
     </span>
    </p>
   </div>
   <div class='ocr_carea' id='block_1_59' title="bbox 256 5431 1867 5501">
    <p class='ocr_par' dir='ltr' id='par_1_59' title="bbox 256 5431 1867 5501">
     <span class='ocr_line' id='line_1_59' title="bbox 256 5431 1867 5501; baseline 0.001 -16"><span class='ocrx_word' id='word_1_429' title='bbox 256 5442 537 5485; x_wconf 81' lang='lat' dir='ltr'><strong>errorum</strong></span> <span class='ocrx_word' id='word_1_430' title='bbox 565 5436 791 5497; x_wconf 87' lang='lat' dir='ltr'><strong>ponunt,</strong></span> <span class='ocrx_word' id='word_1_431' title='bbox 816 5438 875 5485; x_wconf 92' lang='lat' dir='ltr'><strong>ut</strong></span> <span class='ocrx_word' id='word_1_432' title='bbox 909 5431 1079 5501; x_wconf 87' lang='lat' dir='ltr'><strong>spolia</strong></span> <span class='ocrx_word' id='word_1_433' title='bbox 1124 5432 1388 5487; x_wconf 81' lang='lat' dir='ltr'><strong>virtutum</strong></span> <span class='ocrx_word' id='word_1_434' title='bbox 1427 5447 1492 5486; x_wconf 88' lang='lat' dir='ltr'><strong>ac</strong></span> <span class='ocrx_word' id='word_1_435' title='bbox 1545 5442 1706 5487; x_wconf 63' lang='lat' dir='ltr'><strong>rectae</strong></span> <span class='ocrx_word' id='word_1_436' title='bbox 1740 5432 1867 5487; x_wconf 84' lang='lat' dir='ltr'><strong>ﬁdei</strong></span> 
     </span>
    </p>
   </div>
   <div class='ocr_carea' id='block_1_60' title="bbox 250 5516 1865 5590">
    <p class='ocr_par' dir='ltr' id='par_1_60' title="bbox 250 5516 1865 5590">
     <span class='ocr_line' id='line_1_60' title="bbox 250 5516 1865 5590; baseline 0.002 -18"><span class='ocrx_word' id='word_1_437' title='bbox 250 5518 350 5572; x_wconf 77' lang='lat' dir='ltr'><strong>ab</strong></span> <span class='ocrx_word' id='word_1_438' title='bbox 373 5516 588 5588; x_wconf 75' lang='lat' dir='ltr'><strong>ignavis</strong></span> <span class='ocrx_word' id='word_1_439' title='bbox 614 5525 670 5572; x_wconf 92' lang='lat' dir='ltr'><strong>et</strong></span> <span class='ocrx_word' id='word_1_440' title='bbox 693 5518 974 5576; x_wconf 84' lang='lat' dir='ltr'><strong>desidiosis</strong></span> <span class='ocrx_word' id='word_1_441' title='bbox 1003 5520 1269 5576; x_wconf 88' lang='lat' dir='ltr'><strong>auferant.</strong></span> <span class='ocrx_word' id='word_1_442' title='bbox 1295 5521 1431 5577; x_wconf 83' lang='lat' dir='ltr'><strong>Hinc</strong></span> <span class='ocrx_word' id='word_1_443' title='bbox 1450 5520 1562 5590; x_wconf 84' lang='lat' dir='ltr'><strong>ipsa</strong></span> <span class='ocrx_word' id='word_1_444' title='bbox 1582 5520 1784 5576; x_wconf 87' lang='lat' dir='ltr'><strong>veritas</strong></span> <span class='ocrx_word' id='word_1_445' title='bbox 1812 5521 1865 5575; x_wconf 90' lang='lat' dir='ltr'><strong>in</strong></span> 
     </span>
    </p>
   </div>
   <div class='ocr_carea' id='block_1_61' title="bbox 254 5607 1867 5679">
    <p class='ocr_par' dir='ltr' id='par_1_61' title="bbox 254 5607 1867 5679">
     <span class='ocr_line' id='line_1_61' title="bbox 254 5607 1867 5679; baseline 0.001 -14"><span class='ocrx_word' id='word_1_446' title='bbox 254 5607 582 5677; x_wconf 76' lang='lat' dir='ltr'><strong>Evangelia</strong></span> <span class='ocrx_word' id='word_1_447' title='bbox 614 5607 689 5661; x_wconf 87' lang='lat' dir='ltr'><strong>ait</strong></span> <span class='ocrx_word' id='word_1_448' title='bbox 723 5626 734 5661; x_wconf 91' lang='lat'><strong><em>:</em></strong></span> <span class='ocrx_word' id='word_1_449' title='bbox 775 5626 794 5659; x_wconf 87' lang='grc'><strong><em>‹</em></strong></span> <span class='ocrx_word' id='word_1_450' title='bbox 840 5607 1039 5665; x_wconf 84' lang='lat' dir='ltr'><strong>Omnes</strong></span> <span class='ocrx_word' id='word_1_451' title='bbox 1088 5618 1349 5679; x_wconf 76' lang='lat' dir='ltr'><strong>quotquot</strong></span> <span class='ocrx_word' id='word_1_452' title='bbox 1396 5620 1678 5677; x_wconf 88' lang='lat' dir='ltr'><strong>venerunt,</strong></span> <span class='ocrx_word' id='word_1_453' title='bbox 1717 5610 1867 5667; x_wconf 83' lang='lat' dir='ltr'><strong>fures</strong></span> 
     </span>
    </p>
   </div>
   <div class='ocr_carea' id='block_1_62' title="bbox 254 5697 1867 5766">
    <p class='ocr_par' dir='ltr' id='par_1_62' title="bbox 254 5697 1867 5766">
     <span class='ocr_line' id='line_1_62' title="bbox 254 5697 1867 5766; baseline 0 -10"><span class='ocrx_word' id='word_1_454' title='bbox 254 5707 411 5756; x_wconf 79' lang='lat' dir='ltr'><strong>sunt</strong></span> <span class='ocrx_word' id='word_1_455' title='bbox 440 5706 497 5752; x_wconf 88' lang='lat' dir='ltr'><strong>et</strong></span> <span class='ocrx_word' id='word_1_456' title='bbox 522 5697 780 5766; x_wconf 84' lang='lat' dir='ltr'><strong>latrones,</strong></span> <span class='ocrx_word' id='word_1_457' title='bbox 805 5708 858 5755; x_wconf 88' lang='lat' dir='ltr'><strong>et</strong></span> <span class='ocrx_word' id='word_1_458' title='bbox 882 5700 968 5755; x_wconf 90' lang='lat' dir='ltr'><strong>fur</strong></span> <span class='ocrx_word' id='word_1_459' title='bbox 1000 5719 1104 5756; x_wconf 88' lang='lat' dir='ltr'><strong>non</strong></span> <span class='ocrx_word' id='word_1_460' title='bbox 1138 5703 1281 5755; x_wconf 74' lang='lat' dir='ltr'><strong>venit</strong></span> <span class='ocrx_word' id='word_1_461' title='bbox 1332 5702 1432 5757; x_wconf 80' lang='lat' dir='ltr'><strong>nisi</strong></span> <span class='ocrx_word' id='word_1_462' title='bbox 1474 5711 1528 5754; x_wconf 85' lang='lat' dir='ltr'><strong>ut</strong></span> <span class='ocrx_word' id='word_1_463' title='bbox 1562 5700 1785 5764; x_wconf 64' lang='lat' dir='ltr'><strong>feretur,</strong></span> <span class='ocrx_word' id='word_1_464' title='bbox 1813 5710 1867 5756; x_wconf 87' lang='lat' dir='ltr'><strong>ct</strong></span> 
     </span>
    </p>
   </div>
   <div class='ocr_carea' id='block_1_63' title="bbox 1960 511 3553 585">
    <p class='ocr_par' dir='ltr' id='par_1_63' title="bbox 1960 511 3553 585">
     <span class='ocr_line' id='line_1_63' title="bbox 1960 511 3553 585; baseline 0.003 -17"><span class='ocrx_word' id='word_1_465' title='bbox 1960 513 2245 584; x_wconf 84' lang='lat' dir='ltr'><strong>bilingues,</strong></span> <span class='ocrx_word' id='word_1_466' title='bbox 2264 513 2395 582; x_wconf 85' lang='lat' dir='ltr'><strong>quia</strong></span> <span class='ocrx_word' id='word_1_467' title='bbox 2425 511 2617 567; x_wconf 83' lang='lat' dir='ltr'><strong>bifaria</strong></span> <span class='ocrx_word' id='word_1_468' title='bbox 2650 513 2963 583; x_wconf 90' lang='lat' dir='ltr'><strong>loquuntur,</strong></span> <span class='ocrx_word' id='word_1_469' title='bbox 3006 514 3109 567; x_wconf 91' lang='lat' dir='ltr'><strong>hoc</strong></span> <span class='ocrx_word' id='word_1_470' title='bbox 3149 522 3234 569; x_wconf 87' lang='lat' dir='ltr'><strong>est</strong></span> <span class='ocrx_word' id='word_1_471' title='bbox 3261 515 3553 585; x_wconf 85' lang='lat' dir='ltr'><strong>aliquando</strong></span> 
     </span>
    </p>
   </div>
   <div class='ocr_carea' id='block_1_64' title="bbox 1962 602 3553 677">
    <p class='ocr_par' dir='ltr' id='par_1_64' title="bbox 1962 602 3553 677">
     <span class='ocr_line' id='line_1_64' title="bbox 1962 602 3553 677; baseline 0.004 -19"><span class='ocrx_word' id='word_1_472' title='bbox 1962 620 2111 669; x_wconf 79' lang='lat' dir='ltr'><strong>vera,</strong></span> <span class='ocrx_word' id='word_1_473' title='bbox 2132 603 2419 672; x_wconf 82' lang='lat' dir='ltr'><strong>aliquando</strong></span> <span class='ocrx_word' id='word_1_474' title='bbox 2440 602 2598 668; x_wconf 85' lang='lat' dir='ltr'><strong>falsa,</strong></span> <span class='ocrx_word' id='word_1_475' title='bbox 2620 604 2713 659; x_wconf 88' lang='lat' dir='ltr'><strong>sed</strong></span> <span class='ocrx_word' id='word_1_476' title='bbox 2743 618 2932 658; x_wconf 88' lang='lat' dir='ltr'><strong>eorum</strong></span> <span class='ocrx_word' id='word_1_477' title='bbox 2960 604 3235 660; x_wconf 84' lang='lat' dir='ltr'><strong>denotatio</strong></span> <span class='ocrx_word' id='word_1_478' title='bbox 3290 614 3377 661; x_wconf 89' lang='lat' dir='ltr'><strong>est</strong></span> <span class='ocrx_word' id='word_1_479' title='bbox 3424 622 3553 677; x_wconf 80' lang='lat' dir='ltr'><strong>pes-</strong></span> 
     </span>
    </p>
   </div>
   <div class='ocr_carea' id='block_1_65' title="bbox 1960 693 2908 765">
    <p class='ocr_par' dir='ltr' id='par_1_65' title="bbox 1960 693 2908 765">
     <span class='ocr_line' id='line_1_65' title="bbox 1960 693 2908 765; baseline -0.003 -14"><span class='ocrx_word' id='word_1_480' title='bbox 1960 696 2117 760; x_wconf 85' lang='lat' dir='ltr'><strong>sima,</strong></span> <span class='ocrx_word' id='word_1_481' title='bbox 2134 694 2263 765; x_wconf 84' lang='lat' dir='ltr'><strong>quia</strong></span> <span class='ocrx_word' id='word_1_482' title='bbox 2284 693 2535 750; x_wconf 87' lang='lat' dir='ltr'><strong>confusio</strong></span> <span class='ocrx_word' id='word_1_483' title='bbox 2558 694 2908 764; x_wconf 87' lang='lat' dir='ltr'><strong>sempiterna.</strong></span> 
     </span>
    </p>
   </div>
   <div class='ocr_carea' id='block_1_66' title="bbox 2036 785 3555 850">
    <p class='ocr_par' dir='ltr' id='par_1_66' title="bbox 2036 785 3555 850">
     <span class='ocr_line' id='line_1_66' title="bbox 2036 785 3555 850; baseline 0.005 -13"><span class='ocrx_word' id='word_1_484' title='bbox 2036 807 2053 837; x_wconf 79' lang='lat' dir='ltr'>l</span> <span class='ocrx_word' id='word_1_485' title='bbox 2094 785 2438 842; x_wconf 85' lang='lat' dir='ltr'><strong>Susurratori</strong></span> <span class='ocrx_word' id='word_1_486' title='bbox 2461 794 2644 840; x_wconf 89' lang='lat' dir='ltr'><strong>autem</strong></span> <span class='ocrx_word' id='word_1_487' title='bbox 2669 787 2875 850; x_wconf 90' lang='lat' dir='ltr'><strong>odium,</strong></span> <span class='ocrx_word' id='word_1_488' title='bbox 2907 795 2962 841; x_wconf 90' lang='lat' dir='ltr'><strong>et</strong></span> <span class='ocrx_word' id='word_1_489' title='bbox 3000 787 3281 843; x_wconf 86' lang='lat' dir='ltr'><strong>inimicitia</strong></span> <span class='ocrx_word' id='word_1_490' title='bbox 3326 798 3381 842; x_wconf 88' lang='lat' dir='ltr'><strong>et</strong></span> <span class='ocrx_word' id='word_1_491' title='bbox 3417 804 3555 845; x_wconf 85' lang='lat' dir='ltr'><strong>con-</strong></span> 
     </span>
    </p>
   </div>
   <div class='ocr_carea' id='block_1_67' title="bbox 1967 874 3554 933">
    <p class='ocr_par' dir='ltr' id='par_1_67' title="bbox 1967 874 3554 933">
     <span class='ocr_line' id='line_1_67' title="bbox 1967 874 3554 933; baseline 0.004 -6"><span class='ocrx_word' id='word_1_492' title='bbox 1967 895 1986 927; x_wconf 77' lang='grc' dir='ltr'><strong>ι</strong></span> <span class='ocrx_word' id='word_1_493' title='bbox 2020 875 2265 930; x_wconf 83' lang='lat' dir='ltr'><strong>tumelia.</strong></span> <span class='ocrx_word' id='word_1_494' title='bbox 2306 895 2324 928; x_wconf 74' lang='grc' dir='ltr'><strong>ι</strong></span> <span class='ocrx_word' id='word_1_495' title='bbox 2363 874 2530 930; x_wconf 80' lang='lat' dir='ltr'><strong>Recte</strong></span> <span class='ocrx_word' id='word_1_496' title='bbox 2559 875 2842 930; x_wconf 83' lang='lat' dir='ltr'><strong>inimicitia</strong></span> <span class='ocrx_word' id='word_1_497' title='bbox 2870 884 2925 931; x_wconf 91' lang='lat' dir='ltr'><strong>et</strong></span> <span class='ocrx_word' id='word_1_498' title='bbox 2946 876 3129 931; x_wconf 88' lang='lat' dir='ltr'><strong>odium</strong></span> <span class='ocrx_word' id='word_1_499' title='bbox 3151 884 3206 931; x_wconf 89' lang='lat' dir='ltr'><strong>et</strong></span> <span class='ocrx_word' id='word_1_500' title='bbox 3226 878 3554 933; x_wconf 86' lang='lat' dir='ltr'><strong>contumelia</strong></span> 
     </span>
    </p>
   </div>
   <div class='ocr_carea' id='block_1_68' title="bbox 1961 964 3555 1036">
    <p class='ocr_par' dir='ltr' id='par_1_68' title="bbox 1961 964 3555 1036">
     <span class='ocr_line' id='line_1_68' title="bbox 1961 964 3555 1036; baseline 0.001 -14"><span class='ocrx_word' id='word_1_501' title='bbox 1961 966 2393 1023; x_wconf 81' lang='lat' dir='ltr'><strong>susurratoribus</strong></span> <span class='ocrx_word' id='word_1_502' title='bbox 2420 964 2807 1036; x_wconf 87' lang='lat' dir='ltr'><strong>adjunguntur,</strong></span> <span class='ocrx_word' id='word_1_503' title='bbox 2851 968 2978 1036; x_wconf 88' lang='lat' dir='ltr'><strong>quia</strong></span> <span class='ocrx_word' id='word_1_504' title='bbox 3027 967 3177 1022; x_wconf 84' lang='lat' dir='ltr'><strong>fraus</strong></span> <span class='ocrx_word' id='word_1_505' title='bbox 3223 968 3438 1023; x_wconf 86' lang='lat' dir='ltr'><strong>illorum</strong></span> <span class='ocrx_word' id='word_1_506' title='bbox 3488 984 3555 1023; x_wconf 89' lang='lat' dir='ltr'><strong>ac</strong></span> 
     </span>
    </p>
   </div>
   <div class='ocr_carea' id='block_1_69' title="bbox 1961 1053 3552 1124">
    <p class='ocr_par' dir='ltr' id='par_1_69' title="bbox 1961 1053 3552 1124">
     <span class='ocr_line' id='line_1_69' title="bbox 1961 1053 3552 1124; baseline 0.002 -16"><span class='ocrx_word' id='word_1_507' title='bbox 1961 1053 2203 1124; x_wconf 89' lang='lat' dir='ltr'><strong>nequitia</strong></span> <span class='ocrx_word' id='word_1_508' title='bbox 2234 1053 2369 1109; x_wconf 84' lang='lat' dir='ltr'><strong>facit</strong></span> <span class='ocrx_word' id='word_1_509' title='bbox 2408 1053 2529 1108; x_wconf 88' lang='lat' dir='ltr'><strong>illos</strong></span> <span class='ocrx_word' id='word_1_510' title='bbox 2575 1054 2686 1108; x_wconf 85' lang='lat' dir='ltr'><strong>Deo</strong></span> <span class='ocrx_word' id='word_1_511' title='bbox 2730 1061 2787 1108; x_wconf 90' lang='lat' dir='ltr'><strong>et</strong></span> <span class='ocrx_word' id='word_1_512' title='bbox 2831 1054 3141 1109; x_wconf 88' lang='lat' dir='ltr'><strong>hominibus</strong></span> <span class='ocrx_word' id='word_1_513' title='bbox 3185 1055 3552 1113; x_wconf 77' lang='lat' dir='ltr'><strong>detestabiles.</strong></span> 
     </span>
    </p>
   </div>
   <div class='ocr_carea' id='block_1_70' title="bbox 1962 1143 3555 1213">
    <p class='ocr_par' dir='ltr' id='par_1_70' title="bbox 1962 1143 3555 1213">
     <span class='ocr_line' id='line_1_70' title="bbox 1962 1143 3555 1213; baseline 0.003 -14"><span class='ocrx_word' id='word_1_514' title='bbox 1962 1143 2115 1199; x_wconf 86' lang='lat' dir='ltr'><strong>Unde</strong></span> <span class='ocrx_word' id='word_1_515' title='bbox 2143 1159 2241 1213; x_wconf 88' lang='lat' dir='ltr'><strong>per</strong></span> <span class='ocrx_word' id='word_1_516' title='bbox 2268 1144 2496 1198; x_wconf 86' lang='lat' dir='ltr'><strong>Paulum</strong></span> <span class='ocrx_word' id='word_1_517' title='bbox 2520 1144 2722 1211; x_wconf 79' lang='lat' dir='ltr'><strong>dicitur</strong></span> <span class='ocrx_word' id='word_1_518' title='bbox 2751 1162 2764 1198; x_wconf 90' lang='lat'>:</span> <span class='ocrx_word' id='word_1_519' title='bbox 2802 1163 2821 1194; x_wconf 79' lang='grc' dir='ltr'><strong>ι</strong></span> <span class='ocrx_word' id='word_1_520' title='bbox 2854 1145 3193 1202; x_wconf 83' lang='lat' dir='ltr'><strong>Susurrones</strong></span> <span class='ocrx_word' id='word_1_521' title='bbox 3206 1155 3261 1207; x_wconf 87' lang='lat' dir='ltr'><strong>et</strong></span> <span class='ocrx_word' id='word_1_522' title='bbox 3285 1148 3555 1203; x_wconf 86' lang='lat' dir='ltr'><strong>detracto-</strong></span> 
     </span>
    </p>
   </div>
   <div class='ocr_carea' id='block_1_71' title="bbox 1962 1234 3553 1306">
    <p class='ocr_par' dir='ltr' id='par_1_71' title="bbox 1962 1234 3553 1306">
     <span class='ocr_line' id='line_1_71' title="bbox 1962 1234 3553 1306; baseline 0.003 -17"><span class='ocrx_word' id='word_1_523' title='bbox 1962 1251 2047 1290; x_wconf 88' lang='lat' dir='ltr'><strong>res</strong></span> <span class='ocrx_word' id='word_1_524' title='bbox 2074 1236 2186 1291; x_wconf 89' lang='lat' dir='ltr'><strong>Deo</strong></span> <span class='ocrx_word' id='word_1_525' title='bbox 2212 1235 2441 1291; x_wconf 86' lang='lat' dir='ltr'><strong>odibiles</strong></span> <span class='ocrx_word' id='word_1_526' title='bbox 2471 1234 2649 1306; x_wconf 78' lang='lat' dir='ltr'><strong>(Rom.</strong></span> <span class='ocrx_word' id='word_1_527' title='bbox 2681 1235 2718 1306; x_wconf 94' lang='grc' dir='ltr'><strong>ι)</strong></span> <span class='ocrx_word' id='word_1_528' title='bbox 2753 1254 2771 1287; x_wconf 75' lang='grc' dir='ltr'><strong>ιι</strong></span> <span class='ocrx_word' id='word_1_529' title='bbox 2805 1235 2869 1290; x_wconf 81' lang='lat' dir='ltr'><strong>Et</strong></span> <span class='ocrx_word' id='word_1_530' title='bbox 2896 1236 3179 1292; x_wconf 80' lang='lat' dir='ltr'><strong>Psalmista</strong></span> <span class='ocrx_word' id='word_1_531' title='bbox 3225 1257 3237 1291; x_wconf 88' lang='lat'><strong><em>:</em></strong></span> <span class='ocrx_word' id='word_1_532' title='bbox 3289 1258 3307 1290; x_wconf 76' lang='grc' dir='ltr'><strong>ι</strong></span> <span class='ocrx_word' id='word_1_533' title='bbox 3363 1240 3553 1293; x_wconf 81' lang='lat' dir='ltr'><strong>Detra-</strong></span> 
     </span>
    </p>
   </div>
   <div class='ocr_carea' id='block_1_72' title="bbox 1961 1326 3551 1397">
    <p class='ocr_par' dir='ltr' id='par_1_72' title="bbox 1961 1326 3551 1397">
     <span class='ocr_line' id='line_1_72' title="bbox 1961 1326 3551 1397; baseline 0.003 -16"><span class='ocrx_word' id='word_1_534' title='bbox 1961 1326 2198 1390; x_wconf 88' lang='lat' dir='ltr'><strong>bentem,</strong></span> <span class='ocrx_word' id='word_1_535' title='bbox 2226 1328 2421 1396; x_wconf 78' lang='lat' dir='ltr'><strong>inquit,</strong></span> <span class='ocrx_word' id='word_1_536' title='bbox 2453 1327 2714 1383; x_wconf 82' lang='lat' dir='ltr'><strong>adversus</strong></span> <span class='ocrx_word' id='word_1_537' title='bbox 2766 1328 3071 1397; x_wconf 74' lang='lat' dir='ltr'><strong>proximum</strong></span> <span class='ocrx_word' id='word_1_538' title='bbox 3118 1346 3276 1385; x_wconf 85' lang='lat' dir='ltr'><strong>suum</strong></span> <span class='ocrx_word' id='word_1_539' title='bbox 3318 1332 3551 1396; x_wconf 82' lang='lat' dir='ltr'><strong>occulte,</strong></span> 
     </span>
    </p>
   </div>
   <div class='ocr_carea' id='block_1_73' title="bbox 1961 1417 3551 1491">
    <p class='ocr_par' dir='ltr' id='par_1_73' title="bbox 1961 1417 3551 1491">
     <span class='ocr_line' id='line_1_73' title="bbox 1961 1417 3551 1491; baseline 0.004 -21"><span class='ocrx_word' id='word_1_540' title='bbox 1961 1417 2107 1471; x_wconf 91' lang='lat' dir='ltr'><strong>hunc</strong></span> <span class='ocrx_word' id='word_1_541' title='bbox 2142 1419 2515 1486; x_wconf 88' lang='lat' dir='ltr'><strong>persequebar</strong></span> <span class='ocrx_word' id='word_1_542' title='bbox 2549 1417 2722 1489; x_wconf 75' lang='lat' dir='ltr'><strong>(Prol.</strong></span> <span class='ocrx_word' id='word_1_543' title='bbox 2754 1418 2829 1489; x_wconf 86' lang='lat' dir='ltr'><strong>c).</strong></span> <span class='ocrx_word' id='word_1_544' title='bbox 2862 1440 2881 1470; x_wconf 77' lang='grc' dir='ltr'><strong>ι</strong></span> <span class='ocrx_word' id='word_1_545' title='bbox 2917 1419 2993 1475; x_wconf 90' lang='lat' dir='ltr'><strong>De</strong></span> <span class='ocrx_word' id='word_1_546' title='bbox 3022 1436 3130 1491; x_wconf 88' lang='lat' dir='ltr'><strong>quo</strong></span> <span class='ocrx_word' id='word_1_547' title='bbox 3150 1430 3206 1475; x_wconf 91' lang='lat' dir='ltr'><strong>et</strong></span> <span class='ocrx_word' id='word_1_548' title='bbox 3238 1421 3290 1475; x_wconf 90' lang='lat' dir='ltr'><strong>in</strong></span> <span class='ocrx_word' id='word_1_549' title='bbox 3315 1421 3551 1477; x_wconf 86' lang='lat' dir='ltr'><strong>Prover-</strong></span> 
     </span>
    </p>
   </div>
   <div class='ocr_carea' id='block_1_74' title="bbox 1958 1504 3557 1576">
    <p class='ocr_par' dir='ltr' id='par_1_74' title="bbox 1958 1504 3557 1576">
     <span class='ocr_line' id='line_1_74' title="bbox 1958 1504 3557 1576; baseline 0.006 -18"><span class='ocrx_word' id='word_1_550' title='bbox 1958 1504 2063 1559; x_wconf 90' lang='lat' dir='ltr'><strong>biis</strong></span> <span class='ocrx_word' id='word_1_551' title='bbox 2123 1504 2320 1576; x_wconf 85' lang='lat' dir='ltr'><strong>legitur</strong></span> <span class='ocrx_word' id='word_1_552' title='bbox 2382 1525 2393 1559; x_wconf 85' lang='grc'><em>;</em></span> <span class='ocrx_word' id='word_1_553' title='bbox 2457 1527 2474 1557; x_wconf 76' lang='grc' dir='ltr'><strong>ι</strong></span> <span class='ocrx_word' id='word_1_554' title='bbox 2543 1508 2887 1563; x_wconf 82' lang='lat' dir='ltr'><strong>Abominatio</strong></span> <span class='ocrx_word' id='word_1_555' title='bbox 2943 1509 3221 1565; x_wconf 88' lang='lat' dir='ltr'><strong>hominum</strong></span> <span class='ocrx_word' id='word_1_556' title='bbox 3279 1511 3557 1567; x_wconf 86' lang='lat' dir='ltr'><strong>detractor</strong></span> 
     </span>
    </p>
   </div>
   <div class='ocr_carea' id='block_1_75' title="bbox 1961 1595 3556 1677">
    <p class='ocr_par' dir='ltr' id='par_1_75' title="bbox 1961 1595 3556 1677">
     <span class='ocr_line' id='line_1_75' title="bbox 1961 1595 3556 1677; baseline 0.008 -28"><span class='ocrx_word' id='word_1_557' title='bbox 1961 1595 2146 1669; x_wconf 87' lang='lat' dir='ltr'><strong>(Prov.</strong></span> <span class='ocrx_word' id='word_1_558' title='bbox 2177 1599 2349 1671; x_wconf 70' lang='lat' dir='ltr'><strong>xxiv).</strong></span> <span class='ocrx_word' id='word_1_559' title='bbox 2384 1621 2401 1652; x_wconf 76' lang='grc' dir='ltr'><strong>ι</strong></span> <span class='ocrx_word' id='word_1_560' title='bbox 2436 1601 2504 1655; x_wconf 87' lang='grc' dir='ltr'><strong>Ει</strong></span> <span class='ocrx_word' id='word_1_561' title='bbox 2528 1602 2656 1657; x_wconf 88' lang='lat' dir='ltr'><strong>item</strong></span> <span class='ocrx_word' id='word_1_562' title='bbox 2693 1621 2706 1655; x_wconf 91' lang='lat'>:</span> <span class='ocrx_word' id='word_1_563' title='bbox 2743 1621 2763 1653; x_wconf 74' lang='grc' dir='ltr'><strong>ι</strong></span> <span class='ocrx_word' id='word_1_564' title='bbox 2799 1602 2855 1657; x_wconf 90' lang='lat' dir='ltr'><strong>ln</strong></span> <span class='ocrx_word' id='word_1_565' title='bbox 2876 1619 2972 1659; x_wconf 90' lang='lat' dir='ltr'><strong>ore</strong></span> <span class='ocrx_word' id='word_1_566' title='bbox 2999 1604 3148 1660; x_wconf 89' lang='lat' dir='ltr'><strong>stulti</strong></span> <span class='ocrx_word' id='word_1_567' title='bbox 3178 1606 3327 1677; x_wconf 79' lang='lat' dir='ltr'><strong>virga</strong></span> <span class='ocrx_word' id='word_1_568' title='bbox 3363 1617 3556 1661; x_wconf 84' lang='lat' dir='ltr'><strong>contu-</strong></span> 
     </span>
    </p>
   </div>
   <div class='ocr_carea' id='block_1_76' title="bbox 1960 1689 2561 1762">
    <p class='ocr_par' dir='ltr' id='par_1_76' title="bbox 1960 1689 2561 1762">
     <span class='ocr_line' id='line_1_76' title="bbox 1960 1689 2561 1762; baseline 0.002 -18"><span class='ocrx_word' id='word_1_569' title='bbox 1960 1689 2134 1745; x_wconf 75' lang='lat' dir='ltr'><strong>melia:</strong></span> <span class='ocrx_word' id='word_1_570' title='bbox 2160 1690 2324 1761; x_wconf 79' lang='lat' dir='ltr'><strong>(Ibid.</strong></span> <span class='ocrx_word' id='word_1_571' title='bbox 2366 1691 2501 1762; x_wconf 74' lang='lat' dir='ltr'><strong>XIV).</strong></span> <span class='ocrx_word' id='word_1_572' title='bbox 2542 1713 2561 1745; x_wconf 72' lang='grc' dir='ltr'><strong><em>ο</em></strong></span> 
     </span>
    </p>
   </div>
   <div class='ocr_carea' id='block_1_77' title="bbox 2043 1780 3553 1853">
    <p class='ocr_par' dir='ltr' id='par_1_77' title="bbox 2043 1780 3553 1853">
     <span class='ocr_line' id='line_1_77' title="bbox 2043 1780 3553 1853; baseline 0.007 -21"><span class='ocrx_word' id='word_1_573' title='bbox 2043 1801 2059 1832; x_wconf 80' lang='grc' dir='ltr'><strong>ι</strong></span> <span class='ocrx_word' id='word_1_574' title='bbox 2094 1780 2336 1836; x_wconf 88' lang='lat' dir='ltr'><strong>Justilica</strong></span> <span class='ocrx_word' id='word_1_575' title='bbox 2361 1784 2611 1852; x_wconf 89' lang='lat' dir='ltr'><strong>pusillum</strong></span> <span class='ocrx_word' id='word_1_576' title='bbox 2650 1794 2706 1838; x_wconf 90' lang='lat' dir='ltr'><strong>et</strong></span> <span class='ocrx_word' id='word_1_577' title='bbox 2730 1800 2983 1853; x_wconf 83' lang='lat' dir='ltr'><strong>magnum</strong></span> <span class='ocrx_word' id='word_1_578' title='bbox 3007 1787 3276 1841; x_wconf 84' lang='lat' dir='ltr'><strong>similiter.</strong></span> <span class='ocrx_word' id='word_1_579' title='bbox 3312 1809 3329 1837; x_wconf 76' lang='grc' dir='ltr'><strong>ι</strong></span> <span class='ocrx_word' id='word_1_580' title='bbox 3355 1787 3553 1842; x_wconf 80' lang='lat' dir='ltr'><strong>Judicii</strong></span> 
     </span>
    </p>
   </div>
   <div class='ocr_carea' id='block_1_78' title="bbox 1965 1873 3552 1949">
    <p class='ocr_par' dir='ltr' id='par_1_78' title="bbox 1965 1873 3552 1949">
     <span class='ocr_line' id='line_1_78' title="bbox 1965 1873 3552 1949; baseline 0.005 -21"><span class='ocrx_word' id='word_1_581' title='bbox 1965 1873 2124 1928; x_wconf 89' lang='lat' dir='ltr'><strong>docet</strong></span> <span class='ocrx_word' id='word_1_582' title='bbox 2151 1875 2460 1944; x_wconf 70' lang='lat' dir='ltr'><strong>(equitatem</strong></span> <span class='ocrx_word' id='word_1_583' title='bbox 2487 1891 2554 1930; x_wconf 90' lang='lat' dir='ltr'><strong>ne</strong></span> <span class='ocrx_word' id='word_1_584' title='bbox 2582 1877 2720 1931; x_wconf 84' lang='lat' dir='ltr'><strong>forte</strong></span> <span class='ocrx_word' id='word_1_585' title='bbox 2753 1894 3109 1947; x_wconf 88' lang='lat' dir='ltr'><strong>personarum</strong></span> <span class='ocrx_word' id='word_1_586' title='bbox 3144 1889 3399 1949; x_wconf 87' lang='lat' dir='ltr'><strong>acceptor</strong></span> <span class='ocrx_word' id='word_1_587' title='bbox 3431 1881 3552 1945; x_wconf 85' lang='lat' dir='ltr'><strong>fias,</strong></span> 
     </span>
    </p>
   </div>
   <div class='ocr_carea' id='block_1_79' title="bbox 1963 1970 3556 2039">
    <p class='ocr_par' dir='ltr' id='par_1_79' title="bbox 1963 1970 3556 2039">
     <span class='ocr_line' id='line_1_79' title="bbox 1963 1970 3556 2039; baseline 0.007 -17"><span class='ocrx_word' id='word_1_588' title='bbox 1963 1979 2017 2023; x_wconf 90' lang='lat' dir='ltr'><strong>et</strong></span> <span class='ocrx_word' id='word_1_589' title='bbox 2052 1985 2148 2038; x_wconf 88' lang='lat' dir='ltr'><strong>per</strong></span> <span class='ocrx_word' id='word_1_590' title='bbox 2171 1970 2351 2025; x_wconf 86' lang='lat' dir='ltr'><strong>odium</strong></span> <span class='ocrx_word' id='word_1_591' title='bbox 2379 1971 2606 2039; x_wconf 85' lang='lat' dir='ltr'><strong>alicujus</strong></span> <span class='ocrx_word' id='word_1_592' title='bbox 2636 1988 2727 2027; x_wconf 89' lang='lat' dir='ltr'><strong>seu</strong></span> <span class='ocrx_word' id='word_1_593' title='bbox 2752 1974 3117 2030; x_wconf 85' lang='lat' dir='ltr'><strong>adulationem</strong></span> <span class='ocrx_word' id='word_1_594' title='bbox 3139 1991 3172 2030; x_wconf 88' lang='lat' dir='ltr'><strong>a</strong></span> <span class='ocrx_word' id='word_1_595' title='bbox 3198 1977 3283 2031; x_wconf 92' lang='lat' dir='ltr'><strong>via</strong></span> <span class='ocrx_word' id='word_1_596' title='bbox 3310 1978 3556 2032; x_wconf 80' lang='lat' dir='ltr'><strong>veritatis</strong></span> 
     </span>
    </p>
   </div>
   <div class='ocr_carea' id='block_1_80' title="bbox 1963 2059 3557 2137">
    <p class='ocr_par' dir='ltr' id='par_1_80' title="bbox 1963 2059 3557 2137">
     <span class='ocr_line' id='line_1_80' title="bbox 1963 2059 3557 2137; baseline 0.005 -24"><span class='ocrx_word' id='word_1_597' title='bbox 1963 2059 2218 2114; x_wconf 88' lang='lat' dir='ltr'><strong>declines.</strong></span> <span class='ocrx_word' id='word_1_598' title='bbox 2258 2059 2407 2116; x_wconf 76' lang='lat' dir='ltr'><strong>Unde</strong></span> <span class='ocrx_word' id='word_1_599' title='bbox 2433 2061 2487 2115; x_wconf 93' lang='lat' dir='ltr'><strong>in</strong></span> <span class='ocrx_word' id='word_1_600' title='bbox 2516 2061 2632 2131; x_wconf 81' lang='lat' dir='ltr'><strong>lege</strong></span> <span class='ocrx_word' id='word_1_601' title='bbox 2655 2062 2917 2132; x_wconf 90' lang='lat' dir='ltr'><strong>scriptum</strong></span> <span class='ocrx_word' id='word_1_602' title='bbox 2946 2073 3031 2119; x_wconf 89' lang='lat' dir='ltr'><strong>est</strong></span> <span class='ocrx_word' id='word_1_603' title='bbox 3064 2082 3078 2118; x_wconf 85' lang='lat'><strong>:</strong></span> <span class='ocrx_word' id='word_1_604' title='bbox 3116 2083 3135 2115; x_wconf 75' lang='grc' dir='ltr'><strong>ι</strong></span> <span class='ocrx_word' id='word_1_605' title='bbox 3175 2064 3290 2120; x_wconf 74' lang='lat' dir='ltr'><strong>Non</strong></span> <span class='ocrx_word' id='word_1_606' title='bbox 3321 2067 3557 2137; x_wconf 89' lang='lat' dir='ltr'><strong>accipias</strong></span> 
     </span>
    </p>
   </div>
   <div class='ocr_carea' id='block_1_81' title="bbox 1960 2150 3558 2226">
    <p class='ocr_par' dir='ltr' id='par_1_81' title="bbox 1960 2150 3558 2226">
     <span class='ocr_line' id='line_1_81' title="bbox 1960 2150 3558 2226; baseline 0.004 -20"><span class='ocrx_word' id='word_1_607' title='bbox 1960 2167 2251 2222; x_wconf 87' lang='lat' dir='ltr'><strong>personam</strong></span> <span class='ocrx_word' id='word_1_608' title='bbox 2304 2152 2356 2206; x_wconf 92' lang='lat' dir='ltr'><strong>in</strong></span> <span class='ocrx_word' id='word_1_609' title='bbox 2385 2150 2607 2219; x_wconf 84' lang='lat' dir='ltr'><strong>judicio.</strong></span> <span class='ocrx_word' id='word_1_610' title='bbox 2637 2151 2791 2209; x_wconf 85' lang='lat' dir='ltr'><strong>Juste</strong></span> <span class='ocrx_word' id='word_1_611' title='bbox 2820 2154 2963 2224; x_wconf 87' lang='lat' dir='ltr'><strong>quod</strong></span> <span class='ocrx_word' id='word_1_612' title='bbox 2998 2153 3209 2223; x_wconf 77' lang='lat' dir='ltr'><strong>justum</strong></span> <span class='ocrx_word' id='word_1_613' title='bbox 3248 2166 3334 2211; x_wconf 90' lang='lat' dir='ltr'><strong>est</strong></span> <span class='ocrx_word' id='word_1_614' title='bbox 3377 2172 3558 2226; x_wconf 89' lang='lat' dir='ltr'><strong>perse-</strong></span> 
     </span>
    </p>
   </div>
   <div class='ocr_carea' id='block_1_82' title="bbox 1962 2243 3267 2319">
    <p class='ocr_par' dir='ltr' id='par_1_82' title="bbox 1962 2243 3267 2319">
     <span class='ocr_line' id='line_1_82' title="bbox 1962 2243 3267 2319; baseline 0.001 -22"><span class='ocrx_word' id='word_1_615' title='bbox 1962 2245 2150 2314; x_wconf 68' lang='lat' dir='ltr'><strong>quaris</strong></span> <span class='ocrx_word' id='word_1_616' title='bbox 2175 2243 2355 2315; x_wconf 77' lang='lat' dir='ltr'><strong>(Deut.</strong></span> <span class='ocrx_word' id='word_1_617' title='bbox 2385 2260 2401 2297; x_wconf 84' lang='grc' dir='ltr'><strong>ι</strong></span> <span class='ocrx_word' id='word_1_618' title='bbox 2426 2261 2440 2309; x_wconf 90' lang='grc'>;</span> <span class='ocrx_word' id='word_1_619' title='bbox 2467 2244 2635 2299; x_wconf 61' lang='lat' dir='ltr'><strong>Lavit.</strong></span> <span class='ocrx_word' id='word_1_620' title='bbox 2662 2262 2795 2311; x_wconf 69' lang='lat' dir='ltr'><strong>xxx;</strong></span> <span class='ocrx_word' id='word_1_621' title='bbox 2826 2246 3004 2300; x_wconf 70' lang='lat' dir='ltr'><strong>Exod.</strong></span> <span class='ocrx_word' id='word_1_622' title='bbox 3035 2247 3215 2319; x_wconf 76' lang='lat' dir='ltr'><strong>mn).</strong></span> <span class='ocrx_word' id='word_1_623' title='bbox 3248 2267 3267 2298; x_wconf 75' lang='grc' dir='ltr'><strong>ι</strong></span> 
     </span>
    </p>
   </div>
   <div class='ocr_carea' id='block_1_83' title="bbox 2032 2336 3552 2409">
    <p class='ocr_par' dir='ltr' id='par_1_83' title="bbox 2032 2336 3552 2409">
     <span class='ocr_line' id='line_1_83' title="bbox 2032 2336 3552 2409; baseline 0.001 -19"><span class='ocrx_word' id='word_1_624' title='bbox 2032 2336 2301 2408; x_wconf 63' lang='grc' dir='ltr'><strong>(ΟΑρ.νι.)</strong></span> <span class='ocrx_word' id='word_1_625' title='bbox 2330 2356 2346 2387; x_wconf 73' lang='grc' dir='ltr'><strong>ι</strong></span> <span class='ocrx_word' id='word_1_626' title='bbox 2379 2336 2497 2389; x_wconf 75' lang='lat' dir='ltr'><strong>Noli</strong></span> <span class='ocrx_word' id='word_1_627' title='bbox 2526 2336 2643 2391; x_wconf 84' lang='lat' dir='ltr'><strong>ﬁeri</strong></span> <span class='ocrx_word' id='word_1_628' title='bbox 2667 2352 2766 2407; x_wconf 93' lang='lat' dir='ltr'><strong>pro</strong></span> <span class='ocrx_word' id='word_1_629' title='bbox 2793 2339 2968 2394; x_wconf 86' lang='lat' dir='ltr'><strong>amico</strong></span> <span class='ocrx_word' id='word_1_630' title='bbox 2994 2338 3248 2394; x_wconf 87' lang='lat' dir='ltr'><strong>inimicus</strong></span> <span class='ocrx_word' id='word_1_631' title='bbox 3268 2339 3514 2409; x_wconf 83' lang='lat' dir='ltr'><strong>proximo</strong></span> <span class='ocrx_word' id='word_1_632' title='bbox 3539 2356 3552 2391; x_wconf 90' lang='lat'>:</span> 
     </span>
    </p>
   </div>
   <div class='ocr_carea' id='block_1_84' title="bbox 1969 2425 3556 2495">
    <p class='ocr_par' dir='ltr' id='par_1_84' title="bbox 1969 2425 3556 2495">
     <span class='ocr_line' id='line_1_84' title="bbox 1969 2425 3556 2495; baseline 0.004 -19"><span class='ocrx_word' id='word_1_633' title='bbox 1969 2444 1987 2476; x_wconf 76' lang='grc' dir='ltr'><strong>ι</strong></span> <span class='ocrx_word' id='word_1_634' title='bbox 2025 2425 2411 2495; x_wconf 86' lang='lat' dir='ltr'><strong>improperium</strong></span> <span class='ocrx_word' id='word_1_635' title='bbox 2433 2425 2579 2480; x_wconf 87' lang='lat' dir='ltr'><strong>enim</strong></span> <span class='ocrx_word' id='word_1_636' title='bbox 2602 2434 2659 2481; x_wconf 90' lang='lat' dir='ltr'><strong>et</strong></span> <span class='ocrx_word' id='word_1_637' title='bbox 2677 2427 3065 2482; x_wconf 84' lang='lat' dir='ltr'><strong>contumeliam</strong></span> <span class='ocrx_word' id='word_1_638' title='bbox 3107 2428 3282 2482; x_wconf 87' lang='lat' dir='ltr'><strong>malos</strong></span> <span class='ocrx_word' id='word_1_639' title='bbox 3326 2428 3556 2483; x_wconf 61' lang='lat' dir='ltr'><strong>hancdi-</strong></span> 
     </span>
    </p>
   </div>
   <div class='ocr_carea' id='block_1_85' title="bbox 1967 2516 3551 2590">
    <p class='ocr_par' dir='ltr' id='par_1_85' title="bbox 1967 2516 3551 2590">
     <span class='ocr_line' id='line_1_85' title="bbox 1967 2516 3551 2590; baseline 0.003 -23"><span class='ocrx_word' id='word_1_640' title='bbox 1967 2534 1986 2567; x_wconf 73' lang='grc' dir='ltr'>σ</span> <span class='ocrx_word' id='word_1_641' title='bbox 2025 2516 2179 2580; x_wconf 88' lang='lat' dir='ltr'><strong>tabit,</strong></span> <span class='ocrx_word' id='word_1_642' title='bbox 2216 2524 2273 2570; x_wconf 88' lang='lat' dir='ltr'><strong>et</strong></span> <span class='ocrx_word' id='word_1_643' title='bbox 2301 2516 2480 2571; x_wconf 90' lang='lat' dir='ltr'><strong>omnis</strong></span> <span class='ocrx_word' id='word_1_644' title='bbox 2528 2522 2784 2586; x_wconf 85' lang='lat' dir='ltr'><strong>peccator</strong></span> <span class='ocrx_word' id='word_1_645' title='bbox 2829 2518 3048 2574; x_wconf 83' lang='lat' dir='ltr'><strong>invidus</strong></span> <span class='ocrx_word' id='word_1_646' title='bbox 3096 2527 3157 2573; x_wconf 86' lang='lat' dir='ltr'><strong>et</strong></span> <span class='ocrx_word' id='word_1_647' title='bbox 3200 2518 3479 2590; x_wconf 78' lang='lat' dir='ltr'><strong>bilinguis.</strong></span> <span class='ocrx_word' id='word_1_648' title='bbox 3533 2542 3551 2571; x_wconf 77' lang='grc' dir='ltr'><strong>ι</strong></span> 
     </span>
    </p>
   </div>
   <div class='ocr_carea' id='block_1_86' title="bbox 1962 2605 3557 2678">
    <p class='ocr_par' dir='ltr' id='par_1_86' title="bbox 1962 2605 3557 2678">
     <span class='ocr_line' id='line_1_86' title="bbox 1962 2605 3557 2678; baseline 0.002 -18"><span class='ocrx_word' id='word_1_649' title='bbox 1962 2605 2076 2661; x_wconf 76' lang='lat' dir='ltr'><strong>Hac</strong></span> <span class='ocrx_word' id='word_1_650' title='bbox 2104 2606 2370 2661; x_wconf 84' lang='lat' dir='ltr'><strong>sententia</strong></span> <span class='ocrx_word' id='word_1_651' title='bbox 2392 2606 2636 2660; x_wconf 86' lang='lat' dir='ltr'><strong>ostendit</strong></span> <span class='ocrx_word' id='word_1_652' title='bbox 2656 2606 2813 2662; x_wconf 89' lang='lat' dir='ltr'><strong>nobis</strong></span> <span class='ocrx_word' id='word_1_653' title='bbox 2830 2607 2922 2678; x_wconf 88' lang='lat' dir='ltr'><strong>jus</strong></span> <span class='ocrx_word' id='word_1_654' title='bbox 2940 2623 3085 2663; x_wconf 76' lang='lat' dir='ltr'><strong>vera:</strong></span> <span class='ocrx_word' id='word_1_655' title='bbox 3104 2608 3407 2672; x_wconf 83' lang='lat' dir='ltr'><strong>charilatis,</strong></span> <span class='ocrx_word' id='word_1_656' title='bbox 3428 2609 3557 2678; x_wconf 88' lang='lat' dir='ltr'><strong>quia</strong></span> 
     </span>
    </p>
   </div>
   <div class='ocr_carea' id='block_1_87' title="bbox 1962 2694 3557 2767">
    <p class='ocr_par' dir='ltr' id='par_1_87' title="bbox 1962 2694 3557 2767">
     <span class='ocr_line' id='line_1_87' title="bbox 1962 2694 3557 2767; baseline 0.002 -18"><span class='ocrx_word' id='word_1_657' title='bbox 1962 2694 2052 2766; x_wconf 84' lang='lat' dir='ltr'><strong>qui</strong></span> <span class='ocrx_word' id='word_1_658' title='bbox 2096 2711 2224 2750; x_wconf 89' lang='lat' dir='ltr'><strong>vere</strong></span> <span class='ocrx_word' id='word_1_659' title='bbox 2268 2695 2477 2750; x_wconf 87' lang='lat' dir='ltr'><strong>amicus</strong></span> <span class='ocrx_word' id='word_1_660' title='bbox 2509 2701 2614 2761; x_wconf 80' lang='lat' dir='ltr'><strong>est,</strong></span> <span class='ocrx_word' id='word_1_661' title='bbox 2653 2710 2761 2751; x_wconf 90' lang='lat' dir='ltr'><strong>non</strong></span> <span class='ocrx_word' id='word_1_662' title='bbox 2789 2705 2967 2767; x_wconf 83' lang='lat' dir='ltr'><strong>potest</strong></span> <span class='ocrx_word' id='word_1_663' title='bbox 2999 2698 3068 2752; x_wconf 89' lang='lat' dir='ltr'><strong>ad</strong></span> <span class='ocrx_word' id='word_1_664' title='bbox 3096 2698 3434 2754; x_wconf 87' lang='lat' dir='ltr'><strong>inimicitiam</strong></span> <span class='ocrx_word' id='word_1_665' title='bbox 3469 2713 3557 2752; x_wconf 88' lang='lat' dir='ltr'><strong>re-</strong></span> 
     </span>
    </p>
   </div>
   <div class='ocr_carea' id='block_1_88' title="bbox 1959 2789 3557 2862">
    <p class='ocr_par' dir='ltr' id='par_1_88' title="bbox 1959 2789 3557 2862">
     <span class='ocr_line' id='line_1_88' title="bbox 1959 2789 3557 2862; baseline 0 -18"><span class='ocrx_word' id='word_1_666' title='bbox 1959 2789 2100 2844; x_wconf 82' lang='lat' dir='ltr'><strong>verti</strong></span> <span class='ocrx_word' id='word_1_667' title='bbox 2130 2806 2144 2843; x_wconf 90' lang='lat'><strong>:</strong></span> <span class='ocrx_word' id='word_1_668' title='bbox 2181 2807 2201 2840; x_wconf 73' lang='grc' dir='ltr'><strong>σ</strong></span> <span class='ocrx_word' id='word_1_669' title='bbox 2232 2789 2491 2858; x_wconf 86' lang='lat' dir='ltr'><strong>quoniam</strong></span> <span class='ocrx_word' id='word_1_670' title='bbox 2534 2789 2783 2845; x_wconf 83' lang='lat' dir='ltr'><strong>eharitas</strong></span> <span class='ocrx_word' id='word_1_671' title='bbox 2825 2805 2933 2845; x_wconf 87' lang='lat' dir='ltr'><strong>non</strong></span> <span class='ocrx_word' id='word_1_672' title='bbox 2967 2790 3079 2861; x_wconf 83' lang='lat' dir='ltr'><strong>agit</strong></span> <span class='ocrx_word' id='word_1_673' title='bbox 3116 2805 3426 2862; x_wconf 86' lang='lat' dir='ltr'><strong>perperam,</strong></span> <span class='ocrx_word' id='word_1_674' title='bbox 3450 2805 3557 2845; x_wconf 88' lang='lat' dir='ltr'><strong>non</strong></span> 
     </span>
    </p>
   </div>
   <div class='ocr_carea' id='block_1_89' title="bbox 1960 2879 3560 2951">
    <p class='ocr_par' dir='ltr' id='par_1_89' title="bbox 1960 2879 3560 2951">
     <span class='ocr_line' id='line_1_89' title="bbox 1960 2879 3560 2951; baseline 0.003 -18"><span class='ocrx_word' id='word_1_675' title='bbox 1960 2880 2163 2950; x_wconf 85' lang='lat' dir='ltr'><strong>cogitat</strong></span> <span class='ocrx_word' id='word_1_676' title='bbox 2206 2879 2406 2934; x_wconf 87' lang='lat' dir='ltr'><strong>malum</strong></span> <span class='ocrx_word' id='word_1_677' title='bbox 2427 2920 2443 2945; x_wconf 95' lang='lat'><strong>,</strong></span> <span class='ocrx_word' id='word_1_678' title='bbox 2468 2895 2577 2935; x_wconf 90' lang='lat' dir='ltr'><strong>non</strong></span> <span class='ocrx_word' id='word_1_679' title='bbox 2606 2880 2811 2951; x_wconf 80' lang='lat' dir='ltr'><strong>gaudet</strong></span> <span class='ocrx_word' id='word_1_680' title='bbox 2834 2896 3002 2951; x_wconf 83' lang='lat' dir='ltr'><strong>super</strong></span> <span class='ocrx_word' id='word_1_681' title='bbox 3028 2881 3396 2950; x_wconf 76' lang='lat' dir='ltr'><strong>iniquitatem,</strong></span> <span class='ocrx_word' id='word_1_682' title='bbox 3427 2898 3560 2937; x_wconf 88' lang='lat' dir='ltr'><strong>con-</strong></span> 
     </span>
    </p>
   </div>
   <div class='ocr_carea' id='block_1_90' title="bbox 1961 2969 3555 3042">
    <p class='ocr_par' dir='ltr' id='par_1_90' title="bbox 1961 2969 3555 3042">
     <span class='ocr_line' id='line_1_90' title="bbox 1961 2969 3555 3042; baseline -0.001 -17"><span class='ocrx_word' id='word_1_683' title='bbox 1961 2969 2161 3042; x_wconf 80' lang='lat' dir='ltr'><strong>gaudet</strong></span> <span class='ocrx_word' id='word_1_684' title='bbox 2179 2978 2359 3025; x_wconf 85' lang='lat' dir='ltr'><strong>autem</strong></span> <span class='ocrx_word' id='word_1_685' title='bbox 2383 2970 2622 3025; x_wconf 86' lang='lat' dir='ltr'><strong>veritati.</strong></span> <span class='ocrx_word' id='word_1_686' title='bbox 2648 2990 2666 3023; x_wconf 68' lang='grc' dir='ltr'><strong>ι</strong></span> <span class='ocrx_word' id='word_1_687' title='bbox 2701 2969 2854 3027; x_wconf 86' lang='lat' dir='ltr'><strong>Unde</strong></span> <span class='ocrx_word' id='word_1_688' title='bbox 2875 2972 2931 3026; x_wconf 87' lang='lat' dir='ltr'><strong>in</strong></span> <span class='ocrx_word' id='word_1_689' title='bbox 2950 2971 3303 3040; x_wconf 83' lang='lat' dir='ltr'><strong>sequentibus</strong></span> <span class='ocrx_word' id='word_1_690' title='bbox 3320 2971 3555 3027; x_wconf 81' lang='lat' dir='ltr'><strong>dicitur:</strong></span> 
     </span>
    </p>
   </div>
   <div class='ocr_carea' id='block_1_91' title="bbox 1972 3058 3556 3118">
    <p class='ocr_par' dir='ltr' id='par_1_91' title="bbox 1972 3058 3556 3118">
     <span class='ocr_line' id='line_1_91' title="bbox 1972 3058 3556 3118; baseline 0.003 -6"><span class='ocrx_word' id='word_1_691' title='bbox 1972 3078 1991 3112; x_wconf 68' lang='grc' dir='ltr'><strong>ι</strong></span> <span class='ocrx_word' id='word_1_692' title='bbox 2025 3059 2246 3115; x_wconf 79' lang='lat' dir='ltr'><strong>Amicus</strong></span> <span class='ocrx_word' id='word_1_693' title='bbox 2267 3058 2438 3115; x_wconf 74' lang='lat' dir='ltr'><strong>ﬁdelis</strong></span> <span class='ocrx_word' id='word_1_694' title='bbox 2464 3059 2920 3116; x_wconf 78' lang='lat' dir='ltr'><strong>medicamentum</strong></span> <span class='ocrx_word' id='word_1_695' title='bbox 2942 3061 3069 3117; x_wconf 72' lang='lat' dir='ltr'><strong>vita:</strong></span> <span class='ocrx_word' id='word_1_696' title='bbox 3092 3070 3148 3117; x_wconf 91' lang='lat' dir='ltr'><strong>et</strong></span> <span class='ocrx_word' id='word_1_697' title='bbox 3172 3063 3556 3118; x_wconf 81' lang='lat' dir='ltr'><strong>immortalita-</strong></span> 
     </span>
    </p>
   </div>
   <div class='ocr_carea' id='block_1_92' title="bbox 1967 3151 3561 3223">
    <p class='ocr_par' dir='ltr' id='par_1_92' title="bbox 1967 3151 3561 3223">
     <span class='ocr_line' id='line_1_92' title="bbox 1967 3151 3561 3223; baseline 0.001 -15"><span class='ocrx_word' id='word_1_698' title='bbox 1967 3152 2058 3208; x_wconf 85' lang='lat' dir='ltr'><strong>tis.</strong></span> <span class='ocrx_word' id='word_1_699' title='bbox 2099 3171 2119 3204; x_wconf 71' lang='grc' dir='ltr'><strong>ι</strong></span> <span class='ocrx_word' id='word_1_700' title='bbox 2148 3151 2218 3206; x_wconf 82' lang='lat' dir='ltr'><strong>At</strong></span> <span class='ocrx_word' id='word_1_701' title='bbox 2249 3159 2440 3206; x_wconf 88' lang='lat' dir='ltr'><strong>contra</strong></span> <span class='ocrx_word' id='word_1_702' title='bbox 2466 3152 2708 3209; x_wconf 70' lang='lat' dir='ltr'><strong>hmretici</strong></span> <span class='ocrx_word' id='word_1_703' title='bbox 2739 3154 2832 3223; x_wconf 87' lang='lat' dir='ltr'><strong>qui</strong></span> <span class='ocrx_word' id='word_1_704' title='bbox 2859 3153 2928 3210; x_wconf 84' lang='lat' dir='ltr'><strong>ab</strong></span> <span class='ocrx_word' id='word_1_705' title='bbox 2954 3153 3165 3209; x_wconf 87' lang='lat' dir='ltr'><strong>unitate</strong></span> <span class='ocrx_word' id='word_1_706' title='bbox 3199 3154 3324 3209; x_wconf 82' lang='lat' dir='ltr'><strong>fidei</strong></span> <span class='ocrx_word' id='word_1_707' title='bbox 3370 3163 3427 3209; x_wconf 91' lang='lat' dir='ltr'><strong>et</strong></span> <span class='ocrx_word' id='word_1_708' title='bbox 3470 3169 3561 3209; x_wconf 67' lang='grc' dir='ltr'><strong>δυο</strong></span> 
     </span>
    </p>
   </div>
   <div class='ocr_carea' id='block_1_93' title="bbox 1965 3241 3561 3314">
    <p class='ocr_par' dir='ltr' id='par_1_93' title="bbox 1965 3241 3561 3314">
     <span class='ocr_line' id='line_1_93' title="bbox 1965 3241 3561 3314; baseline -0.001 -16"><span class='ocrx_word' id='word_1_709' title='bbox 1965 3242 2160 3298; x_wconf 80' lang='lat' dir='ltr'><strong>cietate</strong></span> <span class='ocrx_word' id='word_1_710' title='bbox 2183 3241 2473 3297; x_wconf 76' lang='lat' dir='ltr'><strong>charitatis</strong></span> <span class='ocrx_word' id='word_1_711' title='bbox 2502 3242 2814 3307; x_wconf 70' lang='lat' dir='ltr'><strong>dissederat,</strong></span> <span class='ocrx_word' id='word_1_712' title='bbox 2840 3258 2948 3299; x_wconf 89' lang='lat' dir='ltr'><strong>non</strong></span> <span class='ocrx_word' id='word_1_713' title='bbox 2980 3252 3310 3314; x_wconf 79' lang='lat' dir='ltr'><strong>permanent</strong></span> <span class='ocrx_word' id='word_1_714' title='bbox 3339 3244 3392 3298; x_wconf 89' lang='lat' dir='ltr'><strong>in</strong></span> <span class='ocrx_word' id='word_1_715' title='bbox 3423 3245 3561 3300; x_wconf 77' lang='lat' dir='ltr'><strong>ami-</strong></span> 
     </span>
    </p>
   </div>
   <div class='ocr_carea' id='block_1_94' title="bbox 1964 3331 3556 3398">
    <p class='ocr_par' dir='ltr' id='par_1_94' title="bbox 1964 3331 3556 3398">
     <span class='ocr_line' id='line_1_94' title="bbox 1964 3331 3556 3398; baseline 0.001 -10"><span class='ocrx_word' id='word_1_716' title='bbox 1964 3331 2092 3389; x_wconf 87' lang='lat' dir='ltr'><strong>citia</strong></span> <span class='ocrx_word' id='word_1_717' title='bbox 2117 3346 2271 3398; x_wconf 87' lang='lat' dir='ltr'><strong>vera,</strong></span> <span class='ocrx_word' id='word_1_718' title='bbox 2294 3332 2390 3387; x_wconf 85' lang='lat' dir='ltr'><strong>sed</strong></span> <span class='ocrx_word' id='word_1_719' title='bbox 2420 3346 2488 3387; x_wconf 73' lang='lat' dir='ltr'><strong>ex</strong></span> <span class='ocrx_word' id='word_1_720' title='bbox 2515 3332 2709 3388; x_wconf 87' lang='lat' dir='ltr'><strong>amicis</strong></span> <span class='ocrx_word' id='word_1_721' title='bbox 2758 3332 2812 3388; x_wconf 90' lang='lat' dir='ltr'><strong>in</strong></span> <span class='ocrx_word' id='word_1_722' title='bbox 2857 3333 3105 3390; x_wconf 87' lang='lat' dir='ltr'><strong>inimicos</strong></span> <span class='ocrx_word' id='word_1_723' title='bbox 3145 3344 3556 3389; x_wconf 81' lang='lat' dir='ltr'><strong>convertuntur.</strong></span> 
     </span>
    </p>
   </div>
   <div class='ocr_carea' id='block_1_95' title="bbox 1969 3422 3561 3494">
    <p class='ocr_par' dir='ltr' id='par_1_95' title="bbox 1969 3422 3561 3494">
     <span class='ocr_line' id='line_1_95' title="bbox 1969 3422 3561 3494; baseline 0.001 -14"><span class='ocrx_word' id='word_1_724' title='bbox 1969 3424 2120 3481; x_wconf 88' lang='lat' dir='ltr'><strong>Unde</strong></span> <span class='ocrx_word' id='word_1_725' title='bbox 2142 3422 2382 3479; x_wconf 73' lang='lat' dir='ltr'><strong>Joannes</strong></span> <span class='ocrx_word' id='word_1_726' title='bbox 2410 3424 2478 3480; x_wconf 90' lang='lat' dir='ltr'><strong>de</strong></span> <span class='ocrx_word' id='word_1_727' title='bbox 2512 3424 2646 3494; x_wconf 85' lang='lat' dir='ltr'><strong>ipsis</strong></span> <span class='ocrx_word' id='word_1_728' title='bbox 2686 3426 2766 3480; x_wconf 87' lang='lat' dir='ltr'><strong>ait</strong></span> <span class='ocrx_word' id='word_1_729' title='bbox 2799 3444 2810 3479; x_wconf 88' lang='lat'><strong>:</strong></span> <span class='ocrx_word' id='word_1_730' title='bbox 2851 3445 2871 3476; x_wconf 76' lang='grc' dir='ltr'><strong>ι</strong></span> <span class='ocrx_word' id='word_1_731' title='bbox 2903 3427 2950 3480; x_wconf 83' lang='grc' dir='ltr'><strong>Δ</strong></span> <span class='ocrx_word' id='word_1_732' title='bbox 2978 3426 3137 3482; x_wconf 87' lang='lat' dir='ltr'><strong>nobis</strong></span> <span class='ocrx_word' id='word_1_733' title='bbox 3163 3429 3436 3493; x_wconf 77' lang='lat' dir='ltr'><strong>exierunt,</strong></span> <span class='ocrx_word' id='word_1_734' title='bbox 3464 3427 3561 3482; x_wconf 85' lang='lat' dir='ltr'><strong>sed</strong></span> 
     </span>
    </p>
   </div>
   <div class='ocr_carea' id='block_1_96' title="bbox 1964 3513 3562 3586">
    <p class='ocr_par' dir='ltr' id='par_1_96' title="bbox 1964 3513 3562 3586">
     <span class='ocr_line' id='line_1_96' title="bbox 1964 3513 3562 3586; baseline 0 -16"><span class='ocrx_word' id='word_1_735' title='bbox 1964 3529 2072 3570; x_wconf 92' lang='lat' dir='ltr'><strong>non</strong></span> <span class='ocrx_word' id='word_1_736' title='bbox 2097 3522 2256 3568; x_wconf 87' lang='lat' dir='ltr'><strong>erant</strong></span> <span class='ocrx_word' id='word_1_737' title='bbox 2283 3528 2350 3569; x_wconf 77' lang='lat' dir='ltr'><strong>ex</strong></span> <span class='ocrx_word' id='word_1_738' title='bbox 2383 3513 2571 3569; x_wconf 80' lang='lat' dir='ltr'><strong>nobis°</strong></span> <span class='ocrx_word' id='word_1_739' title='bbox 2623 3530 2751 3569; x_wconf 84' lang='lat' dir='ltr'><strong>nam</strong></span> <span class='ocrx_word' id='word_1_740' title='bbox 2798 3515 2846 3569; x_wconf 88' lang='lat' dir='ltr'><strong>si</strong></span> <span class='ocrx_word' id='word_1_741' title='bbox 2873 3514 3106 3570; x_wconf 81' lang='lat' dir='ltr'><strong>fuissent</strong></span> <span class='ocrx_word' id='word_1_742' title='bbox 3133 3531 3203 3571; x_wconf 78' lang='lat' dir='ltr'><strong>ex</strong></span> <span class='ocrx_word' id='word_1_743' title='bbox 3232 3517 3417 3581; x_wconf 84' lang='lat' dir='ltr'><strong>nobis,</strong></span> <span class='ocrx_word' id='word_1_744' title='bbox 3438 3531 3562 3586; x_wconf 84' lang='lat' dir='ltr'><strong>per-</strong></span> 
     </span>
    </p>
   </div>
   <div class='ocr_carea' id='block_1_97' title="bbox 1965 3602 3559 3679">
    <p class='ocr_par' dir='ltr' id='par_1_97' title="bbox 1965 3602 3559 3679">
     <span class='ocr_line' id='line_1_97' title="bbox 1965 3602 3559 3679; baseline 0 -18"><span class='ocrx_word' id='word_1_745' title='bbox 1965 3602 2293 3661; x_wconf 72' lang='lat' dir='ltr'><strong>mulsissent</strong></span> <span class='ocrx_word' id='word_1_746' title='bbox 2312 3603 2499 3672; x_wconf 88' lang='lat' dir='ltr'><strong>utique</strong></span> <span class='ocrx_word' id='word_1_747' title='bbox 2521 3603 2806 3661; x_wconf 84' lang='lat' dir='ltr'><strong>nobiscum</strong></span> <span class='ocrx_word' id='word_1_748' title='bbox 2823 3603 2873 3676; x_wconf 83' lang='grc' dir='ltr'><strong>(ι</strong></span> <span class='ocrx_word' id='word_1_749' title='bbox 2898 3604 3059 3659; x_wconf 83' lang='lat' dir='ltr'><strong>Joan.</strong></span> <span class='ocrx_word' id='word_1_750' title='bbox 3080 3605 3198 3679; x_wconf 79' lang='grc' dir='ltr'><strong>ιι).›</strong></span> <span class='ocrx_word' id='word_1_751' title='bbox 3222 3606 3330 3663; x_wconf 89' lang='lat' dir='ltr'><strong>Sed</strong></span> <span class='ocrx_word' id='word_1_752' title='bbox 3356 3616 3416 3661; x_wconf 92' lang='lat' dir='ltr'><strong>ut</strong></span> <span class='ocrx_word' id='word_1_753' title='bbox 3447 3623 3559 3661; x_wconf 81' lang='lat' dir='ltr'><strong>ma-</strong></span> 
     </span>
    </p>
   </div>
   <div class='ocr_carea' id='block_1_98' title="bbox 1964 3693 3560 3765">
    <p class='ocr_par' dir='ltr' id='par_1_98' title="bbox 1964 3693 3560 3765">
     <span class='ocr_line' id='line_1_98' title="bbox 1964 3693 3560 3765; baseline 0.001 -15"><span class='ocrx_word' id='word_1_754' title='bbox 1964 3693 2147 3751; x_wconf 89' lang='lat' dir='ltr'><strong>nifesti</strong></span> <span class='ocrx_word' id='word_1_755' title='bbox 2175 3695 2304 3761; x_wconf 91' lang='lat' dir='ltr'><strong>sint,</strong></span> <span class='ocrx_word' id='word_1_756' title='bbox 2334 3696 2592 3765; x_wconf 83' lang='lat' dir='ltr'><strong>quoniam</strong></span> <span class='ocrx_word' id='word_1_757' title='bbox 2620 3712 2730 3753; x_wconf 91' lang='lat' dir='ltr'><strong>non</strong></span> <span class='ocrx_word' id='word_1_758' title='bbox 2754 3705 2883 3751; x_wconf 87' lang='lat' dir='ltr'><strong>sunt</strong></span> <span class='ocrx_word' id='word_1_759' title='bbox 2924 3712 3120 3753; x_wconf 88' lang='lat' dir='ltr'><strong>omnes</strong></span> <span class='ocrx_word' id='word_1_760' title='bbox 3144 3713 3214 3753; x_wconf 77' lang='lat' dir='ltr'><strong>ex</strong></span> <span class='ocrx_word' id='word_1_761' title='bbox 3246 3699 3433 3763; x_wconf 84' lang='lat' dir='ltr'><strong>nobis,</strong></span> <span class='ocrx_word' id='word_1_762' title='bbox 3469 3698 3560 3752; x_wconf 77' lang='lat' dir='ltr'><strong>isti</strong></span> 
     </span>
    </p>
   </div>
   <div class='ocr_carea' id='block_1_99' title="bbox 1964 3783 3560 3857">
    <p class='ocr_par' dir='ltr' id='par_1_99' title="bbox 1964 3783 3560 3857">
     <span class='ocr_line' id='line_1_99' title="bbox 1964 3783 3560 3857; baseline 0.003 -19"><span class='ocrx_word' id='word_1_763' title='bbox 1964 3783 2353 3854; x_wconf 86' lang='lat' dir='ltr'><strong>improperium</strong></span> <span class='ocrx_word' id='word_1_764' title='bbox 2375 3794 2430 3840; x_wconf 93' lang='lat' dir='ltr'><strong>et</strong></span> <span class='ocrx_word' id='word_1_765' title='bbox 2453 3785 2835 3842; x_wconf 75' lang='lat' dir='ltr'><strong>contumeliam</strong></span> <span class='ocrx_word' id='word_1_766' title='bbox 2862 3800 3048 3855; x_wconf 72' lang='lat' dir='ltr'><strong>prava:</strong></span> <span class='ocrx_word' id='word_1_767' title='bbox 3075 3787 3339 3843; x_wconf 76' lang='lat' dir='ltr'><strong>doctrina:</strong></span> <span class='ocrx_word' id='word_1_768' title='bbox 3361 3803 3560 3857; x_wconf 86' lang='lat' dir='ltr'><strong>sequa-</strong></span> 
     </span>
    </p>
   </div>
   <div class='ocr_carea' id='block_1_100' title="bbox 1965 3874 3559 3946">
    <p class='ocr_par' dir='ltr' id='par_1_100' title="bbox 1965 3874 3559 3946">
     <span class='ocr_line' id='line_1_100' title="bbox 1965 3874 3559 3946; baseline 0.002 -16"><span class='ocrx_word' id='word_1_769' title='bbox 1965 3874 2117 3930; x_wconf 86' lang='lat' dir='ltr'><strong>cibus</strong></span> <span class='ocrx_word' id='word_1_770' title='bbox 2139 3875 2255 3931; x_wconf 87' lang='lat' dir='ltr'><strong>suis</strong></span> <span class='ocrx_word' id='word_1_771' title='bbox 2282 3875 2615 3944; x_wconf 83' lang='lat' dir='ltr'><strong>relinquunt,</strong></span> <span class='ocrx_word' id='word_1_772' title='bbox 2646 3885 2703 3931; x_wconf 90' lang='lat' dir='ltr'><strong>et</strong></span> <span class='ocrx_word' id='word_1_773' title='bbox 2728 3877 2909 3932; x_wconf 72' lang='lat' dir='ltr'><strong>oninis</strong></span> <span class='ocrx_word' id='word_1_774' title='bbox 2932 3886 3188 3946; x_wconf 85' lang='lat' dir='ltr'><strong>peccator</strong></span> <span class='ocrx_word' id='word_1_775' title='bbox 3208 3887 3296 3934; x_wconf 87' lang='lat' dir='ltr'><strong>est</strong></span> <span class='ocrx_word' id='word_1_776' title='bbox 3346 3878 3559 3934; x_wconf 82' lang='lat' dir='ltr'><strong>invidus</strong></span> 
     </span>
    </p>
   </div>
   <div class='ocr_carea' id='block_1_101' title="bbox 1963 3965 3558 4036">
    <p class='ocr_par' dir='ltr' id='par_1_101' title="bbox 1963 3965 3558 4036">
     <span class='ocr_line' id='line_1_101' title="bbox 1963 3965 3558 4036; baseline 0.003 -14"><span class='ocrx_word' id='word_1_777' title='bbox 1963 3973 2020 4022; x_wconf 88' lang='lat' dir='ltr'><strong>et</strong></span> <span class='ocrx_word' id='word_1_778' title='bbox 2047 3965 2323 4035; x_wconf 88' lang='lat' dir='ltr'><strong>bilinguis,</strong></span> <span class='ocrx_word' id='word_1_779' title='bbox 2349 3966 2476 4035; x_wconf 87' lang='lat' dir='ltr'><strong>quia</strong></span> <span class='ocrx_word' id='word_1_780' title='bbox 2511 3966 2690 4022; x_wconf 87' lang='lat' dir='ltr'><strong>omnis</strong></span> <span class='ocrx_word' id='word_1_781' title='bbox 2711 3967 2998 4027; x_wconf 70' lang='lat' dir='ltr'><strong>hmreticus</strong></span> <span class='ocrx_word' id='word_1_782' title='bbox 3021 3967 3140 4024; x_wconf 87' lang='lat' dir='ltr'><strong>odit</strong></span> <span class='ocrx_word' id='word_1_783' title='bbox 3168 3970 3473 4036; x_wconf 82' lang='lat' dir='ltr'><strong>veritatem,</strong></span> <span class='ocrx_word' id='word_1_784' title='bbox 3499 3978 3558 4026; x_wconf 86' lang='lat' dir='ltr'><strong>et</strong></span> 
     </span>
    </p>
   </div>
   <div class='ocr_carea' id='block_1_102' title="bbox 1964 4054 2533 4115">
    <p class='ocr_par' dir='ltr' id='par_1_102' title="bbox 1964 4054 2533 4115">
     <span class='ocr_line' id='line_1_102' title="bbox 1964 4054 2533 4115; baseline -0.002 -2"><span class='ocrx_word' id='word_1_785' title='bbox 1964 4056 2198 4115; x_wconf 84' lang='lat' dir='ltr'><strong>seminat</strong></span> <span class='ocrx_word' id='word_1_786' title='bbox 2220 4054 2533 4112; x_wconf 84' lang='lat' dir='ltr'><strong>falsitatem.</strong></span> 
     </span>
    </p>
   </div>
   <div class='ocr_carea' id='block_1_103' title="bbox 2041 4158 3560 4230">
    <p class='ocr_par' dir='ltr' id='par_1_103' title="bbox 2041 4158 3560 4230">
     <span class='ocr_line' id='line_1_103' title="bbox 2041 4158 3560 4230; baseline 0.006 -20"><span class='ocrx_word' id='word_1_787' title='bbox 2041 4176 2061 4210; x_wconf 75' lang='grc' dir='ltr'><strong>ι</strong></span> <span class='ocrx_word' id='word_1_788' title='bbox 2103 4158 2222 4216; x_wconf 80' lang='lat' dir='ltr'><strong>Non</strong></span> <span class='ocrx_word' id='word_1_789' title='bbox 2248 4166 2302 4214; x_wconf 91' lang='lat' dir='ltr'><strong>te</strong></span> <span class='ocrx_word' id='word_1_790' title='bbox 2329 4158 2558 4215; x_wconf 77' lang='lat' dir='ltr'><strong>extollas</strong></span> <span class='ocrx_word' id='word_1_791' title='bbox 2585 4159 2640 4215; x_wconf 90' lang='lat' dir='ltr'><strong>in</strong></span> <span class='ocrx_word' id='word_1_792' title='bbox 2679 4161 3010 4230; x_wconf 87' lang='lat' dir='ltr'><strong>cogitatione</strong></span> <span class='ocrx_word' id='word_1_793' title='bbox 3031 4163 3229 4218; x_wconf 72' lang='lat' dir='ltr'><strong>animae</strong></span> <span class='ocrx_word' id='word_1_794' title='bbox 3260 4172 3366 4218; x_wconf 66' lang='lat' dir='ltr'><strong>tuae</strong></span> <span class='ocrx_word' id='word_1_795' title='bbox 3407 4163 3560 4219; x_wconf 77' lang='lat' dir='ltr'><strong>velut</strong></span> 
     </span>
    </p>
   </div>
   <div class='ocr_carea' id='block_1_104' title="bbox 1972 4250 3556 4325">
    <p class='ocr_par' dir='ltr' id='par_1_104' title="bbox 1972 4250 3556 4325">
     <span class='ocr_line' id='line_1_104' title="bbox 1972 4250 3556 4325; baseline 0.005 -24"><span class='ocrx_word' id='word_1_796' title='bbox 1972 4266 1992 4299; x_wconf 74' lang='grc' dir='ltr'><strong>ι</strong></span> <span class='ocrx_word' id='word_1_797' title='bbox 2029 4257 2240 4315; x_wconf 88' lang='lat' dir='ltr'><strong>taurus,</strong></span> <span class='ocrx_word' id='word_1_798' title='bbox 2263 4265 2332 4306; x_wconf 89' lang='lat' dir='ltr'><strong>ne</strong></span> <span class='ocrx_word' id='word_1_799' title='bbox 2357 4250 2497 4307; x_wconf 89' lang='lat' dir='ltr'><strong>forte</strong></span> <span class='ocrx_word' id='word_1_800' title='bbox 2519 4252 2776 4307; x_wconf 84' lang='lat' dir='ltr'><strong>allidatur</strong></span> <span class='ocrx_word' id='word_1_801' title='bbox 2799 4254 2973 4309; x_wconf 88' lang='lat' dir='ltr'><strong>virtus</strong></span> <span class='ocrx_word' id='word_1_802' title='bbox 3000 4262 3091 4309; x_wconf 84' lang='lat' dir='ltr'><strong>tua</strong></span> <span class='ocrx_word' id='word_1_803' title='bbox 3120 4270 3220 4325; x_wconf 86' lang='lat' dir='ltr'><strong>per</strong></span> <span class='ocrx_word' id='word_1_804' title='bbox 3247 4254 3556 4319; x_wconf 79' lang='lat' dir='ltr'><strong>stultitiam,</strong></span> 
     </span>
    </p>
   </div>
   <div class='ocr_carea' id='block_1_105' title="bbox 1972 4338 3558 4414">
    <p class='ocr_par' dir='ltr' id='par_1_105' title="bbox 1972 4338 3558 4414">
     <span class='ocr_line' id='line_1_105' title="bbox 1972 4338 3558 4414; baseline 0.008 -25"><span class='ocrx_word' id='word_1_805' title='bbox 1972 4354 1992 4388; x_wconf 70' lang='grc' dir='ltr'><em>ς</em></span> <span class='ocrx_word' id='word_1_806' title='bbox 2028 4345 2084 4393; x_wconf 89' lang='lat' dir='ltr'><strong>et</strong></span> <span class='ocrx_word' id='word_1_807' title='bbox 2104 4338 2231 4393; x_wconf 86' lang='lat' dir='ltr'><strong>folia</strong></span> <span class='ocrx_word' id='word_1_808' title='bbox 2260 4348 2348 4394; x_wconf 87' lang='lat' dir='ltr'><strong>tua</strong></span> <span class='ocrx_word' id='word_1_809' title='bbox 2375 4341 2645 4406; x_wconf 87' lang='lat' dir='ltr'><strong>comedat,</strong></span> <span class='ocrx_word' id='word_1_810' title='bbox 2669 4349 2726 4396; x_wconf 90' lang='lat' dir='ltr'><strong>et</strong></span> <span class='ocrx_word' id='word_1_811' title='bbox 2750 4341 2962 4398; x_wconf 75' lang='lat' dir='ltr'><strong>fructus</strong></span> <span class='ocrx_word' id='word_1_812' title='bbox 2997 4351 3120 4399; x_wconf 89' lang='lat' dir='ltr'><strong>tuos</strong></span> <span class='ocrx_word' id='word_1_813' title='bbox 3150 4346 3363 4414; x_wconf 78' lang='lat' dir='ltr'><strong>perdat,</strong></span> <span class='ocrx_word' id='word_1_814' title='bbox 3385 4354 3443 4400; x_wconf 89' lang='lat' dir='ltr'><strong>ct</strong></span> <span class='ocrx_word' id='word_1_815' title='bbox 3470 4362 3558 4401; x_wconf 83' lang='lat' dir='ltr'><strong>re-</strong></span> 
     </span>
    </p>
   </div>
   <div class='ocr_carea' id='block_1_106' title="bbox 1160 4429 3560 4531">
    <p class='ocr_par' dir='ltr' id='par_1_106' title="bbox 1160 4429 3560 4531">
     <span class='ocr_line' id='line_1_106' title="bbox 1160 4429 3560 4531; baseline 0.003 -45"><span class='ocrx_word' id='word_1_816' title='bbox 1160 4449 1182 4481; x_wconf 78' lang='grc'><strong>(</strong></span> <span class='ocrx_word' id='word_1_817' title='bbox 1222 4431 1323 4531; x_wconf 80' lang='lat' dir='ltr'><strong>Qui</strong></span> <span class='ocrx_word' id='word_1_818' title='bbox 1340 4433 1632 4531; x_wconf 48' lang='lat' dir='ltr'><strong>hdetrahit,</strong></span> <span class='ocrx_word' id='word_1_819' title='bbox 1665 4435 1861 4531; x_wconf 75' lang='lat' dir='ltr'><strong>inquit,</strong></span> <span class='ocrx_word' id='word_1_820' title='bbox 1892 4472 1942 4531; x_wconf 67' lang='grc' dir='ltr'><strong>Β</strong></span> <span class='ocrx_word' id='word_1_821' title='bbox 2031 4429 2297 4531; x_wconf 39' lang='lat' dir='ltr'><strong>linqui-aris</strong></span> <span class='ocrx_word' id='word_1_822' title='bbox 2326 4431 2472 4531; x_wconf 73' lang='lat' dir='ltr'><strong>velut</strong></span> <span class='ocrx_word' id='word_1_823' title='bbox 2499 4432 2703 4504; x_wconf 84' lang='lat' dir='ltr'><strong>lignum</strong></span> <span class='ocrx_word' id='word_1_824' title='bbox 2738 4435 2959 4531; x_wconf 78' lang='lat' dir='ltr'><strong>aridum</strong></span> <span class='ocrx_word' id='word_1_825' title='bbox 2985 4435 3048 4531; x_wconf 77' lang='lat' dir='ltr'><strong>in</strong></span> <span class='ocrx_word' id='word_1_826' title='bbox 3094 4448 3298 4531; x_wconf 79' lang='lat' dir='ltr'><strong>eremo.</strong></span> <span class='ocrx_word' id='word_1_827' title='bbox 3339 4459 3360 4531; x_wconf 60' lang='grc' dir='ltr'><strong>ι</strong></span> <span class='ocrx_word' id='word_1_828' title='bbox 3402 4438 3560 4531; x_wconf 65' lang='lat' dir='ltr'><strong>Vetat</strong></span> 
     </span>
    </p>
   </div>
   <div class='ocr_carea' id='block_1_107' title="bbox 1960 4518 3555 4596">
    <p class='ocr_par' dir='ltr' id='par_1_107' title="bbox 1960 4518 3555 4596">
     <span class='ocr_line' id='line_1_107' title="bbox 1960 4518 3555 4596; baseline 0.006 -22"><span class='ocrx_word' id='word_1_829' title='bbox 1960 4518 2282 4588; x_wconf 73' lang='lat' dir='ltr'><strong>iactantiam</strong></span> <span class='ocrx_word' id='word_1_830' title='bbox 2318 4537 2383 4576; x_wconf 88' lang='lat' dir='ltr'><strong>ac</strong></span> <span class='ocrx_word' id='word_1_831' title='bbox 2430 4522 2733 4578; x_wconf 83' lang='lat' dir='ltr'><strong>detestatur</strong></span> <span class='ocrx_word' id='word_1_832' title='bbox 2781 4526 3116 4595; x_wconf 86' lang='lat' dir='ltr'><strong>superbiam,</strong></span> <span class='ocrx_word' id='word_1_833' title='bbox 3168 4528 3295 4596; x_wconf 87' lang='lat' dir='ltr'><strong>quia</strong></span> <span class='ocrx_word' id='word_1_834' title='bbox 3344 4529 3555 4584; x_wconf 89' lang='lat' dir='ltr'><strong>initium</strong></span> 
     </span>
    </p>
   </div>
   <div class='ocr_carea' id='block_1_108' title="bbox 1967 4611 3560 4689">
    <p class='ocr_par' dir='ltr' id='par_1_108' title="bbox 1967 4611 3560 4689">
     <span class='ocr_line' id='line_1_108' title="bbox 1967 4611 3560 4689; baseline 0.006 -24"><span class='ocrx_word' id='word_1_835' title='bbox 1967 4611 2145 4666; x_wconf 87' lang='lat' dir='ltr'><strong>omnis</strong></span> <span class='ocrx_word' id='word_1_836' title='bbox 2171 4613 2377 4683; x_wconf 87' lang='lat' dir='ltr'><strong>peccati</strong></span> <span class='ocrx_word' id='word_1_837' title='bbox 2406 4614 2657 4685; x_wconf 90' lang='lat' dir='ltr'><strong>superbia</strong></span> <span class='ocrx_word' id='word_1_838' title='bbox 2685 4624 2788 4682; x_wconf 87' lang='lat' dir='ltr'><strong>est,</strong></span> <span class='ocrx_word' id='word_1_839' title='bbox 2805 4624 2862 4671; x_wconf 92' lang='lat' dir='ltr'><strong>et</strong></span> <span class='ocrx_word' id='word_1_840' title='bbox 2878 4618 3060 4673; x_wconf 82' lang='lat' dir='ltr'><strong>omnis</strong></span> <span class='ocrx_word' id='word_1_841' title='bbox 3087 4621 3393 4689; x_wconf 70' lang='lat' dir='ltr'><strong>arrogantia</strong></span> <span class='ocrx_word' id='word_1_842' title='bbox 3429 4621 3560 4674; x_wconf 82' lang='lat' dir='ltr'><strong>abo-</strong></span> 
     </span>
    </p>
   </div>
   <div class='ocr_carea' id='block_1_109' title="bbox 1969 4700 3554 4774">
    <p class='ocr_par' dir='ltr' id='par_1_109' title="bbox 1969 4700 3554 4774">
     <span class='ocr_line' id='line_1_109' title="bbox 1969 4700 3554 4774; baseline 0.008 -19"><span class='ocrx_word' id='word_1_843' title='bbox 1969 4700 2194 4758; x_wconf 87' lang='lat' dir='ltr'><strong>minatio</strong></span> <span class='ocrx_word' id='word_1_844' title='bbox 2223 4711 2305 4758; x_wconf 87' lang='lat' dir='ltr'><strong>est</strong></span> <span class='ocrx_word' id='word_1_845' title='bbox 2325 4705 2469 4774; x_wconf 90' lang='lat' dir='ltr'><strong>apud</strong></span> <span class='ocrx_word' id='word_1_846' title='bbox 2497 4704 2689 4772; x_wconf 88' lang='lat' dir='ltr'><strong>Deum,</strong></span> <span class='ocrx_word' id='word_1_847' title='bbox 2715 4715 2773 4761; x_wconf 89' lang='lat' dir='ltr'><strong>et</strong></span> <span class='ocrx_word' id='word_1_848' title='bbox 2796 4723 2865 4762; x_wconf 90' lang='lat' dir='ltr'><strong>ne</strong></span> <span class='ocrx_word' id='word_1_849' title='bbox 2891 4707 3136 4764; x_wconf 74' lang='lat' dir='ltr'><strong>sufﬁcere</strong></span> <span class='ocrx_word' id='word_1_850' title='bbox 3178 4711 3334 4766; x_wconf 88' lang='lat' dir='ltr'><strong>nobis</strong></span> <span class='ocrx_word' id='word_1_851' title='bbox 3362 4713 3554 4766; x_wconf 83' lang='lat' dir='ltr'><strong>creda-</strong></span> 
     </span>
    </p>
   </div>
   <div class='ocr_carea' id='block_1_110' title="bbox 1969 4792 3558 4863">
    <p class='ocr_par' dir='ltr' id='par_1_110' title="bbox 1969 4792 3558 4863">
     <span class='ocr_line' id='line_1_110' title="bbox 1969 4792 3558 4863; baseline 0.008 -19"><span class='ocrx_word' id='word_1_852' title='bbox 1969 4806 2113 4857; x_wconf 90' lang='lat' dir='ltr'><strong>mus,</strong></span> <span class='ocrx_word' id='word_1_853' title='bbox 2138 4792 2183 4847; x_wconf 92' lang='lat' dir='ltr'><strong>si</strong></span> <span class='ocrx_word' id='word_1_854' title='bbox 2230 4792 2598 4848; x_wconf 73' lang='lat' dir='ltr'><strong>extollentiam</strong></span> <span class='ocrx_word' id='word_1_855' title='bbox 2643 4795 2879 4851; x_wconf 89' lang='lat' dir='ltr'><strong>vitemus</strong></span> <span class='ocrx_word' id='word_1_856' title='bbox 2906 4797 2961 4851; x_wconf 90' lang='lat' dir='ltr'><strong>in</strong></span> <span class='ocrx_word' id='word_1_857' title='bbox 2992 4806 3138 4863; x_wconf 88' lang='lat' dir='ltr'><strong>actu,</strong></span> <span class='ocrx_word' id='word_1_858' title='bbox 3166 4796 3300 4854; x_wconf 91' lang='lat' dir='ltr'><strong>dicit</strong></span> <span class='ocrx_word' id='word_1_859' title='bbox 3329 4818 3344 4853; x_wconf 91' lang='lat'><strong>:</strong></span> <span class='ocrx_word' id='word_1_860' title='bbox 3383 4818 3401 4851; x_wconf 73' lang='grc' dir='ltr'><strong>ε</strong></span> <span class='ocrx_word' id='word_1_861' title='bbox 3424 4794 3558 4857; x_wconf 79' lang='lat' dir='ltr'><strong>’Non</strong></span> 
     </span>
    </p>
   </div>
   <div class='ocr_carea' id='block_1_111' title="bbox 1971 4883 3560 4954">
    <p class='ocr_par' dir='ltr' id='par_1_111' title="bbox 1971 4883 3560 4954">
     <span class='ocr_line' id='line_1_111' title="bbox 1971 4883 3560 4954; baseline 0.008 -17"><span class='ocrx_word' id='word_1_862' title='bbox 1971 4890 2023 4937; x_wconf 90' lang='lat' dir='ltr'><strong>te</strong></span> <span class='ocrx_word' id='word_1_863' title='bbox 2046 4883 2273 4939; x_wconf 77' lang='lat' dir='ltr'><strong>extollas</strong></span> <span class='ocrx_word' id='word_1_864' title='bbox 2293 4884 2349 4938; x_wconf 91' lang='lat' dir='ltr'><strong>in</strong></span> <span class='ocrx_word' id='word_1_865' title='bbox 2378 4885 2705 4954; x_wconf 82' lang='lat' dir='ltr'><strong>cogitatione</strong></span> <span class='ocrx_word' id='word_1_866' title='bbox 2733 4888 2928 4943; x_wconf 69' lang='lat' dir='ltr'><strong>anima:</strong></span> <span class='ocrx_word' id='word_1_867' title='bbox 2949 4888 3097 4944; x_wconf 86' lang='lat' dir='ltr'><strong>velut</strong></span> <span class='ocrx_word' id='word_1_868' title='bbox 3129 4898 3336 4947; x_wconf 85' lang='lat' dir='ltr'><strong>taurus.</strong></span> <span class='ocrx_word' id='word_1_869' title='bbox 3368 4913 3388 4947; x_wconf 75' lang='grc' dir='ltr'><strong>ι</strong></span> <span class='ocrx_word' id='word_1_870' title='bbox 3417 4894 3560 4951; x_wconf 89' lang='lat' dir='ltr'><strong>Deus</strong></span> 
     </span>
    </p>
   </div>
   <div class='ocr_carea' id='block_1_112' title="bbox 1971 4975 3557 5051">
    <p class='ocr_par' dir='ltr' id='par_1_112' title="bbox 1971 4975 3557 5051">
     <span class='ocr_line' id='line_1_112' title="bbox 1971 4975 3557 5051; baseline 0.006 -20"><span class='ocrx_word' id='word_1_871' title='bbox 1971 4975 2113 5031; x_wconf 89' lang='lat' dir='ltr'><strong>enim</strong></span> <span class='ocrx_word' id='word_1_872' title='bbox 2143 4975 2419 5046; x_wconf 80' lang='lat' dir='ltr'><strong>inspector</strong></span> <span class='ocrx_word' id='word_1_873' title='bbox 2442 4985 2531 5032; x_wconf 85' lang='lat' dir='ltr'><strong>est</strong></span> <span class='ocrx_word' id='word_1_874' title='bbox 2559 4978 2761 5044; x_wconf 87' lang='lat' dir='ltr'><strong>cordis,</strong></span> <span class='ocrx_word' id='word_1_875' title='bbox 2781 4987 2838 5034; x_wconf 91' lang='lat' dir='ltr'><strong>et</strong></span> <span class='ocrx_word' id='word_1_876' title='bbox 2868 4995 2975 5035; x_wconf 93' lang='lat' dir='ltr'><strong>non</strong></span> <span class='ocrx_word' id='word_1_877' title='bbox 3012 4982 3308 5038; x_wconf 84' lang='lat' dir='ltr'><strong>secundum</strong></span> <span class='ocrx_word' id='word_1_878' title='bbox 3342 4984 3557 5051; x_wconf 85' lang='lat' dir='ltr'><strong>faciem,</strong></span> 
     </span>
    </p>
   </div>
   <div class='ocr_carea' id='block_1_113' title="bbox 1970 5065 3555 5143">
    <p class='ocr_par' dir='ltr' id='par_1_113' title="bbox 1970 5065 3555 5143">
     <span class='ocr_line' id='line_1_113' title="bbox 1970 5065 3555 5143; baseline 0.004 -22"><span class='ocrx_word' id='word_1_879' title='bbox 1970 5065 2066 5121; x_wconf 88' lang='lat' dir='ltr'><strong>sed</strong></span> <span class='ocrx_word' id='word_1_880' title='bbox 2114 5065 2412 5122; x_wconf 88' lang='lat' dir='ltr'><strong>secundum</strong></span> <span class='ocrx_word' id='word_1_881' title='bbox 2458 5068 2743 5123; x_wconf 85' lang='lat' dir='ltr'><strong>veritatem</strong></span> <span class='ocrx_word' id='word_1_882' title='bbox 2787 5084 3228 5142; x_wconf 86' lang='lat' dir='ltr'><strong>unumquemque</strong></span> <span class='ocrx_word' id='word_1_883' title='bbox 3274 5072 3555 5143; x_wconf 76' lang='lat' dir='ltr'><strong>dij-ndicat,</strong></span> 
     </span>
    </p>
   </div>
   <div class='ocr_carea' id='block_1_114' title="bbox 1971 5159 3559 5233">
    <p class='ocr_par' dir='ltr' id='par_1_114' title="bbox 1971 5159 3559 5233">
     <span class='ocr_line' id='line_1_114' title="bbox 1971 5159 3559 5233; baseline 0.006 -24"><span class='ocrx_word' id='word_1_884' title='bbox 1971 5171 2132 5226; x_wconf 81' lang='lat' dir='ltr'><strong>quem</strong></span> <span class='ocrx_word' id='word_1_885' title='bbox 2161 5171 2320 5215; x_wconf 86' lang='lat' dir='ltr'><strong>nemo</strong></span> <span class='ocrx_word' id='word_1_886' title='bbox 2345 5164 2525 5227; x_wconf 81' lang='lat' dir='ltr'><strong>potest</strong></span> <span class='ocrx_word' id='word_1_887' title='bbox 2548 5173 2648 5228; x_wconf 90' lang='lat' dir='ltr'><strong>per</strong></span> <span class='ocrx_word' id='word_1_888' title='bbox 2672 5159 2983 5230; x_wconf 82' lang='lat' dir='ltr'><strong>hypocrisin</strong></span> <span class='ocrx_word' id='word_1_889' title='bbox 3003 5161 3353 5233; x_wconf 86' lang='lat' dir='ltr'><strong>fallere,quia</strong></span> <span class='ocrx_word' id='word_1_890' title='bbox 3379 5165 3559 5219; x_wconf 82' lang='lat' dir='ltr'><strong>omnia</strong></span> 
     </span>
    </p>
   </div>
   <div class='ocr_carea' id='block_1_115' title="bbox 1972 5247 3559 5323">
    <p class='ocr_par' dir='ltr' id='par_1_115' title="bbox 1972 5247 3559 5323">
     <span class='ocr_line' id='line_1_115' title="bbox 1972 5247 3559 5323; baseline 0.004 -23"><span class='ocrx_word' id='word_1_891' title='bbox 1972 5247 2115 5301; x_wconf 86' lang='lat' dir='ltr'><strong>nuda</strong></span> <span class='ocrx_word' id='word_1_892' title='bbox 2143 5255 2269 5303; x_wconf 85' lang='lat' dir='ltr'><strong>sunt</strong></span> <span class='ocrx_word' id='word_1_893' title='bbox 2307 5257 2362 5302; x_wconf 86' lang='lat' dir='ltr'><strong>et</strong></span> <span class='ocrx_word' id='word_1_894' title='bbox 2392 5257 2576 5317; x_wconf 86' lang='lat' dir='ltr'><strong>aperta</strong></span> <span class='ocrx_word' id='word_1_895' title='bbox 2621 5250 2794 5305; x_wconf 86' lang='lat' dir='ltr'><strong>oculis</strong></span> <span class='ocrx_word' id='word_1_896' title='bbox 2833 5249 2981 5319; x_wconf 79' lang='lat' dir='ltr'><strong>ejus;</strong></span> <span class='ocrx_word' id='word_1_897' title='bbox 3038 5254 3133 5323; x_wconf 85' lang='lat' dir='ltr'><strong>qui</strong></span> <span class='ocrx_word' id='word_1_898' title='bbox 3159 5255 3206 5309; x_wconf 88' lang='lat' dir='ltr'><strong>si</strong></span> <span class='ocrx_word' id='word_1_899' title='bbox 3246 5254 3299 5309; x_wconf 91' lang='lat' dir='ltr'><strong>iu</strong></span> <span class='ocrx_word' id='word_1_900' title='bbox 3328 5253 3559 5309; x_wconf 82' lang='lat' dir='ltr'><strong>internis</strong></span> 
     </span>
    </p>
   </div>
   <div class='ocr_carea' id='block_1_116' title="bbox 1972 5337 3561 5413">
    <p class='ocr_par' dir='ltr' id='par_1_116' title="bbox 1972 5337 3561 5413">
     <span class='ocr_line' id='line_1_116' title="bbox 1972 5337 3561 5413; baseline 0.004 -22"><span class='ocrx_word' id='word_1_901' title='bbox 1972 5337 2167 5397; x_wconf 68' lang='lat' dir='ltr'><strong>mima:</strong></span> <span class='ocrx_word' id='word_1_902' title='bbox 2210 5338 2538 5394; x_wconf 86' lang='lat' dir='ltr'><strong>cervicatam</strong></span> <span class='ocrx_word' id='word_1_903' title='bbox 2585 5355 2651 5395; x_wconf 90' lang='lat' dir='ltr'><strong>ac</strong></span> <span class='ocrx_word' id='word_1_904' title='bbox 2694 5341 2958 5396; x_wconf 79' lang='lat' dir='ltr'><strong>tumidam</strong></span> <span class='ocrx_word' id='word_1_905' title='bbox 3002 5344 3386 5413; x_wconf 72' lang='lat' dir='ltr'><strong>cogitationem</strong></span> <span class='ocrx_word' id='word_1_906' title='bbox 3425 5356 3561 5397; x_wconf 86' lang='lat' dir='ltr'><strong>eon-</strong></span> 
     </span>
    </p>
   </div>
   <div class='ocr_carea' id='block_1_117' title="bbox 1972 5427 3561 5500">
    <p class='ocr_par' dir='ltr' id='par_1_117' title="bbox 1972 5427 3561 5500">
     <span class='ocr_line' id='line_1_117' title="bbox 1972 5427 3561 5500; baseline 0.004 -20"><span class='ocrx_word' id='word_1_907' title='bbox 1972 5427 2226 5499; x_wconf 77' lang='lat' dir='ltr'><strong>spexerit.</strong></span> <span class='ocrx_word' id='word_1_908' title='bbox 2255 5444 2363 5483; x_wconf 90' lang='lat' dir='ltr'><strong>non</strong></span> <span class='ocrx_word' id='word_1_909' title='bbox 2390 5429 2440 5484; x_wconf 89' lang='lat' dir='ltr'><strong>ei</strong></span> <span class='ocrx_word' id='word_1_910' title='bbox 2471 5429 2727 5500; x_wconf 87' lang='lat' dir='ltr'><strong>placebit,</strong></span> <span class='ocrx_word' id='word_1_911' title='bbox 2750 5431 2848 5487; x_wconf 84' lang='lat' dir='ltr'><strong>sed</strong></span> <span class='ocrx_word' id='word_1_912' title='bbox 2883 5432 3138 5489; x_wconf 81' lang='lat' dir='ltr'><strong>allldetur</strong></span> <span class='ocrx_word' id='word_1_913' title='bbox 3176 5434 3348 5487; x_wconf 84' lang='lat' dir='ltr'><strong>virtus</strong></span> <span class='ocrx_word' id='word_1_914' title='bbox 3384 5431 3561 5498; x_wconf 78' lang='lat' dir='ltr'><strong>ipsius</strong></span> 
     </span>
    </p>
   </div>
   <div class='ocr_carea' id='block_1_118' title="bbox 1922 5518 3558 5589">
    <p class='ocr_par' dir='ltr' id='par_1_118' title="bbox 1922 5518 3558 5589">
     <span class='ocr_line' id='line_1_118' title="bbox 1922 5518 3558 5589; baseline 0.003 -18"><span class='ocrx_word' id='word_1_915' title='bbox 1922 5552 1928 5559; x_wconf 57' lang='grc' dir='ltr'><strong>ι</strong></span> <span class='ocrx_word' id='word_1_916' title='bbox 1971 5518 2184 5587; x_wconf 82' lang='lat' dir='ltr'><strong>superbi</strong></span> <span class='ocrx_word' id='word_1_917' title='bbox 2210 5533 2307 5588; x_wconf 88' lang='lat' dir='ltr'><strong>per</strong></span> <span class='ocrx_word' id='word_1_918' title='bbox 2325 5520 2611 5575; x_wconf 87' lang='lat' dir='ltr'><strong>stultitiam</strong></span> <span class='ocrx_word' id='word_1_919' title='bbox 2631 5520 2897 5588; x_wconf 84' lang='lat' dir='ltr'><strong>elationis,</strong></span> <span class='ocrx_word' id='word_1_920' title='bbox 2911 5532 2968 5578; x_wconf 88' lang='lat' dir='ltr'><strong>et</strong></span> <span class='ocrx_word' id='word_1_921' title='bbox 2990 5522 3114 5578; x_wconf 76' lang='lat' dir='ltr'><strong>folia</strong></span> <span class='ocrx_word' id='word_1_922' title='bbox 3136 5522 3419 5576; x_wconf 79' lang='lat' dir='ltr'><strong>verborum</strong></span> <span class='ocrx_word' id='word_1_923' title='bbox 3437 5518 3558 5589; x_wconf 64' lang='lat' dir='ltr'><strong>dus</strong></span> 
     </span>
    </p>
   </div>
   <div class='ocr_carea' id='block_1_119' title="bbox 1972 5609 3601 5681">
    <p class='ocr_par' dir='ltr' id='par_1_119' title="bbox 1972 5609 3601 5681">
     <span class='ocr_line' id='line_1_119' title="bbox 1972 5609 3601 5681; baseline 0.002 -17"><span class='ocrx_word' id='word_1_924' title='bbox 1972 5620 2097 5665; x_wconf 86' lang='lat' dir='ltr'><strong>sunt</strong></span> <span class='ocrx_word' id='word_1_925' title='bbox 2118 5627 2304 5677; x_wconf 83' lang='lat' dir='ltr'><strong>vacua,</strong></span> <span class='ocrx_word' id='word_1_926' title='bbox 2341 5621 2397 5666; x_wconf 88' lang='lat' dir='ltr'><strong>et</strong></span> <span class='ocrx_word' id='word_1_927' title='bbox 2433 5612 2639 5668; x_wconf 86' lang='lat' dir='ltr'><strong>fructus</strong></span> <span class='ocrx_word' id='word_1_928' title='bbox 2676 5624 2900 5681; x_wconf 86' lang='lat' dir='ltr'><strong>operum</strong></span> <span class='ocrx_word' id='word_1_929' title='bbox 2941 5612 3176 5674; x_wconf 83' lang='lat' dir='ltr'><strong>inutiles,</strong></span> <span class='ocrx_word' id='word_1_930' title='bbox 3200 5620 3256 5665; x_wconf 89' lang='lat' dir='ltr'><strong>et</strong></span> <span class='ocrx_word' id='word_1_931' title='bbox 3302 5609 3449 5665; x_wconf 68' lang='lat' dir='ltr'><strong>velut</strong></span> <span class='ocrx_word' id='word_1_932' title='bbox 3490 5610 3555 5667; x_wconf 83' lang='lat' dir='ltr'><strong>li-</strong></span> <span class='ocrx_word' id='word_1_933' title='bbox 3592 5647 3601 5655; x_wconf 87' lang='lat'><strong>-</strong></span> 
     </span>
    </p>
   </div>
   <div class='ocr_carea' id='block_1_120' title="bbox 1970 5700 3559 5770">
    <p class='ocr_par' dir='ltr' id='par_1_120' title="bbox 1970 5700 3559 5770">
     <span class='ocr_line' id='line_1_120' title="bbox 1970 5700 3559 5770; baseline 0.003 -16"><span class='ocrx_word' id='word_1_934' title='bbox 1970 5717 2134 5770; x_wconf 87' lang='lat' dir='ltr'><strong>gnum</strong></span> <span class='ocrx_word' id='word_1_935' title='bbox 2158 5701 2367 5757; x_wconf 83' lang='lat' dir='ltr'><strong>aridum</strong></span> <span class='ocrx_word' id='word_1_936' title='bbox 2397 5718 2502 5756; x_wconf 83' lang='lat' dir='ltr'><strong>non</strong></span> <span class='ocrx_word' id='word_1_937' title='bbox 2537 5702 2743 5757; x_wconf 69' lang='lat' dir='ltr'><strong>habens</strong></span> <span class='ocrx_word' id='word_1_938' title='bbox 2770 5702 3101 5756; x_wconf 74' lang='lat' dir='ltr'><strong>viriditatem</strong></span> <span class='ocrx_word' id='word_1_939' title='bbox 3132 5700 3460 5769; x_wconf 72' lang='lat' dir='ltr'><strong>dilectionis,</strong></span> <span class='ocrx_word' id='word_1_940' title='bbox 3478 5702 3559 5760; x_wconf 58' lang='lat' dir='ltr'><strong>inv</strong></span> 
     </span>
    </p>
   </div>
  </div>
