3928 6182
380 369 485 430 795

1011 362 1073 417 Β.
1114 356 1370 415 RABANI
1410 358 1632 416 MAURI
1668 358 1996 417 ARCHIEP.
2035 357 2348 418 MOGUNT.
2390 356 2681 418 OPERUM
2720 358 2900 416 PARS
2935 361 2972 418 1.

3552 360 3663 421 796

373 490 460 535 ῑει*
495 477 705 535 steriles
732 476 1037 546 iniquorum
1066 474 1308 529 actiones
1344 473 1654 542 deputatur.
1707 471 1862 529 Unde
1902 472 1961 527 in
1987 478 2042 536 Α
2068 473 2222 530 Unde
2243 473 2504 543 scriptum
2530 481 2614 529 est
2643 491 2656 528 :
2696 491 2716 525 ι
2747 473 2851 540 Qui
2881 473 2937 531 in
2962 489 3073 530 uno
3100 472 3344 538 oﬁ'eudit,
3371 474 3549 532 factus
3576 488 3665 536 est

375 568 586 639 psalmo
610 568 867 635 scriptum
899 576 983 619 est
1011 584 1024 618 :
1064 583 1082 615 ι
1116 563 1383 630 Quoniam
1408 566 1548 621 Deus
1572 565 1800 636 dissipat
1831 581 1960 621 ossa

376 662 655 719 hominum
701 659 807 714 sibi
851 658 1183 729 placentium
1221 677 1234 712 :
1267 658 1476 714 confusi
1527 669 1670 722 sunt,
1704 659 1961 729 quoniam

375 747 519 805 Deus
545 749 747 819 sprevit
767 764 862 803 eos
886 746 1058 819 (Psal.
1084 748 1201 821 ut).
1243 769 1260 800 ι
1299 749 1373 803 De
1399 764 1505 818 quo
1532 758 1583 803 et
1615 750 1808 805 Petrus
1834 764 1965 818 apo-

376 840 546 895 stolus
572 839 649 893 ait
675 857 687 892 :
715 856 734 889 «
768 837 1029 907 Superbis
1055 840 1198 893 Deus
1223 840 1447 903 resistit,
1471 839 1761 894 humilibus
1781 848 1963 893 autem

375 930 469 982 dat
502 928 733 999 gratiam
779 926 830 1000 (Ι
860 926 1005 982 Petr.
1037 928 1114 999 v).
1160 948 1178 980 ι
1213 928 1352 982 Hinc
1381 937 1438 983 et
1496 929 1609 999 ipsa
1659 927 1871 983 Veritas
1908 928 1963 982 in

378 1015 663 1086 Evangelio
682 1016 759 1069 ait
783 1033 797 1068 :
832 1033 851 1065 ι
889 1014 1078 1071 Omnis
1103 1016 1195 1085 qui
1222 1031 1281 1070 se
1306 1015 1511 1070 exaltat
1549 1016 1958 1083 bumiliabitur;

372 1115 431 1159 et
453 1105 545 1172 qui
573 1118 632 1158 se
658 1104 925 1170 humiliat,
955 1104 1279 1160 exaltabitur
1306 1103 1457 1175 (Luc.
1485 1121 1597 1170 xw,
1625 1107 1801 1177 xvnt).
1834 1125 1853 1160 ι

450 1212 469 1245 ι
507 1195 702 1249 Anima
744 1196 888 1249 enim
930 1212 1163 1265 nequam
1208 1196 1484 1265 disperdet
1525 1197 1617 1266 qui
1655 1212 1714 1251 se
1748 1196 1911 1252 habet
1946 1217 1960 1251 :

378 1301 399 1333 ι
435 1291 491 1337 et
512 1283 566 1337 in
588 1284 845 1353 gaudium
884 1285 1118 1340 inimicis
1158 1285 1251 1339 dat
1299 1284 1470 1349 illum,
1518 1294 1573 1340 et
1630 1285 1849 1341 deducit
1906 1287 1960 1342 in

375 1384 578 1430 sortem
606 1376 914 1446 impiorum.
971 1399 991 1428 ι
1033 1378 1193 1439 ,δίειιι
1240 1379 1396 1435 bonae
1439 1379 1704 1434 voluntati
1753 1381 1962 1437 fructus

376 1468 641 1520 bonorum
668 1470 909 1522 succedit
934 1484 1185 1538 operum,
1220 1469 1292 1523 ita
1322 1469 1607 1525 malitiosze
1636 1472 1803 1525 menti
1830 1471 1964 1526 nihil

376 1557 659 1627 proveniet
687 1572 1025 1628 prosperum,
1051 1560 1176 1629 quia
1219 1560 1264 1615 si
1310 1558 1528 1616 dilectio
1572 1576 1678 1616 nou
1725 1560 1965 1615 adhaeret

375 1649 602 1719 pectori,
638 1649 839 1705 frustra
869 1652 989 1721 quis
1015 1651 1168 1723 ﬁngit
1192 1667 1250 1707 se
1295 1668 1517 1724 operam
1566 1653 1697 1708 dare
1757 1652 1964 1707 virtuti.

2066 563 2307 619 omnium
2340 579 2464 619 reus
2492 561 2700 636 (Iacob.
2738 563 2822 636 ll).
2859 583 2878 616 ι
2915 564 2984 619 Et
3005 564 3165 621 alibi:
3202 584 3222 617 ι
3252 567 3415 623 Omni
3440 568 3662 626 habenti

2069 653 2284 710 dabitur
2315 669 2331 708 :
2371 654 2422 709 ei
2445 661 2627 709 autem
2656 654 2748 722 qui
2775 668 2881 708 non
2913 653 3098 719 habet,
3130 664 3186 710 et
3215 654 3317 710 hoc
3341 656 3488 726 quod
3518 658 3666 714 vide-

2069 745 2405 811 turbabere,
2433 744 2797 799 anfereturab
2823 760 2890 800 eo
2929 744 3147 816 (Matth.
3187 746 3331 818 xm).
3372 766 3391 800 ι
3428 747 3490 802 ln
3528 764 3665 820 gau-

2071 834 2219 905 dium
2261 850 2392 906 ergo
2443 835 2819 902 inimicorum,
2845 836 2949 891 hoc
2977 845 3063 891 est
3088 836 3450 908 malignorum
3503 840 3666 908 spirio

2073 936 2244 991 tuum,
2270 926 2480 993 incidit,
2505 928 2597 997 qui
2622 935 2769 982 recte
2796 927 3065 982 credendo
3094 944 3160 983 ac
3200 929 3339 984 bene
3382 930 3668 998 operando

2071 1030 2376 1085 prmcavere
2401 1031 2507 1071 non
2530 1016 2729 1081 studet,
2745 1031 2814 1071 ne
2836 1018 2890 1071 in
2910 1026 3114 1071 sortem
3138 1019 3322 1073 veniat
3346 1018 3664 1088 impiorum.

2074 1106 2274 1161 Verum
2304 1107 2431 1175 quia
2452 1107 2520 1161 de
2544 1107 2897 1162 conversione
2915 1106 3200 1178 disputans
3220 1107 3454 1177 pleniter
3479 1118 3668 1164 ostenc

2070 1197 2148 1252 dit
2186 1211 2306 1267 qua:
2343 1199 2416 1250 sit
2445 1210 2575 1251 vera
2621 1196 2928 1263 conversio,
2969 1196 3073 1251 hoc
3119 1206 3204 1251 est
3242 1213 3456 1253 morum
3499 1209 3666 1269 atque

2069 1302 2378 1342 sermonum
2404 1286 2700 1352 correctio;
2747 1296 2803 1342 et
2850 1301 2921 1342 ne
2959 1286 3119 1341 iteret
3157 1288 3445 1358 pristinam
3486 1289 3668 1344 stulti-

2069 1377 2225 1443 tiam,
2256 1392 2325 1432 ne
2352 1378 2532 1432 veniat
2561 1378 2614 1431 in
2642 1377 2898 1448 gaudium
2925 1377 3295 1444 inimicorum,
3316 1387 3375 1434 et
3414 1379 3471 1434 in
3512 1379 3667 1435 dam-

2071 1470 2344 1533 nationem
2372 1469 2684 1541 impiorum.
2718 1470 2883 1527 Libro
2910 1472 3087 1541 primo
3117 1472 3205 1526 hic
3232 1471 3402 1535 ﬁnito,
3433 1473 3567 1543 quid
3597 1474 3665 1528 de

2071 1560 2311 1615 amicitia
2343 1576 2471 1615 vera
2501 1569 2555 1616 et
2578 1562 2788 1618 cautela
2814 1562 3081 1633 sapientia
3110 1563 3334 1629 doceat,
3356 1563 3410 1618 in
3437 1563 3668 1619 alterius

2074 1650 2195 1707 libri
2220 1652 2523 1722 pandamus
2543 1655 2787 1710 exordio.

1546 1954 1845 2032 LIBER
1918 1952 2480 2030 SECUNDUS.

1875 2106 2149 2125 ῃ

888 2182 1114 2241 CAPUT
1152 2138 1443 2238 PRIMUM.

374 2278 453 2336 De
473 2279 644 2351 gratia
673 2278 1140 2351 amicorum,qu
1170 2278 1317 2351 puris
1349 2287 1397 2330 et
1423 2274 1665 2330 dulcibus
1686 2274 1961 2347 colloquiis

795 2348 1085 2403 inimicitia:
1106 2347 1212 2402 non
1232 2347 1533 2417 subrepant.

449 2485 468 2517 ι
503 2465 741 2520 Verbum
760 2465 922 2520 dulce
948 2463 1273 2533 multiplicat
1299 2462 1523 2524 amicos,
1551 2469 1607 2516 et
1632 2460 1844 2531 mitigat
1866 2459 1966 2513 iui.

378 2574 399 2606 ι
442 2556 643 2619 micos;
694 2563 752 2608 et
792 2554 974 2623 lingua
1019 2552 1274 2607 eucharis
1302 2551 1356 2604 in
1381 2553 1523 2607 bono
1552 2551 1768 2607 homine
1793 2550 1964 2603 abun-

379 2663 397 2693 ι
436 2644 547 2697 dat.
591 2663 611 2696 ι
647 2642 786 2697 Hinc
805 2650 860 2697 et
885 2643 937 2697 in
964 2642 1275 2697 Proverbiis
1295 2642 1554 2712 scriptum
1582 2649 1665 2697 est
1693 2659 1707 2695 :
1739 2659 1757 2693 ι
1794 2639 1962 2695 Lahia

368 2731 504 2802 justi
550 2732 807 2787 erudiunt
842 2732 1135 2803 plurimos,
1168 2742 1224 2788 et
1253 2733 1305 2787 in
1332 2732 1493 2788 labiis
1523 2732 1779 2801 sapientis
1808 2732 1959 2787 inve-

371 2825 521 2879 nitur
545 2825 808 2895 sapientia
835 2823 1018 2896 (Prov.
1049 2823 1128 2898 x).
1172 2844 1190 2877 ι
1224 2825 1293 2880 Et
1320 2825 1489 2880 item:
1522 2842 1545 2875 ¢
1577 2823 1770 2880 Sermo
1795 2824 1963 2880 durus

372 2918 601 2973 suscitat
648 2918 796 2973 rixas
819 2957 834 2982 ,
881 2926 939 2974 et
986 2932 1167 2974 sermo
1217 2916 1356 2972 lenis
1411 2917 1627 2989 mitigat
1673 2917 1963 2973 suscitatas

371 3008 536 3080 (Ibid.
570 3008 684 3081 xv).
723 3028 742 3060 ι
789 3007 1106 3078 Multiplicat
1140 3022 1272 3079 ergo
1315 3008 1718 3065 ecclesiasticus
1757 3008 1870 3075 vir,
1903 3009 1961 3064 in

370 3113 481 3169 quo
505 3098 688 3166 lingua
709 3097 982 3163 eucharis,
1012 3097 1117 3152 hoc
1151 3104 1238 3152 est
1287 3097 1443 3152 bona:
1486 3097 1695 3168 gratiae,
1723 3098 1962 3154 abundat

371 3186 609 3242 ﬁdelium
636 3186 854 3242 turbam
876 3186 1153 3251 docendo;
1186 3194 1243 3241 et
1277 3194 1687 3255 persecuturum
1721 3187 1961 3243 furorem

370 3280 657 3351 perspicua
693 3280 908 3335 ratione
946 3280 1192 3335 veritatis
1225 3294 1369 3350 saepe
1396 3295 1778 3336 mansuescere
1803 3279 1956 3337 facit.

446 3390 466 3422 ι
522 3370 671 3425 Multi
715 3370 927 3441 paciﬁci
962 3373 1073 3426 sint
1113 3371 1230 3437 tibi,
1273 3379 1329 3427 et
1365 3370 1708 3427 consiliarius
1748 3371 1819 3427 sit
1864 3370 1961 3427 tibi

374 3477 394 3511 ι
428 3476 569 3515 unus
593 3461 661 3516 de
688 3460 852 3516 mille.
883 3481 902 3512 ι
960 3460 1097 3517 Cum
1149 3462 1403 3517 omnibus
1448 3477 1578 3532 ergo
1629 3461 1956 3527 hominibus,

1991 2186 2038 2245 Β
2071 2199 2089 2233 ι
2120 2181 2250 2236 etin
2275 2180 2588 2240 domesticis
2613 2185 2722 2241 tuis
2755 2186 3084 2247 ﬁducialiter
3108 2202 3249 2266 aget.
3291 2214 3311 2249 ι
3343 2196 3451 2254 Per
3474 2201 3660 2257 direr-

2060 2286 2151 2327 sas
2175 2272 2383 2342 species
2424 2274 2591 2332 falsos
2621 2279 2826 2336 amicos
2852 2282 3185 2352 exprimens,
3210 2288 3427 2344 tandem
3450 2293 3522 2346 ad
3544 2296 3665 2350 veri

2061 2363 2220 2418 amici
2260 2367 2507 2436 pervenit
2529 2369 3071 2444 demonstrationem,
3099 2379 3225 2448 quia
3249 2381 3401 2437 multi
3450 2387 3665 2443 amicos

2062 2469 2266 2510 secsse
2299 2457 2625 2527 proﬁtentur
2650 2461 2705 2516 in
2746 2466 3044 2535 prosperis,
3091 2477 3148 2523 et
3194 2470 3248 2525 in
3303 2474 3549 2533 adversis
3601 2494 3667 2535 se

2062 2546 2413 2604 manifestam
2440 2549 2554 2607 ﬁeri
2580 2552 2851 2611 inimicos.
2884 2555 3039 2613 Unde
3067 2538 3444 2634 subiungitur}

2137 2656 2158 2689 ι
2201 2637 2257 2692 Si
2300 2639 2667 2698 bumiliaverit
2693 2660 2753 2700 se
2805 2655 2996 2702 contra
3047 2657 3119 2715 te,
3156 2667 3187 2705 a
3226 2650 3367 2709 facie
3400 2662 3492 2711 tua
3525 2659 3664 2715 abs-

2066 2745 2087 2778 t
2118 2730 2318 2783 condet
2357 2744 2437 2785 se.
2476 2750 2497 2784 ι
2540 2731 2719 2804 Fingit
2740 2737 2887 2791 enim
2908 2752 2966 2792 se
2994 2737 3132 2796 facie
3156 2749 3316 2799 tenus
3349 2759 3474 2802 esse
3502 2748 3669 2805 dero-

2061 2827 2199 2886 tum,
2226 2822 2322 2877 sed
2351 2822 2407 2877 in
2456 2827 2799 2883 necessitatis
2846 2839 3041 2885 eventu
3094 2834 3346 2902 probabit
3385 2853 3447 2894 se
3489 2842 3666 2898 corde

2060 2922 2182 2969 esse
2206 2910 2463 2967 alienum.
2495 2913 2620 2970 Ideo
2647 2916 2868 2986 dicitur,
2897 2939 2917 2972 ι
2951 2923 3248 2981 abscondet
3273 2942 3352 2995 se,
3384 2949 3403 2980 ι
3431 2929 3537 2987 hoc
3572 2942 3666 2988 est

2062 3000 2216 3072 tingit
2240 3016 2298 3056 se
2327 3016 2448 3058 esse
2473 3005 2618 3074 quod
2645 3022 2754 3062 non
2799 3018 2902 3065 est.

2134 3109 2155 3143 ι
2194 3090 2520 3150 Unanimem
2547 3096 2772 3154 habebis
2811 3102 3107 3161 amicitiam
3133 3106 3352 3177 bonam,
3377 3112 3447 3168 ab
3473 3113 3669 3170 inimi-

2067 3199 2088 3233 ι
2125 3183 2210 3239 cis
2240 3185 2349 3240 tuis
2379 3202 2633 3256 separare
2685 3200 2740 3247 et
2768 3194 2836 3247 ab
2859 3196 3050 3252 amicis
3075 3200 3182 3255 tuis
3212 3203 3450 3260 attende.
3492 3225 3511 3258 ι
3551 3206 3666 3263 Ubi

2061 3274 2390 3330 unanimitas
2414 3279 2665 3335 estinter
2689 3283 2917 3349 amicos,
2949 3286 3022 3341 ibi
3072 3290 3340 3348 stabilitas
3388 3303 3476 3349 est
3517 3299 3668 3353 arui-

2059 3362 2232 3429 citite;
2264 3365 2355 3455 ubi
2379 3376 2561 3423 autem
2588 3368 2736 3428 ﬁctio
2756 3380 2941 3429 etnon
2963 3378 3186 3447 veritas,
3208 3380 3282 3437 ibi
3307 3398 3663 3455 nequaquam

2059 3460 2144 3544 est
2169 3454 2423 3511 amicitiae
2451 3457 2700 3516 ﬁrmitas.
2733 3461 2887 3519 Unde
2920 3466 3177 3524 admonet
3206 3478 3268 3525 ut
3291 3474 3361 3527 ab
3389 3454 3662 3544 inimicis.

368 3561 630 3622 quantum
652 3552 981 3623 possibilitas
1006 3552 1152 3619 sinit,
1176 3568 1279 3624 pax
1309 3562 1395 3608 est
1420 3554 1681 3619 tenenda;
1722 3554 1820 3609 sed
1848 3536 2028 3609 nunc
2062 3542 2150 3597 “bi
2177 3552 2364 3612 Palem
2398 3546 2721 3616 ininiicilize.
2752 3554 2970 3623 penitus
2993 3571 3054 3612 se
3078 3569 3327 3629 separet,
3368 3572 3425 3619 et
3469 3536 3681 3623 caute;

367 3660 491 3700 cum
519 3645 703 3700 multis
727 3646 1013 3702 consilium
1042 3647 1355 3702 ineundum.
1384 3645 1523 3714 Quia
1548 3646 1810 3716 scriptum
1834 3655 1956 3703 est:

372 3756 392 3789 ‹
427 3736 575 3792 Multi
607 3738 851 3793 homines
871 3738 1249 3793 misericordes
1271 3745 1553 3802 vocantur,
1575 3737 1753 3792 virum
1774 3744 1956 3791 autem

372 3829 584 3884 ﬁdelem
610 3830 735 3900 quis
760 3830 1034 3885 inveniet?
1071 3828 1254 3901 (Prov.
1287 3828 1403 3900 xx.)
1436 3848 1454 3880 ι
1483 3828 1551 3882 Ει
1579 3828 1707 3883 alibi
1744 3847 1757 3882 :
1794 3847 1814 3880 ι
1853 3828 1960 3883 lui-

367 3922 543 3977 Inicus
567 3937 693 3977 cum
724 3921 777 3977 in
822 3922 985 3977 corde
1028 3920 1340 3977 tractaverit
1388 3920 1558 3983 dolos,
1589 3920 1804 3991 quando
1831 3921 1959 3975 sub-

368 4013 578 4067 miserit
623 4027 810 4068 vocem
849 4027 1024 4077 suam,
1053 4027 1122 4067 ne
1149 4011 1445 4066 credideris
1471 4011 1551 4076 ei,
1578 4011 1833 4081 quoniam
1866 4026 1956 4067 se-

366 4111 516 4174 ptem
552 4102 807 4171 nequitite
853 4112 980 4158 sunt
1029 4103 1081 4158 in
1130 4103 1295 4157 corde
1343 4102 1486 4157 illius
1527 4102 1691 4174 (Ibid.
1718 4102 1890 4175 xxvn).
1931 4122 1950 4155 ι

367 4192 437 4248 Et
485 4192 888 4248 Ecclesiastes:
933 4212 951 4244 ι
989 4193 1195 4258 Virum,
1238 4193 1432 4263 inquit,
1482 4193 1551 4248 de
1596 4193 1744 4247 mille
1789 4209 1955 4248 unum

369 4284 544 4354 reperi
568 4302 581 4338 :
602 4282 883 4339 mulierem
896 4299 967 4339 ex
976 4282 1229 4339 omnibus
1243 4298 1351 4339 non
1367 4284 1547 4338 inveni
1564 4283 1764 4355 (Eccle.
1789 4283 1908 4357 vn).
1930 4304 1949 4336 ι

369 4373 669 4430 Suntenim
697 4375 918 4443 quidam
940 4375 1034 4443 qui
1064 4373 1409 4429 devotiOuem
1454 4374 1657 4429 habent
1681 4375 1835 4430 bona:
1864 4390 1958 4430 vo-

365 4462 614 4529 luntatis,
638 4462 731 4518 sed
759 4479 866 4519 non
894 4465 1090 4521 mentis
1108 4465 1471 4533 prudentiam.
1487 4463 1595 4518 Alii
1626 4473 1806 4520 autem
1828 4480 1957 4535 pru-

366 4555 557 4609 dentes
578 4562 708 4610 sunt
722 4555 904 4619 corde,
919 4556 1014 4610 sed
1039 4555 1282 4624 perversi
1308 4556 1606 4610 voluntate.
1632 4555 1733 4611 Ubi
1771 4566 1953 4612 autem

364 4647 581 4701 devotio
610 4646 733 4702 ﬁdei
757 4655 814 4702 et
837 4662 1028 4702 sensus
1056 4646 1420 4717 intelligentia:
1448 4648 1653 4716 pariter
1674 4649 1954 4703 inveniun—

367 4744 474 4802 tur,
502 4736 575 4792 ibi
610 4736 895 4792 consilium
917 4736 1050 4790 utile
1076 4746 1377 4806 opportune
1398 4737 1681 4807 qumritur.

992 4847 1222 4905 CAPUT
1255 4848 1319 4903 ll.

2060 3632 2167 3688 lam
2196 3635 2391 3694 habeat
2421 3640 2474 3694 in
2502 3641 2801 3699 amicorum
2836 3647 3179 3706 discretione.
3210 3652 3522 3713 Notandum
3551 3677 3663 3716 au-

2062 3733 2169 3781 tem
2196 3729 2342 3797 quod
2370 3730 2486 3786 inec
2518 3732 2863 3792 discretionis
2888 3739 3235 3798 observantia
3275 3748 3515 3805 maxime
3558 3767 3668 3807 ne—

2061 3815 2299 3910 cessaria
2349 3826 2433 3873 est
2481 3819 2623 3878 inter
2665 3824 2962 3883 catholicos
3008 3838 3065 3885 et
3114 3832 3403 3892 haereticos
3459 3856 3474 3893 :
3520 3841 3664 3910 quia

2060 3902 2299 3959 haeretici
2321 3921 2537 3963 omnem
2560 3913 3014 3973 machinationem
3037 3935 3191 3976 suam
3211 3938 3309 3993 per
3331 3902 3663 3998 hypocrisin
3756 3905 3771 3918 I

2058 4003 2536 4089 agunt,_quatenus
2556 4001 2805 4061 incautos
2826 4022 3069 4079 quosque
3097 4010 3311 4071 facilius
3350 4016 3659 4089 decipiant.

2063 4082 2212 4139 Unde
2268 4085 2519 4145 Salvator
2568 4092 2626 4148 in
2680 4094 2974 4168 Evangelia
3025 4113 3345 4172 praemonet,
3386 4082 3581 4166 dicens
3644 4133 3660 4168 :

2063 4172 2399 4268 «(Attendite
2442 4187 2623 4236 autem
2656 4185 2807 4241 vobis
2837 4202 2868 4241 a
2898 4188 3052 4253 falsis
3090 4194 3394 4263 prophetis,
3418 4200 3511 4268 qui
3552 4216 3663 4258 ve-

2056 4265 2211 4321 niunt
2230 4268 2300 4322 ad
2324 4285 2421 4326 vos
2448 4272 2503 4326 in
2528 4276 2862 4334 vestimentis
2881 4281 3086 4351 ovium,
3110 4265 3660 4348 intrinsecus‘aulcm

2056 4364 2182 4409 sunt
2230 4356 2341 4428 lupi
2388 4375 2641 4451 rapaces,
2682 4381 2749 4422 ex
2789 4367 3058 4429 fructibus
3084 4389 3274 4431 eorum
3304 4386 3668 4451 cegnoscetis

2055 4458 2172 4509 eos,
2210 4466 2227 4497 ι
2264 4456 2370 4503 etc.
2403 4449 2622 4521 (Matth.
2663 4457 2783 4529 vn).
2817 4457 2955 4515 Hinc
2993 4470 3048 4517 et
3068 4461 3357 4534 Apostolus
3378 4449 3460 4523 ad
3481 4469 3669 4528 disci-

2054 4537 2237 4606 pulum
2284 4541 2545 4609 scribens,
2578 4546 2694 4601 ait:
2732 4566 2752 4598 ι
2794 4548 2839 4605 0
2867 4550 3185 4621 Timothee,
3210 4557 3517 4628 depositum
3548 4578 3664 4618 cit--

2055 4629 2215 4720 studi,
2241 4632 2484 4690 devitans
2512 4635 2767 4705 profanas
2792 4656 2985 4697 vocum
3016 4645 3316 4713 novitates,
3347 4656 3403 4703 et
3427 4654 3671 4720 opposi-

2054 4718 2227 4775 tiones
2257 4720 2376 4778 falsi
2398 4725 2632 4782 nominis
2654 4729 2912 4812 scientia),
2937 4748 3100 4802 quam
3142 4735 3361 4804 quidam
3412 4718 3666 4808 promit-

2056 4821 2230 4869 tentes
2254 4816 2400 4872 circa
2452 4819 2609 4875 Iidem
2652 4822 2971 4879 exciderunt
3011 4824 3061 4897 (1
3098 4826 3233 4882 Tim.
3262 4828 3364 4894 vt).
3401 4849 3421 4882 ι
3457 4831 3527 4886 Ει
3581 4839 3664 4890 ad

366 4939 640 5009 Sapientia
681 4949 825 4995 notat
870 4942 1100 5016 anticum
1127 4942 1217 5012 qui
1241 4951 1449 5016 tantum
1471 5013 1479 5016 Α
1505 4952 1718 5016 propter
1766 4944 1949 5016 epulas
1972 4885 2029 4945 Β
2054 4902 2368 5016 Ὺηξωξοείί
2411 4928 2431 4961 ί
2465 4910 2616 5015 ΒΨ
2652 4923 2840 5016 amen:
2856 4931 2972 5016 "0.53
3006 4917 3221 5016 fratres
3252 4929 3313 4975 ut
3334 4921 3666 5016 Ῡδδθῗνθείδ

546 5026 738 5065 meum:
760 5020 880 5074 stat,
902 5022 950 5065 et
978 5012 1034 5066 in
1055 5012 1361 5067 necessitate
1393 5012 1655 5068 subtrahit
1684 5031 1759 5070 se.

2051 5010 2144 5051 eos
2170 4999 2262 5069 qui
2296 5000 2658 5061 dissensiones
2685 5014 2740 5060 et
2759 5005 3080 5063 oﬁ‘eudieula
3108 5017 3304 5081 praeter
3326 5012 3660 5070 doctrinam

444 5119 459 5151 ι
488 5097 546 5153 Si
566 5099 812 5167 possides
829 5101 1085 5167 amicum,
1106 5101 1158 5155 in
1188 5104 1480 5158 ιαιωιίοηε
1493 5104 1710 5175 posside
1733 5119 1876 5170 eum,
1892 5114 1950 5162 ει
2050 5102 2212 5157 quam
2242 5105 2340 5146 vos
2364 5092 2630 5150 didicistis
2646 5096 2944 5164 faciunt,et
2970 5099 3235 5156 declinate
3255 5101 3324 5157 ab
3357 5101 3467 5157 illis
3494 5120 3509 5157 :
3543 5104 3664 5159 hu-

369 5209 389 5242 σ
424 5202 492 5244 ne
525 5186 685 5245 facile
715 5190 907 5245 credas
931 5191 983 5245 ei
1023 5190 1284 5262 teipsum;
1335 5202 1421 5249 est
1452 5195 1599 5249 enim
1625 5195 1834 5251 amicus
1859 5210 1948 5251 se-

2069 5184 2339 5239 uscemodi
2366 5186 2509 5240 enim
2535 5185 2753 5245 Christo
2777 5190 3007 5248 Domino
3031 5200 3216 5249 nostro
3241 5209 3351 5250 non
3366 5195 3657 5265 serviunt,
3743 5241 3767 5246 ι

2047 5277 2143 5333 sed
2164 5292 2263 5333 suo
2282 5280 2488 5348 ventri;
2518 5290 2573 5337 et
2597 5298 2696 5354 per
2719 5282 2901 5339 dulces
2924 5300 3203 5342 sermones
3224 5294 3282 5341 et
3303 5287 3661 5346 benedictio-

366 5303 388 5334 ι
420 5284 659 5340 cundum
687 5290 901 5352 tempus
933 5300 1122 5351 suum,
1151 5293 1208 5340 et
1243 5302 1348 5340 non
1388 5290 1727 5357 permanebit
1760 5290 1816 5344 in
1856 5291 1945 5347 die

366 5394 387 5428 σ
427 5375 826 5441 tribulationis;
884 5385 941 5432 et
973 5386 1061 5432 est
1104 5378 1312 5435 amicus
1347 5381 1440 5449 qui
1488 5382 1826 5438 convertitur
1876 5384 1945 5440 ad

2066 5382 2148 5423 ιεε
2177 5370 2439 5427 seducunt
2459 5372 2622 5429 corda
2652 5374 3020 5431 innocentium
3049 5375 3228 5449 (Rom.
3253 5375 3388 5447 xvi).
3427 5395 3448 5428 ι

366 5487 387 5522 ι
430 5469 791 5535 inimicitiam,
819 5478 875 5526 et
901 5476 987 5525 est
1014 5469 1222 5525 amicus
1256 5471 1349 5542 qui
1395 5473 1607 5538 odium,
1639 5482 1697 5529 et
1737 5475 1942 5541 rixam,

366 5577 390 5613 ι
420 5570 475 5619 ει
499 5563 746 5620 convicia
768 5564 1096 5630 denudabit;
1152 5573 1236 5620 est
1281 5574 1463 5621 autem
1508 5568 1715 5623 amicus
1762 5569 1943 5625 socius

368 5670 387 5702 ι
418 5668 638 5721 mensae,
665 5665 720 5711 et
743 5670 846 5713 non
869 5655 1210 5727 permanebit
1229 5655 1281 5709 in
1302 5656 1390 5711 die
1418 5658 1775 5713 necessitatis.
1794 5658 1944 5714 Ami-

371 5759 389 5792 ι
426 5760 522 5800 cus
545 5748 589 5801 si
616 5749 976 5816 permanserit
1001 5747 1162 5812 ﬁxus.
1192 5748 1296 5804 erit
1323 5749 1419 5805 tibi
1449 5750 1604 5820 quasi
1631 5749 1939 5820 coazqualis,

2126 5497 2144 5531 ι
2178 5481 2398 5540 Amicus
2428 5484 2598 5541 ﬁdelis
2631 5489 2897 5557 protectio
2924 5488 3081 5544 fortis
3103 5529 3119 5555 ,
3146 5489 3238 5559 qui
3268 5497 3454 5545 autem
3477 5492 3652 5548 inve-

2055 5592 2073 5624 ι
2115 5574 2193 5628 nit
2222 5575 2370 5630 illum
2397 5618 2412 5643 ,
2443 5577 2646 5633 invenit
2693 5580 3024 5636 thesaurum.
3074 5580 3265 5637 Amico
3309 5581 3454 5638 ﬁdeli
3487 5584 3654 5641 nulla

2054 5682 2071 5714 ι
2109 5672 2190 5718 εει
2214 5667 2546 5735 comparatio
2587 5687 2598 5721 :
2631 5677 2687 5724 et
2710 5684 2814 5724 non
2845 5679 2928 5726 est
2971 5670 3130 5742 digna
3159 5671 3479 5742 ponderatio
3509 5676 3649 5729 auri

2054 5772 2072 5805 ι
2109 5761 2164 5810 ει
2191 5756 2400 5824 argenti
2426 5766 2611 5812 contra
2641 5759 2938 5817 bonitatem
2970 5760 3092 5818 ﬁdei
3127 5761 3287 5818 illius.
3328 5781 3347 5814 ι
3381 5762 3516 5830 Quid
3545 5773 3648 5820 est
