  <div class='ocr_page' id='page_1' title='image "/cluster/home/n/w/nwhite01/storage/ocr_20150623/109/hvd.32044054759741/404.png"; bbox 0 0 3928 6182; ppageno 0'>
   <div class='ocr_carea' id='block_1_1' title="bbox 192 409 294 463">
    <p class='ocr_par' dir='ltr' id='par_1_1' title="bbox 192 409 294 463">
     <span class='ocr_line' id='line_1_1' title="bbox 192 409 294 463; baseline 0 -1"><span class='ocrx_word' id='word_1_1' title='bbox 192 409 294 463; x_wconf 80' lang='lat'><strong>791’</strong></span> 
     </span>
    </p>
   </div>
   <div class='ocr_carea' id='block_1_2' title="bbox 1075 381 2560 456">
    <p class='ocr_par' dir='ltr' id='par_1_2' title="bbox 1075 381 2560 456">
     <span class='ocr_line' id='line_1_2' title="bbox 1075 381 2560 456; baseline -0.012 -2"><span class='ocrx_word' id='word_1_2' title='bbox 1075 395 1430 456; x_wconf 79' lang='lat' dir='ltr'><strong>COMMENT.</strong></span> <span class='ocrx_word' id='word_1_3' title='bbox 1467 395 1534 449; x_wconf 78' lang='grc' dir='ltr'><strong>ΙΝ</strong></span> <span class='ocrx_word' id='word_1_4' title='bbox 1575 387 2186 449; x_wconf 72' lang='lat' dir='ltr'><strong>ECCLESIASTICUM.</strong></span> <span class='ocrx_word' id='word_1_5' title='bbox 2226 417 2295 426; x_wconf 89' lang='lat'><strong><em>—</em></strong></span> <span class='ocrx_word' id='word_1_6' title='bbox 2330 385 2457 439; x_wconf 85' lang='lat' dir='ltr'><strong>LIB.</strong></span> <span class='ocrx_word' id='word_1_7' title='bbox 2498 381 2560 437; x_wconf 77' lang='lat' dir='ltr'><strong>il.</strong></span> 
     </span>
    </p>
   </div>
   <div class='ocr_carea' id='block_1_3' title="bbox 3349 379 3454 435">
    <p class='ocr_par' dir='ltr' id='par_1_3' title="bbox 3349 379 3454 435">
     <span class='ocr_line' id='line_1_3' title="bbox 3349 379 3454 435; baseline 0.029 -3"><span class='ocrx_word' id='word_1_8' title='bbox 3349 379 3454 435; x_wconf 77' lang='lat'><strong>798</strong></span> 
     </span>
    </p>
   </div>
   <div class='ocr_carea' id='block_1_4' title="bbox 190 488 3475 583">
    <p class='ocr_par' dir='ltr' id='par_1_4' title="bbox 190 488 3475 583">
     <span class='ocr_line' id='line_1_4' title="bbox 190 488 3475 583; baseline -0.012 -3"><span class='ocrx_word' id='word_1_9' title='bbox 190 526 337 581; x_wconf 81' lang='lat' dir='ltr'><strong>enim</strong></span> <span class='ocrx_word' id='word_1_10' title='bbox 363 520 595 583; x_wconf 86' lang='lat' dir='ltr'><strong>amicus,</strong></span> <span class='ocrx_word' id='word_1_11' title='bbox 624 517 730 572; x_wconf 86' lang='lat' dir='ltr'><strong>nisi</strong></span> <span class='ocrx_word' id='word_1_12' title='bbox 757 529 982 570; x_wconf 87' lang='lat' dir='ltr'><strong>consors</strong></span> <span class='ocrx_word' id='word_1_13' title='bbox 1004 512 1228 575; x_wconf 89' lang='lat' dir='ltr'><strong>amoris,</strong></span> <span class='ocrx_word' id='word_1_14' title='bbox 1261 511 1329 564; x_wconf 90' lang='lat' dir='ltr'><strong>ad</strong></span> <span class='ocrx_word' id='word_1_15' title='bbox 1355 523 1516 579; x_wconf 84' lang='lat' dir='ltr'><strong>quem</strong></span> <span class='ocrx_word' id='word_1_16' title='bbox 1544 507 1784 560; x_wconf 88' lang='lat' dir='ltr'><strong>animum</strong></span> <span class='ocrx_word' id='word_1_17' title='bbox 1813 509 1862 564; x_wconf 79' lang='grc' dir='ltr'><strong>Α</strong></span> <span class='ocrx_word' id='word_1_18' title='bbox 1889 499 2206 556; x_wconf 74' lang='lat' dir='ltr'><strong>substantia:</strong></span> <span class='ocrx_word' id='word_1_19' title='bbox 2239 494 2550 557; x_wconf 84' lang='lat' dir='ltr'><strong>mundialis,</strong></span> <span class='ocrx_word' id='word_1_20' title='bbox 2582 498 2638 545; x_wconf 90' lang='lat' dir='ltr'><strong>et</strong></span> <span class='ocrx_word' id='word_1_21' title='bbox 2664 489 2903 544; x_wconf 90' lang='lat' dir='ltr'><strong>omnium</strong></span> <span class='ocrx_word' id='word_1_22' title='bbox 2928 503 3064 557; x_wconf 91' lang='lat' dir='ltr'><strong>quas</strong></span> <span class='ocrx_word' id='word_1_23' title='bbox 3097 488 3360 543; x_wconf 76' lang='lat' dir='ltr'><strong>habemus</strong></span> <span class='ocrx_word' id='word_1_24' title='bbox 3387 504 3475 542; x_wconf 77' lang='lat' dir='ltr'><strong>re—</strong></span> 
     </span>
    </p>
   </div>
   <div class='ocr_carea' id='block_1_5' title="bbox 192 599 1788 680">
    <p class='ocr_par' dir='ltr' id='par_1_5' title="bbox 192 599 1788 680">
     <span class='ocr_line' id='line_1_5' title="bbox 192 599 1788 680; baseline -0.014 -9"><span class='ocrx_word' id='word_1_25' title='bbox 192 628 346 672; x_wconf 90' lang='lat' dir='ltr'><strong>tuum</strong></span> <span class='ocrx_word' id='word_1_26' title='bbox 400 611 664 680; x_wconf 72' lang='lat' dir='ltr'><strong>adiungas</strong></span> <span class='ocrx_word' id='word_1_27' title='bbox 711 615 875 675; x_wconf 91' lang='lat' dir='ltr'><strong>atque</strong></span> <span class='ocrx_word' id='word_1_28' title='bbox 918 605 1177 674; x_wconf 83' lang='lat' dir='ltr'><strong>applices,</strong></span> <span class='ocrx_word' id='word_1_29' title='bbox 1221 613 1278 656; x_wconf 89' lang='lat' dir='ltr'><strong>et</strong></span> <span class='ocrx_word' id='word_1_30' title='bbox 1315 601 1388 654; x_wconf 91' lang='lat' dir='ltr'><strong>ita</strong></span> <span class='ocrx_word' id='word_1_31' title='bbox 1431 599 1684 660; x_wconf 85' lang='lat' dir='ltr'><strong>misceas,</strong></span> <span class='ocrx_word' id='word_1_32' title='bbox 1727 603 1788 648; x_wconf 88' lang='lat' dir='ltr'><strong>ut</strong></span> 
     </span>
    </p>
   </div>
   <div class='ocr_carea' id='block_1_6' title="bbox 190 683 1784 760">
    <p class='ocr_par' dir='ltr' id='par_1_6' title="bbox 190 683 1784 760">
     <span class='ocr_line' id='line_1_6' title="bbox 190 683 1784 760; baseline -0.016 -1"><span class='ocrx_word' id='word_1_33' title='bbox 190 719 358 760; x_wconf 88' lang='lat' dir='ltr'><strong>unum</strong></span> <span class='ocrx_word' id='word_1_34' title='bbox 392 700 528 755; x_wconf 80' lang='lat' dir='ltr'><strong>velis</strong></span> <span class='ocrx_word' id='word_1_35' title='bbox 573 697 689 751; x_wconf 83' lang='lat' dir='ltr'><strong>fieri</strong></span> <span class='ocrx_word' id='word_1_36' title='bbox 743 709 812 749; x_wconf 72' lang='lat' dir='ltr'><strong>ex</strong></span> <span class='ocrx_word' id='word_1_37' title='bbox 837 692 1064 747; x_wconf 89' lang='lat' dir='ltr'><strong>duobus.</strong></span> <span class='ocrx_word' id='word_1_38' title='bbox 1097 689 1195 745; x_wconf 91' lang='lat' dir='ltr'><strong>Cui</strong></span> <span class='ocrx_word' id='word_1_39' title='bbox 1247 699 1298 744; x_wconf 88' lang='lat' dir='ltr'><strong>te</strong></span> <span class='ocrx_word' id='word_1_40' title='bbox 1342 697 1597 755; x_wconf 90' lang='lat' dir='ltr'><strong>tanquam</strong></span> <span class='ocrx_word' id='word_1_41' title='bbox 1647 683 1784 736; x_wconf 85' lang='lat' dir='ltr'><strong>alte-</strong></span> 
     </span>
    </p>
   </div>
   <div class='ocr_carea' id='block_1_7' title="bbox 194 773 1790 851">
    <p class='ocr_par' dir='ltr' id='par_1_7' title="bbox 194 773 1790 851">
     <span class='ocr_line' id='line_1_7' title="bbox 194 773 1790 851; baseline -0.016 -1"><span class='ocrx_word' id='word_1_42' title='bbox 194 811 312 850; x_wconf 84' lang='lat' dir='ltr'><strong>rum</strong></span> <span class='ocrx_word' id='word_1_43' title='bbox 341 792 440 847; x_wconf 90' lang='lat' dir='ltr'><strong>tibi</strong></span> <span class='ocrx_word' id='word_1_44' title='bbox 470 788 779 845; x_wconf 87' lang='lat' dir='ltr'><strong>committas</strong></span> <span class='ocrx_word' id='word_1_45' title='bbox 804 824 818 847; x_wconf 92' lang='lat'><strong>,</strong></span> <span class='ocrx_word' id='word_1_46' title='bbox 862 799 892 837; x_wconf 86' lang='lat' dir='ltr'><strong>a</strong></span> <span class='ocrx_word' id='word_1_47' title='bbox 927 797 1035 851; x_wconf 91' lang='lat' dir='ltr'><strong>quo</strong></span> <span class='ocrx_word' id='word_1_48' title='bbox 1062 780 1196 835; x_wconf 84' lang='lat' dir='ltr'><strong>nihil</strong></span> <span class='ocrx_word' id='word_1_49' title='bbox 1243 780 1436 833; x_wconf 83' lang='lat' dir='ltr'><strong>timeas</strong></span> <span class='ocrx_word' id='word_1_50' title='bbox 1457 815 1471 840; x_wconf 93' lang='lat'><strong>,</strong></span> <span class='ocrx_word' id='word_1_51' title='bbox 1510 773 1644 828; x_wconf 87' lang='lat' dir='ltr'><strong>nihil</strong></span> <span class='ocrx_word' id='word_1_52' title='bbox 1675 773 1790 842; x_wconf 89' lang='lat' dir='ltr'><strong>ipse</strong></span> 
     </span>
    </p>
   </div>
   <div class='ocr_carea' id='block_1_8' title="bbox 194 867 1788 942">
    <p class='ocr_par' dir='ltr' id='par_1_8' title="bbox 194 867 1788 942">
     <span class='ocr_line' id='line_1_8' title="bbox 194 867 1788 942; baseline -0.014 0"><span class='ocrx_word' id='word_1_53' title='bbox 194 885 464 942; x_wconf 87' lang='lat' dir='ltr'><strong>commodi</strong></span> <span class='ocrx_word' id='word_1_54' title='bbox 497 883 570 936; x_wconf 89' lang='lat' dir='ltr'><strong>tui</strong></span> <span class='ocrx_word' id='word_1_55' title='bbox 601 893 761 934; x_wconf 89' lang='lat' dir='ltr'><strong>causa</strong></span> <span class='ocrx_word' id='word_1_56' title='bbox 790 877 1134 931; x_wconf 91' lang='lat' dir='ltr'><strong>inhonestum</strong></span> <span class='ocrx_word' id='word_1_57' title='bbox 1176 881 1346 942; x_wconf 81' lang='lat' dir='ltr'><strong>petas.</strong></span> <span class='ocrx_word' id='word_1_58' title='bbox 1372 869 1490 924; x_wconf 86' lang='lat' dir='ltr'><strong>Non</strong></span> <span class='ocrx_word' id='word_1_59' title='bbox 1521 867 1666 922; x_wconf 89' lang='lat' dir='ltr'><strong>enim</strong></span> <span class='ocrx_word' id='word_1_60' title='bbox 1697 879 1788 919; x_wconf 88' lang='lat' dir='ltr'><strong>ve-</strong></span> 
     </span>
    </p>
   </div>
   <div class='ocr_carea' id='block_1_9' title="bbox 193 957 1790 1049">
    <p class='ocr_par' dir='ltr' id='par_1_9' title="bbox 193 957 1790 1049">
     <span class='ocr_line' id='line_1_9' title="bbox 193 957 1790 1049; baseline -0.016 -14"><span class='ocrx_word' id='word_1_61' title='bbox 193 977 411 1049; x_wconf 81' lang='lat' dir='ltr'><strong>ctigalis</strong></span> <span class='ocrx_word' id='word_1_62' title='bbox 440 973 678 1029; x_wconf 86' lang='lat' dir='ltr'><strong>amicitia</strong></span> <span class='ocrx_word' id='word_1_63' title='bbox 707 978 812 1034; x_wconf 91' lang='lat' dir='ltr'><strong>est,</strong></span> <span class='ocrx_word' id='word_1_64' title='bbox 845 967 938 1023; x_wconf 89' lang='lat' dir='ltr'><strong>sed</strong></span> <span class='ocrx_word' id='word_1_65' title='bbox 964 967 1122 1035; x_wconf 90' lang='lat' dir='ltr'><strong>plena</strong></span> <span class='ocrx_word' id='word_1_66' title='bbox 1150 964 1362 1020; x_wconf 77' lang='lat' dir='ltr'><strong>decoris</strong></span> <span class='ocrx_word' id='word_1_67' title='bbox 1385 1003 1399 1026; x_wconf 92' lang='lat'><strong>,</strong></span> <span class='ocrx_word' id='word_1_68' title='bbox 1429 960 1588 1031; x_wconf 89' lang='lat' dir='ltr'><strong>plena</strong></span> <span class='ocrx_word' id='word_1_69' title='bbox 1613 957 1790 1028; x_wconf 85' lang='lat' dir='ltr'><strong>gratia</strong></span> 
     </span>
    </p>
   </div>
   <div class='ocr_carea' id='block_1_10' title="bbox 195 1050 1790 1132">
    <p class='ocr_par' dir='ltr' id='par_1_10' title="bbox 195 1050 1790 1132">
     <span class='ocr_line' id='line_1_10' title="bbox 195 1050 1790 1132; baseline -0.013 -11"><span class='ocrx_word' id='word_1_70' title='bbox 195 1068 434 1123; x_wconf 87' lang='lat' dir='ltr'><strong>virtutis.</strong></span> <span class='ocrx_word' id='word_1_71' title='bbox 459 1063 598 1132; x_wconf 87' lang='lat' dir='ltr'><strong>Quid</strong></span> <span class='ocrx_word' id='word_1_72' title='bbox 626 1060 867 1116; x_wconf 84' lang='lat' dir='ltr'><strong>amicitia</strong></span> <span class='ocrx_word' id='word_1_73' title='bbox 900 1055 1230 1128; x_wconf 90' lang='lat' dir='ltr'><strong>pretiosius?</strong></span> <span class='ocrx_word' id='word_1_74' title='bbox 1248 1055 1380 1122; x_wconf 70' lang='lat' dir='ltr'><strong>Quae</strong></span> <span class='ocrx_word' id='word_1_75' title='bbox 1409 1050 1616 1120; x_wconf 81' lang='lat' dir='ltr'><strong>angelis</strong></span> <span class='ocrx_word' id='word_1_76' title='bbox 1640 1064 1790 1104; x_wconf 91' lang='lat' dir='ltr'><strong>com-</strong></span> 
     </span>
    </p>
   </div>
   <div class='ocr_carea' id='block_1_11' title="bbox 197 1144 1784 1217">
    <p class='ocr_par' dir='ltr' id='par_1_11' title="bbox 197 1144 1784 1217">
     <span class='ocr_line' id='line_1_11' title="bbox 197 1144 1784 1217; baseline -0.013 -1"><span class='ocrx_word' id='word_1_77' title='bbox 197 1161 378 1217; x_wconf 90' lang='lat' dir='ltr'><strong>munis</strong></span> <span class='ocrx_word' id='word_1_78' title='bbox 438 1168 493 1213; x_wconf 92' lang='lat' dir='ltr'><strong>et</strong></span> <span class='ocrx_word' id='word_1_79' title='bbox 544 1155 853 1212; x_wconf 89' lang='lat' dir='ltr'><strong>hominibus</strong></span> <span class='ocrx_word' id='word_1_80' title='bbox 897 1159 1000 1208; x_wconf 88' lang='lat' dir='ltr'><strong>est.</strong></span> <span class='ocrx_word' id='word_1_81' title='bbox 1059 1151 1213 1206; x_wconf 86' lang='lat' dir='ltr'><strong>Unde</strong></span> <span class='ocrx_word' id='word_1_82' title='bbox 1276 1147 1538 1203; x_wconf 90' lang='lat' dir='ltr'><strong>Dominus</strong></span> <span class='ocrx_word' id='word_1_83' title='bbox 1590 1144 1722 1200; x_wconf 84' lang='lat' dir='ltr'><strong>dicit</strong></span> <span class='ocrx_word' id='word_1_84' title='bbox 1772 1162 1784 1196; x_wconf 89' lang='lat'>:</span> 
     </span>
    </p>
   </div>
   <div class='ocr_carea' id='block_1_12' title="bbox 202 1237 1784 1312">
    <p class='ocr_par' dir='ltr' id='par_1_12' title="bbox 202 1237 1784 1312">
     <span class='ocr_line' id='line_1_12' title="bbox 202 1237 1784 1312; baseline -0.008 -8"><span class='ocrx_word' id='word_1_85' title='bbox 202 1276 219 1304; x_wconf 74' lang='grc' dir='ltr'><strong>ι</strong></span> <span class='ocrx_word' id='word_1_86' title='bbox 260 1254 451 1309; x_wconf 81' lang='lat' dir='ltr'><strong>Facite</strong></span> <span class='ocrx_word' id='word_1_87' title='bbox 490 1251 641 1305; x_wconf 91' lang='lat' dir='ltr'><strong>vobis</strong></span> <span class='ocrx_word' id='word_1_88' title='bbox 683 1249 888 1303; x_wconf 90' lang='lat' dir='ltr'><strong>amicos</strong></span> <span class='ocrx_word' id='word_1_89' title='bbox 917 1247 984 1300; x_wconf 91' lang='lat' dir='ltr'><strong>de</strong></span> <span class='ocrx_word' id='word_1_90' title='bbox 1033 1244 1218 1312; x_wconf 90' lang='lat' dir='ltr'><strong>iniquo</strong></span> <span class='ocrx_word' id='word_1_91' title='bbox 1273 1255 1590 1297; x_wconf 66' lang='lat' dir='ltr'><strong>mammonae</strong></span> <span class='ocrx_word' id='word_1_92' title='bbox 1629 1237 1784 1311; x_wconf 87' lang='lat' dir='ltr'><strong>(Luc.</strong></span> 
     </span>
    </p>
   </div>
   <div class='ocr_carea' id='block_1_13' title="bbox 199 1330 1790 1417">
    <p class='ocr_par' dir='ltr' id='par_1_13' title="bbox 199 1330 1790 1417">
     <span class='ocr_line' id='line_1_13' title="bbox 199 1330 1790 1417; baseline -0.011 -19"><span class='ocrx_word' id='word_1_93' title='bbox 199 1344 342 1417; x_wconf 79' lang='lat' dir='ltr'><strong>xvi).</strong></span> <span class='ocrx_word' id='word_1_94' title='bbox 391 1363 410 1394; x_wconf 78' lang='grc' dir='ltr'><strong>ι</strong></span> <span class='ocrx_word' id='word_1_95' title='bbox 442 1342 559 1411; x_wconf 90' lang='lat' dir='ltr'><strong>ipse</strong></span> <span class='ocrx_word' id='word_1_96' title='bbox 589 1340 846 1394; x_wconf 87' lang='lat' dir='ltr'><strong>Dominus</strong></span> <span class='ocrx_word' id='word_1_97' title='bbox 886 1345 1072 1390; x_wconf 86' lang='lat' dir='ltr'><strong>noster</strong></span> <span class='ocrx_word' id='word_1_98' title='bbox 1107 1335 1312 1389; x_wconf 89' lang='lat' dir='ltr'><strong>amicos</strong></span> <span class='ocrx_word' id='word_1_99' title='bbox 1339 1349 1404 1389; x_wconf 80' lang='lat' dir='ltr'><strong>ex</strong></span> <span class='ocrx_word' id='word_1_100' title='bbox 1443 1334 1614 1388; x_wconf 85' lang='lat' dir='ltr'><strong>servis</strong></span> <span class='ocrx_word' id='word_1_101' title='bbox 1639 1330 1790 1385; x_wconf 87' lang='lat' dir='ltr'><strong>fecit.</strong></span> 
     </span>
    </p>
   </div>
   <div class='ocr_carea' id='block_1_14' title="bbox 199 1420 1790 1488">
    <p class='ocr_par' dir='ltr' id='par_1_14' title="bbox 199 1420 1790 1488">
     <span class='ocr_line' id='line_1_14' title="bbox 199 1420 1790 1488; baseline -0.011 0"><span class='ocrx_word' id='word_1_102' title='bbox 199 1437 352 1488; x_wconf 80' lang='lat' dir='ltr'><strong>Sicut</strong></span> <span class='ocrx_word' id='word_1_103' title='bbox 369 1433 449 1486; x_wconf 88' lang='lat' dir='ltr'><strong>ait</strong></span> <span class='ocrx_word' id='word_1_104' title='bbox 471 1429 767 1486; x_wconf 88' lang='lat' dir='ltr'><strong>secundum</strong></span> <span class='ocrx_word' id='word_1_105' title='bbox 786 1425 1048 1482; x_wconf 85' lang='lat' dir='ltr'><strong>Joannem</strong></span> <span class='ocrx_word' id='word_1_106' title='bbox 1076 1441 1092 1478; x_wconf 84' lang='lat'><strong>:</strong></span> <span class='ocrx_word' id='word_1_107' title='bbox 1125 1443 1143 1475; x_wconf 88' lang='grc' dir='ltr'><strong>ι</strong></span> <span class='ocrx_word' id='word_1_108' title='bbox 1180 1424 1286 1478; x_wconf 84' lang='lat' dir='ltr'><strong>Vos</strong></span> <span class='ocrx_word' id='word_1_109' title='bbox 1317 1423 1477 1476; x_wconf 88' lang='lat' dir='ltr'><strong>amici</strong></span> <span class='ocrx_word' id='word_1_110' title='bbox 1503 1421 1610 1475; x_wconf 91' lang='lat' dir='ltr'><strong>mei</strong></span> <span class='ocrx_word' id='word_1_111' title='bbox 1638 1420 1790 1481; x_wconf 87' lang='lat' dir='ltr'><strong>estis,</strong></span> 
     </span>
    </p>
   </div>
   <div class='ocr_carea' id='block_1_15' title="bbox 197 1510 1795 1591">
    <p class='ocr_par' dir='ltr' id='par_1_15' title="bbox 197 1510 1795 1591">
     <span class='ocr_line' id='line_1_15' title="bbox 197 1510 1795 1591; baseline -0.011 -10"><span class='ocrx_word' id='word_1_112' title='bbox 197 1529 241 1581; x_wconf 91' lang='lat' dir='ltr'><strong>si</strong></span> <span class='ocrx_word' id='word_1_113' title='bbox 263 1525 506 1580; x_wconf 82' lang='lat' dir='ltr'><strong>feceritis</strong></span> <span class='ocrx_word' id='word_1_114' title='bbox 527 1537 648 1591; x_wconf 64' lang='lat' dir='ltr'><strong>quae</strong></span> <span class='ocrx_word' id='word_1_115' title='bbox 673 1535 774 1589; x_wconf 87' lang='lat' dir='ltr'><strong>ego</strong></span> <span class='ocrx_word' id='word_1_116' title='bbox 793 1519 1050 1589; x_wconf 63' lang='lat' dir='ltr'><strong>praecipio</strong></span> <span class='ocrx_word' id='word_1_117' title='bbox 1079 1517 1230 1570; x_wconf 86' lang='lat' dir='ltr'><strong>vobis</strong></span> <span class='ocrx_word' id='word_1_118' title='bbox 1256 1515 1438 1587; x_wconf 87' lang='lat' dir='ltr'><strong>(Joan.</strong></span> <span class='ocrx_word' id='word_1_119' title='bbox 1457 1512 1568 1584; x_wconf 79' lang='lat' dir='ltr'><strong>xv).</strong></span> <span class='ocrx_word' id='word_1_120' title='bbox 1592 1533 1610 1563; x_wconf 76' lang='grc' dir='ltr'><strong>ι</strong></span> <span class='ocrx_word' id='word_1_121' title='bbox 1636 1510 1795 1564; x_wconf 86' lang='lat' dir='ltr'><strong>Dedit</strong></span> 
     </span>
    </p>
   </div>
   <div class='ocr_carea' id='block_1_16' title="bbox 200 1600 1795 1679">
    <p class='ocr_par' dir='ltr' id='par_1_16' title="bbox 200 1600 1795 1679">
     <span class='ocr_line' id='line_1_16' title="bbox 200 1600 1795 1679; baseline -0.013 -7"><span class='ocrx_word' id='word_1_122' title='bbox 200 1620 435 1672; x_wconf 89' lang='lat' dir='ltr'><strong>formam</strong></span> <span class='ocrx_word' id='word_1_123' title='bbox 459 1612 732 1676; x_wconf 62' lang='lat' dir='ltr'><strong>amicitiai,</strong></span> <span class='ocrx_word' id='word_1_124' title='bbox 765 1624 926 1679; x_wconf 90' lang='lat' dir='ltr'><strong>quam</strong></span> <span class='ocrx_word' id='word_1_125' title='bbox 947 1622 1261 1677; x_wconf 89' lang='lat' dir='ltr'><strong>sequamur,</strong></span> <span class='ocrx_word' id='word_1_126' title='bbox 1291 1613 1351 1658; x_wconf 92' lang='lat' dir='ltr'><strong>ut</strong></span> <span class='ocrx_word' id='word_1_127' title='bbox 1375 1603 1637 1659; x_wconf 80' lang='lat' dir='ltr'><strong>faciamus</strong></span> <span class='ocrx_word' id='word_1_128' title='bbox 1665 1600 1795 1654; x_wconf 89' lang='lat' dir='ltr'><strong>ami-</strong></span> 
     </span>
    </p>
   </div>
   <div class='ocr_carea' id='block_1_17' title="bbox 199 1696 1790 1772">
    <p class='ocr_par' dir='ltr' id='par_1_17' title="bbox 199 1696 1790 1772">
     <span class='ocr_line' id='line_1_17' title="bbox 199 1696 1790 1772; baseline -0.009 -8"><span class='ocrx_word' id='word_1_129' title='bbox 199 1712 246 1765; x_wconf 88' lang='lat' dir='ltr'><strong>ci</strong></span> <span class='ocrx_word' id='word_1_130' title='bbox 271 1710 626 1771; x_wconf 83' lang='lat' dir='ltr'><strong>voluntatem,</strong></span> <span class='ocrx_word' id='word_1_131' title='bbox 662 1713 723 1759; x_wconf 91' lang='lat' dir='ltr'><strong>ut</strong></span> <span class='ocrx_word' id='word_1_132' title='bbox 768 1702 1076 1772; x_wconf 87' lang='lat' dir='ltr'><strong>aperiamus</strong></span> <span class='ocrx_word' id='word_1_133' title='bbox 1123 1707 1334 1755; x_wconf 86' lang='lat' dir='ltr'><strong>secreta</strong></span> <span class='ocrx_word' id='word_1_134' title='bbox 1372 1707 1557 1752; x_wconf 91' lang='lat' dir='ltr'><strong>nostra</strong></span> <span class='ocrx_word' id='word_1_135' title='bbox 1585 1696 1790 1758; x_wconf 84' lang='lat' dir='ltr'><strong>amico,</strong></span> 
     </span>
    </p>
   </div>
   <div class='ocr_carea' id='block_1_18' title="bbox 201 1789 1790 1871">
    <p class='ocr_par' dir='ltr' id='par_1_18' title="bbox 201 1789 1790 1871">
     <span class='ocr_line' id='line_1_18' title="bbox 201 1789 1790 1871; baseline -0.009 -17"><span class='ocrx_word' id='word_1_136' title='bbox 201 1813 542 1871; x_wconf 64' lang='lat' dir='ltr'><strong>quascunque</strong></span> <span class='ocrx_word' id='word_1_137' title='bbox 567 1797 621 1850; x_wconf 92' lang='lat' dir='ltr'><strong>in</strong></span> <span class='ocrx_word' id='word_1_138' title='bbox 653 1803 873 1866; x_wconf 83' lang='lat' dir='ltr'><strong>pectore</strong></span> <span class='ocrx_word' id='word_1_139' title='bbox 900 1793 1184 1855; x_wconf 87' lang='lat' dir='ltr'><strong>habemus,</strong></span> <span class='ocrx_word' id='word_1_140' title='bbox 1216 1797 1270 1844; x_wconf 91' lang='lat' dir='ltr'><strong>et</strong></span> <span class='ocrx_word' id='word_1_141' title='bbox 1293 1789 1434 1843; x_wconf 88' lang='lat' dir='ltr'><strong>illius</strong></span> <span class='ocrx_word' id='word_1_142' title='bbox 1462 1802 1658 1841; x_wconf 88' lang='lat' dir='ltr'><strong>arcana</strong></span> <span class='ocrx_word' id='word_1_143' title='bbox 1683 1801 1790 1840; x_wconf 88' lang='lat' dir='ltr'><strong>non</strong></span> 
     </span>
    </p>
   </div>
   <div class='ocr_carea' id='block_1_19' title="bbox 191 1856 1868 1963">
    <p class='ocr_par' dir='ltr' id='par_1_19' title="bbox 191 1856 1868 1963">
     <span class='ocr_line' id='line_1_19' title="bbox 191 1856 1868 1963; baseline -0.008 -17"><span class='ocrx_word' id='word_1_144' title='bbox 191 1856 523 1963; x_wconf 71' lang='lat' dir='ltr'><strong>ignoremus.</strong></span> <span class='ocrx_word' id='word_1_145' title='bbox 559 1856 919 1944; x_wconf 76' lang='lat' dir='ltr'><strong>Ostendamus</strong></span> <span class='ocrx_word' id='word_1_146' title='bbox 961 1884 1038 1938; x_wconf 90' lang='lat' dir='ltr'><strong>illi</strong></span> <span class='ocrx_word' id='word_1_147' title='bbox 1083 1891 1273 1952; x_wconf 90' lang='lat' dir='ltr'><strong>pectus</strong></span> <span class='ocrx_word' id='word_1_148' title='bbox 1309 1889 1584 1942; x_wconf 90' lang='lat' dir='ltr'><strong>nostrum,</strong></span> <span class='ocrx_word' id='word_1_149' title='bbox 1620 1887 1674 1934; x_wconf 90' lang='lat' dir='ltr'><strong>et</strong></span> <span class='ocrx_word' id='word_1_150' title='bbox 1701 1877 1790 1934; x_wconf 90' lang='lat' dir='ltr'><strong>ille</strong></span> <span class='ocrx_word' id='word_1_151' title='bbox 1820 1856 1868 1914; x_wconf 74' lang='grc' dir='ltr'><strong>Β</strong></span> 
     </span>
    </p>
   </div>
   <div class='ocr_carea' id='block_1_20' title="bbox 205 1969 1800 2048">
    <p class='ocr_par' dir='ltr' id='par_1_20' title="bbox 205 1969 1800 2048">
     <span class='ocr_line' id='line_1_20' title="bbox 205 1969 1800 2048; baseline -0.008 -15"><span class='ocrx_word' id='word_1_152' title='bbox 205 1980 365 2034; x_wconf 90' lang='lat' dir='ltr'><strong>nobis</strong></span> <span class='ocrx_word' id='word_1_153' title='bbox 390 1978 601 2048; x_wconf 88' lang='lat' dir='ltr'><strong>aperiat</strong></span> <span class='ocrx_word' id='word_1_154' title='bbox 629 1990 806 2031; x_wconf 85' lang='lat' dir='ltr'><strong>suum.</strong></span> <span class='ocrx_word' id='word_1_155' title='bbox 846 1993 865 2026; x_wconf 73' lang='grc' dir='ltr'><strong>ι</strong></span> <span class='ocrx_word' id='word_1_156' title='bbox 893 1973 1041 2036; x_wconf 87' lang='lat' dir='ltr'><strong>Ideo,</strong></span> <span class='ocrx_word' id='word_1_157' title='bbox 1074 1972 1268 2042; x_wconf 90' lang='lat' dir='ltr'><strong>inquit,</strong></span> <span class='ocrx_word' id='word_1_158' title='bbox 1298 1985 1394 2024; x_wconf 91' lang='lat' dir='ltr'><strong>vos</strong></span> <span class='ocrx_word' id='word_1_159' title='bbox 1423 1969 1531 2024; x_wconf 74' lang='lat' dir='ltr'><strong>divi</strong></span> <span class='ocrx_word' id='word_1_160' title='bbox 1565 1969 1800 2034; x_wconf 89' lang='lat' dir='ltr'><strong>amicos,</strong></span> 
     </span>
    </p>
   </div>
   <div class='ocr_carea' id='block_1_21' title="bbox 208 2059 1803 2140">
    <p class='ocr_par' dir='ltr' id='par_1_21' title="bbox 208 2059 1803 2140">
     <span class='ocr_line' id='line_1_21' title="bbox 208 2059 1803 2140; baseline -0.004 -20"><span class='ocrx_word' id='word_1_161' title='bbox 208 2070 336 2140; x_wconf 87' lang='lat' dir='ltr'><strong>quia</strong></span> <span class='ocrx_word' id='word_1_162' title='bbox 364 2069 547 2122; x_wconf 88' lang='lat' dir='ltr'><strong>omnia</strong></span> <span class='ocrx_word' id='word_1_163' title='bbox 569 2080 902 2137; x_wconf 71' lang='lat' dir='ltr'><strong>qumcunque</strong></span> <span class='ocrx_word' id='word_1_164' title='bbox 931 2064 1112 2117; x_wconf 86' lang='lat' dir='ltr'><strong>audivi</strong></span> <span class='ocrx_word' id='word_1_165' title='bbox 1141 2078 1172 2116; x_wconf 92' lang='lat' dir='ltr'><strong>a</strong></span> <span class='ocrx_word' id='word_1_166' title='bbox 1193 2063 1355 2117; x_wconf 88' lang='lat' dir='ltr'><strong>Patre</strong></span> <span class='ocrx_word' id='word_1_167' title='bbox 1382 2077 1524 2126; x_wconf 89' lang='lat' dir='ltr'><strong>meo,</strong></span> <span class='ocrx_word' id='word_1_168' title='bbox 1547 2073 1675 2115; x_wconf 88' lang='lat' dir='ltr'><strong>nota</strong></span> <span class='ocrx_word' id='word_1_169' title='bbox 1702 2059 1803 2115; x_wconf 83' lang='lat' dir='ltr'><strong>feci</strong></span> 
     </span>
    </p>
   </div>
   <div class='ocr_carea' id='block_1_22' title="bbox 213 2152 1806 2225">
    <p class='ocr_par' dir='ltr' id='par_1_22' title="bbox 213 2152 1806 2225">
     <span class='ocr_line' id='line_1_22' title="bbox 213 2152 1806 2225; baseline -0.004 -13"><span class='ocrx_word' id='word_1_170' title='bbox 213 2160 385 2215; x_wconf 80' lang='lat' dir='ltr'><strong>vobis.</strong></span> <span class='ocrx_word' id='word_1_171' title='bbox 419 2178 437 2210; x_wconf 77' lang='grc' dir='ltr'><strong>ι</strong></span> <span class='ocrx_word' id='word_1_172' title='bbox 467 2157 613 2213; x_wconf 83' lang='lat' dir='ltr'><strong>Nihil</strong></span> <span class='ocrx_word' id='word_1_173' title='bbox 638 2171 766 2225; x_wconf 82' lang='lat' dir='ltr'><strong>ergo</strong></span> <span class='ocrx_word' id='word_1_174' title='bbox 787 2155 1023 2211; x_wconf 89' lang='lat' dir='ltr'><strong>occultat</strong></span> <span class='ocrx_word' id='word_1_175' title='bbox 1051 2155 1279 2218; x_wconf 89' lang='lat' dir='ltr'><strong>amicus,</strong></span> <span class='ocrx_word' id='word_1_176' title='bbox 1310 2153 1356 2208; x_wconf 89' lang='lat' dir='ltr'><strong>si</strong></span> <span class='ocrx_word' id='word_1_177' title='bbox 1382 2167 1544 2208; x_wconf 90' lang='lat' dir='ltr'><strong>verus</strong></span> <span class='ocrx_word' id='word_1_178' title='bbox 1568 2162 1680 2216; x_wconf 89' lang='lat' dir='ltr'><strong>est;</strong></span> <span class='ocrx_word' id='word_1_179' title='bbox 1715 2152 1806 2207; x_wconf 90' lang='lat' dir='ltr'><strong>sed</strong></span> 
     </span>
    </p>
   </div>
   <div class='ocr_carea' id='block_1_23' title="bbox 209 2243 1808 2315">
    <p class='ocr_par' dir='ltr' id='par_1_23' title="bbox 209 2243 1808 2315">
     <span class='ocr_line' id='line_1_23' title="bbox 209 2243 1808 2315; baseline -0.006 -9"><span class='ocrx_word' id='word_1_180' title='bbox 209 2251 437 2306; x_wconf 80' lang='lat' dir='ltr'><strong>eﬂ‘undit</strong></span> <span class='ocrx_word' id='word_1_181' title='bbox 464 2250 701 2304; x_wconf 89' lang='lat' dir='ltr'><strong>animum</strong></span> <span class='ocrx_word' id='word_1_182' title='bbox 725 2262 883 2303; x_wconf 91' lang='lat' dir='ltr'><strong>suum</strong></span> <span class='ocrx_word' id='word_1_183' title='bbox 911 2246 1052 2300; x_wconf 87' lang='lat' dir='ltr'><strong>sicut</strong></span> <span class='ocrx_word' id='word_1_184' title='bbox 1080 2243 1394 2300; x_wconf 75' lang='lat' dir='ltr'><strong>effundebat</strong></span> <span class='ocrx_word' id='word_1_185' title='bbox 1422 2245 1680 2315; x_wconf 87' lang='lat' dir='ltr'><strong>mysteria</strong></span> <span class='ocrx_word' id='word_1_186' title='bbox 1707 2243 1808 2297; x_wconf 87' lang='lat' dir='ltr'><strong>Pa-</strong></span> 
     </span>
    </p>
   </div>
   <div class='ocr_carea' id='block_1_24' title="bbox 212 2335 1806 2403">
    <p class='ocr_par' dir='ltr' id='par_1_24' title="bbox 212 2335 1806 2403">
     <span class='ocr_line' id='line_1_24' title="bbox 212 2335 1806 2403; baseline -0.005 -7"><span class='ocrx_word' id='word_1_187' title='bbox 212 2344 310 2397; x_wconf 85' lang='lat' dir='ltr'><strong>tris</strong></span> <span class='ocrx_word' id='word_1_188' title='bbox 339 2342 599 2395; x_wconf 88' lang='lat' dir='ltr'><strong>Dominus</strong></span> <span class='ocrx_word' id='word_1_189' title='bbox 618 2338 794 2393; x_wconf 82' lang='lat' dir='ltr'><strong>Jcsus.</strong></span> <span class='ocrx_word' id='word_1_190' title='bbox 824 2337 926 2403; x_wconf 87' lang='lat' dir='ltr'><strong>Qui</strong></span> <span class='ocrx_word' id='word_1_191' title='bbox 955 2337 1100 2392; x_wconf 91' lang='lat' dir='ltr'><strong>enim</strong></span> <span class='ocrx_word' id='word_1_192' title='bbox 1126 2345 1307 2391; x_wconf 84' lang='lat' dir='ltr'><strong>servat</strong></span> <span class='ocrx_word' id='word_1_193' title='bbox 1339 2337 1634 2389; x_wconf 82' lang='lat' dir='ltr'><strong>amicitiam</strong></span> <span class='ocrx_word' id='word_1_194' title='bbox 1662 2375 1676 2400; x_wconf 92' lang='lat'><strong>,</strong></span> <span class='ocrx_word' id='word_1_195' title='bbox 1713 2335 1806 2388; x_wconf 91' lang='lat' dir='ltr'><strong>Dei</strong></span> 
     </span>
    </p>
   </div>
   <div class='ocr_carea' id='block_1_25' title="bbox 211 2425 1808 2494">
    <p class='ocr_par' dir='ltr' id='par_1_25' title="bbox 211 2425 1808 2494">
     <span class='ocr_line' id='line_1_25' title="bbox 211 2425 1808 2494; baseline -0.006 -8"><span class='ocrx_word' id='word_1_196' title='bbox 211 2433 421 2486; x_wconf 89' lang='lat' dir='ltr'><strong>amicus</strong></span> <span class='ocrx_word' id='word_1_197' title='bbox 465 2439 572 2493; x_wconf 89' lang='lat' dir='ltr'><strong>est,</strong></span> <span class='ocrx_word' id='word_1_198' title='bbox 601 2431 704 2484; x_wconf 88' lang='lat' dir='ltr'><strong>hoc</strong></span> <span class='ocrx_word' id='word_1_199' title='bbox 747 2429 1048 2482; x_wconf 89' lang='lat' dir='ltr'><strong>honoratur</strong></span> <span class='ocrx_word' id='word_1_200' title='bbox 1083 2426 1322 2491; x_wconf 89' lang='lat' dir='ltr'><strong>nomine,</strong></span> <span class='ocrx_word' id='word_1_201' title='bbox 1357 2426 1450 2494; x_wconf 86' lang='lat' dir='ltr'><strong>qui</strong></span> <span class='ocrx_word' id='word_1_202' title='bbox 1481 2434 1568 2479; x_wconf 91' lang='lat' dir='ltr'><strong>est</strong></span> <span class='ocrx_word' id='word_1_203' title='bbox 1616 2425 1808 2477; x_wconf 86' lang='lat' dir='ltr'><strong>unani-</strong></span> 
     </span>
    </p>
   </div>
   <div class='ocr_carea' id='block_1_26' title="bbox 213 2515 1806 2590">
    <p class='ocr_par' dir='ltr' id='par_1_26' title="bbox 213 2515 1806 2590">
     <span class='ocr_line' id='line_1_26' title="bbox 213 2515 1806 2590; baseline -0.006 -14"><span class='ocrx_word' id='word_1_204' title='bbox 213 2523 336 2585; x_wconf 82' lang='lat' dir='ltr'><strong>mis,</strong></span> <span class='ocrx_word' id='word_1_205' title='bbox 371 2537 472 2576; x_wconf 91' lang='lat' dir='ltr'><strong>nec</strong></span> <span class='ocrx_word' id='word_1_206' title='bbox 517 2518 977 2590; x_wconf 58' lang='lat' dir='ltr'><strong>quisquam&#39;euim</strong></span> <span class='ocrx_word' id='word_1_207' title='bbox 1003 2517 1374 2572; x_wconf 88' lang='lat' dir='ltr'><strong>detestabilior</strong></span> <span class='ocrx_word' id='word_1_208' title='bbox 1402 2523 1488 2570; x_wconf 86' lang='lat' dir='ltr'><strong>est</strong></span> <span class='ocrx_word' id='word_1_209' title='bbox 1517 2531 1679 2585; x_wconf 88' lang='lat' dir='ltr'><strong>quam</strong></span> <span class='ocrx_word' id='word_1_210' title='bbox 1714 2515 1806 2584; x_wconf 80' lang='lat' dir='ltr'><strong>qui</strong></span> 
     </span>
    </p>
   </div>
   <div class='ocr_carea' id='block_1_27' title="bbox 213 2606 1809 2676">
    <p class='ocr_par' dir='ltr' id='par_1_27' title="bbox 213 2606 1809 2676">
     <span class='ocr_line' id='line_1_27' title="bbox 213 2606 1809 2676; baseline -0.005 -8"><span class='ocrx_word' id='word_1_211' title='bbox 213 2613 509 2668; x_wconf 88' lang='lat' dir='ltr'><strong>amicitiam</strong></span> <span class='ocrx_word' id='word_1_212' title='bbox 556 2611 771 2666; x_wconf 65' lang='lat' dir='ltr'><strong>laeserit.</strong></span> <span class='ocrx_word' id='word_1_213' title='bbox 808 2608 960 2666; x_wconf 88' lang='lat' dir='ltr'><strong>Unde</strong></span> <span class='ocrx_word' id='word_1_214' title='bbox 1003 2608 1055 2662; x_wconf 91' lang='lat' dir='ltr'><strong>in</strong></span> <span class='ocrx_word' id='word_1_215' title='bbox 1101 2607 1374 2676; x_wconf 74' lang='lat' dir='ltr'><strong>proditore</strong></span> <span class='ocrx_word' id='word_1_216' title='bbox 1413 2607 1674 2660; x_wconf 87' lang='lat' dir='ltr'><strong>Dominus</strong></span> <span class='ocrx_word' id='word_1_217' title='bbox 1706 2606 1809 2661; x_wconf 90' lang='lat' dir='ltr'><strong>hoc</strong></span> 
     </span>
    </p>
   </div>
   <div class='ocr_carea' id='block_1_28' title="bbox 213 2694 1806 2773">
    <p class='ocr_par' dir='ltr' id='par_1_28' title="bbox 213 2694 1806 2773">
     <span class='ocr_line' id='line_1_28' title="bbox 213 2694 1806 2773; baseline -0.007 -16"><span class='ocrx_word' id='word_1_218' title='bbox 213 2703 592 2773; x_wconf 78' lang='lat' dir='ltr'><strong>gravissimum</strong></span> <span class='ocrx_word' id='word_1_219' title='bbox 619 2715 788 2769; x_wconf 87' lang='lat' dir='ltr'><strong>genus</strong></span> <span class='ocrx_word' id='word_1_220' title='bbox 823 2696 1063 2754; x_wconf 85' lang='lat' dir='ltr'><strong>scandali</strong></span> <span class='ocrx_word' id='word_1_221' title='bbox 1109 2697 1335 2760; x_wconf 90' lang='lat' dir='ltr'><strong>invenit,</strong></span> <span class='ocrx_word' id='word_1_222' title='bbox 1371 2710 1478 2765; x_wconf 92' lang='lat' dir='ltr'><strong>quo</strong></span> <span class='ocrx_word' id='word_1_223' title='bbox 1514 2694 1629 2764; x_wconf 86' lang='lat' dir='ltr'><strong>ejus</strong></span> <span class='ocrx_word' id='word_1_224' title='bbox 1675 2710 1806 2749; x_wconf 88' lang='lat' dir='ltr'><strong>cou-</strong></span> 
     </span>
    </p>
   </div>
   <div class='ocr_carea' id='block_1_29' title="bbox 214 2790 1811 2864">
    <p class='ocr_par' dir='ltr' id='par_1_29' title="bbox 214 2790 1811 2864">
     <span class='ocr_line' id='line_1_29' title="bbox 214 2790 1811 2864; baseline -0.006 -14"><span class='ocrx_word' id='word_1_225' title='bbox 214 2797 503 2851; x_wconf 87' lang='lat' dir='ltr'><strong>demnaret</strong></span> <span class='ocrx_word' id='word_1_226' title='bbox 536 2792 834 2864; x_wconf 71' lang='lat' dir='ltr'><strong>perfidiam.</strong></span> <span class='ocrx_word' id='word_1_227' title='bbox 878 2791 1032 2856; x_wconf 88' lang='lat' dir='ltr'><strong>Quod</strong></span> <span class='ocrx_word' id='word_1_228' title='bbox 1065 2790 1252 2861; x_wconf 73' lang='lat' dir='ltr'><strong>gratia:</strong></span> <span class='ocrx_word' id='word_1_229' title='bbox 1278 2790 1450 2844; x_wconf 88' lang='lat' dir='ltr'><strong>vicem</strong></span> <span class='ocrx_word' id='word_1_230' title='bbox 1479 2802 1585 2842; x_wconf 92' lang='lat' dir='ltr'><strong>non</strong></span> <span class='ocrx_word' id='word_1_231' title='bbox 1613 2801 1811 2856; x_wconf 70' lang='lat' dir='ltr'><strong>repue-</strong></span> 
     </span>
    </p>
   </div>
   <div class='ocr_carea' id='block_1_30' title="bbox 216 2875 1812 2948">
    <p class='ocr_par' dir='ltr' id='par_1_30' title="bbox 216 2875 1812 2948">
     <span class='ocr_line' id='line_1_30' title="bbox 216 2875 1812 2948; baseline -0.005 -10"><span class='ocrx_word' id='word_1_232' title='bbox 216 2884 547 2948; x_wconf 88' lang='lat' dir='ltr'><strong>sentaverit;</strong></span> <span class='ocrx_word' id='word_1_233' title='bbox 591 2891 650 2938; x_wconf 89' lang='lat' dir='ltr'><strong>et</strong></span> <span class='ocrx_word' id='word_1_234' title='bbox 691 2881 935 2938; x_wconf 86' lang='lat' dir='ltr'><strong>convivis</strong></span> <span class='ocrx_word' id='word_1_235' title='bbox 974 2879 1227 2936; x_wconf 61' lang='lat' dir='ltr'><strong>amicitiai</strong></span> <span class='ocrx_word' id='word_1_236' title='bbox 1280 2893 1546 2934; x_wconf 88' lang='lat' dir='ltr'><strong>venenum</strong></span> <span class='ocrx_word' id='word_1_237' title='bbox 1592 2875 1812 2931; x_wconf 69' lang='lat' dir='ltr'><strong>malitia:</strong></span> 
     </span>
    </p>
   </div>
   <div class='ocr_carea' id='block_1_31' title="bbox 219 2973 530 3030">
    <p class='ocr_par' dir='ltr' id='par_1_31' title="bbox 219 2973 530 3030">
     <span class='ocr_line' id='line_1_31' title="bbox 219 2973 530 3030; baseline -0.006 -1"><span class='ocrx_word' id='word_1_238' title='bbox 219 2973 530 3030; x_wconf 83' lang='lat' dir='ltr'><strong>miscuerit.</strong></span> 
     </span>
    </p>
   </div>
   <div class='ocr_carea' id='block_1_32' title="bbox 291 3058 1815 3120">
    <p class='ocr_par' dir='ltr' id='par_1_32' title="bbox 291 3058 1815 3120">
     <span class='ocr_line' id='line_1_32' title="bbox 291 3058 1815 3120; baseline -0.004 -4"><span class='ocrx_word' id='word_1_239' title='bbox 291 3086 311 3116; x_wconf 78' lang='grc' dir='ltr'><strong>ι</strong></span> <span class='ocrx_word' id='word_1_240' title='bbox 345 3064 570 3120; x_wconf 81' lang='lat' dir='ltr'><strong>Amicus</strong></span> <span class='ocrx_word' id='word_1_241' title='bbox 610 3063 782 3119; x_wconf 79' lang='lat' dir='ltr'><strong>fidelis</strong></span> <span class='ocrx_word' id='word_1_242' title='bbox 821 3063 1272 3118; x_wconf 87' lang='lat' dir='ltr'><strong>medicamentum</strong></span> <span class='ocrx_word' id='word_1_243' title='bbox 1310 3060 1434 3114; x_wconf 68' lang='lat' dir='ltr'><strong>vitae</strong></span> <span class='ocrx_word' id='word_1_244' title='bbox 1458 3065 1513 3114; x_wconf 90' lang='lat' dir='ltr'><strong>et</strong></span> <span class='ocrx_word' id='word_1_245' title='bbox 1536 3058 1815 3112; x_wconf 86' lang='lat' dir='ltr'><strong>immorta-</strong></span> 
     </span>
    </p>
   </div>
   <div class='ocr_carea' id='block_1_33' title="bbox 226 3149 1816 3226">
    <p class='ocr_par' dir='ltr' id='par_1_33' title="bbox 226 3149 1816 3226">
     <span class='ocr_line' id='line_1_33' title="bbox 226 3149 1816 3226; baseline -0.003 -19"><span class='ocrx_word' id='word_1_246' title='bbox 226 3177 243 3207; x_wconf 79' lang='grc' dir='ltr'><strong>ι</strong></span> <span class='ocrx_word' id='word_1_247' title='bbox 279 3157 485 3222; x_wconf 84' lang='lat' dir='ltr'><strong>litatis;</strong></span> <span class='ocrx_word' id='word_1_248' title='bbox 533 3164 588 3211; x_wconf 91' lang='lat' dir='ltr'><strong>et</strong></span> <span class='ocrx_word' id='word_1_249' title='bbox 626 3156 719 3226; x_wconf 90' lang='lat' dir='ltr'><strong>qui</strong></span> <span class='ocrx_word' id='word_1_250' title='bbox 766 3163 1013 3210; x_wconf 88' lang='lat' dir='ltr'><strong>metuunt</strong></span> <span class='ocrx_word' id='word_1_251' title='bbox 1053 3153 1338 3209; x_wconf 91' lang='lat' dir='ltr'><strong>Dominum</strong></span> <span class='ocrx_word' id='word_1_252' title='bbox 1366 3193 1382 3217; x_wconf 97' lang='lat'><strong>,</strong></span> <span class='ocrx_word' id='word_1_253' title='bbox 1432 3150 1708 3206; x_wconf 90' lang='lat' dir='ltr'><strong>invenient</strong></span> <span class='ocrx_word' id='word_1_254' title='bbox 1750 3149 1816 3204; x_wconf 67' lang='lat' dir='ltr'><strong>il»</strong></span> 
     </span>
    </p>
   </div>
   <div class='ocr_carea' id='block_1_34' title="bbox 227 3241 1810 3314">
    <p class='ocr_par' dir='ltr' id='par_1_34' title="bbox 227 3241 1810 3314">
     <span class='ocr_line' id='line_1_34' title="bbox 227 3241 1810 3314; baseline -0.002 -16"><span class='ocrx_word' id='word_1_255' title='bbox 227 3268 242 3298; x_wconf 83' lang='grc' dir='ltr'><strong>ι</strong></span> <span class='ocrx_word' id='word_1_256' title='bbox 281 3249 415 3301; x_wconf 82' lang='grc' dir='ltr'>Ιιιιιι.</span> <span class='ocrx_word' id='word_1_257' title='bbox 454 3267 472 3298; x_wconf 73' lang='grc' dir='ltr'><strong>ι</strong></span> <span class='ocrx_word' id='word_1_258' title='bbox 504 3247 726 3302; x_wconf 81' lang='lat' dir='ltr'><strong>Amicus</strong></span> <span class='ocrx_word' id='word_1_259' title='bbox 753 3247 948 3302; x_wconf 91' lang='lat' dir='ltr'><strong>dicitur</strong></span> <span class='ocrx_word' id='word_1_260' title='bbox 977 3247 1133 3314; x_wconf 90' lang='lat' dir='ltr'><strong>quasi</strong></span> <span class='ocrx_word' id='word_1_261' title='bbox 1158 3246 1327 3300; x_wconf 88' lang='lat' dir='ltr'><strong>animi</strong></span> <span class='ocrx_word' id='word_1_262' title='bbox 1355 3252 1558 3300; x_wconf 86' lang='lat' dir='ltr'><strong>custos.</strong></span> <span class='ocrx_word' id='word_1_263' title='bbox 1591 3243 1647 3297; x_wconf 93' lang='lat' dir='ltr'><strong>In</strong></span> <span class='ocrx_word' id='word_1_264' title='bbox 1671 3241 1810 3296; x_wconf 78' lang='lat' dir='ltr'><strong>ami-</strong></span> 
     </span>
    </p>
   </div>
   <div class='ocr_carea' id='block_1_35' title="bbox 223 3336 1814 3411">
    <p class='ocr_par' dir='ltr' id='par_1_35' title="bbox 223 3336 1814 3411">
     <span class='ocr_line' id='line_1_35' title="bbox 223 3336 1814 3411; baseline -0.009 -12"><span class='ocrx_word' id='word_1_265' title='bbox 223 3360 287 3399; x_wconf 86' lang='lat' dir='ltr'><strong>co</strong></span> <span class='ocrx_word' id='word_1_266' title='bbox 315 3341 516 3411; x_wconf 87' lang='lat' dir='ltr'><strong>quippe</strong></span> <span class='ocrx_word' id='word_1_267' title='bbox 543 3339 687 3394; x_wconf 86' lang='lat' dir='ltr'><strong>fideli</strong></span> <span class='ocrx_word' id='word_1_268' title='bbox 716 3340 1169 3394; x_wconf 85' lang='lat' dir='ltr'><strong>medicamentum</strong></span> <span class='ocrx_word' id='word_1_269' title='bbox 1198 3346 1282 3392; x_wconf 91' lang='lat' dir='ltr'><strong>est</strong></span> <span class='ocrx_word' id='word_1_270' title='bbox 1309 3337 1431 3391; x_wconf 72' lang='lat' dir='ltr'><strong>vitae</strong></span> <span class='ocrx_word' id='word_1_271' title='bbox 1457 3344 1511 3389; x_wconf 92' lang='lat' dir='ltr'><strong>et</strong></span> <span class='ocrx_word' id='word_1_272' title='bbox 1539 3336 1814 3388; x_wconf 86' lang='lat' dir='ltr'><strong>immorta-</strong></span> 
     </span>
    </p>
   </div>
   <div class='ocr_carea' id='block_1_36' title="bbox 226 3424 1816 3498">
    <p class='ocr_par' dir='ltr' id='par_1_36' title="bbox 226 3424 1816 3498">
     <span class='ocr_line' id='line_1_36' title="bbox 226 3424 1816 3498; baseline -0.004 -15"><span class='ocrx_word' id='word_1_273' title='bbox 226 3429 397 3483; x_wconf 81' lang='lat' dir='ltr'><strong>litatis</strong></span> <span class='ocrx_word' id='word_1_274' title='bbox 433 3447 446 3481; x_wconf 85' lang='lat'>:</span> <span class='ocrx_word' id='word_1_275' title='bbox 480 3428 606 3498; x_wconf 90' lang='lat' dir='ltr'><strong>quia</strong></span> <span class='ocrx_word' id='word_1_276' title='bbox 652 3428 694 3481; x_wconf 90' lang='lat' dir='ltr'><strong>si</strong></span> <span class='ocrx_word' id='word_1_277' title='bbox 743 3427 916 3482; x_wconf 81' lang='lat' dir='ltr'><strong>ﬁdelis</strong></span> <span class='ocrx_word' id='word_1_278' title='bbox 944 3435 1062 3491; x_wconf 90' lang='lat' dir='ltr'><strong>est,</strong></span> <span class='ocrx_word' id='word_1_279' title='bbox 1101 3429 1398 3482; x_wconf 87' lang='lat' dir='ltr'><strong>secundmu</strong></span> <span class='ocrx_word' id='word_1_280' title='bbox 1436 3426 1600 3480; x_wconf 88' lang='lat' dir='ltr'><strong>Deum</strong></span> <span class='ocrx_word' id='word_1_281' title='bbox 1629 3424 1816 3492; x_wconf 85' lang='lat' dir='ltr'><strong>utique</strong></span> 
     </span>
    </p>
   </div>
   <div class='ocr_carea' id='block_1_37' title="bbox 228 3515 1814 3584">
    <p class='ocr_par' dir='ltr' id='par_1_37' title="bbox 228 3515 1814 3584">
     <span class='ocr_line' id='line_1_37' title="bbox 228 3515 1814 3584; baseline -0.004 -10"><span class='ocrx_word' id='word_1_282' title='bbox 228 3521 437 3574; x_wconf 86' lang='lat' dir='ltr'><strong>amicus</strong></span> <span class='ocrx_word' id='word_1_283' title='bbox 465 3528 584 3584; x_wconf 89' lang='lat' dir='ltr'><strong>est;</strong></span> <span class='ocrx_word' id='word_1_284' title='bbox 639 3519 685 3574; x_wconf 89' lang='lat' dir='ltr'><strong>si</strong></span> <span class='ocrx_word' id='word_1_285' title='bbox 725 3527 904 3572; x_wconf 91' lang='lat' dir='ltr'><strong>autem</strong></span> <span class='ocrx_word' id='word_1_286' title='bbox 953 3517 1245 3573; x_wconf 91' lang='lat' dir='ltr'><strong>secundum</strong></span> <span class='ocrx_word' id='word_1_287' title='bbox 1275 3517 1443 3570; x_wconf 86' lang='lat' dir='ltr'><strong>Deum</strong></span> <span class='ocrx_word' id='word_1_288' title='bbox 1474 3515 1680 3568; x_wconf 85' lang='lat' dir='ltr'><strong>amicus</strong></span> <span class='ocrx_word' id='word_1_289' title='bbox 1710 3522 1814 3580; x_wconf 86' lang='lat' dir='ltr'><strong>est,</strong></span> 
     </span>
    </p>
   </div>
   <div class='ocr_carea' id='block_1_38' title="bbox 227 3605 1819 3679">
    <p class='ocr_par' dir='ltr' id='par_1_38' title="bbox 227 3605 1819 3679">
     <span class='ocr_line' id='line_1_38' title="bbox 227 3605 1819 3679; baseline -0.005 -14"><span class='ocrx_word' id='word_1_290' title='bbox 227 3626 290 3666; x_wconf 85' lang='lat' dir='ltr'><strong>ea</strong></span> <span class='ocrx_word' id='word_1_291' title='bbox 323 3624 537 3679; x_wconf 86' lang='lat' dir='ltr'><strong>semper</strong></span> <span class='ocrx_word' id='word_1_292' title='bbox 567 3623 688 3663; x_wconf 88' lang='lat' dir='ltr'><strong>cum</strong></span> <span class='ocrx_word' id='word_1_293' title='bbox 726 3609 902 3662; x_wconf 89' lang='lat' dir='ltr'><strong>amico</strong></span> <span class='ocrx_word' id='word_1_294' title='bbox 945 3616 1179 3671; x_wconf 91' lang='lat' dir='ltr'><strong>tractat,</strong></span> <span class='ocrx_word' id='word_1_295' title='bbox 1210 3621 1332 3676; x_wconf 82' lang='lat' dir='ltr'><strong>quae</strong></span> <span class='ocrx_word' id='word_1_296' title='bbox 1361 3605 1428 3659; x_wconf 89' lang='lat' dir='ltr'><strong>ad</strong></span> <span class='ocrx_word' id='word_1_297' title='bbox 1458 3605 1819 3659; x_wconf 87' lang='lat' dir='ltr'><strong>medicamen-</strong></span> 
     </span>
    </p>
   </div>
   <div class='ocr_carea' id='block_1_39' title="bbox 231 3699 1820 3768">
    <p class='ocr_par' dir='ltr' id='par_1_39' title="bbox 231 3699 1820 3768">
     <span class='ocr_line' id='line_1_39' title="bbox 231 3699 1820 3768; baseline -0.004 -12"><span class='ocrx_word' id='word_1_298' title='bbox 231 3712 346 3756; x_wconf 89' lang='lat' dir='ltr'><strong>tum</strong></span> <span class='ocrx_word' id='word_1_299' title='bbox 370 3703 493 3756; x_wconf 72' lang='lat' dir='ltr'><strong>vitze</strong></span> <span class='ocrx_word' id='word_1_300' title='bbox 515 3709 731 3755; x_wconf 65' lang='lat' dir='ltr'><strong>aeternae</strong></span> <span class='ocrx_word' id='word_1_301' title='bbox 763 3709 817 3755; x_wconf 91' lang='lat' dir='ltr'><strong>et</strong></span> <span class='ocrx_word' id='word_1_302' title='bbox 857 3699 1314 3755; x_wconf 88' lang='lat' dir='ltr'><strong>immortalitatem</strong></span> <span class='ocrx_word' id='word_1_303' title='bbox 1343 3706 1657 3768; x_wconf 89' lang='lat' dir='ltr'><strong>perpetuam</strong></span> <span class='ocrx_word' id='word_1_304' title='bbox 1698 3712 1820 3766; x_wconf 89' lang='lat' dir='ltr'><strong>per-</strong></span> 
     </span>
    </p>
   </div>
   <div class='ocr_carea' id='block_1_40' title="bbox 231 3788 1814 3852">
    <p class='ocr_par' dir='ltr' id='par_1_40' title="bbox 231 3788 1814 3852">
     <span class='ocr_line' id='line_1_40' title="bbox 231 3788 1814 3852; baseline -0.008 -1"><span class='ocrx_word' id='word_1_305' title='bbox 231 3799 427 3852; x_wconf 87' lang='lat' dir='ltr'><strong>tinent.</strong></span> <span class='ocrx_word' id='word_1_306' title='bbox 476 3793 631 3850; x_wconf 87' lang='lat' dir='ltr'><strong>Unde</strong></span> <span class='ocrx_word' id='word_1_307' title='bbox 677 3802 760 3848; x_wconf 87' lang='lat' dir='ltr'><strong>est</strong></span> <span class='ocrx_word' id='word_1_308' title='bbox 808 3793 896 3847; x_wconf 89' lang='lat' dir='ltr'><strong>illa</strong></span> <span class='ocrx_word' id='word_1_309' title='bbox 952 3791 1110 3846; x_wconf 88' lang='lat' dir='ltr'><strong>Tullii</strong></span> <span class='ocrx_word' id='word_1_310' title='bbox 1149 3789 1426 3846; x_wconf 89' lang='lat' dir='ltr'><strong>Ciceronis</strong></span> <span class='ocrx_word' id='word_1_311' title='bbox 1478 3788 1746 3843; x_wconf 87' lang='lat' dir='ltr'><strong>sententia</strong></span> <span class='ocrx_word' id='word_1_312' title='bbox 1803 3805 1814 3839; x_wconf 94' lang='lat'>:</span> 
     </span>
    </p>
   </div>
   <div class='ocr_carea' id='block_1_41' title="bbox 239 3877 1820 3950">
    <p class='ocr_par' dir='ltr' id='par_1_41' title="bbox 239 3877 1820 3950">
     <span class='ocr_line' id='line_1_41' title="bbox 239 3877 1820 3950; baseline -0.005 -12"><span class='ocrx_word' id='word_1_313' title='bbox 239 3909 256 3938; x_wconf 78' lang='grc' dir='ltr'><strong>ι</strong></span> <span class='ocrx_word' id='word_1_314' title='bbox 289 3887 602 3941; x_wconf 81' lang='lat' dir='ltr'><strong>Amicitiam</strong></span> <span class='ocrx_word' id='word_1_315' title='bbox 621 3885 725 3939; x_wconf 86' lang='lat' dir='ltr'><strong>nisi</strong></span> <span class='ocrx_word' id='word_1_316' title='bbox 750 3884 893 3939; x_wconf 90' lang='lat' dir='ltr'><strong>inter</strong></span> <span class='ocrx_word' id='word_1_317' title='bbox 915 3885 1086 3938; x_wconf 90' lang='lat' dir='ltr'><strong>bonos</strong></span> <span class='ocrx_word' id='word_1_318' title='bbox 1099 3897 1220 3937; x_wconf 92' lang='lat' dir='ltr'><strong>esse</strong></span> <span class='ocrx_word' id='word_1_319' title='bbox 1244 3897 1349 3936; x_wconf 89' lang='lat' dir='ltr'><strong>non</strong></span> <span class='ocrx_word' id='word_1_320' title='bbox 1371 3893 1550 3950; x_wconf 88' lang='lat' dir='ltr'><strong>posse.</strong></span> <span class='ocrx_word' id='word_1_321' title='bbox 1569 3877 1820 3933; x_wconf 87' lang='lat' dir='ltr'><strong>Estenim</strong></span> 
     </span>
    </p>
   </div>
   <div class='ocr_carea' id='block_1_42' title="bbox 236 3969 1819 4048">
    <p class='ocr_par' dir='ltr' id='par_1_42' title="bbox 236 3969 1819 4048">
     <span class='ocr_line' id='line_1_42' title="bbox 236 3969 1819 4048; baseline -0.008 -14"><span class='ocrx_word' id='word_1_322' title='bbox 236 3979 365 4034; x_wconf 85' lang='lat' dir='ltr'><strong>boni</strong></span> <span class='ocrx_word' id='word_1_323' title='bbox 405 3978 508 4031; x_wconf 87' lang='lat' dir='ltr'><strong>viri</strong></span> <span class='ocrx_word' id='word_1_324' title='bbox 554 3974 735 4048; x_wconf 82' lang='lat' dir='ltr'><strong>(quem</strong></span> <span class='ocrx_word' id='word_1_325' title='bbox 785 3975 1035 4030; x_wconf 89' lang='lat' dir='ltr'><strong>eumdem</strong></span> <span class='ocrx_word' id='word_1_326' title='bbox 1077 3975 1373 4044; x_wconf 89' lang='lat' dir='ltr'><strong>sapientem</strong></span> <span class='ocrx_word' id='word_1_327' title='bbox 1428 3971 1556 4025; x_wconf 92' lang='lat' dir='ltr'><strong>licet</strong></span> <span class='ocrx_word' id='word_1_328' title='bbox 1596 3969 1819 4037; x_wconf 88' lang='lat' dir='ltr'><strong>dicere),</strong></span> 
     </span>
    </p>
   </div>
   <div class='ocr_carea' id='block_1_43' title="bbox 239 4059 1825 4132">
    <p class='ocr_par' dir='ltr' id='par_1_43' title="bbox 239 4059 1825 4132">
     <span class='ocr_line' id='line_1_43' title="bbox 239 4059 1825 4132; baseline -0.007 -11"><span class='ocrx_word' id='word_1_329' title='bbox 239 4070 359 4122; x_wconf 65' lang='lat' dir='ltr'><strong>haec</strong></span> <span class='ocrx_word' id='word_1_330' title='bbox 386 4067 492 4120; x_wconf 91' lang='lat' dir='ltr'><strong>duo</strong></span> <span class='ocrx_word' id='word_1_331' title='bbox 523 4075 708 4120; x_wconf 89' lang='lat' dir='ltr'><strong>tenere</strong></span> <span class='ocrx_word' id='word_1_332' title='bbox 731 4065 785 4118; x_wconf 90' lang='lat' dir='ltr'><strong>in</strong></span> <span class='ocrx_word' id='word_1_333' title='bbox 820 4063 1054 4120; x_wconf 86' lang='lat' dir='ltr'><strong>amicitia</strong></span> <span class='ocrx_word' id='word_1_334' title='bbox 1082 4103 1096 4127; x_wconf 96' lang='lat'><strong>,</strong></span> <span class='ocrx_word' id='word_1_335' title='bbox 1127 4063 1358 4132; x_wconf 91' lang='lat' dir='ltr'><strong>primum</strong></span> <span class='ocrx_word' id='word_1_336' title='bbox 1385 4075 1450 4115; x_wconf 91' lang='lat' dir='ltr'><strong>ne</strong></span> <span class='ocrx_word' id='word_1_337' title='bbox 1491 4059 1619 4129; x_wconf 85' lang='lat' dir='ltr'><strong>quid</strong></span> <span class='ocrx_word' id='word_1_338' title='bbox 1642 4059 1825 4113; x_wconf 81' lang='lat' dir='ltr'><strong>fictum</strong></span> 
     </span>
    </p>
   </div>
   <div class='ocr_carea' id='block_1_44' title="bbox 240 4152 1828 4226">
    <p class='ocr_par' dir='ltr' id='par_1_44' title="bbox 240 4152 1828 4226">
     <span class='ocr_line' id='line_1_44' title="bbox 240 4152 1828 4226; baseline -0.008 -11"><span class='ocrx_word' id='word_1_339' title='bbox 240 4161 334 4224; x_wconf 86' lang='lat' dir='ltr'><strong>sit,</strong></span> <span class='ocrx_word' id='word_1_340' title='bbox 367 4173 502 4213; x_wconf 84' lang='lat' dir='ltr'><strong>neve</strong></span> <span class='ocrx_word' id='word_1_341' title='bbox 532 4157 867 4212; x_wconf 89' lang='lat' dir='ltr'><strong>simulatum.</strong></span> <span class='ocrx_word' id='word_1_342' title='bbox 913 4177 931 4209; x_wconf 73' lang='grc' dir='ltr'><strong>ι</strong></span> <span class='ocrx_word' id='word_1_343' title='bbox 975 4155 1170 4226; x_wconf 86' lang='lat' dir='ltr'><strong>Aperte</strong></span> <span class='ocrx_word' id='word_1_344' title='bbox 1208 4155 1350 4210; x_wconf 87' lang='lat' dir='ltr'><strong>enim</strong></span> <span class='ocrx_word' id='word_1_345' title='bbox 1391 4153 1473 4208; x_wconf 91' lang='lat' dir='ltr'><strong>vel</strong></span> <span class='ocrx_word' id='word_1_346' title='bbox 1505 4152 1682 4207; x_wconf 77' lang='lat' dir='ltr'><strong>odisse</strong></span> <span class='ocrx_word' id='word_1_347' title='bbox 1714 4166 1828 4204; x_wconf 90' lang='lat' dir='ltr'><strong>ma-</strong></span> 
     </span>
    </p>
   </div>
   <div class='ocr_carea' id='block_1_45' title="bbox 242 4243 1824 4324">
    <p class='ocr_par' dir='ltr' id='par_1_45' title="bbox 242 4243 1824 4324">
     <span class='ocr_line' id='line_1_45' title="bbox 242 4243 1824 4324; baseline -0.006 -19"><span class='ocrx_word' id='word_1_348' title='bbox 242 4252 326 4324; x_wconf 87' lang='lat' dir='ltr'><strong>gis</strong></span> <span class='ocrx_word' id='word_1_349' title='bbox 370 4250 588 4320; x_wconf 80' lang='lat' dir='ltr'><strong>ingenui</strong></span> <span class='ocrx_word' id='word_1_350' title='bbox 629 4257 732 4315; x_wconf 90' lang='lat' dir='ltr'><strong>est,</strong></span> <span class='ocrx_word' id='word_1_351' title='bbox 769 4264 932 4318; x_wconf 91' lang='lat' dir='ltr'><strong>quam</strong></span> <span class='ocrx_word' id='word_1_352' title='bbox 958 4246 1135 4302; x_wconf 87' lang='lat' dir='ltr'><strong>fronte</strong></span> <span class='ocrx_word' id='word_1_353' title='bbox 1169 4247 1442 4302; x_wconf 86' lang='lat' dir='ltr'><strong>occultare</strong></span> <span class='ocrx_word' id='word_1_354' title='bbox 1463 4243 1824 4307; x_wconf 88' lang='lat' dir='ltr'><strong>sententiam;</strong></span> 
     </span>
    </p>
   </div>
   <div class='ocr_carea' id='block_1_46' title="bbox 244 4335 1832 4406">
    <p class='ocr_par' dir='ltr' id='par_1_46' title="bbox 244 4335 1832 4406">
     <span class='ocr_line' id='line_1_46' title="bbox 244 4335 1832 4406; baseline -0.006 -10"><span class='ocrx_word' id='word_1_355' title='bbox 244 4341 442 4396; x_wconf 91' lang='lat' dir='ltr'><strong>deinde</strong></span> <span class='ocrx_word' id='word_1_356' title='bbox 473 4355 581 4395; x_wconf 92' lang='lat' dir='ltr'><strong>non</strong></span> <span class='ocrx_word' id='word_1_357' title='bbox 602 4339 773 4395; x_wconf 90' lang='lat' dir='ltr'><strong>solum</strong></span> <span class='ocrx_word' id='word_1_358' title='bbox 799 4339 867 4394; x_wconf 88' lang='lat' dir='ltr'><strong>ab</strong></span> <span class='ocrx_word' id='word_1_359' title='bbox 897 4338 1078 4406; x_wconf 91' lang='lat' dir='ltr'><strong>aliquo</strong></span> <span class='ocrx_word' id='word_1_360' title='bbox 1100 4336 1290 4391; x_wconf 88' lang='lat' dir='ltr'><strong>allatas</strong></span> <span class='ocrx_word' id='word_1_361' title='bbox 1317 4335 1721 4389; x_wconf 91' lang='lat' dir='ltr'><strong>criminationes</strong></span> <span class='ocrx_word' id='word_1_362' title='bbox 1746 4348 1832 4387; x_wconf 92' lang='lat' dir='ltr'><strong>re-</strong></span> 
     </span>
    </p>
   </div>
   <div class='ocr_carea' id='block_1_47' title="bbox 244 4427 1833 4504">
    <p class='ocr_par' dir='ltr' id='par_1_47' title="bbox 244 4427 1833 4504">
     <span class='ocr_line' id='line_1_47' title="bbox 244 4427 1833 4504; baseline -0.006 -18"><span class='ocrx_word' id='word_1_363' title='bbox 244 4432 470 4504; x_wconf 82' lang='lat' dir='ltr'><strong>pellere,</strong></span> <span class='ocrx_word' id='word_1_364' title='bbox 499 4431 593 4486; x_wconf 87' lang='lat' dir='ltr'><strong>sed</strong></span> <span class='ocrx_word' id='word_1_365' title='bbox 614 4447 682 4484; x_wconf 92' lang='lat' dir='ltr'><strong>ne</strong></span> <span class='ocrx_word' id='word_1_366' title='bbox 711 4432 886 4501; x_wconf 92' lang='lat' dir='ltr'><strong>ipsum</strong></span> <span class='ocrx_word' id='word_1_367' title='bbox 917 4431 1132 4500; x_wconf 91' lang='lat' dir='ltr'><strong>quidem</strong></span> <span class='ocrx_word' id='word_1_368' title='bbox 1165 4443 1286 4482; x_wconf 90' lang='lat' dir='ltr'><strong>esse</strong></span> <span class='ocrx_word' id='word_1_369' title='bbox 1313 4427 1666 4497; x_wconf 90' lang='lat' dir='ltr'><strong>suspiciosum</strong></span> <span class='ocrx_word' id='word_1_370' title='bbox 1691 4440 1833 4478; x_wconf 88' lang='lat' dir='ltr'><strong>sem-</strong></span> 
     </span>
    </p>
   </div>
   <div class='ocr_carea' id='block_1_48' title="bbox 1892 577 3477 657">
    <p class='ocr_par' dir='ltr' id='par_1_48' title="bbox 1892 577 3477 657">
     <span class='ocr_line' id='line_1_48' title="bbox 1892 577 3477 657; baseline -0.008 -13"><span class='ocrx_word' id='word_1_371' title='bbox 1892 606 2011 644; x_wconf 91' lang='lat' dir='ltr'><strong>rum</strong></span> <span class='ocrx_word' id='word_1_372' title='bbox 2061 588 2407 657; x_wconf 87' lang='lat' dir='ltr'><strong>despectione</strong></span> <span class='ocrx_word' id='word_1_373' title='bbox 2453 599 2574 638; x_wconf 89' lang='lat' dir='ltr'><strong>esse</strong></span> <span class='ocrx_word' id='word_1_374' title='bbox 2619 582 2891 636; x_wconf 76' lang='lat' dir='ltr'><strong>dixerunt.</strong></span> <span class='ocrx_word' id='word_1_375' title='bbox 2943 577 3272 640; x_wconf 88' lang='lat' dir='ltr'><strong>Secundum,</strong></span> <span class='ocrx_word' id='word_1_376' title='bbox 3313 588 3372 631; x_wconf 93' lang='lat' dir='ltr'><strong>ut</strong></span> <span class='ocrx_word' id='word_1_377' title='bbox 3405 577 3477 631; x_wconf 84' lang='lat' dir='ltr'><strong>ita</strong></span> 
     </span>
    </p>
   </div>
   <div class='ocr_carea' id='block_1_49' title="bbox 1890 671 3480 748">
    <p class='ocr_par' dir='ltr' id='par_1_49' title="bbox 1890 671 3480 748">
     <span class='ocr_line' id='line_1_49' title="bbox 1890 671 3480 748; baseline -0.009 -12"><span class='ocrx_word' id='word_1_378' title='bbox 1890 697 2018 736; x_wconf 91' lang='lat' dir='ltr'><strong>suas</strong></span> <span class='ocrx_word' id='word_1_379' title='bbox 2061 679 2434 748; x_wconf 90' lang='lat' dir='ltr'><strong>unusquisque</strong></span> <span class='ocrx_word' id='word_1_380' title='bbox 2476 685 2686 730; x_wconf 89' lang='lat' dir='ltr'><strong>resecet</strong></span> <span class='ocrx_word' id='word_1_381' title='bbox 2712 674 3033 734; x_wconf 88' lang='lat' dir='ltr'><strong>voluntates,</strong></span> <span class='ocrx_word' id='word_1_382' title='bbox 3081 685 3147 723; x_wconf 87' lang='lat' dir='ltr'><strong>ne</strong></span> <span class='ocrx_word' id='word_1_383' title='bbox 3176 687 3232 724; x_wconf 89' lang='lat' dir='ltr'><strong>se</strong></span> <span class='ocrx_word' id='word_1_384' title='bbox 3263 671 3480 738; x_wconf 86' lang='lat' dir='ltr'><strong>sapien-</strong></span> 
     </span>
    </p>
   </div>
   <div class='ocr_carea' id='block_1_50' title="bbox 1890 758 3478 838">
    <p class='ocr_par' dir='ltr' id='par_1_50' title="bbox 1890 758 3478 838">
     <span class='ocr_line' id='line_1_50' title="bbox 1890 758 3478 838; baseline -0.01 -14"><span class='ocrx_word' id='word_1_385' title='bbox 1890 779 2000 826; x_wconf 89' lang='lat' dir='ltr'><strong>tem</strong></span> <span class='ocrx_word' id='word_1_386' title='bbox 2029 778 2192 838; x_wconf 89' lang='lat' dir='ltr'><strong>atque</strong></span> <span class='ocrx_word' id='word_1_387' title='bbox 2226 767 2532 823; x_wconf 90' lang='lat' dir='ltr'><strong>consultum</strong></span> <span class='ocrx_word' id='word_1_388' title='bbox 2558 779 2677 819; x_wconf 89' lang='lat' dir='ltr'><strong>esse</strong></span> <span class='ocrx_word' id='word_1_389' title='bbox 2697 762 2972 831; x_wconf 89' lang='lat' dir='ltr'><strong>judicans,</strong></span> <span class='ocrx_word' id='word_1_390' title='bbox 3001 761 3114 814; x_wconf 87' lang='lat' dir='ltr'><strong>suis</strong></span> <span class='ocrx_word' id='word_1_391' title='bbox 3144 758 3294 812; x_wconf 77' lang='lat' dir='ltr'><strong>malit</strong></span> <span class='ocrx_word' id='word_1_392' title='bbox 3317 773 3478 826; x_wconf 88' lang='lat' dir='ltr'><strong>quam</strong></span> 
     </span>
    </p>
   </div>
   <div class='ocr_carea' id='block_1_51' title="bbox 1889 849 3479 932">
    <p class='ocr_par' dir='ltr' id='par_1_51' title="bbox 1889 849 3479 932">
     <span class='ocr_line' id='line_1_51' title="bbox 1889 849 3479 932; baseline -0.009 -17"><span class='ocrx_word' id='word_1_393' title='bbox 1889 860 2121 932; x_wconf 83' lang='lat' dir='ltr'><strong>proximi</strong></span> <span class='ocrx_word' id='word_1_394' title='bbox 2148 858 2552 914; x_wconf 84' lang='lat' dir='ltr'><strong>diiiinitionibus</strong></span> <span class='ocrx_word' id='word_1_395' title='bbox 2577 856 2820 910; x_wconf 77' lang='lat' dir='ltr'><strong>obedire.</strong></span> <span class='ocrx_word' id='word_1_396' title='bbox 2847 853 3088 906; x_wconf 85' lang='lat' dir='ltr'><strong>Tertium</strong></span> <span class='ocrx_word' id='word_1_397' title='bbox 3115 859 3216 914; x_wconf 89' lang='lat' dir='ltr'><strong>est,</strong></span> <span class='ocrx_word' id='word_1_398' title='bbox 3255 857 3314 902; x_wconf 92' lang='lat' dir='ltr'><strong>ut</strong></span> <span class='ocrx_word' id='word_1_399' title='bbox 3341 849 3479 902; x_wconf 86' lang='lat' dir='ltr'><strong>sciat</strong></span> 
     </span>
    </p>
   </div>
   <div class='ocr_carea' id='block_1_52' title="bbox 1888 939 3485 1015">
    <p class='ocr_par' dir='ltr' id='par_1_52' title="bbox 1888 939 3485 1015">
     <span class='ocr_line' id='line_1_52' title="bbox 1888 939 3485 1015; baseline -0.012 -10"><span class='ocrx_word' id='word_1_400' title='bbox 1888 949 2093 1014; x_wconf 89' lang='lat' dir='ltr'><strong>omnia,</strong></span> <span class='ocrx_word' id='word_1_401' title='bbox 2118 949 2281 1003; x_wconf 91' lang='lat' dir='ltr'><strong>etiam</strong></span> <span class='ocrx_word' id='word_1_402' title='bbox 2310 963 2429 1015; x_wconf 70' lang='lat' dir='ltr'><strong>qua:</strong></span> <span class='ocrx_word' id='word_1_403' title='bbox 2450 944 2602 999; x_wconf 88' lang='lat' dir='ltr'><strong>utilia</strong></span> <span class='ocrx_word' id='word_1_404' title='bbox 2627 959 2690 998; x_wconf 90' lang='lat' dir='ltr'><strong>ac</strong></span> <span class='ocrx_word' id='word_1_405' title='bbox 2717 941 3022 997; x_wconf 84' lang='lat' dir='ltr'><strong>necessaria</strong></span> <span class='ocrx_word' id='word_1_406' title='bbox 3048 939 3298 999; x_wconf 62' lang='lat' dir='ltr'><strong>aestimat,</strong></span> <span class='ocrx_word' id='word_1_407' title='bbox 3335 945 3485 1004; x_wconf 87' lang='lat' dir='ltr'><strong>post-</strong></span> 
     </span>
    </p>
   </div>
   <div class='ocr_carea' id='block_1_53' title="bbox 1889 1031 3484 1112">
    <p class='ocr_par' dir='ltr' id='par_1_53' title="bbox 1889 1031 3484 1112">
     <span class='ocr_line' id='line_1_53' title="bbox 1889 1031 3484 1112; baseline -0.011 -15"><span class='ocrx_word' id='word_1_408' title='bbox 1889 1041 2137 1112; x_wconf 90' lang='lat' dir='ltr'><strong>ponenda</strong></span> <span class='ocrx_word' id='word_1_409' title='bbox 2163 1041 2305 1094; x_wconf 93' lang='lat' dir='ltr'><strong>bono</strong></span> <span class='ocrx_word' id='word_1_410' title='bbox 2334 1037 2620 1093; x_wconf 88' lang='lat' dir='ltr'><strong>charitatis</strong></span> <span class='ocrx_word' id='word_1_411' title='bbox 2645 1049 2697 1090; x_wconf 91' lang='lat' dir='ltr'><strong>et</strong></span> <span class='ocrx_word' id='word_1_412' title='bbox 2733 1035 2899 1103; x_wconf 90' lang='lat' dir='ltr'><strong>pacis.</strong></span> <span class='ocrx_word' id='word_1_413' title='bbox 2926 1031 3185 1098; x_wconf 87' lang='lat' dir='ltr'><strong>Quartum</strong></span> <span class='ocrx_word' id='word_1_414' title='bbox 3213 1069 3228 1092; x_wconf 98' lang='lat'><strong>,</strong></span> <span class='ocrx_word' id='word_1_415' title='bbox 3269 1037 3328 1082; x_wconf 90' lang='lat' dir='ltr'><strong>ut</strong></span> <span class='ocrx_word' id='word_1_416' title='bbox 3364 1043 3484 1082; x_wconf 90' lang='lat' dir='ltr'><strong>cre-</strong></span> 
     </span>
    </p>
   </div>
   <div class='ocr_carea' id='block_1_54' title="bbox 1893 1120 3482 1197">
    <p class='ocr_par' dir='ltr' id='par_1_54' title="bbox 1893 1120 3482 1197">
     <span class='ocr_line' id='line_1_54' title="bbox 1893 1120 3482 1197; baseline -0.011 -12"><span class='ocrx_word' id='word_1_417' title='bbox 1893 1132 1985 1186; x_wconf 90' lang='lat' dir='ltr'><strong>dat</strong></span> <span class='ocrx_word' id='word_1_418' title='bbox 2004 1145 2104 1185; x_wconf 91' lang='lat' dir='ltr'><strong>nec</strong></span> <span class='ocrx_word' id='word_1_419' title='bbox 2124 1129 2284 1197; x_wconf 89' lang='lat' dir='ltr'><strong>justis</strong></span> <span class='ocrx_word' id='word_1_420' title='bbox 2308 1143 2406 1182; x_wconf 88' lang='lat' dir='ltr'><strong>nec</strong></span> <span class='ocrx_word' id='word_1_421' title='bbox 2436 1127 2651 1197; x_wconf 88' lang='lat' dir='ltr'><strong>injustis</strong></span> <span class='ocrx_word' id='word_1_422' title='bbox 2685 1125 2752 1179; x_wconf 91' lang='lat' dir='ltr'><strong>de</strong></span> <span class='ocrx_word' id='word_1_423' title='bbox 2793 1123 2973 1178; x_wconf 91' lang='lat' dir='ltr'><strong>causis</strong></span> <span class='ocrx_word' id='word_1_424' title='bbox 2996 1121 3208 1190; x_wconf 89' lang='lat' dir='ltr'><strong>penitus</strong></span> <span class='ocrx_word' id='word_1_425' title='bbox 3240 1120 3482 1172; x_wconf 84' lang='lat' dir='ltr'><strong>irascen-</strong></span> 
     </span>
    </p>
   </div>
   <div class='ocr_carea' id='block_1_55' title="bbox 1894 1209 3478 1288">
    <p class='ocr_par' dir='ltr' id='par_1_55' title="bbox 1894 1209 3478 1288">
     <span class='ocr_line' id='line_1_55' title="bbox 1894 1209 3478 1288; baseline -0.011 -12"><span class='ocrx_word' id='word_1_426' title='bbox 1894 1225 2039 1276; x_wconf 84' lang='lat' dir='ltr'><strong>dum.</strong></span> <span class='ocrx_word' id='word_1_427' title='bbox 2071 1221 2350 1288; x_wconf 85' lang='lat' dir='ltr'><strong>Quintum,</strong></span> <span class='ocrx_word' id='word_1_428' title='bbox 2393 1220 2757 1274; x_wconf 89' lang='lat' dir='ltr'><strong>utadversum</strong></span> <span class='ocrx_word' id='word_1_429' title='bbox 2789 1229 2847 1269; x_wconf 89' lang='lat' dir='ltr'><strong>se</strong></span> <span class='ocrx_word' id='word_1_430' title='bbox 2887 1211 3215 1266; x_wconf 86' lang='lat' dir='ltr'><strong>iracundiam</strong></span> <span class='ocrx_word' id='word_1_431' title='bbox 3261 1209 3478 1267; x_wconf 80' lang='lat' dir='ltr'><strong>fratris,</strong></span> 
     </span>
    </p>
   </div>
   <div class='ocr_carea' id='block_1_56' title="bbox 1894 1304 3484 1377">
    <p class='ocr_par' dir='ltr' id='par_1_56' title="bbox 1894 1304 3484 1377">
     <span class='ocr_line' id='line_1_56' title="bbox 1894 1304 3484 1377; baseline -0.011 -9"><span class='ocrx_word' id='word_1_432' title='bbox 1894 1315 2059 1368; x_wconf 90' lang='lat' dir='ltr'><strong>etiam</strong></span> <span class='ocrx_word' id='word_1_433' title='bbox 2109 1313 2226 1366; x_wconf 88' lang='lat' dir='ltr'><strong>sine</strong></span> <span class='ocrx_word' id='word_1_434' title='bbox 2271 1312 2479 1365; x_wconf 89' lang='lat' dir='ltr'><strong>ratione</strong></span> <span class='ocrx_word' id='word_1_435' title='bbox 2536 1317 2893 1377; x_wconf 82' lang='lat' dir='ltr'><strong>conceptam,</strong></span> <span class='ocrx_word' id='word_1_436' title='bbox 2941 1305 3126 1358; x_wconf 62' lang='lat' dir='ltr'><strong>eodem</strong></span> <span class='ocrx_word' id='word_1_437' title='bbox 3174 1304 3330 1355; x_wconf 88' lang='lat' dir='ltr'><strong>modo</strong></span> <span class='ocrx_word' id='word_1_438' title='bbox 3376 1316 3484 1368; x_wconf 87' lang='lat' dir='ltr'><strong>quo</strong></span> 
     </span>
    </p>
   </div>
   <div class='ocr_carea' id='block_1_57' title="bbox 1896 1393 3488 1466">
    <p class='ocr_par' dir='ltr' id='par_1_57' title="bbox 1896 1393 3488 1466">
     <span class='ocr_line' id='line_1_57' title="bbox 1896 1393 3488 1466; baseline -0.01 -7"><span class='ocrx_word' id='word_1_439' title='bbox 1896 1422 2048 1460; x_wconf 92' lang='lat' dir='ltr'><strong>suam</strong></span> <span class='ocrx_word' id='word_1_440' title='bbox 2085 1421 2278 1459; x_wconf 89' lang='lat' dir='ltr'><strong>curare</strong></span> <span class='ocrx_word' id='word_1_441' title='bbox 2313 1404 2600 1463; x_wconf 87' lang='lat' dir='ltr'><strong>desideret,</strong></span> <span class='ocrx_word' id='word_1_442' title='bbox 2646 1401 2822 1455; x_wconf 90' lang='lat' dir='ltr'><strong>sciens</strong></span> <span class='ocrx_word' id='word_1_443' title='bbox 2858 1396 3138 1466; x_wconf 69' lang='lat' dir='ltr'><strong>aequaliter</strong></span> <span class='ocrx_word' id='word_1_444' title='bbox 3175 1394 3278 1448; x_wconf 90' lang='lat' dir='ltr'><strong>sibi</strong></span> <span class='ocrx_word' id='word_1_445' title='bbox 3306 1393 3488 1462; x_wconf 51' lang='lat' dir='ltr'><strong>periti.</strong></span> 
     </span>
    </p>
   </div>
   <div class='ocr_carea' id='block_1_58' title="bbox 1896 1484 3484 1552">
    <p class='ocr_par' dir='ltr' id='par_1_58' title="bbox 1896 1484 3484 1552">
     <span class='ocr_line' id='line_1_58' title="bbox 1896 1484 3484 1552; baseline -0.011 -1"><span class='ocrx_word' id='word_1_446' title='bbox 1896 1497 2100 1551; x_wconf 88' lang='lat' dir='ltr'><strong>ciosam</strong></span> <span class='ocrx_word' id='word_1_447' title='bbox 2132 1496 2355 1550; x_wconf 90' lang='lat' dir='ltr'><strong>alterius</strong></span> <span class='ocrx_word' id='word_1_448' title='bbox 2378 1509 2497 1549; x_wconf 91' lang='lat' dir='ltr'><strong>esse</strong></span> <span class='ocrx_word' id='word_1_449' title='bbox 2529 1492 2828 1552; x_wconf 88' lang='lat' dir='ltr'><strong>tristitiam,</strong></span> <span class='ocrx_word' id='word_1_450' title='bbox 2869 1505 2932 1544; x_wconf 92' lang='lat' dir='ltr'><strong>ac</strong></span> <span class='ocrx_word' id='word_1_451' title='bbox 2961 1489 3006 1543; x_wconf 89' lang='lat' dir='ltr'><strong>si</strong></span> <span class='ocrx_word' id='word_1_452' title='bbox 3037 1489 3297 1542; x_wconf 88' lang='lat' dir='ltr'><strong>adversus</strong></span> <span class='ocrx_word' id='word_1_453' title='bbox 3321 1484 3484 1537; x_wconf 88' lang='lat' dir='ltr'><strong>alium</strong></span> 
     </span>
    </p>
   </div>
   <div class='ocr_carea' id='block_1_59' title="bbox 1898 1575 3485 1657">
    <p class='ocr_par' dir='ltr' id='par_1_59' title="bbox 1898 1575 3485 1657">
     <span class='ocr_line' id='line_1_59' title="bbox 1898 1575 3485 1657; baseline -0.009 -17"><span class='ocrx_word' id='word_1_454' title='bbox 1898 1588 2012 1657; x_wconf 90' lang='lat' dir='ltr'><strong>ipse</strong></span> <span class='ocrx_word' id='word_1_455' title='bbox 2042 1595 2343 1650; x_wconf 88' lang='lat' dir='ltr'><strong>moveatur,</strong></span> <span class='ocrx_word' id='word_1_456' title='bbox 2382 1586 2488 1639; x_wconf 86' lang='lat' dir='ltr'><strong>nisi</strong></span> <span class='ocrx_word' id='word_1_457' title='bbox 2529 1599 2670 1647; x_wconf 91' lang='lat' dir='ltr'><strong>eam,</strong></span> <span class='ocrx_word' id='word_1_458' title='bbox 2705 1589 2965 1650; x_wconf 89' lang='lat' dir='ltr'><strong>quantum</strong></span> <span class='ocrx_word' id='word_1_459' title='bbox 3006 1580 3058 1633; x_wconf 91' lang='lat' dir='ltr'><strong>in</strong></span> <span class='ocrx_word' id='word_1_460' title='bbox 3091 1593 3151 1632; x_wconf 89' lang='lat' dir='ltr'><strong>se</strong></span> <span class='ocrx_word' id='word_1_461' title='bbox 3189 1584 3290 1640; x_wconf 87' lang='lat' dir='ltr'><strong>est,</strong></span> <span class='ocrx_word' id='word_1_462' title='bbox 3321 1575 3485 1628; x_wconf 89' lang='lat' dir='ltr'><strong>etiam</strong></span> 
     </span>
    </p>
   </div>
   <div class='ocr_carea' id='block_1_60' title="bbox 1898 1667 3487 1743">
    <p class='ocr_par' dir='ltr' id='par_1_60' title="bbox 1898 1667 3487 1743">
     <span class='ocr_line' id='line_1_60' title="bbox 1898 1667 3487 1743; baseline -0.01 -10"><span class='ocrx_word' id='word_1_463' title='bbox 1898 1680 1963 1733; x_wconf 89' lang='lat' dir='ltr'><strong>de</strong></span> <span class='ocrx_word' id='word_1_464' title='bbox 2021 1677 2208 1732; x_wconf 86' lang='lat' dir='ltr'><strong>fratris</strong></span> <span class='ocrx_word' id='word_1_465' title='bbox 2265 1686 2446 1730; x_wconf 88' lang='lat' dir='ltr'><strong>mente</strong></span> <span class='ocrx_word' id='word_1_466' title='bbox 2512 1673 2796 1743; x_wconf 84' lang='lat' dir='ltr'><strong>depulerit.</strong></span> <span class='ocrx_word' id='word_1_467' title='bbox 2853 1672 3190 1726; x_wconf 91' lang='lat' dir='ltr'><strong>Postremum</strong></span> <span class='ocrx_word' id='word_1_468' title='bbox 3230 1667 3356 1721; x_wconf 91' lang='lat' dir='ltr'><strong>illud</strong></span> <span class='ocrx_word' id='word_1_469' title='bbox 3383 1675 3487 1728; x_wconf 90' lang='lat' dir='ltr'><strong>est,</strong></span> 
     </span>
    </p>
   </div>
   <div class='ocr_carea' id='block_1_61' title="bbox 1898 1761 3489 1841">
    <p class='ocr_par' dir='ltr' id='par_1_61' title="bbox 1898 1761 3489 1841">
     <span class='ocr_line' id='line_1_61' title="bbox 1898 1761 3489 1841; baseline -0.009 -16"><span class='ocrx_word' id='word_1_470' title='bbox 1898 1773 2042 1841; x_wconf 89' lang='lat' dir='ltr'><strong>quod</strong></span> <span class='ocrx_word' id='word_1_471' title='bbox 2065 1769 2316 1839; x_wconf 88' lang='lat' dir='ltr'><strong>generale</strong></span> <span class='ocrx_word' id='word_1_472' title='bbox 2347 1768 2606 1822; x_wconf 90' lang='lat' dir='ltr'><strong>vitiorum</strong></span> <span class='ocrx_word' id='word_1_473' title='bbox 2641 1765 2880 1818; x_wconf 90' lang='lat' dir='ltr'><strong>omnium</strong></span> <span class='ocrx_word' id='word_1_474' title='bbox 2922 1761 3343 1833; x_wconf 87' lang='lat' dir='ltr'><strong>peremptorium</strong></span> <span class='ocrx_word' id='word_1_475' title='bbox 3369 1773 3489 1811; x_wconf 90' lang='lat' dir='ltr'><strong>esse</strong></span> 
     </span>
    </p>
   </div>
   <div class='ocr_carea' id='block_1_62' title="bbox 1903 1849 3493 1923">
    <p class='ocr_par' dir='ltr' id='par_1_62' title="bbox 1903 1849 3493 1923">
     <span class='ocr_line' id='line_1_62' title="bbox 1903 1849 3493 1923; baseline -0.008 -7"><span class='ocrx_word' id='word_1_476' title='bbox 1903 1880 2010 1918; x_wconf 93' lang='lat' dir='ltr'><strong>non</strong></span> <span class='ocrx_word' id='word_1_477' title='bbox 2042 1862 2263 1917; x_wconf 89' lang='lat' dir='ltr'><strong>dubium</strong></span> <span class='ocrx_word' id='word_1_478' title='bbox 2290 1869 2392 1923; x_wconf 89' lang='lat' dir='ltr'><strong>est,</strong></span> <span class='ocrx_word' id='word_1_479' title='bbox 2419 1868 2477 1913; x_wconf 90' lang='lat' dir='ltr'><strong>ut</strong></span> <span class='ocrx_word' id='word_1_480' title='bbox 2502 1874 2562 1914; x_wconf 89' lang='lat' dir='ltr'><strong>se</strong></span> <span class='ocrx_word' id='word_1_481' title='bbox 2580 1857 2647 1912; x_wconf 91' lang='lat' dir='ltr'><strong>de</strong></span> <span class='ocrx_word' id='word_1_482' title='bbox 2667 1857 2771 1910; x_wconf 91' lang='lat' dir='ltr'><strong>hoc</strong></span> <span class='ocrx_word' id='word_1_483' title='bbox 2811 1855 3010 1909; x_wconf 91' lang='lat' dir='ltr'><strong>mundo</strong></span> <span class='ocrx_word' id='word_1_484' title='bbox 3040 1853 3224 1908; x_wconf 88' lang='lat' dir='ltr'><strong>credat</strong></span> <span class='ocrx_word' id='word_1_485' title='bbox 3251 1849 3493 1920; x_wconf 88' lang='lat' dir='ltr'><strong>quotidie</strong></span> 
     </span>
    </p>
   </div>
   <div class='ocr_carea' id='block_1_63' title="bbox 1906 1941 3495 2023">
    <p class='ocr_par' dir='ltr' id='par_1_63' title="bbox 1906 1941 3495 2023">
     <span class='ocr_line' id='line_1_63' title="bbox 1906 1941 3495 2023; baseline -0.009 -17"><span class='ocrx_word' id='word_1_486' title='bbox 1906 1953 2260 2023; x_wconf 83' lang='lat' dir='ltr'><strong>migraturum</strong></span> <span class='ocrx_word' id='word_1_487' title='bbox 2282 1967 2294 2016; x_wconf 94' lang='lat'>;</span> <span class='ocrx_word' id='word_1_488' title='bbox 2313 1965 2432 2019; x_wconf 69' lang='lat' dir='ltr'><strong>quae</strong></span> <span class='ocrx_word' id='word_1_489' title='bbox 2456 1948 2732 2017; x_wconf 88' lang='lat' dir='ltr'><strong>persuasio</strong></span> <span class='ocrx_word' id='word_1_490' title='bbox 2755 1961 2862 1999; x_wconf 91' lang='lat' dir='ltr'><strong>non</strong></span> <span class='ocrx_word' id='word_1_491' title='bbox 2877 1944 3048 2000; x_wconf 88' lang='lat' dir='ltr'><strong>solum</strong></span> <span class='ocrx_word' id='word_1_492' title='bbox 3072 1941 3273 1996; x_wconf 91' lang='lat' dir='ltr'><strong>nullam</strong></span> <span class='ocrx_word' id='word_1_493' title='bbox 3298 1941 3350 1994; x_wconf 91' lang='lat' dir='ltr'><strong>in</strong></span> <span class='ocrx_word' id='word_1_494' title='bbox 3375 1954 3495 1994; x_wconf 88' lang='lat' dir='ltr'><strong>cor-</strong></span> 
     </span>
    </p>
   </div>
   <div class='ocr_carea' id='block_1_64' title="bbox 1907 2030 3496 2108">
    <p class='ocr_par' dir='ltr' id='par_1_64' title="bbox 1907 2030 3496 2108">
     <span class='ocr_line' id='line_1_64' title="bbox 1907 2030 3496 2108; baseline -0.01 -10"><span class='ocrx_word' id='word_1_495' title='bbox 1907 2045 1972 2099; x_wconf 91' lang='lat' dir='ltr'><strong>de</strong></span> <span class='ocrx_word' id='word_1_496' title='bbox 2019 2043 2294 2097; x_wconf 90' lang='lat' dir='ltr'><strong>tristitiam</strong></span> <span class='ocrx_word' id='word_1_497' title='bbox 2322 2040 2558 2095; x_wconf 88' lang='lat' dir='ltr'><strong>residere</strong></span> <span class='ocrx_word' id='word_1_498' title='bbox 2604 2037 2890 2108; x_wconf 86' lang='lat' dir='ltr'><strong>permittit,</strong></span> <span class='ocrx_word' id='word_1_499' title='bbox 2947 2049 3134 2090; x_wconf 90' lang='lat' dir='ltr'><strong>verum</strong></span> <span class='ocrx_word' id='word_1_500' title='bbox 3169 2033 3331 2086; x_wconf 90' lang='lat' dir='ltr'><strong>etiam</strong></span> <span class='ocrx_word' id='word_1_501' title='bbox 3377 2030 3496 2084; x_wconf 85' lang='lat' dir='ltr'><strong>uni-</strong></span> 
     </span>
    </p>
   </div>
   <div class='ocr_carea' id='block_1_65' title="bbox 1907 2123 3495 2200">
    <p class='ocr_par' dir='ltr' id='par_1_65' title="bbox 1907 2123 3495 2200">
     <span class='ocr_line' id='line_1_65' title="bbox 1907 2123 3495 2200; baseline -0.007 -14"><span class='ocrx_word' id='word_1_502' title='bbox 1907 2149 2094 2188; x_wconf 87' lang='lat' dir='ltr'><strong>versos</strong></span> <span class='ocrx_word' id='word_1_503' title='bbox 2146 2130 2707 2200; x_wconf 88' lang='lat' dir='ltr'><strong>concupiscentiarum</strong></span> <span class='ocrx_word' id='word_1_504' title='bbox 2760 2143 2824 2182; x_wconf 91' lang='lat' dir='ltr'><strong>ac</strong></span> <span class='ocrx_word' id='word_1_505' title='bbox 2866 2137 3210 2196; x_wconf 87' lang='lat' dir='ltr'><strong>peccatorum</strong></span> <span class='ocrx_word' id='word_1_506' title='bbox 3253 2123 3495 2178; x_wconf 90' lang='lat' dir='ltr'><strong>omnium</strong></span> 
     </span>
    </p>
   </div>
   <div class='ocr_carea' id='block_1_66' title="bbox 1907 2209 3490 2290">
    <p class='ocr_par' dir='ltr' id='par_1_66' title="bbox 1907 2209 3490 2290">
     <span class='ocr_line' id='line_1_66' title="bbox 1907 2209 3490 2290; baseline -0.01 -13"><span class='ocrx_word' id='word_1_507' title='bbox 1907 2223 2224 2290; x_wconf 90' lang='lat' dir='ltr'><strong>comprimet</strong></span> <span class='ocrx_word' id='word_1_508' title='bbox 2273 2228 2472 2274; x_wconf 91' lang='lat' dir='ltr'><strong>motus.</strong></span> <span class='ocrx_word' id='word_1_509' title='bbox 2527 2216 2652 2271; x_wconf 68' lang='lat' dir='ltr'><strong>l-lmc</strong></span> <span class='ocrx_word' id='word_1_510' title='bbox 2691 2216 2855 2285; x_wconf 85' lang='lat' dir='ltr'><strong>igitur</strong></span> <span class='ocrx_word' id='word_1_511' title='bbox 2891 2213 3196 2282; x_wconf 92' lang='lat' dir='ltr'><strong>quicunque</strong></span> <span class='ocrx_word' id='word_1_512' title='bbox 3236 2209 3490 2270; x_wconf 89' lang='lat' dir='ltr'><strong>tenuerit,</strong></span> 
     </span>
    </p>
   </div>
   <div class='ocr_carea' id='block_1_67' title="bbox 1907 2298 3500 2376">
    <p class='ocr_par' dir='ltr' id='par_1_67' title="bbox 1907 2298 3500 2376">
     <span class='ocr_line' id='line_1_67' title="bbox 1907 2298 3500 2376; baseline -0.008 -11"><span class='ocrx_word' id='word_1_513' title='bbox 1907 2310 2322 2366; x_wconf 84' lang='lat' dir='ltr'><strong>amaritudinem</strong></span> <span class='ocrx_word' id='word_1_514' title='bbox 2369 2308 2462 2362; x_wconf 68' lang='lat' dir='ltr'><strong>ira:</strong></span> <span class='ocrx_word' id='word_1_515' title='bbox 2501 2315 2664 2376; x_wconf 82' lang='lat' dir='ltr'><strong>atque</strong></span> <span class='ocrx_word' id='word_1_516' title='bbox 2709 2302 2990 2360; x_wconf 77' lang='lat' dir='ltr'><strong>discordia:</strong></span> <span class='ocrx_word' id='word_1_517' title='bbox 3027 2315 3126 2357; x_wconf 85' lang='lat' dir='ltr'><strong>nec</strong></span> <span class='ocrx_word' id='word_1_518' title='bbox 3160 2299 3270 2369; x_wconf 90' lang='lat' dir='ltr'><strong>pati</strong></span> <span class='ocrx_word' id='word_1_519' title='bbox 3300 2298 3500 2368; x_wconf 88' lang='lat' dir='ltr'><strong>poterit</strong></span> 
     </span>
    </p>
   </div>
   <div class='ocr_carea' id='block_1_68' title="bbox 1908 2400 2262 2456">
    <p class='ocr_par' dir='ltr' id='par_1_68' title="bbox 1908 2400 2262 2456">
     <span class='ocr_line' id='line_1_68' title="bbox 1908 2400 2262 2456; baseline -0.008 -1"><span class='ocrx_word' id='word_1_520' title='bbox 1908 2418 2006 2456; x_wconf 91' lang='lat' dir='ltr'><strong>nec</strong></span> <span class='ocrx_word' id='word_1_521' title='bbox 2037 2400 2262 2455; x_wconf 84' lang='lat' dir='ltr'><strong>inferre.</strong></span> 
     </span>
    </p>
   </div>
   <div class='ocr_carea' id='block_1_69' title="bbox 2533 2463 2883 2522">
    <p class='ocr_par' dir='ltr' id='par_1_69' title="bbox 2533 2463 2883 2522">
     <span class='ocr_line' id='line_1_69' title="bbox 2533 2463 2883 2522; baseline -0.017 -1"><span class='ocrx_word' id='word_1_522' title='bbox 2533 2464 2758 2522; x_wconf 83' lang='lat' dir='ltr'><strong>CAPUT</strong></span> <span class='ocrx_word' id='word_1_523' title='bbox 2797 2463 2883 2517; x_wconf 88' lang='lat' dir='ltr'><strong>lli.</strong></span> 
     </span>
    </p>
   </div>
   <div class='ocr_carea' id='block_1_70' title="bbox 1910 2549 3496 2633">
    <p class='ocr_par' dir='ltr' id='par_1_70' title="bbox 1910 2549 3496 2633">
     <span class='ocr_line' id='line_1_70' title="bbox 1910 2549 3496 2633; baseline -0.009 -15"><span class='ocrx_word' id='word_1_524' title='bbox 1910 2562 2182 2633; x_wconf 80' lang='lat' dir='ltr'><strong>Sapientia</strong></span> <span class='ocrx_word' id='word_1_525' title='bbox 2209 2564 2453 2616; x_wconf 80' lang='lat' dir='ltr'><strong>hortatur</strong></span> <span class='ocrx_word' id='word_1_526' title='bbox 2484 2559 2647 2633; x_wconf 74' lang='lat' dir='ltr'><strong>ﬁlios,</strong></span> <span class='ocrx_word' id='word_1_527' title='bbox 2699 2556 2869 2633; x_wconf 72' lang='lat' dir='ltr'><strong>id_est</strong></span> <span class='ocrx_word' id='word_1_528' title='bbox 2910 2552 3200 2607; x_wconf 83' lang='lat' dir='ltr'><strong>Ecclesiam</strong></span> <span class='ocrx_word' id='word_1_529' title='bbox 3238 2549 3496 2633; x_wconf 67' lang='lat' dir='ltr'><strong>[ide/ium.</strong></span> 
     </span>
    </p>
   </div>
   <div class='ocr_carea' id='block_1_71' title="bbox 1977 2620 3499 2694">
    <p class='ocr_par' dir='ltr' id='par_1_71' title="bbox 1977 2620 3499 2694">
     <span class='ocr_line' id='line_1_71' title="bbox 1977 2620 3499 2694; baseline -0.011 -6"><span class='ocrx_word' id='word_1_530' title='bbox 1977 2620 2032 2688; x_wconf 73' lang='lat' dir='ltr'><strong>in</strong></span> <span class='ocrx_word' id='word_1_531' title='bbox 2081 2650 2186 2686; x_wconf 87' lang='lat' dir='ltr'><strong>uno</strong></span> <span class='ocrx_word' id='word_1_532' title='bbox 2235 2648 2436 2694; x_wconf 85' lang='lat' dir='ltr'><strong>omnes,</strong></span> <span class='ocrx_word' id='word_1_533' title='bbox 2465 2620 2511 2683; x_wconf 75' lang='lat' dir='ltr'><strong>et</strong></span> <span class='ocrx_word' id='word_1_534' title='bbox 2550 2630 2602 2682; x_wconf 83' lang='lat' dir='ltr'><strong>in</strong></span> <span class='ocrx_word' id='word_1_535' title='bbox 2636 2620 2881 2681; x_wconf 84' lang='lat' dir='ltr'><strong>omnibus</strong></span> <span class='ocrx_word' id='word_1_536' title='bbox 2920 2640 3096 2683; x_wconf 84' lang='lat' dir='ltr'><strong>unum,</strong></span> <span class='ocrx_word' id='word_1_537' title='bbox 3129 2620 3499 2694; x_wconf 70' lang='lat' dir='ltr'><strong>excipiendam</strong></span> 
     </span>
    </p>
   </div>
   <div class='ocr_carea' id='block_1_72' title="bbox 1977 2689 3498 2766">
    <p class='ocr_par' dir='ltr' id='par_1_72' title="bbox 1977 2689 3498 2766">
     <span class='ocr_line' id='line_1_72' title="bbox 1977 2689 3498 2766; baseline -0.009 -9"><span class='ocrx_word' id='word_1_538' title='bbox 1977 2704 2298 2766; x_wconf 78' lang='lat' dir='ltr'><strong>doctrinam,</strong></span> <span class='ocrx_word' id='word_1_539' title='bbox 2327 2711 2382 2753; x_wconf 82' lang='lat' dir='ltr'><strong>ut</strong></span> <span class='ocrx_word' id='word_1_540' title='bbox 2408 2689 2470 2753; x_wconf 73' lang='lat' dir='ltr'><strong>ea:</strong></span> <span class='ocrx_word' id='word_1_541' title='bbox 2494 2699 2597 2763; x_wconf 82' lang='lat' dir='ltr'><strong>[ide</strong></span> <span class='ocrx_word' id='word_1_542' title='bbox 2628 2706 2676 2752; x_wconf 78' lang='lat' dir='ltr'><strong>et</strong></span> <span class='ocrx_word' id='word_1_543' title='bbox 2705 2695 2944 2766; x_wconf 80' lang='lat' dir='ltr'><strong>operibus</strong></span> <span class='ocrx_word' id='word_1_544' title='bbox 2971 2692 3207 2746; x_wconf 81' lang='lat' dir='ltr'><strong>doctrina</strong></span> <span class='ocrx_word' id='word_1_545' title='bbox 3235 2691 3298 2744; x_wconf 78' lang='lat' dir='ltr'><strong>sit</strong></span> <span class='ocrx_word' id='word_1_546' title='bbox 3330 2689 3498 2743; x_wconf 83' lang='lat' dir='ltr'><strong>clara.</strong></span> 
     </span>
    </p>
   </div>
   <div class='ocr_carea' id='block_1_73' title="bbox 1987 2783 3502 2860">
    <p class='ocr_par' dir='ltr' id='par_1_73' title="bbox 1987 2783 3502 2860">
     <span class='ocr_line' id='line_1_73' title="bbox 1987 2783 3502 2860; baseline -0.008 -16"><span class='ocrx_word' id='word_1_547' title='bbox 1987 2813 2004 2844; x_wconf 82' lang='grc' dir='ltr'><strong>ι</strong></span> <span class='ocrx_word' id='word_1_548' title='bbox 2040 2794 2161 2857; x_wconf 87' lang='lat' dir='ltr'><strong>Fili,</strong></span> <span class='ocrx_word' id='word_1_549' title='bbox 2191 2791 2520 2860; x_wconf 88' lang='lat' dir='ltr'><strong>ajuventute</strong></span> <span class='ocrx_word' id='word_1_550' title='bbox 2553 2799 2640 2843; x_wconf 87' lang='lat' dir='ltr'><strong>tua</strong></span> <span class='ocrx_word' id='word_1_551' title='bbox 2679 2787 2867 2855; x_wconf 76' lang='lat' dir='ltr'><strong>excipe</strong></span> <span class='ocrx_word' id='word_1_552' title='bbox 2895 2783 3216 2847; x_wconf 88' lang='lat' dir='ltr'><strong>doctrinam,</strong></span> <span class='ocrx_word' id='word_1_553' title='bbox 3251 2791 3304 2836; x_wconf 91' lang='lat' dir='ltr'><strong>et</strong></span> <span class='ocrx_word' id='word_1_554' title='bbox 3332 2796 3502 2849; x_wconf 90' lang='lat' dir='ltr'><strong>usque</strong></span> 
     </span>
    </p>
   </div>
   <div class='ocr_carea' id='block_1_74' title="bbox 1915 2870 3504 2950">
    <p class='ocr_par' dir='ltr' id='par_1_74' title="bbox 1915 2870 3504 2950">
     <span class='ocr_line' id='line_1_74' title="bbox 1915 2870 3504 2950; baseline -0.009 -13"><span class='ocrx_word' id='word_1_555' title='bbox 1915 2905 1933 2937; x_wconf 84' lang='grc' dir='ltr'><strong>ι</strong></span> <span class='ocrx_word' id='word_1_556' title='bbox 1965 2887 2032 2940; x_wconf 92' lang='lat' dir='ltr'><strong>ad</strong></span> <span class='ocrx_word' id='word_1_557' title='bbox 2077 2899 2242 2939; x_wconf 89' lang='lat' dir='ltr'><strong>canos</strong></span> <span class='ocrx_word' id='word_1_558' title='bbox 2285 2883 2525 2937; x_wconf 88' lang='lat' dir='ltr'><strong>invenies</strong></span> <span class='ocrx_word' id='word_1_559' title='bbox 2575 2878 2915 2950; x_wconf 88' lang='lat' dir='ltr'><strong>sapientiam.</strong></span> <span class='ocrx_word' id='word_1_560' title='bbox 2962 2893 2979 2926; x_wconf 71' lang='grc' dir='ltr'><strong>ι</strong></span> <span class='ocrx_word' id='word_1_561' title='bbox 3025 2873 3161 2928; x_wconf 85' lang='lat' dir='ltr'><strong>Hinc</strong></span> <span class='ocrx_word' id='word_1_562' title='bbox 3202 2881 3256 2927; x_wconf 91' lang='lat' dir='ltr'><strong>et</strong></span> <span class='ocrx_word' id='word_1_563' title='bbox 3288 2872 3342 2926; x_wconf 93' lang='lat' dir='ltr'><strong>in</strong></span> <span class='ocrx_word' id='word_1_564' title='bbox 3372 2870 3504 2924; x_wconf 83' lang='lat' dir='ltr'><strong>Pro-</strong></span> 
     </span>
    </p>
   </div>
   <div class='ocr_carea' id='block_1_75' title="bbox 1912 2963 3504 3045">
    <p class='ocr_par' dir='ltr' id='par_1_75' title="bbox 1912 2963 3504 3045">
     <span class='ocr_line' id='line_1_75' title="bbox 1912 2963 3504 3045; baseline -0.009 -15"><span class='ocrx_word' id='word_1_565' title='bbox 1912 2976 2109 3032; x_wconf 75' lang='lat' dir='ltr'><strong>verbiis</strong></span> <span class='ocrx_word' id='word_1_566' title='bbox 2133 2975 2398 3045; x_wconf 89' lang='lat' dir='ltr'><strong>scriptum</strong></span> <span class='ocrx_word' id='word_1_567' title='bbox 2424 2981 2508 3026; x_wconf 90' lang='lat' dir='ltr'><strong>est</strong></span> <span class='ocrx_word' id='word_1_568' title='bbox 2533 2989 2546 3025; x_wconf 90' lang='lat'>:</span> <span class='ocrx_word' id='word_1_569' title='bbox 2581 2990 2598 3022; x_wconf 83' lang='grc' dir='ltr'><strong>ι</strong></span> <span class='ocrx_word' id='word_1_570' title='bbox 2637 2969 2737 3024; x_wconf 80' lang='lat' dir='ltr'><strong>Fili</strong></span> <span class='ocrx_word' id='word_1_571' title='bbox 2769 2969 2867 3032; x_wconf 91' lang='lat' dir='ltr'><strong>mi,</strong></span> <span class='ocrx_word' id='word_1_572' title='bbox 2897 2968 2942 3022; x_wconf 91' lang='lat' dir='ltr'><strong>si</strong></span> <span class='ocrx_word' id='word_1_573' title='bbox 2973 2964 3260 3020; x_wconf 88' lang='lat' dir='ltr'><strong>intraverit</strong></span> <span class='ocrx_word' id='word_1_574' title='bbox 3287 2963 3504 3033; x_wconf 86' lang='lat' dir='ltr'><strong>sapien-</strong></span> 
     </span>
    </p>
   </div>
   <div class='ocr_carea' id='block_1_76' title="bbox 1912 3054 3505 3131">
    <p class='ocr_par' dir='ltr' id='par_1_76' title="bbox 1912 3054 3505 3131">
     <span class='ocr_line' id='line_1_76' title="bbox 1912 3054 3505 3131; baseline -0.01 -9"><span class='ocrx_word' id='word_1_575' title='bbox 1912 3069 1986 3122; x_wconf 88' lang='lat' dir='ltr'><strong>tia</strong></span> <span class='ocrx_word' id='word_1_576' title='bbox 2009 3083 2104 3122; x_wconf 92' lang='lat' dir='ltr'><strong>cor</strong></span> <span class='ocrx_word' id='word_1_577' title='bbox 2129 3076 2302 3131; x_wconf 91' lang='lat' dir='ltr'><strong>tuum,</strong></span> <span class='ocrx_word' id='word_1_578' title='bbox 2333 3074 2388 3120; x_wconf 90' lang='lat' dir='ltr'><strong>et</strong></span> <span class='ocrx_word' id='word_1_579' title='bbox 2407 3063 2633 3119; x_wconf 89' lang='lat' dir='ltr'><strong>scientia</strong></span> <span class='ocrx_word' id='word_1_580' title='bbox 2661 3061 2854 3116; x_wconf 75' lang='lat' dir='ltr'><strong>animae</strong></span> <span class='ocrx_word' id='word_1_581' title='bbox 2876 3071 2980 3112; x_wconf 74' lang='lat' dir='ltr'><strong>tute</strong></span> <span class='ocrx_word' id='word_1_582' title='bbox 3003 3056 3288 3126; x_wconf 90' lang='lat' dir='ltr'><strong>placuerit,</strong></span> <span class='ocrx_word' id='word_1_583' title='bbox 3322 3054 3505 3108; x_wconf 89' lang='lat' dir='ltr'><strong>consi-</strong></span> 
     </span>
    </p>
   </div>
   <div class='ocr_carea' id='block_1_77' title="bbox 1915 3147 3508 3223">
    <p class='ocr_par' dir='ltr' id='par_1_77' title="bbox 1915 3147 3508 3223">
     <span class='ocr_line' id='line_1_77' title="bbox 1915 3147 3508 3223; baseline -0.011 -9"><span class='ocrx_word' id='word_1_584' title='bbox 1915 3161 2046 3214; x_wconf 91' lang='lat' dir='ltr'><strong>lium</strong></span> <span class='ocrx_word' id='word_1_585' title='bbox 2070 3157 2332 3213; x_wconf 90' lang='lat' dir='ltr'><strong>custodiet</strong></span> <span class='ocrx_word' id='word_1_586' title='bbox 2366 3163 2439 3221; x_wconf 88' lang='lat' dir='ltr'><strong>te,</strong></span> <span class='ocrx_word' id='word_1_587' title='bbox 2468 3162 2522 3210; x_wconf 91' lang='lat' dir='ltr'><strong>et</strong></span> <span class='ocrx_word' id='word_1_588' title='bbox 2546 3151 2831 3223; x_wconf 88' lang='lat' dir='ltr'><strong>prudentia</strong></span> <span class='ocrx_word' id='word_1_589' title='bbox 2856 3147 3095 3204; x_wconf 86' lang='lat' dir='ltr'><strong>servabit</strong></span> <span class='ocrx_word' id='word_1_590' title='bbox 3142 3154 3196 3201; x_wconf 90' lang='lat' dir='ltr'><strong>te</strong></span> <span class='ocrx_word' id='word_1_591' title='bbox 3219 3187 3233 3211; x_wconf 97' lang='lat'><strong>,</strong></span> <span class='ocrx_word' id='word_1_592' title='bbox 3263 3153 3323 3199; x_wconf 91' lang='lat' dir='ltr'><strong>ut</strong></span> <span class='ocrx_word' id='word_1_593' title='bbox 3349 3159 3508 3199; x_wconf 90' lang='lat' dir='ltr'><strong>erua-</strong></span> 
     </span>
    </p>
   </div>
   <div class='ocr_carea' id='block_1_78' title="bbox 1918 3237 3508 3311">
    <p class='ocr_par' dir='ltr' id='par_1_78' title="bbox 1918 3237 3508 3311">
     <span class='ocr_line' id='line_1_78' title="bbox 1918 3237 3508 3311; baseline -0.009 -6"><span class='ocrx_word' id='word_1_594' title='bbox 1918 3253 1992 3305; x_wconf 92' lang='lat' dir='ltr'><strong>ris</strong></span> <span class='ocrx_word' id='word_1_595' title='bbox 2035 3266 2063 3304; x_wconf 92' lang='lat' dir='ltr'><strong>a</strong></span> <span class='ocrx_word' id='word_1_596' title='bbox 2097 3250 2182 3303; x_wconf 89' lang='lat' dir='ltr'><strong>via</strong></span> <span class='ocrx_word' id='word_1_597' title='bbox 2235 3248 2376 3302; x_wconf 90' lang='lat' dir='ltr'><strong>mala</strong></span> <span class='ocrx_word' id='word_1_598' title='bbox 2424 3255 2479 3302; x_wconf 93' lang='lat' dir='ltr'><strong>et</strong></span> <span class='ocrx_word' id='word_1_599' title='bbox 2522 3246 2590 3300; x_wconf 91' lang='lat' dir='ltr'><strong>ab</strong></span> <span class='ocrx_word' id='word_1_600' title='bbox 2633 3243 2872 3306; x_wconf 89' lang='lat' dir='ltr'><strong>homine,</strong></span> <span class='ocrx_word' id='word_1_601' title='bbox 2918 3241 3010 3311; x_wconf 88' lang='lat' dir='ltr'><strong>qui</strong></span> <span class='ocrx_word' id='word_1_602' title='bbox 3040 3254 3294 3310; x_wconf 87' lang='lat' dir='ltr'><strong>perversa</strong></span> <span class='ocrx_word' id='word_1_603' title='bbox 3330 3237 3508 3306; x_wconf 89' lang='lat' dir='ltr'><strong>loqui-</strong></span> 
     </span>
    </p>
   </div>
   <div class='ocr_carea' id='block_1_79' title="bbox 1918 3329 3504 3413">
    <p class='ocr_par' dir='ltr' id='par_1_79' title="bbox 1918 3329 3504 3413">
     <span class='ocr_line' id='line_1_79' title="bbox 1918 3329 3504 3413; baseline -0.009 -17"><span class='ocrx_word' id='word_1_604' title='bbox 1918 3351 2004 3396; x_wconf 86' lang='lat' dir='ltr'><strong>tur</strong></span> <span class='ocrx_word' id='word_1_605' title='bbox 2034 3339 2218 3413; x_wconf 84' lang='lat' dir='ltr'><strong>(Prov.</strong></span> <span class='ocrx_word' id='word_1_606' title='bbox 2247 3340 2328 3411; x_wconf 83' lang='grc' dir='ltr'>ιι).</span> <span class='ocrx_word' id='word_1_607' title='bbox 2363 3359 2381 3390; x_wconf 71' lang='grc' dir='ltr'><strong>ι</strong></span> <span class='ocrx_word' id='word_1_608' title='bbox 2415 3338 2732 3405; x_wconf 69' lang='lat' dir='ltr'><strong>Quicunque</strong></span> <span class='ocrx_word' id='word_1_609' title='bbox 2757 3351 2886 3405; x_wconf 85' lang='lat' dir='ltr'><strong>ergo</strong></span> <span class='ocrx_word' id='word_1_610' title='bbox 2928 3334 2980 3386; x_wconf 90' lang='lat' dir='ltr'><strong>in</strong></span> <span class='ocrx_word' id='word_1_611' title='bbox 3009 3332 3291 3403; x_wconf 89' lang='lat' dir='ltr'><strong>juventute</strong></span> <span class='ocrx_word' id='word_1_612' title='bbox 3322 3329 3504 3382; x_wconf 86' lang='lat' dir='ltr'><strong>studet</strong></span> 
     </span>
    </p>
   </div>
   <div class='ocr_carea' id='block_1_80' title="bbox 1877 3421 3504 3490">
    <p class='ocr_par' dir='ltr' id='par_1_80' title="bbox 1877 3421 3504 3490">
     <span class='ocr_line' id='line_1_80' title="bbox 1877 3421 3504 3490; baseline -0.012 1"><span class='ocrx_word' id='word_1_613' title='bbox 1877 3445 1880 3448; x_wconf 84' lang='lat'>&#39;</span> <span class='ocrx_word' id='word_1_614' title='bbox 1915 3449 2062 3490; x_wconf 74' lang='lat' dir='ltr'><strong>sana:</strong></span> <span class='ocrx_word' id='word_1_615' title='bbox 2084 3433 2340 3488; x_wconf 74' lang='lat' dir='ltr'><strong>doctrin-.e</strong></span> <span class='ocrx_word' id='word_1_616' title='bbox 2367 3446 2552 3484; x_wconf 84' lang='lat' dir='ltr'><strong>aurem</strong></span> <span class='ocrx_word' id='word_1_617' title='bbox 2585 3427 2841 3482; x_wconf 84' lang='lat' dir='ltr'><strong>adhibere</strong></span> <span class='ocrx_word' id='word_1_618' title='bbox 2884 3423 3221 3484; x_wconf 70' lang='lat' dir='ltr'><strong>obedientia‘,</strong></span> <span class='ocrx_word' id='word_1_619' title='bbox 3261 3421 3315 3475; x_wconf 88' lang='lat' dir='ltr'><strong>in</strong></span> <span class='ocrx_word' id='word_1_620' title='bbox 3347 3434 3504 3473; x_wconf 84' lang='lat' dir='ltr'><strong>sene-</strong></span> 
     </span>
    </p>
   </div>
   <div class='ocr_carea' id='block_1_81' title="bbox 1919 3512 3176 3582">
    <p class='ocr_par' dir='ltr' id='par_1_81' title="bbox 1919 3512 3176 3582">
     <span class='ocr_line' id='line_1_81' title="bbox 1919 3512 3176 3582; baseline -0.013 -2"><span class='ocrx_word' id='word_1_621' title='bbox 1919 3534 2068 3580; x_wconf 87' lang='lat' dir='ltr'><strong>ctute</strong></span> <span class='ocrx_word' id='word_1_622' title='bbox 2094 3522 2432 3578; x_wconf 89' lang='lat' dir='ltr'><strong>dulcissimos</strong></span> <span class='ocrx_word' id='word_1_623' title='bbox 2454 3519 2664 3572; x_wconf 89' lang='lat' dir='ltr'><strong>fructus</strong></span> <span class='ocrx_word' id='word_1_624' title='bbox 2687 3524 2853 3571; x_wconf 88' lang='lat' dir='ltr'><strong>metet</strong></span> <span class='ocrx_word' id='word_1_625' title='bbox 2877 3512 3176 3582; x_wconf 76' lang='lat' dir='ltr'><strong>sapientize.</strong></span> 
     </span>
    </p>
   </div>
   <div class='ocr_carea' id='block_1_82' title="bbox 1994 3601 3506 3680">
    <p class='ocr_par' dir='ltr' id='par_1_82' title="bbox 1994 3601 3506 3680">
     <span class='ocr_line' id='line_1_82' title="bbox 1994 3601 3506 3680; baseline -0.008 -16"><span class='ocrx_word' id='word_1_626' title='bbox 1994 3633 2013 3664; x_wconf 80' lang='grc' dir='ltr'><strong>ι</strong></span> <span class='ocrx_word' id='word_1_627' title='bbox 2053 3613 2220 3680; x_wconf 90' lang='lat' dir='ltr'><strong>Quasi</strong></span> <span class='ocrx_word' id='word_1_628' title='bbox 2260 3613 2306 3666; x_wconf 92' lang='lat' dir='ltr'><strong>is</strong></span> <span class='ocrx_word' id='word_1_629' title='bbox 2344 3613 2436 3680; x_wconf 92' lang='lat' dir='ltr'><strong>qui</strong></span> <span class='ocrx_word' id='word_1_630' title='bbox 2466 3618 2587 3664; x_wconf 86' lang='lat' dir='ltr'><strong>arat</strong></span> <span class='ocrx_word' id='word_1_631' title='bbox 2629 3616 2684 3662; x_wconf 92' lang='lat' dir='ltr'><strong>et</strong></span> <span class='ocrx_word' id='word_1_632' title='bbox 2729 3607 2998 3669; x_wconf 90' lang='lat' dir='ltr'><strong>seminat,</strong></span> <span class='ocrx_word' id='word_1_633' title='bbox 3040 3603 3236 3657; x_wconf 84' lang='lat' dir='ltr'><strong>accede</strong></span> <span class='ocrx_word' id='word_1_634' title='bbox 3265 3601 3330 3654; x_wconf 87' lang='lat' dir='ltr'><strong>ad</strong></span> <span class='ocrx_word' id='word_1_635' title='bbox 3363 3601 3506 3654; x_wconf 85' lang='lat' dir='ltr'><strong>illam</strong></span> 
     </span>
    </p>
   </div>
   <div class='ocr_carea' id='block_1_83' title="bbox 1928 3691 3510 3764">
    <p class='ocr_par' dir='ltr' id='par_1_83' title="bbox 1928 3691 3510 3764">
     <span class='ocr_line' id='line_1_83' title="bbox 1928 3691 3510 3764; baseline -0.009 -4"><span class='ocrx_word' id='word_1_636' title='bbox 1928 3729 1946 3760; x_wconf 79' lang='grc' dir='ltr'><strong>ι</strong></span> <span class='ocrx_word' id='word_1_637' title='bbox 1981 3717 2037 3764; x_wconf 90' lang='lat' dir='ltr'><strong>et</strong></span> <span class='ocrx_word' id='word_1_638' title='bbox 2057 3707 2263 3762; x_wconf 91' lang='lat' dir='ltr'><strong>sustine</strong></span> <span class='ocrx_word' id='word_1_639' title='bbox 2290 3706 2462 3758; x_wconf 88' lang='lat' dir='ltr'><strong>bonos</strong></span> <span class='ocrx_word' id='word_1_640' title='bbox 2485 3702 2694 3756; x_wconf 88' lang='lat' dir='ltr'><strong>fructus</strong></span> <span class='ocrx_word' id='word_1_641' title='bbox 2715 3699 2878 3761; x_wconf 90' lang='lat' dir='ltr'><strong>illius,</strong></span> <span class='ocrx_word' id='word_1_642' title='bbox 2907 3698 2959 3750; x_wconf 90' lang='lat' dir='ltr'><strong>in</strong></span> <span class='ocrx_word' id='word_1_643' title='bbox 2983 3708 3144 3764; x_wconf 87' lang='lat' dir='ltr'><strong>opere</strong></span> <span class='ocrx_word' id='word_1_644' title='bbox 3175 3692 3316 3746; x_wconf 91' lang='lat' dir='ltr'><strong>enim</strong></span> <span class='ocrx_word' id='word_1_645' title='bbox 3339 3691 3510 3759; x_wconf 88' lang='lat' dir='ltr'><strong>ipsius</strong></span> 
     </span>
    </p>
   </div>
   <div class='ocr_carea' id='block_1_84' title="bbox 1930 3781 3514 3870">
    <p class='ocr_par' dir='ltr' id='par_1_84' title="bbox 1930 3781 3514 3870">
     <span class='ocr_line' id='line_1_84' title="bbox 1930 3781 3514 3870; baseline -0.011 -17"><span class='ocrx_word' id='word_1_646' title='bbox 1930 3820 1949 3853; x_wconf 83' lang='grc' dir='ltr'><strong>ι</strong></span> <span class='ocrx_word' id='word_1_647' title='bbox 1979 3801 2232 3870; x_wconf 79' lang='lat' dir='ltr'><strong>exiguum</strong></span> <span class='ocrx_word' id='word_1_648' title='bbox 2263 3795 2555 3859; x_wconf 84' lang='lat' dir='ltr'><strong>laborabis,</strong></span> <span class='ocrx_word' id='word_1_649' title='bbox 2596 3801 2651 3846; x_wconf 88' lang='lat' dir='ltr'><strong>et</strong></span> <span class='ocrx_word' id='word_1_650' title='bbox 2679 3791 2786 3846; x_wconf 90' lang='lat' dir='ltr'><strong>cito</strong></span> <span class='ocrx_word' id='word_1_651' title='bbox 2820 3789 2948 3842; x_wconf 89' lang='lat' dir='ltr'><strong>edes</strong></span> <span class='ocrx_word' id='word_1_652' title='bbox 2984 3787 3049 3840; x_wconf 90' lang='lat' dir='ltr'><strong>de</strong></span> <span class='ocrx_word' id='word_1_653' title='bbox 3075 3781 3514 3853; x_wconf 86' lang='lat' dir='ltr'><strong>generationibus</strong></span> 
     </span>
    </p>
   </div>
   <div class='ocr_carea' id='block_1_85' title="bbox 1929 3872 3514 3960">
    <p class='ocr_par' dir='ltr' id='par_1_85' title="bbox 1929 3872 3514 3960">
     <span class='ocr_line' id='line_1_85' title="bbox 1929 3872 3514 3960; baseline -0.012 -16"><span class='ocrx_word' id='word_1_654' title='bbox 1929 3911 1948 3943; x_wconf 83' lang='grc' dir='ltr'><strong>ι</strong></span> <span class='ocrx_word' id='word_1_655' title='bbox 1986 3891 2174 3960; x_wconf 89' lang='lat' dir='ltr'><strong>ipsius.</strong></span> <span class='ocrx_word' id='word_1_656' title='bbox 2218 3907 2237 3939; x_wconf 70' lang='grc' dir='ltr'><strong>ι</strong></span> <span class='ocrx_word' id='word_1_657' title='bbox 2277 3888 2510 3939; x_wconf 79' lang='lat' dir='ltr'><strong>Vomere</strong></span> <span class='ocrx_word' id='word_1_658' title='bbox 2546 3883 2742 3952; x_wconf 89' lang='lat' dir='ltr'><strong>quippe</strong></span> <span class='ocrx_word' id='word_1_659' title='bbox 2781 3876 3055 3950; x_wconf 81' lang='lat' dir='ltr'><strong>Evangelii</strong></span> <span class='ocrx_word' id='word_1_660' title='bbox 3109 3875 3177 3928; x_wconf 91' lang='lat' dir='ltr'><strong>de</strong></span> <span class='ocrx_word' id='word_1_661' title='bbox 3213 3872 3378 3928; x_wconf 91' lang='lat' dir='ltr'><strong>corde</strong></span> <span class='ocrx_word' id='word_1_662' title='bbox 3415 3887 3514 3926; x_wconf 90' lang='lat' dir='ltr'><strong>suo</strong></span> 
     </span>
    </p>
   </div>
   <div class='ocr_carea' id='block_1_86' title="bbox 1925 3961 3516 4049">
    <p class='ocr_par' dir='ltr' id='par_1_86' title="bbox 1925 3961 3516 4049">
     <span class='ocr_line' id='line_1_86' title="bbox 1925 3961 3516 4049; baseline -0.012 -15"><span class='ocrx_word' id='word_1_663' title='bbox 1925 3978 2197 4049; x_wconf 91' lang='lat' dir='ltr'><strong>genimina</strong></span> <span class='ocrx_word' id='word_1_664' title='bbox 2223 3976 2478 4030; x_wconf 90' lang='lat' dir='ltr'><strong>vitiorum</strong></span> <span class='ocrx_word' id='word_1_665' title='bbox 2508 3972 2667 4028; x_wconf 87' lang='lat' dir='ltr'><strong>debet</strong></span> <span class='ocrx_word' id='word_1_666' title='bbox 2692 3969 2993 4037; x_wconf 79' lang='lat' dir='ltr'><strong>exstirpare</strong></span> <span class='ocrx_word' id='word_1_667' title='bbox 3011 4007 3026 4031; x_wconf 95' lang='lat'><strong>,</strong></span> <span class='ocrx_word' id='word_1_668' title='bbox 3054 3965 3144 4034; x_wconf 89' lang='lat' dir='ltr'><strong>qui</strong></span> <span class='ocrx_word' id='word_1_669' title='bbox 3171 3978 3358 4018; x_wconf 88' lang='lat' dir='ltr'><strong>semen</strong></span> <span class='ocrx_word' id='word_1_670' title='bbox 3381 3961 3516 4016; x_wconf 85' lang='lat' dir='ltr'><strong>divi-</strong></span> 
     </span>
    </p>
   </div>
   <div class='ocr_carea' id='block_1_87' title="bbox 1925 4054 3517 4132">
    <p class='ocr_par' dir='ltr' id='par_1_87' title="bbox 1925 4054 3517 4132">
     <span class='ocr_line' id='line_1_87' title="bbox 1925 4054 3517 4132; baseline -0.014 -6"><span class='ocrx_word' id='word_1_671' title='bbox 1925 4072 1981 4126; x_wconf 90' lang='lat' dir='ltr'><strong>ni</strong></span> <span class='ocrx_word' id='word_1_672' title='bbox 2007 4069 2160 4124; x_wconf 89' lang='lat' dir='ltr'><strong>verbi</strong></span> <span class='ocrx_word' id='word_1_673' title='bbox 2189 4068 2373 4132; x_wconf 91' lang='lat' dir='ltr'><strong>edere,</strong></span> <span class='ocrx_word' id='word_1_674' title='bbox 2410 4074 2465 4120; x_wconf 91' lang='lat' dir='ltr'><strong>et</strong></span> <span class='ocrx_word' id='word_1_675' title='bbox 2499 4063 2706 4118; x_wconf 90' lang='lat' dir='ltr'><strong>fructus</strong></span> <span class='ocrx_word' id='word_1_676' title='bbox 2730 4060 3072 4116; x_wconf 82' lang='lat' dir='ltr'><strong>dulcissimos</strong></span> <span class='ocrx_word' id='word_1_677' title='bbox 3099 4069 3376 4110; x_wconf 89' lang='lat' dir='ltr'><strong>sacrarum</strong></span> <span class='ocrx_word' id='word_1_678' title='bbox 3407 4054 3517 4106; x_wconf 87' lang='lat' dir='ltr'><strong>vir-</strong></span> 
     </span>
    </p>
   </div>
   <div class='ocr_carea' id='block_1_88' title="bbox 1929 4141 3517 4220">
    <p class='ocr_par' dir='ltr' id='par_1_88' title="bbox 1929 4141 3517 4220">
     <span class='ocr_line' id='line_1_88' title="bbox 1929 4141 3517 4220; baseline -0.014 -4"><span class='ocrx_word' id='word_1_679' title='bbox 1929 4157 2102 4216; x_wconf 74' lang='lat' dir='ltr'><strong>tutum</strong></span> <span class='ocrx_word' id='word_1_680' title='bbox 2137 4158 2411 4214; x_wconf 85' lang='lat' dir='ltr'><strong>desiderat</strong></span> <span class='ocrx_word' id='word_1_681' title='bbox 2447 4164 2671 4209; x_wconf 89' lang='lat' dir='ltr'><strong>metere.</strong></span> <span class='ocrx_word' id='word_1_682' title='bbox 2712 4151 2866 4220; x_wconf 90' lang='lat' dir='ltr'><strong>Quod</strong></span> <span class='ocrx_word' id='word_1_683' title='bbox 2903 4156 3082 4203; x_wconf 90' lang='lat' dir='ltr'><strong>autem</strong></span> <span class='ocrx_word' id='word_1_684' title='bbox 3123 4144 3257 4201; x_wconf 90' lang='lat' dir='ltr'><strong>dicit</strong></span> <span class='ocrx_word' id='word_1_685' title='bbox 3297 4161 3309 4196; x_wconf 93' lang='lat'><strong>:</strong></span> <span class='ocrx_word' id='word_1_686' title='bbox 3350 4161 3368 4193; x_wconf 83' lang='grc' dir='ltr'><strong>ι</strong></span> <span class='ocrx_word' id='word_1_687' title='bbox 3414 4141 3517 4196; x_wconf 87' lang='lat' dir='ltr'><strong>Su-</strong></span> 
     </span>
    </p>
   </div>
   <div class='ocr_carea' id='block_1_89' title="bbox 1930 4230 3515 4306">
    <p class='ocr_par' dir='ltr' id='par_1_89' title="bbox 1930 4230 3515 4306">
     <span class='ocr_line' id='line_1_89' title="bbox 1930 4230 3515 4306; baseline -0.016 0"><span class='ocrx_word' id='word_1_688' title='bbox 1930 4252 2072 4306; x_wconf 88' lang='lat' dir='ltr'><strong>stine</strong></span> <span class='ocrx_word' id='word_1_689' title='bbox 2099 4251 2272 4304; x_wconf 86' lang='lat' dir='ltr'><strong>bonos</strong></span> <span class='ocrx_word' id='word_1_690' title='bbox 2312 4245 2520 4300; x_wconf 87' lang='lat' dir='ltr'><strong>fructus</strong></span> <span class='ocrx_word' id='word_1_691' title='bbox 2554 4243 2697 4298; x_wconf 92' lang='lat' dir='ltr'><strong>illius</strong></span> <span class='ocrx_word' id='word_1_692' title='bbox 2731 4261 2776 4306; x_wconf 68' lang='grc' dir='ltr'>ι,</span> <span class='ocrx_word' id='word_1_693' title='bbox 2819 4237 3057 4294; x_wconf 91' lang='lat' dir='ltr'><strong>ostendit</strong></span> <span class='ocrx_word' id='word_1_694' title='bbox 3088 4235 3214 4306; x_wconf 93' lang='lat' dir='ltr'><strong>quia</strong></span> <span class='ocrx_word' id='word_1_695' title='bbox 3254 4230 3515 4302; x_wconf 85' lang='lat' dir='ltr'><strong>patientia</strong></span> 
     </span>
    </p>
   </div>
   <div class='ocr_carea' id='block_1_90' title="bbox 1933 4323 3515 4414">
    <p class='ocr_par' dir='ltr' id='par_1_90' title="bbox 1933 4323 3515 4414">
     <span class='ocr_line' id='line_1_90' title="bbox 1933 4323 3515 4414; baseline -0.016 -15"><span class='ocrx_word' id='word_1_696' title='bbox 1933 4343 2182 4414; x_wconf 86' lang='lat' dir='ltr'><strong>probatio</strong></span> <span class='ocrx_word' id='word_1_697' title='bbox 2213 4349 2297 4395; x_wconf 90' lang='lat' dir='ltr'><strong>est</strong></span> <span class='ocrx_word' id='word_1_698' title='bbox 2333 4339 2615 4392; x_wconf 87' lang='lat' dir='ltr'><strong>virtutum.</strong></span> <span class='ocrx_word' id='word_1_699' title='bbox 2667 4334 2820 4388; x_wconf 89' lang='lat' dir='ltr'><strong>Sicut</strong></span> <span class='ocrx_word' id='word_1_700' title='bbox 2864 4332 2978 4399; x_wconf 90' lang='lat' dir='ltr'><strong>ipsa</strong></span> <span class='ocrx_word' id='word_1_701' title='bbox 3017 4327 3227 4381; x_wconf 78' lang='lat' dir='ltr'><strong>Veritas</strong></span> <span class='ocrx_word' id='word_1_702' title='bbox 3257 4331 3311 4377; x_wconf 78' lang='lat' dir='ltr'><strong>In</strong></span> <span class='ocrx_word' id='word_1_703' title='bbox 3339 4323 3515 4376; x_wconf 84' lang='lat' dir='ltr'><strong>Evan-</strong></span> 
     </span>
    </p>
   </div>
   <div class='ocr_carea' id='block_1_91' title="bbox 1934 4412 3518 4507">
    <p class='ocr_par' dir='ltr' id='par_1_91' title="bbox 1934 4412 3518 4507">
     <span class='ocr_line' id='line_1_91' title="bbox 1934 4412 3518 4507; baseline -0.016 -18"><span class='ocrx_word' id='word_1_704' title='bbox 1934 4412 2072 4507; x_wconf 81' lang='lat' dir='ltr'><strong>gelio</strong></span> <span class='ocrx_word' id='word_1_705' title='bbox 2094 4439 2344 4495; x_wconf 91' lang='lat' dir='ltr'><strong>testatur,</strong></span> <span class='ocrx_word' id='word_1_706' title='bbox 2384 4429 2567 4484; x_wconf 90' lang='lat' dir='ltr'><strong>dicens</strong></span> <span class='ocrx_word' id='word_1_707' title='bbox 2607 4443 2619 4479; x_wconf 90' lang='lat'><strong>:</strong></span> <span class='ocrx_word' id='word_1_708' title='bbox 2669 4444 2685 4475; x_wconf 78' lang='grc' dir='ltr'><strong>ι</strong></span> <span class='ocrx_word' id='word_1_709' title='bbox 2719 4423 2819 4489; x_wconf 90' lang='lat' dir='ltr'><strong>Qui</strong></span> <span class='ocrx_word' id='word_1_710' title='bbox 2851 4429 3029 4475; x_wconf 88' lang='lat' dir='ltr'><strong>autem</strong></span> <span class='ocrx_word' id='word_1_711' title='bbox 3058 4417 3282 4470; x_wconf 88' lang='lat' dir='ltr'><strong>verbum</strong></span> <span class='ocrx_word' id='word_1_712' title='bbox 3321 4412 3518 4466; x_wconf 89' lang='lat' dir='ltr'><strong>retinet</strong></span> 
     </span>
    </p>
   </div>
   <div class='ocr_carea' id='block_1_92' title="bbox 249 4501 3521 4606">
    <p class='ocr_par' dir='ltr' id='par_1_92' title="bbox 249 4501 3521 4606">
     <span class='ocr_line' id='line_1_92' title="bbox 249 4501 3521 4606; baseline -0.011 -29"><span class='ocrx_word' id='word_1_713' title='bbox 249 4539 347 4593; x_wconf 85' lang='lat' dir='ltr'><strong>per</strong></span> <span class='ocrx_word' id='word_1_714' title='bbox 379 4522 583 4590; x_wconf 85' lang='lat' dir='ltr'><strong>aliquid</strong></span> <span class='ocrx_word' id='word_1_715' title='bbox 633 4521 1034 4575; x_wconf 80' lang='lat' dir='ltr'><strong>existimantem</strong></span> <span class='ocrx_word' id='word_1_716' title='bbox 1084 4518 1152 4572; x_wconf 90' lang='lat' dir='ltr'><strong>ab</strong></span> <span class='ocrx_word' id='word_1_717' title='bbox 1189 4518 1364 4572; x_wconf 89' lang='lat' dir='ltr'><strong>amico</strong></span> <span class='ocrx_word' id='word_1_718' title='bbox 1399 4531 1519 4570; x_wconf 85' lang='lat' dir='ltr'><strong>esse</strong></span> <span class='ocrx_word' id='word_1_719' title='bbox 1552 4514 1830 4578; x_wconf 88' lang='lat' dir='ltr'><strong>violatum,</strong></span> <span class='ocrx_word' id='word_1_720' title='bbox 1860 4548 1912 4606; x_wconf 83' lang='lat' dir='ltr'><strong>D</strong></span> <span class='ocrx_word' id='word_1_721' title='bbox 1937 4501 1994 4580; x_wconf 67' lang='grc' dir='ltr'><strong>ἷη</strong></span> <span class='ocrx_word' id='word_1_722' title='bbox 2016 4524 2179 4580; x_wconf 62' lang='grc' dir='ltr'><strong>θοι-(ιθ</strong></span> <span class='ocrx_word' id='word_1_723' title='bbox 2202 4523 2345 4576; x_wconf 73' lang='lat' dir='ltr'><strong>bono</strong></span> <span class='ocrx_word' id='word_1_724' title='bbox 2379 4528 2434 4574; x_wconf 69' lang='grc' dir='ltr'>ει</span> <span class='ocrx_word' id='word_1_725' title='bbox 2465 4517 2692 4586; x_wconf 54' lang='lat' dir='ltr'><strong>optimo,</strong></span> <span class='ocrx_word' id='word_1_726' title='bbox 2733 4513 2965 4566; x_wconf 70' lang='grc' dir='ltr'><strong>ςηιειυηι</strong></span> <span class='ocrx_word' id='word_1_727' title='bbox 3000 4505 3186 4562; x_wconf 63' lang='lat' dir='ltr'><strong>afferet</strong></span> <span class='ocrx_word' id='word_1_728' title='bbox 3220 4504 3275 4557; x_wconf 72' lang='lat' dir='ltr'><strong>in</strong></span> <span class='ocrx_word' id='word_1_729' title='bbox 3304 4501 3521 4571; x_wconf 66' lang='lat' dir='ltr'><strong>pauc..-</strong></span> 
     </span>
    </p>
   </div>
   <div class='ocr_carea' id='block_1_93' title="bbox 251 4612 1838 4681">
    <p class='ocr_par' dir='ltr' id='par_1_93' title="bbox 251 4612 1838 4681">
     <span class='ocr_line' id='line_1_93' title="bbox 251 4612 1838 4681; baseline -0.006 -13"><span class='ocrx_word' id='word_1_730' title='bbox 251 4615 474 4669; x_wconf 88' lang='lat' dir='ltr'><strong>accedat</strong></span> <span class='ocrx_word' id='word_1_731' title='bbox 508 4615 614 4668; x_wconf 89' lang='lat' dir='ltr'><strong>huc</strong></span> <span class='ocrx_word' id='word_1_732' title='bbox 647 4614 885 4669; x_wconf 88' lang='lat' dir='ltr'><strong>suavitas</strong></span> <span class='ocrx_word' id='word_1_733' title='bbox 909 4612 1151 4681; x_wconf 74' lang='lat' dir='ltr'><strong>quaedam</strong></span> <span class='ocrx_word' id='word_1_734' title='bbox 1173 4617 1386 4679; x_wconf 88' lang='lat' dir='ltr'><strong>oportet</strong></span> <span class='ocrx_word' id='word_1_735' title='bbox 1421 4623 1730 4663; x_wconf 88' lang='lat' dir='ltr'><strong>sermonum</strong></span> <span class='ocrx_word' id='word_1_736' title='bbox 1757 4614 1838 4660; x_wconf 89' lang='lat' dir='ltr'><strong>at-</strong></span> 
     </span>
    </p>
   </div>
   <div class='ocr_carea' id='block_1_94' title="bbox 253 4698 1836 4775">
    <p class='ocr_par' dir='ltr' id='par_1_94' title="bbox 253 4698 1836 4775">
     <span class='ocr_line' id='line_1_94' title="bbox 253 4698 1836 4775; baseline -0.005 -18"><span class='ocrx_word' id='word_1_737' title='bbox 253 4721 358 4775; x_wconf 90' lang='lat' dir='ltr'><strong>que</strong></span> <span class='ocrx_word' id='word_1_738' title='bbox 387 4720 625 4767; x_wconf 92' lang='lat' dir='ltr'><strong>morum,</strong></span> <span class='ocrx_word' id='word_1_739' title='bbox 666 4705 1085 4773; x_wconf 88' lang='lat' dir='ltr'><strong>haudquaquam</strong></span> <span class='ocrx_word' id='word_1_740' title='bbox 1123 4701 1394 4755; x_wconf 89' lang='lat' dir='ltr'><strong>mediocre</strong></span> <span class='ocrx_word' id='word_1_741' title='bbox 1434 4698 1836 4752; x_wconf 88' lang='lat' dir='ltr'><strong>condimentum</strong></span> 
     </span>
    </p>
   </div>
   <div class='ocr_carea' id='block_1_95' title="bbox 253 4787 1842 4851">
    <p class='ocr_par' dir='ltr' id='par_1_95' title="bbox 253 4787 1842 4851">
     <span class='ocr_line' id='line_1_95' title="bbox 253 4787 1842 4851; baseline -0.007 -1"><span class='ocrx_word' id='word_1_742' title='bbox 253 4797 529 4850; x_wconf 72' lang='lat' dir='ltr'><strong>arnicitize.</strong></span> <span class='ocrx_word' id='word_1_743' title='bbox 557 4795 801 4851; x_wconf 90' lang='lat' dir='ltr'><strong>Tristitia</strong></span> <span class='ocrx_word' id='word_1_744' title='bbox 827 4805 1006 4849; x_wconf 88' lang='lat' dir='ltr'><strong>autem</strong></span> <span class='ocrx_word' id='word_1_745' title='bbox 1032 4801 1086 4848; x_wconf 90' lang='lat' dir='ltr'><strong>et.</strong></span> <span class='ocrx_word' id='word_1_746' title='bbox 1113 4793 1166 4847; x_wconf 91' lang='lat' dir='ltr'><strong>in</strong></span> <span class='ocrx_word' id='word_1_747' title='bbox 1188 4790 1334 4847; x_wconf 91' lang='lat' dir='ltr'><strong>omni</strong></span> <span class='ocrx_word' id='word_1_748' title='bbox 1369 4804 1426 4843; x_wconf 89' lang='lat' dir='ltr'><strong>re</strong></span> <span class='ocrx_word' id='word_1_749' title='bbox 1456 4788 1719 4844; x_wconf 81' lang='lat' dir='ltr'><strong>severitas</strong></span> <span class='ocrx_word' id='word_1_750' title='bbox 1744 4787 1842 4840; x_wconf 89' lang='lat' dir='ltr'><strong>ha-</strong></span> 
     </span>
    </p>
   </div>
   <div class='ocr_carea' id='block_1_96' title="bbox 256 4878 1843 4957">
    <p class='ocr_par' dir='ltr' id='par_1_96' title="bbox 256 4878 1843 4957">
     <span class='ocr_line' id='line_1_96' title="bbox 256 4878 1843 4957; baseline -0.009 -12"><span class='ocrx_word' id='word_1_751' title='bbox 256 4891 351 4945; x_wconf 89' lang='lat' dir='ltr'><strong>bet</strong></span> <span class='ocrx_word' id='word_1_752' title='bbox 387 4889 478 4943; x_wconf 90' lang='lat' dir='ltr'><strong>illa</strong></span> <span class='ocrx_word' id='word_1_753' title='bbox 525 4888 738 4957; x_wconf 91' lang='lat' dir='ltr'><strong>quidem</strong></span> <span class='ocrx_word' id='word_1_754' title='bbox 777 4887 1120 4957; x_wconf 83' lang='lat' dir='ltr'><strong>gravitatem,</strong></span> <span class='ocrx_word' id='word_1_755' title='bbox 1161 4884 1254 4938; x_wconf 87' lang='lat' dir='ltr'><strong>sed</strong></span> <span class='ocrx_word' id='word_1_756' title='bbox 1302 4881 1540 4936; x_wconf 85' lang='lat' dir='ltr'><strong>amicitia</strong></span> <span class='ocrx_word' id='word_1_757' title='bbox 1569 4878 1843 4934; x_wconf 90' lang='lat' dir='ltr'><strong>remissior</strong></span> 
     </span>
    </p>
   </div>
   <div class='ocr_carea' id='block_1_97' title="bbox 255 4967 1841 5043">
    <p class='ocr_par' dir='ltr' id='par_1_97' title="bbox 255 4967 1841 5043">
     <span class='ocr_line' id='line_1_97' title="bbox 255 4967 1841 5043; baseline -0.009 -6"><span class='ocrx_word' id='word_1_758' title='bbox 255 4998 380 5037; x_wconf 85' lang='lat' dir='ltr'><strong>esse</strong></span> <span class='ocrx_word' id='word_1_759' title='bbox 407 4981 586 5043; x_wconf 87' lang='lat' dir='ltr'><strong>debet,</strong></span> <span class='ocrx_word' id='word_1_760' title='bbox 616 4987 675 5035; x_wconf 86' lang='lat' dir='ltr'><strong>et</strong></span> <span class='ocrx_word' id='word_1_761' title='bbox 698 4979 946 5043; x_wconf 89' lang='lat' dir='ltr'><strong>liberior,</strong></span> <span class='ocrx_word' id='word_1_762' title='bbox 975 4986 1032 5032; x_wconf 93' lang='lat' dir='ltr'><strong>et</strong></span> <span class='ocrx_word' id='word_1_763' title='bbox 1059 4975 1284 5039; x_wconf 90' lang='lat' dir='ltr'><strong>dulcior,</strong></span> <span class='ocrx_word' id='word_1_764' title='bbox 1324 4982 1378 5027; x_wconf 92' lang='lat' dir='ltr'><strong>et</strong></span> <span class='ocrx_word' id='word_1_765' title='bbox 1410 4971 1479 5026; x_wconf 88' lang='lat' dir='ltr'><strong>ad</strong></span> <span class='ocrx_word' id='word_1_766' title='bbox 1512 4985 1728 5026; x_wconf 90' lang='lat' dir='ltr'><strong>omnem</strong></span> <span class='ocrx_word' id='word_1_767' title='bbox 1757 4967 1841 5022; x_wconf 88' lang='lat' dir='ltr'><strong>fa-</strong></span> 
     </span>
    </p>
   </div>
   <div class='ocr_carea' id='block_1_98' title="bbox 259 5070 861 5142">
    <p class='ocr_par' dir='ltr' id='par_1_98' title="bbox 259 5070 861 5142">
     <span class='ocr_line' id='line_1_98' title="bbox 259 5070 861 5142; baseline -0.012 -13"><span class='ocrx_word' id='word_1_768' title='bbox 259 5075 528 5130; x_wconf 88' lang='lat' dir='ltr'><strong>cilitatem</strong></span> <span class='ocrx_word' id='word_1_769' title='bbox 555 5070 861 5142; x_wconf 88' lang='lat' dir='ltr'><strong>proclivior.</strong></span> 
     </span>
    </p>
   </div>
   <div class='ocr_carea' id='block_1_99' title="bbox 1941 4592 3515 4683">
    <p class='ocr_par' dir='ltr' id='par_1_99' title="bbox 1941 4592 3515 4683">
     <span class='ocr_line' id='line_1_99' title="bbox 1941 4592 3515 4683; baseline -0.017 -15"><span class='ocrx_word' id='word_1_770' title='bbox 1941 4616 2014 4669; x_wconf 89' lang='lat' dir='ltr'><strong>tia</strong></span> <span class='ocrx_word' id='word_1_771' title='bbox 2044 4612 2206 4683; x_wconf 79' lang='lat' dir='ltr'><strong>(Luc.</strong></span> <span class='ocrx_word' id='word_1_772' title='bbox 2235 4608 2375 4679; x_wconf 86' lang='lat' dir='ltr'><strong>vut).</strong></span> <span class='ocrx_word' id='word_1_773' title='bbox 2413 4629 2432 4660; x_wconf 72' lang='grc' dir='ltr'><strong>ι</strong></span> <span class='ocrx_word' id='word_1_774' title='bbox 2473 4625 2490 4657; x_wconf 84' lang='grc' dir='ltr'><strong>ι</strong></span> <span class='ocrx_word' id='word_1_775' title='bbox 2525 4606 2581 4658; x_wconf 90' lang='lat' dir='ltr'><strong>in</strong></span> <span class='ocrx_word' id='word_1_776' title='bbox 2610 4620 2802 4673; x_wconf 88' lang='lat' dir='ltr'><strong>opere,</strong></span> <span class='ocrx_word' id='word_1_777' title='bbox 2833 4599 3033 4669; x_wconf 87' lang='lat' dir='ltr'><strong>inquit,</strong></span> <span class='ocrx_word' id='word_1_778' title='bbox 3065 4596 3234 4666; x_wconf 85' lang='lat' dir='ltr'><strong>ipsius</strong></span> <span class='ocrx_word' id='word_1_779' title='bbox 3263 4592 3515 4662; x_wconf 82' lang='lat' dir='ltr'><strong>exiguum</strong></span> 
     </span>
    </p>
   </div>
   <div class='ocr_carea' id='block_1_100' title="bbox 1941 4680 3514 4764">
    <p class='ocr_par' dir='ltr' id='par_1_100' title="bbox 1941 4680 3514 4764">
     <span class='ocr_line' id='line_1_100' title="bbox 1941 4680 3514 4764; baseline -0.016 -7"><span class='ocrx_word' id='word_1_780' title='bbox 1941 4680 2232 4764; x_wconf 86' lang='lat' dir='ltr'><strong>laborabis,</strong></span> <span class='ocrx_word' id='word_1_781' title='bbox 2261 4709 2316 4754; x_wconf 90' lang='lat' dir='ltr'><strong>et</strong></span> <span class='ocrx_word' id='word_1_782' title='bbox 2334 4700 2441 4754; x_wconf 92' lang='lat' dir='ltr'><strong>cito</strong></span> <span class='ocrx_word' id='word_1_783' title='bbox 2463 4698 2589 4752; x_wconf 90' lang='lat' dir='ltr'><strong>edes</strong></span> <span class='ocrx_word' id='word_1_784' title='bbox 2609 4695 2676 4749; x_wconf 90' lang='lat' dir='ltr'><strong>de</strong></span> <span class='ocrx_word' id='word_1_785' title='bbox 2703 4688 3140 4763; x_wconf 86' lang='lat' dir='ltr'><strong>generationibus</strong></span> <span class='ocrx_word' id='word_1_786' title='bbox 3163 4684 3352 4755; x_wconf 88' lang='lat' dir='ltr'><strong>ipsius.</strong></span> <span class='ocrx_word' id='word_1_787' title='bbox 3379 4680 3514 4747; x_wconf 90' lang='lat' dir='ltr'><strong>Quia</strong></span> 
     </span>
    </p>
   </div>
   <div class='ocr_carea' id='block_1_101' title="bbox 1944 4771 3523 4856">
    <p class='ocr_par' dir='ltr' id='par_1_101' title="bbox 1944 4771 3523 4856">
     <span class='ocr_line' id='line_1_101' title="bbox 1944 4771 3523 4856; baseline -0.018 -6"><span class='ocrx_word' id='word_1_788' title='bbox 1944 4810 2050 4849; x_wconf 94' lang='lat' dir='ltr'><strong>non</strong></span> <span class='ocrx_word' id='word_1_789' title='bbox 2079 4800 2206 4847; x_wconf 90' lang='lat' dir='ltr'><strong>sunt</strong></span> <span class='ocrx_word' id='word_1_790' title='bbox 2234 4789 2513 4856; x_wconf 79' lang='lat' dir='ltr'><strong>condigna:</strong></span> <span class='ocrx_word' id='word_1_791' title='bbox 2557 4785 2836 4854; x_wconf 88' lang='lat' dir='ltr'><strong>passiones</strong></span> <span class='ocrx_word' id='word_1_792' title='bbox 2865 4777 3022 4846; x_wconf 91' lang='lat' dir='ltr'><strong>hujus</strong></span> <span class='ocrx_word' id='word_1_793' title='bbox 3060 4773 3316 4844; x_wconf 88' lang='lat' dir='ltr'><strong>temporis</strong></span> <span class='ocrx_word' id='word_1_794' title='bbox 3339 4772 3406 4825; x_wconf 92' lang='lat' dir='ltr'><strong>ad</strong></span> <span class='ocrx_word' id='word_1_795' title='bbox 3440 4771 3523 4824; x_wconf 87' lang='lat' dir='ltr'><strong>fu-</strong></span> 
     </span>
    </p>
   </div>
   <div class='ocr_carea' id='block_1_102' title="bbox 1945 4859 3520 4951">
    <p class='ocr_par' dir='ltr' id='par_1_102' title="bbox 1945 4859 3520 4951">
     <span class='ocr_line' id='line_1_102' title="bbox 1945 4859 3520 4951; baseline -0.017 -13"><span class='ocrx_word' id='word_1_796' title='bbox 1945 4892 2122 4938; x_wconf 88' lang='lat' dir='ltr'><strong>turam</strong></span> <span class='ocrx_word' id='word_1_797' title='bbox 2167 4881 2392 4951; x_wconf 80' lang='lat' dir='ltr'><strong>gloriam</strong></span> <span class='ocrx_word' id='word_1_798' title='bbox 2429 4917 2444 4940; x_wconf 95' lang='lat'><strong>,</strong></span> <span class='ocrx_word' id='word_1_799' title='bbox 2491 4890 2610 4944; x_wconf 67' lang='lat' dir='ltr'><strong>qua:</strong></span> <span class='ocrx_word' id='word_1_800' title='bbox 2659 4868 2984 4927; x_wconf 87' lang='lat' dir='ltr'><strong>revelabitur</strong></span> <span class='ocrx_word' id='word_1_801' title='bbox 3019 4867 3072 4919; x_wconf 92' lang='lat' dir='ltr'><strong>in</strong></span> <span class='ocrx_word' id='word_1_802' title='bbox 3130 4862 3286 4918; x_wconf 89' lang='lat' dir='ltr'><strong>nobis</strong></span> <span class='ocrx_word' id='word_1_803' title='bbox 3325 4859 3520 4931; x_wconf 85' lang='lat' dir='ltr'><strong>(Rom.</strong></span> 
     </span>
    </p>
   </div>
   <div class='ocr_carea' id='block_1_103' title="bbox 1947 4953 3526 5042">
    <p class='ocr_par' dir='ltr' id='par_1_103' title="bbox 1947 4953 3526 5042">
     <span class='ocr_line' id='line_1_103' title="bbox 1947 4953 3526 5042; baseline -0.015 -16"><span class='ocrx_word' id='word_1_804' title='bbox 1947 4973 2098 5042; x_wconf 79' lang='lat' dir='ltr'><strong>vni).</strong></span> <span class='ocrx_word' id='word_1_805' title='bbox 2140 4991 2156 5022; x_wconf 77' lang='grc' dir='ltr'><strong>ι</strong></span> <span class='ocrx_word' id='word_1_806' title='bbox 2189 4969 2322 5023; x_wconf 87' lang='lat' dir='ltr'><strong>Nam</strong></span> <span class='ocrx_word' id='word_1_807' title='bbox 2355 4966 2628 5022; x_wconf 90' lang='lat' dir='ltr'><strong>tribulatio</strong></span> <span class='ocrx_word' id='word_1_808' title='bbox 2671 4960 2954 5033; x_wconf 60' lang='lat' dir='ltr'><strong>praesentis</strong></span> <span class='ocrx_word' id='word_1_809' title='bbox 2995 4954 3253 5024; x_wconf 87' lang='lat' dir='ltr'><strong>temporis</strong></span> <span class='ocrx_word' id='word_1_810' title='bbox 3295 4953 3526 5007; x_wconf 47' lang='lat' dir='ltr'><strong>immen-</strong></span> 
     </span>
    </p>
   </div>
   <div class='ocr_carea' id='block_1_104' title="bbox 1951 5041 3526 5132">
    <p class='ocr_par' dir='ltr' id='par_1_104' title="bbox 1951 5041 3526 5132">
     <span class='ocr_line' id='line_1_104' title="bbox 1951 5041 3526 5132; baseline -0.016 -13"><span class='ocrx_word' id='word_1_811' title='bbox 1951 5041 2070 5119; x_wconf 87' lang='lat' dir='ltr'><strong>sum</strong></span> <span class='ocrx_word' id='word_1_812' title='bbox 2104 5060 2287 5132; x_wconf 74' lang='lat' dir='ltr'><strong>gloria:</strong></span> <span class='ocrx_word' id='word_1_813' title='bbox 2333 5058 2541 5127; x_wconf 87' lang='lat' dir='ltr'><strong>pondus</strong></span> <span class='ocrx_word' id='word_1_814' title='bbox 2591 5055 2645 5109; x_wconf 86' lang='lat' dir='ltr'><strong>in</strong></span> <span class='ocrx_word' id='word_1_815' title='bbox 2696 5052 2877 5106; x_wconf 92' lang='lat' dir='ltr'><strong>futuro</strong></span> <span class='ocrx_word' id='word_1_816' title='bbox 2915 5047 3230 5117; x_wconf 86' lang='lat' dir='ltr'><strong>operabitur</strong></span> <span class='ocrx_word' id='word_1_817' title='bbox 3263 5044 3313 5096; x_wconf 93' lang='lat' dir='ltr'><strong>in</strong></span> <span class='ocrx_word' id='word_1_818' title='bbox 3350 5041 3526 5097; x_wconf 90' lang='lat' dir='ltr'><strong>nobis.</strong></span> 
     </span>
    </p>
   </div>
   <div class='ocr_carea' id='block_1_105' title="bbox 341 5134 3532 5232">
    <p class='ocr_par' dir='ltr' id='par_1_105' title="bbox 341 5134 3532 5232">
     <span class='ocr_line' id='line_1_105' title="bbox 341 5134 3532 5232; baseline -0.01 -16"><span class='ocrx_word' id='word_1_819' title='bbox 341 5185 360 5216; x_wconf 74' lang='grc' dir='ltr'><strong>ι</strong></span> <span class='ocrx_word' id='word_1_820' title='bbox 397 5166 499 5232; x_wconf 91' lang='lat' dir='ltr'><strong>Qui</strong></span> <span class='ocrx_word' id='word_1_821' title='bbox 555 5165 708 5218; x_wconf 91' lang='lat' dir='ltr'><strong>timet</strong></span> <span class='ocrx_word' id='word_1_822' title='bbox 743 5163 910 5216; x_wconf 90' lang='lat' dir='ltr'><strong>Deum</strong></span> <span class='ocrx_word' id='word_1_823' title='bbox 960 5175 1114 5231; x_wconf 68' lang='lat' dir='ltr'><strong>reque</strong></span> <span class='ocrx_word' id='word_1_824' title='bbox 1163 5158 1379 5214; x_wconf 86' lang='lat' dir='ltr'><strong>habebit</strong></span> <span class='ocrx_word' id='word_1_825' title='bbox 1421 5155 1713 5210; x_wconf 88' lang='lat' dir='ltr'><strong>amicitiam</strong></span> <span class='ocrx_word' id='word_1_826' title='bbox 1752 5153 1848 5207; x_wconf 70' lang='grc' dir='ltr'><strong>ιω-</strong></span> <span class='ocrx_word' id='word_1_827' title='bbox 1952 5153 2217 5221; x_wconf 92' lang='lat' dir='ltr'><strong>Quoniam</strong></span> <span class='ocrx_word' id='word_1_828' title='bbox 2251 5167 2269 5199; x_wconf 83' lang='grc' dir='ltr'><strong>ι</strong></span> <span class='ocrx_word' id='word_1_829' title='bbox 2309 5146 2495 5202; x_wconf 88' lang='lat' dir='ltr'><strong>oculus</strong></span> <span class='ocrx_word' id='word_1_830' title='bbox 2533 5160 2639 5200; x_wconf 92' lang='lat' dir='ltr'><strong>non</strong></span> <span class='ocrx_word' id='word_1_831' title='bbox 2666 5143 2822 5205; x_wconf 88' lang='lat' dir='ltr'><strong>vidit,</strong></span> <span class='ocrx_word' id='word_1_832' title='bbox 2860 5156 2958 5196; x_wconf 88' lang='lat' dir='ltr'><strong>nec</strong></span> <span class='ocrx_word' id='word_1_833' title='bbox 2995 5138 3143 5192; x_wconf 90' lang='lat' dir='ltr'><strong>auris</strong></span> <span class='ocrx_word' id='word_1_834' title='bbox 3179 5134 3404 5198; x_wconf 89' lang='lat' dir='ltr'><strong>audivit,</strong></span> <span class='ocrx_word' id='word_1_835' title='bbox 3439 5146 3532 5186; x_wconf 91' lang='lat' dir='ltr'><strong>ne-</strong></span> 
     </span>
    </p>
   </div>
   <div class='ocr_carea' id='block_1_106' title="bbox 269 5247 1842 5324">
    <p class='ocr_par' dir='ltr' id='par_1_106' title="bbox 269 5247 1842 5324">
     <span class='ocr_line' id='line_1_106' title="bbox 269 5247 1842 5324; baseline -0.008 -15"><span class='ocrx_word' id='word_1_836' title='bbox 269 5278 288 5309; x_wconf 80' lang='grc' dir='ltr'><strong>ι</strong></span> <span class='ocrx_word' id='word_1_837' title='bbox 323 5273 476 5320; x_wconf 89' lang='lat' dir='ltr'><strong>nam,</strong></span> <span class='ocrx_word' id='word_1_838' title='bbox 502 5256 757 5324; x_wconf 89' lang='lat' dir='ltr'><strong>quoniam</strong></span> <span class='ocrx_word' id='word_1_839' title='bbox 783 5254 1076 5310; x_wconf 90' lang='lat' dir='ltr'><strong>secundum</strong></span> <span class='ocrx_word' id='word_1_840' title='bbox 1100 5252 1246 5306; x_wconf 89' lang='lat' dir='ltr'><strong>illum</strong></span> <span class='ocrx_word' id='word_1_841' title='bbox 1267 5251 1372 5305; x_wconf 92' lang='lat' dir='ltr'><strong>erit</strong></span> <span class='ocrx_word' id='word_1_842' title='bbox 1390 5249 1597 5303; x_wconf 91' lang='lat' dir='ltr'><strong>amicus</strong></span> <span class='ocrx_word' id='word_1_843' title='bbox 1622 5247 1782 5301; x_wconf 90' lang='lat' dir='ltr'><strong>illius.</strong></span> <span class='ocrx_word' id='word_1_844' title='bbox 1823 5265 1842 5296; x_wconf 75' lang='grc' dir='ltr'><strong>ι</strong></span> 
     </span>
    </p>
   </div>
   <div class='ocr_carea' id='block_1_107' title="bbox 265 5330 1850 5418">
    <p class='ocr_par' dir='ltr' id='par_1_107' title="bbox 265 5330 1850 5418">
     <span class='ocr_line' id='line_1_107' title="bbox 265 5330 1850 5418; baseline -0.009 -13"><span class='ocrx_word' id='word_1_845' title='bbox 265 5349 494 5405; x_wconf 86' lang='lat' dir='ltr'><strong>Plenam</strong></span> <span class='ocrx_word' id='word_1_846' title='bbox 517 5330 646 5418; x_wconf 70' lang='lat' dir='ltr'><strong>ergo</strong></span> <span class='ocrx_word' id='word_1_847' title='bbox 683 5357 842 5416; x_wconf 89' lang='lat' dir='ltr'><strong>atque</strong></span> <span class='ocrx_word' id='word_1_848' title='bbox 865 5345 1162 5415; x_wconf 80' lang='lat' dir='ltr'><strong>perfectam</strong></span> <span class='ocrx_word' id='word_1_849' title='bbox 1187 5344 1439 5398; x_wconf 84' lang='lat' dir='ltr'><strong>amicitiae</strong></span> <span class='ocrx_word' id='word_1_850' title='bbox 1461 5341 1713 5412; x_wconf 88' lang='lat' dir='ltr'><strong>gratiam,</strong></span> <span class='ocrx_word' id='word_1_851' title='bbox 1747 5337 1850 5391; x_wconf 90' lang='lat' dir='ltr'><strong>nisi</strong></span> 
     </span>
    </p>
   </div>
   <div class='ocr_carea' id='block_1_108' title="bbox 269 5432 1855 5506">
    <p class='ocr_par' dir='ltr' id='par_1_108' title="bbox 269 5432 1855 5506">
     <span class='ocr_line' id='line_1_108' title="bbox 269 5432 1855 5506; baseline -0.008 -13"><span class='ocrx_word' id='word_1_852' title='bbox 269 5439 418 5493; x_wconf 88' lang='lat' dir='ltr'><strong>inter</strong></span> <span class='ocrx_word' id='word_1_853' title='bbox 436 5436 702 5506; x_wconf 88' lang='lat' dir='ltr'><strong>perfectos</strong></span> <span class='ocrx_word' id='word_1_854' title='bbox 722 5438 889 5502; x_wconf 90' lang='lat' dir='ltr'><strong>viros,</strong></span> <span class='ocrx_word' id='word_1_855' title='bbox 912 5435 1258 5504; x_wconf 84' lang='lat' dir='ltr'><strong>ejusdemque</strong></span> <span class='ocrx_word' id='word_1_856' title='bbox 1272 5432 1489 5488; x_wconf 89' lang='lat' dir='ltr'><strong>virtutis</strong></span> <span class='ocrx_word' id='word_1_857' title='bbox 1503 5442 1855 5500; x_wconf 89' lang='lat' dir='ltr'><strong>perseverare</strong></span> 
     </span>
    </p>
   </div>
   <div class='ocr_carea' id='block_1_109' title="bbox 271 5520 1856 5600">
    <p class='ocr_par' dir='ltr' id='par_1_109' title="bbox 271 5520 1856 5600">
     <span class='ocr_line' id='line_1_109' title="bbox 271 5520 1856 5600; baseline -0.007 -15"><span class='ocrx_word' id='word_1_858' title='bbox 271 5548 384 5587; x_wconf 87' lang='lat' dir='ltr'><strong>non</strong></span> <span class='ocrx_word' id='word_1_859' title='bbox 417 5544 573 5600; x_wconf 88' lang='lat' dir='ltr'><strong>posse</strong></span> <span class='ocrx_word' id='word_1_860' title='bbox 623 5530 793 5584; x_wconf 88' lang='lat' dir='ltr'><strong>sancti</strong></span> <span class='ocrx_word' id='word_1_861' title='bbox 829 5528 1018 5584; x_wconf 90' lang='lat' dir='ltr'><strong>Patres</strong></span> <span class='ocrx_word' id='word_1_862' title='bbox 1043 5529 1359 5584; x_wconf 91' lang='lat' dir='ltr'><strong>docuerunt.</strong></span> <span class='ocrx_word' id='word_1_863' title='bbox 1399 5524 1551 5580; x_wconf 90' lang='lat' dir='ltr'><strong>Unde</strong></span> <span class='ocrx_word' id='word_1_864' title='bbox 1586 5520 1856 5592; x_wconf 90' lang='lat' dir='ltr'><strong>quomodo</strong></span> 
     </span>
    </p>
   </div>
   <div class='ocr_carea' id='block_1_110' title="bbox 271 5617 1857 5692">
    <p class='ocr_par' dir='ltr' id='par_1_110' title="bbox 271 5617 1857 5692">
     <span class='ocr_line' id='line_1_110' title="bbox 271 5617 1857 5692; baseline -0.009 -12"><span class='ocrx_word' id='word_1_865' title='bbox 271 5624 345 5680; x_wconf 89' lang='lat' dir='ltr'><strong>ad</strong></span> <span class='ocrx_word' id='word_1_866' title='bbox 369 5621 753 5692; x_wconf 82' lang='lat' dir='ltr'><strong>perfectionem</strong></span> <span class='ocrx_word' id='word_1_867' title='bbox 787 5621 928 5678; x_wconf 90' lang='lat' dir='ltr'><strong>illius</strong></span> <span class='ocrx_word' id='word_1_868' title='bbox 947 5629 1003 5676; x_wconf 90' lang='lat' dir='ltr'><strong>et</strong></span> <span class='ocrx_word' id='word_1_869' title='bbox 1033 5617 1394 5674; x_wconf 85' lang='lat' dir='ltr'><strong>inviolabilem</strong></span> <span class='ocrx_word' id='word_1_870' title='bbox 1433 5621 1632 5669; x_wconf 89' lang='lat' dir='ltr'><strong>statum</strong></span> <span class='ocrx_word' id='word_1_871' title='bbox 1662 5627 1857 5682; x_wconf 89' lang='lat' dir='ltr'><strong>perve-</strong></span> 
     </span>
    </p>
   </div>
   <div class='ocr_carea' id='block_1_111' title="bbox 274 5706 1860 5786">
    <p class='ocr_par' dir='ltr' id='par_1_111' title="bbox 274 5706 1860 5786">
     <span class='ocr_line' id='line_1_111' title="bbox 274 5706 1860 5786; baseline -0.009 -14"><span class='ocrx_word' id='word_1_872' title='bbox 274 5718 387 5772; x_wconf 81' lang='lat' dir='ltr'><strong>niri</strong></span> <span class='ocrx_word' id='word_1_873' title='bbox 421 5716 629 5784; x_wconf 87' lang='lat' dir='ltr'><strong>possit,</strong></span> <span class='ocrx_word' id='word_1_874' title='bbox 662 5717 814 5786; x_wconf 85' lang='lat' dir='ltr'><strong>quasi</strong></span> <span class='ocrx_word' id='word_1_875' title='bbox 857 5715 1055 5786; x_wconf 85' lang='lat' dir='ltr'><strong>gradus</strong></span> <span class='ocrx_word' id='word_1_876' title='bbox 1087 5713 1349 5783; x_wconf 89' lang='lat' dir='ltr'><strong>quosdam</strong></span> <span class='ocrx_word' id='word_1_877' title='bbox 1385 5716 1712 5765; x_wconf 87' lang='lat' dir='ltr'><strong>statuerunt.</strong></span> <span class='ocrx_word' id='word_1_878' title='bbox 1744 5706 1860 5759; x_wconf 87' lang='lat' dir='ltr'><strong>Pri-</strong></span> 
     </span>
    </p>
   </div>
   <div class='ocr_carea' id='block_1_112' title="bbox 280 5801 1861 5880">
    <p class='ocr_par' dir='ltr' id='par_1_112' title="bbox 280 5801 1861 5880">
     <span class='ocr_line' id='line_1_112' title="bbox 280 5801 1861 5880; baseline -0.006 -18"><span class='ocrx_word' id='word_1_879' title='bbox 280 5823 432 5866; x_wconf 83' lang='lat' dir='ltr'><strong>mum</strong></span> <span class='ocrx_word' id='word_1_880' title='bbox 480 5808 644 5880; x_wconf 87' lang='lat' dir='ltr'><strong>igitur</strong></span> <span class='ocrx_word' id='word_1_881' title='bbox 678 5809 903 5879; x_wconf 86' lang='lat' dir='ltr'><strong>gradum</strong></span> <span class='ocrx_word' id='word_1_882' title='bbox 952 5821 1092 5862; x_wconf 77' lang='lat' dir='ltr'><strong>vera:</strong></span> <span class='ocrx_word' id='word_1_883' title='bbox 1146 5803 1395 5862; x_wconf 76' lang='lat' dir='ltr'><strong>amicitim</strong></span> <span class='ocrx_word' id='word_1_884' title='bbox 1452 5801 1505 5857; x_wconf 92' lang='lat' dir='ltr'><strong>in</strong></span> <span class='ocrx_word' id='word_1_885' title='bbox 1552 5805 1861 5868; x_wconf 89' lang='lat' dir='ltr'><strong>contemptu</strong></span> 
     </span>
    </p>
   </div>
   <div class='ocr_carea' id='block_1_113' title="bbox 1954 5225 3532 5314">
    <p class='ocr_par' dir='ltr' id='par_1_113' title="bbox 1954 5225 3532 5314">
     <span class='ocr_line' id='line_1_113' title="bbox 1954 5225 3532 5314; baseline -0.016 -15"><span class='ocrx_word' id='word_1_886' title='bbox 1954 5258 2058 5314; x_wconf 88' lang='lat' dir='ltr'><strong>quc</strong></span> <span class='ocrx_word' id='word_1_887' title='bbox 2090 5242 2145 5295; x_wconf 90' lang='lat' dir='ltr'><strong>in</strong></span> <span class='ocrx_word' id='word_1_888' title='bbox 2175 5256 2270 5295; x_wconf 90' lang='lat' dir='ltr'><strong>cor</strong></span> <span class='ocrx_word' id='word_1_889' title='bbox 2294 5237 2528 5294; x_wconf 86' lang='lat' dir='ltr'><strong>hominis</strong></span> <span class='ocrx_word' id='word_1_890' title='bbox 2569 5234 2845 5298; x_wconf 85' lang='lat' dir='ltr'><strong>ascendit,</strong></span> <span class='ocrx_word' id='word_1_891' title='bbox 2892 5246 3011 5300; x_wconf 66' lang='lat' dir='ltr'><strong>qua:</strong></span> <span class='ocrx_word' id='word_1_892' title='bbox 3039 5225 3362 5300; x_wconf 69' lang='lat' dir='ltr'><strong>praeparavit</strong></span> <span class='ocrx_word' id='word_1_893' title='bbox 3390 5225 3532 5277; x_wconf 87' lang='lat' dir='ltr'><strong>Deus</strong></span> 
     </span>
    </p>
   </div>
   <div class='ocr_carea' id='block_1_114' title="bbox 1958 5329 2684 5404">
    <p class='ocr_par' dir='ltr' id='par_1_114' title="bbox 1958 5329 2684 5404">
     <span class='ocr_line' id='line_1_114' title="bbox 1958 5329 2684 5404; baseline -0.022 -12"><span class='ocrx_word' id='word_1_894' title='bbox 1958 5339 2046 5392; x_wconf 90' lang='lat' dir='ltr'><strong>bis</strong></span> <span class='ocrx_word' id='word_1_895' title='bbox 2075 5335 2167 5404; x_wconf 91' lang='lat' dir='ltr'><strong>qui</strong></span> <span class='ocrx_word' id='word_1_896' title='bbox 2205 5332 2435 5402; x_wconf 82' lang='lat' dir='ltr'><strong>diligunt</strong></span> <span class='ocrx_word' id='word_1_897' title='bbox 2458 5329 2627 5384; x_wconf 92' lang='lat' dir='ltr'><strong>illum.</strong></span> <span class='ocrx_word' id='word_1_898' title='bbox 2667 5347 2684 5376; x_wconf 80' lang='grc' dir='ltr'><strong>ι</strong></span> 
     </span>
    </p>
   </div>
   <div class='ocr_carea' id='block_1_115' title="bbox 2033 5402 3528 5492">
    <p class='ocr_par' dir='ltr' id='par_1_115' title="bbox 2033 5402 3528 5492">
     <span class='ocr_line' id='line_1_115' title="bbox 2033 5402 3528 5492; baseline -0.019 -10"><span class='ocrx_word' id='word_1_899' title='bbox 2033 5446 2050 5477; x_wconf 81' lang='grc' dir='ltr'><strong>ι</strong></span> <span class='ocrx_word' id='word_1_900' title='bbox 2089 5402 2262 5492; x_wconf 85' lang='lat' dir='ltr'><strong>Quam</strong></span> <span class='ocrx_word' id='word_1_901' title='bbox 2301 5435 2489 5491; x_wconf 89' lang='lat' dir='ltr'><strong>aspera</strong></span> <span class='ocrx_word' id='word_1_902' title='bbox 2519 5429 2604 5474; x_wconf 86' lang='lat' dir='ltr'><strong>est</strong></span> <span class='ocrx_word' id='word_1_903' title='bbox 2625 5417 2849 5471; x_wconf 91' lang='lat' dir='ltr'><strong>nimium</strong></span> <span class='ocrx_word' id='word_1_904' title='bbox 2883 5410 3143 5483; x_wconf 87' lang='lat' dir='ltr'><strong>sapientia</strong></span> <span class='ocrx_word' id='word_1_905' title='bbox 3175 5404 3403 5462; x_wconf 89' lang='lat' dir='ltr'><strong>indoctis</strong></span> <span class='ocrx_word' id='word_1_906' title='bbox 3429 5402 3528 5455; x_wconf 87' lang='lat' dir='ltr'><strong>bo-</strong></span> 
     </span>
    </p>
   </div>
   <div class='ocr_carea' id='block_1_116' title="bbox 1963 5490 3527 5590">
    <p class='ocr_par' dir='ltr' id='par_1_116' title="bbox 1963 5490 3527 5590">
     <span class='ocr_line' id='line_1_116' title="bbox 1963 5490 3527 5590; baseline -0.017 -22"><span class='ocrx_word' id='word_1_907' title='bbox 1963 5537 1980 5568; x_wconf 84' lang='grc' dir='ltr'><strong>ι</strong></span> <span class='ocrx_word' id='word_1_908' title='bbox 2014 5517 2270 5590; x_wconf 84' lang='lat' dir='ltr'><strong>minibus,</strong></span> <span class='ocrx_word' id='word_1_909' title='bbox 2303 5490 2492 5567; x_wconf 78' lang='lat' dir='ltr'><strong>etnon</strong></span> <span class='ocrx_word' id='word_1_910' title='bbox 2523 5506 2859 5578; x_wconf 87' lang='lat' dir='ltr'><strong>permanebit</strong></span> <span class='ocrx_word' id='word_1_911' title='bbox 2903 5508 2958 5556; x_wconf 86' lang='lat' dir='ltr'><strong>in</strong></span> <span class='ocrx_word' id='word_1_912' title='bbox 3001 5500 3090 5554; x_wconf 92' lang='lat' dir='ltr'><strong>illa</strong></span> <span class='ocrx_word' id='word_1_913' title='bbox 3121 5509 3332 5555; x_wconf 84' lang='lat' dir='ltr'><strong>excors,</strong></span> <span class='ocrx_word' id='word_1_914' title='bbox 3365 5490 3527 5558; x_wconf 88' lang='lat' dir='ltr'><strong>quasi</strong></span> 
     </span>
    </p>
   </div>
   <div class='ocr_carea' id='block_1_117' title="bbox 1968 5586 3529 5680">
    <p class='ocr_par' dir='ltr' id='par_1_117' title="bbox 1968 5586 3529 5680">
     <span class='ocr_line' id='line_1_117' title="bbox 1968 5586 3529 5680; baseline -0.019 -17"><span class='ocrx_word' id='word_1_915' title='bbox 1968 5631 1985 5663; x_wconf 81' lang='grc' dir='ltr'><strong>ι</strong></span> <span class='ocrx_word' id='word_1_916' title='bbox 2023 5586 2211 5680; x_wconf 69' lang='lat' dir='ltr'><strong>lapidis</strong></span> <span class='ocrx_word' id='word_1_917' title='bbox 2240 5609 2410 5662; x_wconf 90' lang='lat' dir='ltr'><strong>virtus</strong></span> <span class='ocrx_word' id='word_1_918' title='bbox 2448 5605 2692 5675; x_wconf 87' lang='lat' dir='ltr'><strong>probatio</strong></span> <span class='ocrx_word' id='word_1_919' title='bbox 2719 5601 2825 5655; x_wconf 91' lang='lat' dir='ltr'><strong>erit</strong></span> <span class='ocrx_word' id='word_1_920' title='bbox 2863 5599 2917 5652; x_wconf 90' lang='lat' dir='ltr'><strong>in</strong></span> <span class='ocrx_word' id='word_1_921' title='bbox 2946 5595 3078 5653; x_wconf 90' lang='lat' dir='ltr'><strong>illis,</strong></span> <span class='ocrx_word' id='word_1_922' title='bbox 3120 5597 3174 5643; x_wconf 92' lang='lat' dir='ltr'><strong>et</strong></span> <span class='ocrx_word' id='word_1_923' title='bbox 3202 5603 3308 5641; x_wconf 90' lang='lat' dir='ltr'><strong>non</strong></span> <span class='ocrx_word' id='word_1_924' title='bbox 3343 5586 3529 5639; x_wconf 86' lang='lat' dir='ltr'><strong>demo-</strong></span> 
     </span>
    </p>
   </div>
   <div class='ocr_carea' id='block_1_118' title="bbox 1969 5677 3531 5767">
    <p class='ocr_par' dir='ltr' id='par_1_118' title="bbox 1969 5677 3531 5767">
     <span class='ocr_line' id='line_1_118' title="bbox 1969 5677 3531 5767; baseline -0.017 -13"><span class='ocrx_word' id='word_1_925' title='bbox 1969 5722 1985 5754; x_wconf 80' lang='grc' dir='ltr'><strong>ι</strong></span> <span class='ocrx_word' id='word_1_926' title='bbox 2022 5677 2282 5757; x_wconf 73' lang='lat' dir='ltr'><strong>raimntur</strong></span> <span class='ocrx_word' id='word_1_927' title='bbox 2303 5697 2566 5767; x_wconf 81' lang='lat' dir='ltr'><strong>projicere</strong></span> <span class='ocrx_word' id='word_1_928' title='bbox 2597 5693 2760 5747; x_wconf 90' lang='lat' dir='ltr'><strong>illam.</strong></span> <span class='ocrx_word' id='word_1_929' title='bbox 2792 5707 2810 5738; x_wconf 74' lang='grc' dir='ltr'><strong>ι</strong></span> <span class='ocrx_word' id='word_1_930' title='bbox 2862 5677 3290 5767; x_wconf 78' lang='lat' dir='ltr'><strong>[inprudentibus</strong></span> <span class='ocrx_word' id='word_1_931' title='bbox 3325 5688 3531 5767; x_wconf 82' lang='lat' dir='ltr'><strong>semper</strong></span> 
     </span>
    </p>
   </div>
   <div class='ocr_carea' id='block_1_119' title="bbox 1966 5764 3536 5852">
    <p class='ocr_par' dir='ltr' id='par_1_119' title="bbox 1966 5764 3536 5852">
     <span class='ocr_line' id='line_1_119' title="bbox 1966 5764 3536 5852; baseline -0.02 -4"><span class='ocrx_word' id='word_1_932' title='bbox 1966 5806 2020 5852; x_wconf 90' lang='lat' dir='ltr'><strong>ct</strong></span> <span class='ocrx_word' id='word_1_933' title='bbox 2056 5793 2234 5847; x_wconf 88' lang='lat' dir='ltr'><strong>stultis</strong></span> <span class='ocrx_word' id='word_1_934' title='bbox 2277 5764 2651 5844; x_wconf 78' lang='lat' dir='ltr'><strong>abominabilis</strong></span> <span class='ocrx_word' id='word_1_935' title='bbox 2692 5788 2774 5834; x_wconf 88' lang='lat' dir='ltr'><strong>est</strong></span> <span class='ocrx_word' id='word_1_936' title='bbox 2827 5770 3100 5830; x_wconf 87' lang='lat' dir='ltr'><strong>meditatio</strong></span> <span class='ocrx_word' id='word_1_937' title='bbox 3143 5764 3442 5837; x_wconf 57' lang='lat' dir='ltr'><strong>sapientiai,</strong></span> <span class='ocrx_word' id='word_1_938' title='bbox 3483 5773 3536 5818; x_wconf 87' lang='lat' dir='ltr'><strong>et</strong></span> 
     </span>
    </p>
   </div>
  </div>
