3904 6184
351 375 460 431 799

349 493 688 547 detestantur
707 501 801 541 eos
831 486 1000 554 quise
1020 493 1268 555 arguunt,
1299 483 1423 552 quia
1451 482 1700 538 nesciunt
1727 481 1933 536 utilita—
1960 485 2012 544 Α

349 597 458 638 tem
499 580 813 648 disciplittdz.
873 577 1023 633 Unde
1062 575 1320 645 scriptum
1361 582 1444 631 est
1487 575 1542 628 in
1568 573 1876 629 Proverbiis
1919 590 1932 626 :

355 694 374 725 ς
415 673 621 726 Stultus
650 670 836 724 irridet
862 669 1033 737 patris
1059 668 1141 722 sui
1164 666 1503 736 disciplinam
1535 663 1720 736 (Prov.
1755 664 1870 736 xv).
1913 683 1930 716 ι

355 764 419 815 lit
447 763 569 815 item
602 779 618 810 ε
653 760 834 829 Argue
878 760 1197 828 sapientem,
1246 767 1300 812 et
1352 758 1536 828 diliget
1580 765 1665 821 tc;
1721 757 1938 825 increpa

351 854 598 914 stultum,
626 859 680 903 et
701 851 824 904 odio
856 857 910 903 te
937 850 1154 903 habebit
1179 847 1342 919 (Ibid.
1375 847 1474 919 ix).
1511 868 1529 898 ι
1569 847 1634 900 Ει
1659 861 1877 901 rursum
1919 863 1935 898 :

357 960 376 990 ι
415 939 528 992 Non
551 946 697 991 amat
729 937 988 1007 pestilens
1013 952 1134 990 eum
1165 937 1255 1005 qui
1281 951 1339 990 se
1366 935 1613 1005 corripit,
1637 950 1737 989 nec
1765 935 1831 988 ad
1856 949 1943 988 sa-

352 1031 564 1101 pientes
621 1029 863 1100 graditur
902 1027 1064 1099 (Ibid.
1093 1027 1206 1100 xv).
1244 1048 1261 1078 ι
1299 1027 1462 1081 Auris
1501 1042 1621 1096 quae
1661 1026 1813 1080 audit
1855 1026 1942 1079 in-

355 1119 696 1187 erepationes
726 1118 871 1182 vitae,
915 1117 969 1170 in
1010 1117 1187 1170 medio
1222 1116 1548 1185 sapientium
1577 1114 1944 1170 commorabi-

362 1220 466 1273 tur,
503 1209 596 1279 qui
625 1207 809 1277 abjicit
833 1207 1197 1278 disciplinam,
1229 1207 1459 1276 despicit
1489 1208 1727 1262 animam
1753 1222 1941 1271 suam;

359 1303 548 1354 duram
569 1303 714 1356 enim
743 1301 1016 1354 aestimant
1038 1313 1157 1354 esse
1177 1297 1544 1367 disciplinam,
1576 1299 1801 1368 ideoque
1825 1315 1937 1352 mo-

360 1393 563 1446 liuntur
601 1406 629 1443 a
654 1407 712 1445 se
738 1388 973 1457 abjicere
1023 1389 1185 1442 illam.
1230 1388 1336 1442 Sed
1368 1387 1493 1441 licet
1526 1389 1643 1442 haec
1675 1387 1946 1442 sententia

357 1484 684 1555 generaliter
727 1483 794 1536 ad
843 1496 1032 1537 omnes
1072 1482 1390 1550 insipientes
1437 1481 1727 1550 pertineat,
1767 1490 1946 1534 tamen

359 1575 631 1645 pne-cipue
651 1573 870 1627 denotat
888 1573 1194 1636 haereticos,
1230 1573 1321 1641 qui
1343 1588 1439 1642 per
1465 1571 1720 1625 duritiam
1752 1571 1949 1626 mentis

362 1682 473 1719 suae
517 1680 622 1719 non
672 1663 938 1733 recipiunt
968 1662 1390 1732 correptiouem,
1440 1678 1540 1716 nec
1580 1663 1848 1716 sustinent
1879 1663 1947 1716 ab

360 1773 550 1813 errore
575 1773 674 1812 suo
707 1756 917 1819 divelli,
963 1764 1126 1825 atque
1155 1757 1210 1808 in
1233 1756 1374 1809 viam
1401 1756 1645 1810 veritatis
1670 1755 1855 1826 dirigi;
1891 1755 1946 1808 hi

1003 371 1061 423 Β.
1101 366 1355 428 ΒᾹΒᾹΜ
1399 365 1618 423 MAURl
1657 362 1948 421 ARCHIEF

2057 362 2331 421 [OGUN'L
2369 361 2657 420 OPERUM
2697 357 2875 418 PARS
2913 357 2954 416 Ῑ.

3496 353 3626 414 ’800

2113 498 2132 531 ι
2169 479 2224 534 In
2255 479 2401 535 omni
2438 479 2618 534 animo
2648 489 2741 534 tuo
2771 477 2969 533 accede
3003 475 3071 531 ad
3109 472 3275 540 illam,
3315 484 3373 531 et
3401 477 3627 532 inomni

2046 589 2064 622 c
2097 569 2301 624 virtute
2338 578 2432 623 tua
2464 583 2727 624 conserva
2766 568 2882 622 vias
2909 566 3044 636 ejus.
3067 567 3336 637 investiga
3378 566 3543 632 illam,
3578 580 3635 624 et

2045 681 2064 714 ι
2100 661 2533 717 manifestabitur
2559 661 2656 716 tibi
2686 678 2700 715 :
2735 670 2791 721 et
2818 661 3103 715 continens
3141 659 3314 714 factus
3345 675 3413 715 ne
3435 661 3633 716 dereli-

2047 773 2066 806 ‹
2103 754 2287 824 queris
2313 769 2434 808 eam
2459 770 2473 818 ;
2502 754 2555 807 in
2583 753 2894 809 novissimis
2922 752 3068 806 enim
3109 752 3352 807 invenies
3392 753 3634 822 requiem

2047 867 2064 898 ι
2099 847 2157 901 in
2178 861 2262 912 ea,
2317 854 2372 901 et
2425 854 2772 901 convertatur
2820 845 2918 899 tibi
2967 845 3020 898 in
3070 845 3514 900 oblectationem.
3573 846 3636 900 Et

2052 957 2069 987 ι
2109 945 2272 991 erunt
2305 937 2402 992 tibi
2441 937 2729 1006 compedes
2759 937 2811 991 in
2839 936 3230 1006 protectionem
3269 935 3632 1002 fortitudinis,

2051 1043 2070 1076 ι
2103 1034 2160 1080 et
2181 1025 2340 1080 bases
2366 1027 2601 1092 virtutis,
2645 1034 2701 1082 et
2748 1035 2971 1095 torques
3010 1026 3155 1081 iilius
3201 1028 3254 1082 in
3292 1028 3486 1083 stolam
3526 1030 3638 1100 gloc

2051 1134 2070 1166 ‹
2107 1117 2216 1169 rim.
2259 1134 2276 1168 ι
2321 1115 2496 1171 Cordo
2534 1118 2678 1172 enim
2717 1117 2888 1187 magis
2919 1118 3283 1173 accedendum
3325 1130 3411 1175 est
3453 1122 3521 1174 ad
3561 1138 3639 1176 sa.

2045 1207 2326 1275 pientiam,
2355 1223 2518 1276 quam
2547 1222 2808 1277 corpore,
2857 1209 2983 1278 quia
3023 1209 3284 1278 spiritalis
3326 1211 3416 1266 lux
3459 1215 3638 1267 animo

2049 1297 2377 1366 inspicienda
2398 1307 2506 1360 est,
2537 1312 2642 1351 non
2683 1312 2881 1364 carne;
2913 1299 3006 1353 sed
3035 1307 3215 1354 tamen
3237 1315 3430 1357 sensus
3453 1319 3640 1372 corpo-

2049 1387 2125 1442 ris
2171 1387 2392 1455 rcgcndi
2437 1396 2562 1440 sunt
2613 1389 2813 1442 mentis
2859 1389 3090 1443 ratione.
3141 1390 3294 1446 Unde
3341 1408 3444 1448 nos
3485 1394 3638 1449 docet

2048 1477 2355 1547 Apostolus,
2396 1476 2585 1532 dicens
2621 1497 2632 1531 :
2677 1497 2694 1527 ‹
2734 1477 2940 1548 Spiritu
2965 1479 3260 1546 ambulate,
3289 1491 3347 1536 et
3373 1484 3637 1538 desideria

2049 1569 2228 1623 carnis
2254 1585 2360 1623 non
2395 1569 2707 1638 perficietis,
2738 1578 2843 1626 etc.
2871 1569 3015 1642 (Gal.
3047 1571 3124 1643 v).
3162 1592 3180 1625 ι
3209 1568 3311 1640 Qui
3345 1575 3495 1630 enim
3527 1578 3639 1630 ani-

2051 1673 2140 1713 mo
2179 1659 2373 1714 devoto
2410 1661 2702 1715 meditatur
2733 1671 2790 1716 et
2845 1677 3142 1732 agnoscere
3190 1673 3366 1719 certat
3413 1665 3509 1720 Dei
3561 1682 3641 1720 sa-

2048 1752 2329 1820 pientiam,
2359 1768 2481 1821 quae
2509 1762 2592 1807 est
2618 1753 2890 1820 Christus,
2927 1771 3150 1812 servare
3178 1758 3358 1813 studet
3385 1760 3638 1814 mandata

365 1850 615 1919 quamvis
663 1848 877 1902 assidue
927 1846 1240 1916 Scripturas
1289 1846 1486 1915 legant,
1539 1855 1716 1900 tamen
1759 1861 1947 1900 carum
1977 1841 2021 1898 B
2050 1837 2188 1906 ejus.
2223 1850 2280 1895 et
2315 1841 2557 1910 corporis
2587 1842 2770 1896 luxum
2793 1859 2892 1912 pro
2913 1846 3245 1900 continentia
3278 1849 3634 1919 restringere,

365 1941 475 1992 vim
523 1952 864 2008 nequaquam
911 1936 1232 2005 intelligunt.
1291 1935 1440 1991 Unde
1483 1936 1744 2005 scriptum
1798 1944 1883 1990 est
1931 1949 1946 1988 :

371 2049 390 2080 ι
425 2028 844 2096 Qtueritderisor
864 2028 1206 2096 sapientiam,
1237 2034 1292 2080 et
1313 2041 1416 2080 non
1434 2026 1898 2098 invenict(lbid.).
1924 2046 1942 2078 ι

366 2123 423 2178 ln
450 2121 857 2192 perceptoribus
887 2130 1066 2174 autem
1095 2121 1207 2174 suis
1232 2119 1478 2188 probatio
1501 2120 1608 2174 erit
1631 2119 1791 2185 illius,
1819 2135 1952 2188 qua-

367 2216 410 2270 si
444 2215 637 2284 lapidis
670 2215 854 2276 virtus,
893 2214 995 2267 hoc
1021 2222 1106 2267 est
1134 2212 1380 2267 soliditas
1403 2226 1626 2276 sensus,
1659 2211 1745 2266 cui
1775 2211 1952 2265 nullus

367 2317 706 2369 terrenarum
733 2320 894 2374 opum
924 2303 1228 2373 comparari
1265 2310 1446 2372 potest
1477 2303 1792 2366 thesaurus;
1824 2302 1949 2373 quia

366 2415 508 2453 vera:
541 2397 821 2467 sapientia:
864 2413 1028 2466 super
1072 2397 1253 2451 omnia
1299 2395 1516 2452 excellit
1559 2403 1755 2450 status.
1799 2395 1951 2463 Quod

365 2489 650 2544 Psahnista
678 2486 946 2542 veraciter
973 2487 1275 2556 intelligens
1304 2486 1377 2540 ita
1409 2486 1487 2540 ait
1518 2504 1530 2538 :
1567 2505 1583 2536 ι
1619 2485 1828 2540 Iudicia
1857 2485 1952 2541 Dei

367 2593 497 2632 vera
539 2577 835 2648 justificata
889 2579 941 2632 in
995 2577 1307 2645 semetipsa,
1361 2576 1739 2631 desiderabilia
1791 2592 1954 2646 super

366 2683 562 2721 aurum
611 2675 665 2722 et
707 2667 939 2736 lapidem
978 2667 1273 2735 pretiosum
1320 2666 1570 2731 multum,
1603 2674 1658 2720 et
1708 2665 1954 2721 dulciora

367 2773 532 2829 super
583 2760 688 2814 mel
727 2769 782 2814 et
818 2759 997 2812 favum
1036 2756 1228 2829 (Psal.
1277 2758 1456 2830 xvm).
1503 2779 1521 2810 υ
1558 2757 1634 2813 De
1671 2773 1779 2827 quo
1815 2758 1953 2812 etin

366 2850 678 2906 Proverbiis
701 2850 960 2918 scriptum
984 2860 1067 2904 est
1098 2867 1110 2902 :
1147 2870 1166 2900 ι
1195 2848 1382 2906 Melior
1411 2856 1497 2904 est
1522 2849 1788 2918 sapientia
1826 2863 1956 2902 cun-

366 2939 470 2994 ctis
493 2939 937 3009 pretiosissimis;
973 2947 1028 2994 et
1053 2955 1215 2994 omne
1243 2938 1603 2994 desiderabile
1627 2939 1676 2994 ei
1720 2954 1826 2994 non
1859 2954 1955 3008 po—
1997 3011 2001 3015 η

366 3039 472 3085 test
496 3030 803 3098 comparari
831 3029 1014 3101 (Prov.
1048 3029 1189 3099 vni).
1207 3049 1224 3081 ι

441 3139 459 3173 ι
492 3122 768 3191 Sapientia
811 3121 958 3177 enim
995 3121 1255 3175 doctrina:
1288 3121 1583 3175 secundum
1607 3136 1804 3175 nomen
1833 3136 1953 3188 ejus

2054 1944 2122 1988 ne
2151 1929 2360 1984 difﬂuat
2393 1931 2444 1984 in
2480 1932 2844 2000 uoluptatibus
2873 1936 3154 2003 pnesentis
3176 1937 3319 2002 vitae,
3344 1940 3444 1992 sed
3475 1941 3642 2009 magis

2058 2021 2204 2075 vivat
2228 2023 2328 2076 sub
2359 2022 2540 2092 regula
2573 2022 2809 2078 cmlestis
2835 2024 3165 2096 disciplinae;
3195 2028 3249 2080 hi
3274 2049 3282 2060 ·
3310 2031 3566 2084 nimirum
3590 2032 3638 2084 in

2055 2113 2364 2168 novissimis
2392 2113 2504 2167 suis
2533 2113 2766 2169 inveniet
2805 2115 3068 2184 requiem.
3101 2117 3330 2184 Quando
3358 2136 3528 2175 carne
3555 2138 3638 2176 so-

2054 2203 2198 2258 Intus
2242 2218 2340 2274 pro
2367 2205 2620 2274 pmsenti
2669 2205 2853 2261 labore
2891 2211 3111 2277 prtemia
3138 2212 3402 2282 percipiet
3429 2223 3642 2269 aeterna:

2054 2294 2254 2366 gloriaa.
2287 2296 2440 2352 Unde
2463 2298 2740 2366 sequitur:
2766 2317 2784 2349 ‹
2815 2299 2988 2354 Decor
3013 2302 3156 2355 enim
3184 2303 3306 2357 vita:
3327 2312 3414 2358 est
3444 2305 3500 2358 in
3527 2307 3636 2368 illa;

2055 2397 2110 2444 et
2137 2389 2353 2444 vincula
2379 2389 2524 2445 illius
2553 2401 2775 2445 nectura
2802 2390 3076 2446 salutaris.
3112 2391 3319 2447 Stolam
3352 2394 3542 2465 gloria:
3568 2397 3640 2448 in~

2055 2478 2190 2534 ducs
2232 2495 2352 2534 eam
2406 2494 2422 2533 :
2465 2487 2522 2535 ct
2569 2495 2827 2535 coronam
2885 2483 3262 2553 gratulationis
3307 2501 3640 2557 superponcs

2057 2570 2172 2624 tibi.
2213 2590 2230 2621 ι
2277 2569 2565 2640 Sapientiae
2596 2571 2742 2626 enim
2787 2580 2936 2627 certa
2971 2574 3161 2628 notitia
3199 2574 3327 2630 facit
3374 2577 3640 2632 hominem

2057 2659 2362 2730 proximum
2387 2660 2495 2714 Deo
2519 2701 2533 2724 ,
2574 2670 2630 2714 et
2657 2661 2777 2715 vita:
2807 2671 3078 2731 perpetum
3101 2680 3473 2734 possessorem
3503 2709 3516 2730 ,
3552 2683 3641 2722 nec

2058 2754 2216 2808 aliter
2239 2755 2526 2824 quisquam
2565 2755 2632 2809 ad
2670 2756 3092 2811 immortalitatis
3131 2756 3324 2811 stolam
3369 2766 3426 2811 et
3467 2759 3642 2829 gloria,-

2057 2860 2317 2900 coronam
2353 2848 2638 2915 pervenire
2663 2847 2888 2916 poterit,
2933 2847 3034 2902 nisi
3072 2863 3169 2917 per
3198 2861 3382 2902 veram
3422 2850 3642 2920 agnitio-

2057 2951 2180 2991 nem
2208 2938 2507 3006 sapientire,
2536 2938 2660 3008 quia
2685 2938 2796 2992 sola
2817 2948 2900 2992 est
2924 2938 2976 2991 in
3008 2938 3213 2992 caelesti
3245 2954 3410 3009 regno
3434 2950 3642 2993 sancto.

2058 3042 2178 3080 rum
2217 3027 2517 3090 beatitudo,
2549 3027 2930 3097 contemplatio
2956 3027 3134 3082 vultus
3167 3027 3255 3082 Dei
3283 3033 3337 3083 ct
3377 3031 3643 3100 pcrccptin

2057 3121 2320 3174 veritatis.
2366 3119 2517 3176 Unde
2549 3120 2663 3189 ipsa
2695 3119 2905 3175 Veritas
2937 3122 2988 3175 in
3017 3121 3310 3192 Evangelio
3336 3123 3400 3176 ad
3437 3122 3640 3178 Patrem

369 3235 388 3266 ι
424 3223 540 3279 est,
575 3225 630 3268 et
683 3230 788 3268 non
827 3213 1011 3268 multis
1053 3221 1138 3268 est
1178 3212 1493 3277 manifesta;
1535 3213 1732 3282 quibus
1772 3222 1951 3266 autem
1980 3204 2024 3266 C
2057 3211 2177 3265 ait:
2212 3231 2229 3260 ι
2271 3209 2394 3265 Haec
2422 3219 2508 3265 est
2539 3221 2720 3265 autem
2753 3213 2860 3266 vita
2884 3221 3086 3268 atterna
3111 3255 3125 3277 ,
3159 3221 3213 3267 ut
3236 3224 3567 3283 cognoscant
3596 3226 3642 3268 Ie

363 3307 580 3375 cognita
618 3313 722 3369 est,
764 3312 1046 3375 permanet
1077 3321 1248 3374 usque
1287 3305 1355 3359 ad
1381 3313 1732 3374 conspectum
1773 3305 1884 3359 Dei.
1926 3325 1945 3358 ι

365 3394 644 3464 Sapientia
676 3395 952 3461 doetrinae,
983 3395 1270 3450 sinceritas
1298 3403 1382 3450 est
1412 3395 1544 3465 legis
1570 3395 1794 3460 divinae;
1833 3403 1954 3464 quae

364 3486 666 3542 secundum
697 3503 889 3542 nomen
915 3487 1031 3556 ejus
1061 3495 1163 3551 est,
1197 3488 1298 3540 hoc
1326 3496 1428 3552 est,
1450 3486 1734 3555 prudentia
1772 3494 1827 3540 et
1857 3501 1948 3541 ve-

366 3577 503 3632 ritas
527 3586 584 3632 et
610 3578 779 3631 virtus
819 3595 832 3630 :
874 3578 1000 3647 quia
1035 3594 1054 3628 ι
1087 3587 1412 3647 prmceptum
1445 3576 1655 3631 Domini
1693 3575 1949 3639 lucidum,

367 3673 682 3729 illuminans
706 3672 914 3737 oculos,
951 3691 970 3723 ι
1006 3680 1062 3726 et
1081 3673 1259 3726 omnis
1297 3685 1475 3726 sermo
1498 3670 1593 3724 Dei
1621 3670 1820 3739 ignitus
1841 3667 1960 3738 cly-

363 3778 496 3834 peus
515 3773 624 3830 est,
661 3763 786 3818 hinc
809 3772 865 3816 et
902 3763 956 3816 in
995 3762 1303 3816 Proverbiis
1339 3760 1537 3830 legitur
1567 3778 1580 3813 :
1619 3779 1637 3810 ί
1673 3759 1953 3828 Sapientia

363 3867 448 3911 est
475 3856 588 3910 viro
615 3854 922 3924 prudentia,
951 3868 1072 3922 qua:
1100 3861 1282 3906 tamen
1324 3868 1429 3905 non
1457 3860 1540 3906 est
1570 3850 1753 3905 multis
1780 3851 1955 3904 mani-

363 3948 501 4002 festa
531 3988 545 4012 ,
580 3947 704 4016 quia
738 3945 867 4001 solis
906 3945 1242 4000 amatoribus
1280 3944 1393 3999 suis
1427 3945 1481 3999 in
1516 3945 1601 3998 via
1637 3958 1694 3998 se
1720 3941 1956 3997 ostendit

364 4037 611 4092 hilariter
653 4037 834 4108 (Prov.
867 4037 959 4108 χ).
996 4057 1015 4089 ι
1052 4035 1156 4104 Qui
1183 4046 1364 4091 autem
1397 4044 1751 4090 contemnunt
1777 4034 1950 4100 illam,

359 4136 522 4184 erunt
550 4129 835 4199 ignobiles.
878 4129 1085 4197 Quibus
1129 4139 1308 4185 autem
1343 4129 1527 4199 agnita
1573 4137 1677 4194 est,
1719 4129 1824 4183 hoc
1846 4137 1950 4194 est,

364 4220 456 4287 qui
481 4234 603 4274 eam
632 4227 780 4274 recta
807 4218 912 4273 tide
943 4234 1008 4272 ac
1032 4219 1191 4274 bonis
1212 4221 1467 4290 cperibus
1489 4228 1725 4283 servant,
1758 4221 1954 4290 perdu-

365 4310 442 4364 cit
489 4309 610 4364 illos
673 4311 739 4365 ad
779 4309 1294 4380 contemplationem
1348 4311 1534 4382 glorim
1599 4311 1714 4366 Dei.
1748 4329 1766 4362 ι
1800 4311 1952 4366 Beati

363 4402 564 4457 mundo
591 4402 774 4468 corde,
803 4403 1058 4472 quoniam
1092 4404 1193 4473 ipsi
1224 4404 1393 4458 Deum
1420 4405 1698 4459 videbunt.
1732 4424 1750 4456 ι

439 4513 458 4545 ι
492 4494 651 4559 Audi,
680 4493 775 4559 liii,
807 4503 864 4549 et
889 4495 1072 4563 accipe
1102 4496 1387 4550 consilium
1427 4495 1754 4560 intellectus,
1790 4504 1846 4550 et
1883 4512 1951 4551 ne

367 4607 384 4638 ι
417 4586 641 4655 abjicias
679 4587 962 4642 consilium
1009 4603 1208 4641 meum.
1259 4586 1422 4655 lnjice
1459 4587 1652 4656 pedem
1704 4597 1854 4641 tuum
1896 4589 1950 4642 in

366 4697 385 4728 ‹
423 4680 708 4747 compedes
736 4677 899 4740 illius,
939 4686 993 4731 et
1034 4679 1089 4730 in
1120 4686 1342 4746 torques
1387 4677 1502 4746 ejus
1535 4687 1684 4731 tuum
1715 4678 1946 4743 collum;

367 4790 385 4820 ι
420 4769 625 4836 subjice
654 4769 938 4824 humerum
971 4777 1120 4822 tuum
1161 4775 1216 4823 et
1250 4776 1404 4837 porta
1437 4767 1583 4820 illam
1606 4808 1620 4831 ,
1657 4776 1712 4822 et
1740 4783 1807 4822 ne
1830 4783 1950 4822 ace-

367 4879 384 4909 ‹
418 4859 584 4937 dieris
689 4861 919 4916 vinculis
952 4861 1090 4932 ejus.
1131 4881 1148 4912 ι
1187 4860 1353 4915 Docet
1393 4860 1656 4930 sapientia
1697 4861 1954 4930 quemad-

365 4951 580 5004 modum
625 4953 815 5024 subjici
861 4960 1110 5021 oporteat
1160 4952 1265 5022 legi
1302 4952 1512 5016 divinw,
1572 4953 1696 5021 quia
1740 4953 1828 5021 qui
1876 4952 1950 5006 illi

361 5041 646 5103 consentit,
680 5044 1027 5112 semetipsum
1057 5044 1112 5097 in
1141 5051 1405 5097 mternum
1439 5045 1800 5099 conservabit.
1831 5045 1952 5116 lnji-

362 5129 439 5184 cit
467 5143 597 5198 ergo
619 5129 812 5198 pedem
851 5145 1008 5184 suum
1047 5131 1102 5184 in
1142 5131 1428 5200 compedes
1470 5131 1643 5196 illius,
1693 5134 1784 5203 qui
1819 5148 1946 5203 pro-

362 5231 608 5292 gressum
637 5221 763 5275 vita:
791 5233 900 5279 sure
934 5222 1108 5279 munit
1143 5223 1427 5293 prmeeptis
1467 5223 1627 5279 illius.
1671 5223 1810 5277 ludit
1839 5223 1950 5277 col-

362 5312 474 5366 lum
508 5327 663 5367 suum
693 5313 746 5367 in
776 5321 1021 5383 torquem
1059 5313 1174 5383 ejus
1199 5355 1212 5380 ,
1251 5316 1343 5385 qui
1381 5325 1642 5387 temperat
1673 5332 1950 5372 sermones

361 5417 490 5458 suos
530 5403 825 5458 secundum
875 5404 1114 5475 regulam
1152 5406 1337 5476 ipsius.
1387 5406 1618 5476 Subjicit
1654 5407 1729 5461 illi
1760 5407 1949 5463 Imme—

363 5509 483 5548 rum
505 5509 660 5550 suum
685 5496 753 5550 ad
781 5497 1129 5566 portandum,
1168 5499 1259 5568 qui
1290 5507 1442 5553 actus
1474 5514 1600 5554 suos
1629 5500 1807 5553 subdit.
1837 5513 1948 5561 ma-

365 5585 586 5655 gisterio
615 5587 778 5658 illius,
815 5595 870 5642 et
898 5587 1081 5657 implet
1108 5603 1271 5659 opere
1295 5588 1437 5657 quod
1461 5587 1632 5656 jubet,
1660 5598 1713 5643 et
1736 5605 1801 5641 ne
1826 5589 1948 5656 quis

369 5677 588 5734 tardiose
622 5689 678 5735 et
697 5681 938 5750 graviter
964 5682 1082 5752 ejus
1109 5682 1410 5738 doctrinam
1442 5681 1692 5750 accipiat,
1723 5679 1944 5750 subjun-

369 5768 468 5840 git,
501 5771 683 5827 dicens
714 5792 728 5826 :

2058 3301 2231 3355 solum
2263 3317 2449 3356 verum
2487 3303 2676 3365 Deum,
2721 3313 2777 3357 ct
2817 3319 2977 3371 quem
3025 3305 3216 3358 misisti
3266 3305 3452 3360 Jesum
3492 3307 3640 3362 Chri—

2057 3400 2198 3445 stum
2227 3391 2410 3462 (Joan.
2443 3393 2598 3464 xvn).
2633 3412 2650 3443 ι
2689 3393 2756 3446 Et
2782 3393 2952 3448 item:
2988 3413 3005 3444 ι
3043 3393 3208 3448 Pater
3230 3435 3246 3458 ,
3280 3396 3477 3465 inquit,
3519 3412 3643 3466 quos

2057 3481 2253 3535 dedisti
2276 3481 2428 3546 mihi,
2465 3490 2594 3547 ctc.,
2628 3483 2756 3552 quia
2780 3483 3016 3538 dilexisti
3043 3500 3128 3541 mc
3156 3495 3283 3542 ante
3311 3488 3644 3542 constitutio-

2060 3587 2182 3626 nem
2205 3574 2389 3627 mundi
2421 3572 2632 3645 (Ibid.).
2676 3596 2693 3626 ι

2682 3704 2908 3762 CAPUT
2943 3705 3033 3761 IV.

2060 3813 2325 3870 Promittit
2345 3816 2615 3886 Sapientia
2638 3818 2974 3889 diligentibus
2996 3834 3050 3873 se
3070 3821 3290 3890 pra'mia
3315 3824 3644 3878 wlernitatis.

2133 3971 2150 4003 ‹
2192 3951 2312 4016 Fili,
2338 3953 2381 4007 si
2411 3953 2710 4009 attenderis
2743 3955 2894 4020 mihi,
2933 3955 3148 4021 disces;
3182 3966 3236 4011 et
3266 3957 3310 4013 si
3339 3974 3643 4014 accommo-

2064 4062 2082 4093 ι
2120 4044 2334 4099 daveris
2370 4045 2604 4098 animam
2643 4053 2788 4098 tuam
2810 4086 2824 4107 ,
2857 4045 3070 4116 sapiens
3095 4047 3246 4111 eris;
3275 4047 3320 4101 si
3350 4048 3643 4105 inclinave-

2063 4155 2081 4185 ι
2122 4136 2195 4190 ris
2223 4151 2408 4191 aurem
2435 4143 2604 4202 tuam,
2636 4137 2872 4206 excipies
2901 4137 3202 4192 doctrinam
3228 4155 3243 4204 ;
3291 4148 3346 4194 et
3375 4141 3420 4195 si
3451 4142 3645 4196 dilexe-

2063 4248 2080 4277 ‹
2110 4227 2185 4281 ris
2213 4228 2417 4290 audire,
2445 4229 2663 4298 sapiens
2689 4230 2849 4282 eris.»
2880 4228 3146 4285 Admonet
3171 4231 3449 4301 Sapientia
3479 4235 3643 4288 virum

2055 4318 2478 4373 ecclesiasticum
2524 4318 2707 4390 (quem
2745 4321 2961 4377 nomine
2993 4322 3087 4376 ﬁlii
3119 4326 3416 4395 nuncupat)
3451 4336 3512 4380 ut
3542 4343 3646 4382 me-

2058 4408 2306 4462 ditationi
2355 4409 2549 4464 divinzc
2585 4411 2718 4480 legis
2743 4425 2811 4486 ex
2851 4412 2996 4466 omni
3029 4423 3185 4481 parte
3211 4430 3270 4468 sc
3299 4416 3556 4484 applicet.
3591 4423 3644 4470 et

2056 4499 2290 4568 primum
2335 4501 2583 4554 hortatur
2624 4509 2683 4554 ut
2721 4501 2931 4566 discat;
2980 4502 3173 4557 deinde
3211 4513 3267 4557 ut
3295 4505 3538 4559 animam
3583 4510 3645 4558 ad

2057 4592 2157 4644 hoc
2180 4591 2587 4646 accommodet:
2618 4598 2806 4661 postea
2849 4601 2909 4646 ut
2945 4607 3130 4648 aurem
3167 4595 3348 4650 cordis
3388 4596 3639 4657 inclinet;

2054 4692 2183 4736 tunc
2229 4690 2288 4736 ut
2336 4681 2670 4752 diligentiam
2713 4683 2963 4738 audiendi
3003 4685 3258 4740 adhibeat
3289 4703 3302 4739 :
3335 4687 3528 4756 sicque
3559 4704 3642 4742 sa-

2054 4771 2291 4840 pientem
2335 4786 2458 4824 eum
2501 4772 2726 4841 spondet
2766 4785 2886 4827 esse
2930 4770 3210 4840 futurum;
3258 4776 3387 4844 quia
3427 4791 3645 4831 necesse

2055 4869 2137 4916 est
2166 4871 2225 4915 ut
2251 4861 2342 4930 qui
2379 4873 2522 4915 vera:
2557 4862 2834 4932 sapientiae
2875 4879 2996 4931 qua:
3034 4872 3120 4918 est
3156 4863 3429 4928 Christus,
3476 4867 3647 4937 perfe-

2057 4963 2200 5008 ctam
2224 4955 2550 5025 agnitionem
2581 4956 2857 5025 perciperc
2888 4956 3179 5020 desiderat,
3215 4957 3451 5027 primum
3481 4959 3645 5029 magi-

2057 5059 2294 5102 strorum
2320 5047 2717 5102 catholicorum
2744 5061 2802 5102 se
2833 5048 3109 5103 humiliter
3137 5049 3332 5104 subdat
3358 5051 3640 5112 doctrinis,

2057 5137 2245 5206 sicque
2293 5151 2483 5191 omnes
2522 5135 2747 5192 affectus
2789 5137 2984 5192 anima:
3023 5154 3134 5193 suae
3167 5153 3358 5193 eorum
3399 5140 3643 5209 subjiciat

2055 5230 2386 5299 disciplinis;
2419 5231 2615 5286 dehinc
2664 5238 2726 5286 ut
2773 5231 3132 5288 intentionem
3178 5234 3363 5293 cordis
3404 5235 3473 5289 ab
3498 5234 3639 5289 omni

2055 5321 2322 5378 desiderio
2343 5337 2512 5392 pravo
2536 5331 2804 5385 avertens,
2847 5323 2915 5378 ad
2941 5324 3264 5379 audiendum
3301 5327 3528 5383 verbum
3552 5325 3640 5379 Dei

2056 5413 2340 5484 diligenter
2368 5415 2661 5480 adhibeat,
2701 5414 2890 5485 sicque
2913 5424 3102 5471 caveat
3132 5425 3190 5471 ut
3220 5418 3394 5487 ipsam
3425 5418 3640 5472 medita-

2055 5505 2256 5560 tionem
2280 5505 2415 5576 legis
2441 5504 2534 5561 Dei
2558 5520 2665 5560 non
2688 5513 2907 5576 propter
2935 5507 3281 5563 ambitionem
3308 5518 3636 5563 terrenarum

2055 5609 2234 5649 rerum
2253 5635 2267 5660 ,
2298 5595 2385 5650 vel
2411 5595 2584 5650 laudis
2610 5595 2858 5650 humanm
2875 5636 2889 5660 ,
2937 5597 3032 5652 sed
3059 5596 3401 5654 solummodo
3425 5606 3636 5669 propter

2056 5685 2222 5754 ipsius
2271 5687 2396 5739 boni
2451 5685 2768 5755 appetitum,
2826 5694 2996 5740 totum
3045 5689 3283 5743 studium
3335 5687 3630 5759 impendat.

2056 5776 2240 5844 sicque
2269 5778 2534 5832 veraciter
2569 5776 2738 5844 ipsius
2763 5791 2904 5830 vene
2930 5778 3210 5848 sapientiae
3251 5778 3339 5834 ille.
3383 5775 3629 5850 percipiet
