3928 6182
279 264 377 319 861

1160 258 1515 317 ΟΟΜΜΕΝΤ.
1557 261 1624 317 lN
1663 262 2272 321 ECCLESIASTICUM.
2328 299 2384 308 —~
2424 267 2550 324 LIB.
2595 269 2656 324 ll.

3453 279 3562 335 802

278 384 516 432 tractum
541 393 556 441 ;
586 380 642 429 et
676 389 746 429 ne
779 375 903 442 quis
926 374 1146 445 proprio
1181 372 1353 429 fidens
1389 374 1626 444 ingenio,
1665 375 1871 446 absque
1898 381 1945 440 Α
1975 378 2091 432 rius
2117 379 2261 435 enim
2288 397 2547 437 numerus
2573 384 2626 438 in
2655 382 2971 453 Scriptor-is,
3001 385 3291 457 aliquando
3312 389 3363 444 in
3396 391 3559 457 bono,

277 467 663 537 magistrorum
717 463 1011 518 traditione
1051 463 1392 533 Scripturam
1441 479 1657 521 sacram
1700 474 1872 523 tentet

277 558 530 622 scrutari,
563 556 841 628 subiungit
868 556 1081 612 dicens:

349 668 369 699 ι
400 648 458 702 In
481 645 829 702 multitudine
844 645 1284 717 presbyterorum
1306 648 1655 717 prudentium
1673 656 1785 713 sta,
1814 657 1871 705 et

281 758 301 791 ε
333 738 619 808 sapientia:
641 736 858 793 illorum
889 751 956 792 ex
995 737 1158 792 corde
1186 736 1536 808 conjungere,
1567 746 1630 793 ut
1650 753 1866 794 omnem

282 849 300 879 ι
329 829 699 884 narrationem
730 828 826 883 Dei
850 829 1027 899 possis
1050 830 1237 886 audire
1255 871 1270 897 ,
1296 840 1349 886 et
1373 834 1661 901 proverbia
1691 833 1867 890 laudis

280 941 299 972 ι
336 936 443 975 non
476 919 738 991 el‘ugiant
774 935 802 974 a
837 928 910 974 te.
942 920 1058 975 Etsi
1084 921 1285 977 videris
1313 933 1591 979 sensatum
1616 964 1632 990 ,
1669 925 1863 996 evigila

280 1030 299 1062 ι
329 1013 400 1066 ad
452 1012 623 1076 illum,
678 1020 735 1066 et
772 1010 973 1082 gradus
1007 1013 1270 1068 ostiorum
1316 1014 1461 1070 illius
1513 1026 1725 1073 exterat
1756 1014 1865 1089 ‘pes

280 1122 299 1150 ι
337 1111 484 1156 tuus.
535 1120 555 1154 ι
605 1100 779 1168 Quam
820 1101 1184 1170 periculosum
1229 1105 1301 1159 sit
1342 1106 1578 1176 propria:
1623 1108 1864 1164 scientiae

274 1190 456 1255 inniti,
493 1198 557 1245 et
573 1189 1003 1245 orthodoxorum
1025 1191 1304 1247 doctorum
1332 1195 1651 1251 traditiones
1686 1197 1865 1267 despi-

272 1298 418 1347 cere,
447 1280 775 1352 multiplices
798 1280 1180 1341 hereticorum
1203 1285 1444 1341 indicant
1479 1301 1641 1342 casus
1682 1305 1696 1341 :
1727 1304 1862 1358 quos

270 1363 543 1442 εὔρει-ἰήιε
569 1387 682 1429 sate
710 1372 886 1428 fastus
910 1373 1145 1429 maxime
1182 1374 1584 1446 supplantavit,
1627 1393 1694 1434 eo
1717 1381 1860 1449 quod

269 1480 399 1519 suas
419 1473 599 1521 sectas
620 1455 883 1520 doctrinis
900 1473 1207 1521 sanctorum
1232 1467 1450 1522 Patrum
1474 1469 1856 1539 pmferebant.

272 1554 427 1610 Unde
470 1554 533 1608 in
569 1553 879 1609 Proverbiis
920 1553 1193 1625 Sapientia
1234 1558 1333 1612 hos
1367 1560 1735 1628 reprehendit,
1777 1562 1860 1616 di-

267 1660 442 1703 cens:
469 1665 489 1699 ι
525 1644 972 1714 Quirelinquunt
991 1646 1097 1701 iter
1116 1655 1343 1713 rectum,
1373 1658 1427 1703 et
1455 1649 1735 1706 ambulant
1758 1667 1859 1722 per

1974 468 2265 539 aliquando
2291 472 2345 525 in
2374 472 2514 527 malo
2543 473 2929 542 plenitudinem
2967 476 3041 529 rei
3083 478 3373 548 signiﬁcat.
3406 479 3563 536 Unde

1971 567 2029 613 et
2068 574 2167 629 per
2205 560 2421 627 lsaiam,
2473 562 2750 632 plenitudo
2804 564 3108 620 divinorum
3164 569 3560 625 charismatum

1971 650 2027 703 in
2050 649 2184 705 ilore
2209 653 2406 708 radicis
2433 652 2584 709 Jesse
2619 655 2953 725 septemplici
2984 656 3175 725 spiritu
3212 661 3563 730 requiescere

1970 740 2295 796 describitur
2334 743 2469 815 (Ira.
2510 743 2622 816 x1).
2654 742 2720 798 Et
2748 745 2799 798 in
2838 745 3128 814 Evangelia
3154 748 3265 817 ipse
3296 748 3559 805 Dominus

1968 831 2100 886 dicit
2129 832 2421 903 malignum
2450 834 2697 904 spiritum
2722 835 2774 889 in
2802 836 3022 890 domum
3046 846 3326 892 vacantem
3350 849 3554 909 septem

1966 918 2190 990 spiritus
2210 921 2498 991 nequiores
2526 937 2585 978 se
2609 939 2793 979 secum
2815 925 3177 1000 introducere,
3203 943 3269 982 ex
3292 943 3397 998 quo
3423 930 3557 986 flant

1967 1011 2260 1065 novissima
2286 1013 2520 1068 hominis
2562 1013 2703 1069 illius
2739 1015 2920 1085 pejora
2959 1016 3232 1085 prioribus
3258 1018 3408 1091 (Luc.
3431 1037 3484 1075 χι
3508 1020 3551 1093 ).

1965 1099 2034 1155 Et
2058 1116 2129 1156 ne
2147 1104 2269 1172 quis
2293 1113 2720 1174 prmsumptuose
2757 1116 2971 1177 appetat
3003 1108 3264 1165 honorem
3299 1112 3555 1167 ecclesia-

1964 1191 2114 1247 stica:
2139 1192 2434 1264 dignitatis,
2480 1197 2635 1264 quasi
2679 1198 2896 1267 dignum
2947 1215 3005 1253 se
3044 1202 3321 1257 aestimans
3362 1205 3555 1259 ordine

1964 1284 2340 1354 magisteriali,
2369 1288 2618 1356 protinus
2641 1288 2913 1362 subjungit

2041 1393 2061 1425 ι
2091 1374 2206 1430 Noli
2230 1391 2473 1446 quau-ere
2503 1379 2572 1434 ab
2609 1381 2828 1436 homine
2854 1383 3141 1450 ducatum,
3173 1400 3349 1456 neque
3369 1403 3398 1442 a
3428 1404 3554 1460 rege

1968 1485 1990 1519 ε
2022 1469 2336 1523 cathedram
2388 1469 2630 1525 honoris.
2665 1490 2685 1523 ι
2746 1472 2986 1528 Ambitio
3031 1475 3174 1529 enim
3222 1477 3553 1547 prtelationis

1961 1575 2303 1630 nequaquam
2336 1570 2517 1616 servat
2559 1574 2805 1619 tenorem
2834 1581 2976 1620 verm
3007 1566 3331 1624 humilitatis
3361 1587 3373 1623 :
3408 1571 3552 1626 unde

1962 1666 2062 1706 nec
2090 1666 2227 1721 opus
2250 1660 2429 1729 potest
2459 1667 2715 1710 exercere
2747 1653 2877 1723 justi
2906 1658 3203 1729 regiminis,
3230 1661 3354 1730 quia
3383 1662 3550 1717 semi-

265 1738 385 1794 vias
436 1736 779 1801 tenebrosas,
832 1735 1087 1791 laetantur
1136 1752 1260 1792 cum
1312 1739 1457 1795 male
1498 1740 1755 1806 fecerint,
1806 1750 1862 1798 et
1888 1738 1936 1799 Β
1964 1751 2075 1799 tam
2116 1744 2320 1799 habere
2367 1744 2606 1815 neglexit
2644 1760 2784 1801 verae
2829 1747 3083 1817 pietatis;
3119 1749 3247 1805 hinc
3279 1760 3363 1806 cst
3405 1751 3550 1822 quod

265 1825 547 1882 exsultant
573 1825 631 1880 in
661 1824 825 1879 rebus
847 1824 1103 1894 pessimis
1144 1844 1158 1879 :
1184 1841 1411 1895 quorum
1442 1828 1545 1883 vim
1590 1844 1857 1899 perversae

263 1930 321 1976 et
356 1919 591 1974 infames
632 1929 855 1988 gressus
894 1930 1083 1971 eorum
1125 1914 1321 1988 (Prov.
1353 1917 1451 1990 ιι).
1504 1937 1525 1971 ι
1560 1919 1700 1987 Quid
1729 1936 1856 1977 vero

264 2011 544 2084 agendum
576 2007 680 2072 sit,
724 2008 844 2077 ipsa
888 2007 1148 2079 magistra
1175 2007 1411 2065 fidelium
1433 2020 1557 2081 post
1580 2012 1856 2082 aliquanto

266 2103 531 2169 ostendit,
554 2102 742 2159 dicens
767 2120 779 2155 :
815 2121 834 2154 ι
866 2101 1015 2158 Habe
1037 2103 1288 2161 fiduciam
1317 2108 1371 2161 in
1397 2107 1623 2163 Domino
1646 2124 1714 2164 ex
1742 2118 1856 2166 toto

269 2194 437 2250 corde
459 2201 574 2259 tuo,
603 2201 660 2247 et
684 2206 755 2248 ne
778 2193 1031 2249 innitaris
1055 2194 1353 2265 prudentiae
1375 2205 1500 2252 tuae.
1523 2198 1581 2252 ln
1604 2200 1853 2255 omnibus

260 2286 366 2340 viis
390 2286 502 2340 tuis
528 2284 704 2356 rogita
730 2284 901 2350 illum,
927 2295 983 2342 et
1004 2286 1120 2357 ipse
1142 2288 1337 2360 diriget
1362 2305 1580 2362 gressus
1606 2299 1745 2347 tuos.
1776 2291 1855 2347 Ne

259 2377 337 2432 sis
365 2377 586 2446 sapiens
616 2379 758 2448 apud
788 2377 1130 2447 temetipsum
1156 2395 1171 2446 ;
1213 2379 1344 2434 time
1371 2382 1658 2436 Dominum
1688 2391 1743 2437 et
1772 2397 1856 2436 re-

259 2471 391 2524 cezlc
414 2486 446 2524 a
474 2469 635 2524 malo.
665 2469 970 2541 Cogitatum
1004 2479 1153 2524 tuum
1181 2471 1320 2526 habe
1343 2472 1395 2526 in
1420 2473 1708 2543 prteccptis
1730 2474 1857 2539 Dei,

256 2569 312 2615 et
341 2560 399 2614 in
433 2560 710 2615 mandatis
738 2559 883 2615 illius
913 2560 1149 2615 maxime
1186 2560 1434 2617 assiduus
1460 2573 1583 2618 esto
1608 2581 1622 2629 ;
1653 2574 1708 2618 ct
1738 2565 1853 2634 ipse

257 2649 407 2704 dabit
431 2664 532 2705 cor
567 2649 663 2704 tibi
686 2690 703 2715 ,
749 2659 805 2705 et
849 2650 1285 2721 concupiscentia
1329 2653 1611 2722 sapientia:
1635 2654 1853 2709 dabitur

257 2738 356 2794 tibi
384 2738 578 2810 (Ibid.,
608 2739 716 2809 nt).
748 2759 768 2792 ι
800 2739 991 2796 Merito
1011 2740 1086 2796 illi
1114 2740 1334 2797 dabitur
1360 2743 1541 2798 cordis
1566 2759 1736 2814 purus
1765 2744 1849 2798 in-

256 2829 525 2896 tellectus,
574 2837 632 2886 et
673 2830 954 2900 sapientia:
992 2830 1191 2887 divina:
1232 2846 1390 2887 amor
1435 2833 1846 2899 saluberrimus,

254 2921 344 2988 qui
373 2920 735 2991 cogitationes
775 2937 904 2977 suas
939 2930 1209 2994 temperat
1246 2925 1540 2980 secundum
1575 2936 1845 2998 praecepta

250 3010 543 3079 Altissimi,
570 3020 625 3066 et
648 3027 715 3069 ea
735 3013 1028 3069 meditatur
1044 3012 1282 3081 assidue,
1296 3029 1418 3085 qua:
1439 3015 1574 3087 legis
1594 3016 1688 3072 Dei
1718 3033 1849 3080 cou-

251 3104 485 3161 eordant
502 3104 799 3172 docti-inte;
826 3106 1052 3178 ipsaque
1077 3122 1242 3178 opere
1261 3084 1444 3164 studet
1459 3084 1703 3181 implere,
1725 3124 1847 3181 qua:
1873 3084 1920 3147 ε
1951 3107 2075 3163 Νοη
2104 3107 2287 3163 debere
2311 3123 2366 3162 re
2392 3105 2656 3200 hominem
2691 3088 3136 3200 instigent-ﬂante
3173 3104 3339 3160 Deum
3361 3115 3409 3160 et
3436 3122 3541 3161 non
3660 3194 3665 3200 ἡ

252 3196 404 3251 novit
439 3211 545 3255 suo.
565 3197 832 3255 conditori
860 3197 1173 3253 omnimodo
1199 3197 1433 3269 placere.

887 3302 1116 3362 CAPUT
1152 3306 1216 3362 ν.

249 3393 525 3479 Sapientia
550 3395 782 3466 loquitur
800 3414 832 3451 α
861 3397 1049 3479 quibus
1075 3396 1264 3479 gnatis,
1305 3407 1353 3453 et
1371 3401 1597 3479 git-antis
1634 3417 1729 3479 nos
1751 3417 1843 3456 cu—

343 3466 669 3533 stodiamus,
694 3484 797 3522 non
827 3466 1019 3522 nostris
1043 3468 1260 3535 uiribus,
1292 3470 1383 3524 sed
1398 3466 1525 3540 ejus
1547 3472 1770 3525 auxilio.

321 3557 474 3627 (Car.
506 3558 639 3627 vn.)
672 3577 691 3611 ι
724 3557 847 3614 Noli
881 3557 1061 3614 facere
1109 3559 1274 3626 mala,
1312 3569 1369 3616 et
1396 3575 1505 3615 non
1559 3570 1615 3617 te
1653 3576 1848 3633 appre-

255 3665 273 3696 σ
303 3647 562 3703 hendent.
595 3648 822 3705 Diswde
847 3648 918 3703 ab
948 3649 1157 3719 iniquo,
1187 3658 1244 3704 et
1284 3649 1539 3706 deficient
1569 3653 1710 3707 mala
1748 3654 1844 3709 abs

256 3755 274 3786 ι
312 3744 385 3791 te.
427 3756 445 3788 ι
470 3735 772 3807 Dupliciter
791 3738 907 3795 haec
931 3742 1202 3797 sententia
1237 3741 1463 3813 intelligi
1488 3751 1667 3809 potest
1695 3762 1707 3798 :
1742 3746 1846 3800 hoc

248 3835 351 3890 est,
398 3835 457 3882 et
504 3828 834 3898 generaliter
883 3831 1173 3900 prohibere
1212 3832 1455 3887 omnium
1498 3843 1867 3902 peccatorum-

249 3917 547 3981 actionem,
569 3933 668 3988 pro
696 3935 803 3990 qua
825 3935 989 3991 parua
1016 3922 1256 3978 solvetur
1295 3929 1589 3993 perpetua,
1630 3932 1689 3978 et
1719 3939 1843 3994 spe-

250 4009 465 4065 cialiter
509 4010 889 4068 bazrcticorum
926 4014 1288 4084 perniciosam
1329 4015 1680 4081 societatem,
1723 4032 1872 4086 quin:

248 4098 534 4171 Scriptura
573 4109 744 4166 teste,
792 4102 1016 4173 reliquit
1051 4105 1244 4161 ducem
1274 4106 1593 4175 pubertatis.
1614 4121 1755 4171 sum,
1787 4116 1845 4163 et

245 4192 392 4263 pacti
425 4191 519 4247 Dei
549 4193 634 4248 sui
665 4192 833 4249 oblita
863 4202 966 4250 est.
990 4194 1355 4263 Quamobrem
1383 4197 1753 4254 inclinataest
1775 4200 1869 4255 adt

248 4289 480 4338 mortem
522 4281 718 4339 domus
759 4282 896 4354 ejus,
938 4293 994 4341 ct
1037 4287 1106 4342 ad
1153 4286 1360 4344 inferos
1404 4291 1598 4345 semita
1630 4291 1867 4361 ipsius?

244 4388 546 4443 cautesque
564 4374 657 4444 qui
680 4374 1058 4445 ingrediuntur
1085 4377 1301 4433 adeam
1325 4394 1434 4435 non
1460 4390 1805 4437 revertentur
1822 4424 1837 4450 ,

1958 1838 2075 1908 ipsa
2106 1838 2321 1894 Veritas
2358 1839 2412 1894 in
2441 1838 2732 1912 Evangelio
2758 1840 3047 1896 elationem
3085 1842 3355 1898 carnalem
3383 1843 3550 1899 disci-

1954 1929 2206 2000 pulcrum
2249 1945 2470 1986 suorum
2512 1931 2581 1986 dc
2620 1931 2855 2000 primatu
2896 1933 3335 1987 contendentium
3371 1935 3549 1990 edicto

1955 2021 2158 2076 salubri
2183 2022 2524 2092 compressit,
2558 2020 2745 2076 dicens
2785 2039 2798 2075 :
2839 2041 2858 2072 ι
2889 2020 3062 2092 Reges
3094 2022 3331 2093 gentium
3372 2023 3545 2078 domi-

1954 2122 2155 2168 nantur
2183 2129 2369 2169 eorum
2390 2155 2404 2180 ,
2437 2122 2493 2168 et
2518 2113 2610 2182 qui
2639 2120 2964 2183 potestatem
3008 2112 3210 2168 habent
3236 2130 3399 2185 super
3428 2130 3544 2179 eos,

1952 2202 2181 2258 benefici
2205 2210 2487 2257 vocantur.
2523 2203 2633 2257 Vos
2668 2210 2848 2256 autem
2887 2216 2994 2255 non
3021 2201 3139 2266 sic;
3174 2202 3269 2257 sed
3307 2204 3397 2273 qui
3430 2219 3548 2257 ma-

1945 2290 2037 2360 jor
2059 2303 2143 2348 est
2173 2294 2227 2347 in
2265 2294 2441 2357 vobis,
2482 2291 2577 2347 flat
2604 2292 2745 2347 sicut
2765 2291 2987 2363 iunior;
3031 2298 3085 2346 et
3121 2293 3212 2363 qui
3245 2307 3546 2362 prmcessor

1951 2390 2055 2449 est,
2107 2383 2247 2437 sicut
2292 2382 2630 2437 ministrator
2673 2380 2824 2454 (Luc.
2855 2379 3014 2455 xxrt).
3052 2400 3070 2435 ι
3119 2381 3295 2448 Unde,
3353 2392 3408 2438 ct
3448 2384 3543 2438 .Ia-

1952 2474 2122 2529 cubus
2143 2472 2218 2527 ait
2249 2492 2261 2527 :
2296 2493 2315 2525 ι
2348 2472 2525 2528 Nolite
2552 2471 2733 2541 plures
2761 2472 3004 2543 magistri
3032 2471 3169 2538 ﬁeri,
3193 2472 3391 2528 fratres
3413 2473 3543 2538 mei,

1952 2563 2186 2618 scientes
2198 2563 2451 2633 quoniam
2468 2561 2644 2632 majus
2662 2560 2926 2631 judicium
2941 2562 3155 2617 sumitis
3173 2560 3379 2634 (Iacob.
3399 2561 3502 2634 tu).
3519 2582 3537 2614 ι

1950 2652 2028 2708 De
2051 2656 2158 2722 quo
2190 2660 2241 2708 et
2270 2661 2455 2723 pastor
2482 2652 2737 2707 Ecclesia:
2771 2653 2967 2718 docet,
2997 2651 3188 2707 dicens
3235 2671 3246 2705 :
3292 2668 3313 2702 ε
3344 2651 3546 2707 Omnes

1950 2750 2131 2797 autem
2159 2743 2388 2797 invicem
2416 2741 2776 2796 humilitatem
2801 2741 3098 2807 insinuate,
3128 2742 3262 2811 quia
3286 2741 3433 2796 Deus
3459 2758 3545 2797 su-

1948 2833 2132 2904 perbis
2158 2832 2380 2898 resistit,
2406 2832 2700 2888 humilibus
2725 2839 2908 2887 autem
2930 2833 3022 2887 dat
3049 2832 3279 2904 gratiam
3318 2830 3375 2903 (I
3395 2829 3539 2887 Patr.

1947 2939 1983 2979 ν
2008 2940 2023 2991 ;
2050 2921 2173 2977 Jac.
2207 2922 2305 2995 tv).
2345 2941 2363 2974 ι

2561 3014 2791 3091 CAPUT
2832 3013 2919 3070 Vl.

2369 3194 2425 3232 se
2455 3176 2620 3230 rideri
2644 3176 2777 3231 velle
2806 3176 3112 3247 sapientem.

2026 3309 2045 3342 ι
2081 3289 2199 3345 Non
2236 3299 2288 3344 te
2333 3287 2601 3360 justilices
2658 3294 2784 3341 ante
2843 3286 3134 3342 Dominum
3187 3305 3200 3339 :
3240 3286 3433 3342 melius
3459 3296 3553 3341 est

1952 3400 1972 3433 ι
2012 3380 2287 3437 humiliari
2335 3392 2497 3449 quam
2540 3376 2759 3443 extolli;
2794 3375 3049 3445 quoniam
3094 3375 3311 3456 ag-uitor
3357 3375 3539 3431 cordis

1952 3490 1970 3522 ‹
2007 3471 2124 3542 ipse
2149 3480 2233 3526 est
2251 3489 2265 3524 :
2281 3480 2335 3525 ct
2353 3462 2521 3539 penes
2543 3482 2725 3539 regem
2753 3466 2867 3524 noli
2887 3466 3026 3522 velle
3051 3466 3223 3521 videri
3252 3466 3489 3536 sapiens.
3518 3487 3536 3517 ι

1945 3551 2100 3615 Nulla
2131 3558 2480 3630 prmsumptio
2527 3556 2890 3628 perniciosior
2928 3564 3013 3612 est
3036 3595 3051 3621 ,
3081 3568 3244 3625 quam
3296 3556 3367 3610 de
3416 3570 3542 3626 pro-

1943 3654 2063 3723 pria
2086 3652 2302 3723 iustitia
2340 3658 2434 3705 ωτι
2458 3650 2687 3706 scientia
2726 3662 3053 3718 quemquam
3086 3647 3360 3702 confidere
3385 3687 3399 3711 ,
3453 3646 3540 3701 di-

1945 3750 2102 3797 cente
2146 3731 2425 3811 Scriptura
2465 3755 2480 3792 :
2517 3758 2537 3790 (
2572 3739 2689 3793 Non
2719 3746 2805 3793 est
2832 3739 2997 3792 homo
3022 3751 3185 3807 super
3216 3745 3417 3791 terram
3445 3730 3546 3805 qui

1946 3829 2110 3884 faciat
2135 3830 2359 3893 bonum,
2385 3822 2449 3881 et
2479 3842 2603 3882 non.
2631 3835 2821 3896 peccet
2869 3824 3041 3898 (Paul.
3090 3824 3234 3896 xm).
3268 3844 3287 3876 ι
3322 3824 3392 3879 Et
3441 3825 3543 3878 itc-

1943 3935 2112 3974 rum-:
2145 3937 2167 3969 ε
2195 3919 2378 3982 Astra,
2403 3917 2605 3987 inquit,
2635 3931 2741 3972 non
2780 3925 2908 3972 sunt
2935 3916 3210 3970 mundaiu
3244 3923 3537 3986 conspectu

1944 4010 2038 4066 Dei
2075 4006 2317 4079 :quanto
2344 4010 2519 4079 magis
2543 4009 2706 4063 homo
2738 4008 2995 4078 putredo,
3031 4016 3086 4064 et
3128 4007 3270 4063 illius
3298 4009 3538 4064 hominis

1944 4098 2343 4171 vermisulob.
2376 4114 2467 4165 xv,
2520 4099 2673 4171 xxv.)
2712 4119 2730 4150 ι
2777 4099 2842 4153 Et
2876 4099 2937 4153 in.
2956 4098 3305 4155 Proverbiis:
3345 4117 3365 4151 ι
3405 4099 3539 4168 Quis

1942 4191 2141 4265 potest,
2168 4194 2364 4264 inquit,
2380 4195 2590 4249 dicere:
2614 4194 2870 4250 Mundum
2899 4203 2984 4250 est
3006 4210 3104 4250 cor
3132 4210 3333 4261 meum,
3366 4211 3539 4266 purus

1944 4299 2067 4338 sum
2093 4299 2129 4337 at
2155 4282 2416 4353 peccato»?
2443 4281 2629 4355 (Prae.
2674 4283 2790 4356 xx.)
2829 4304 2848 4336 ι
2879 4284 2948 4339 Et
2970 4298 3183 4338 rursum
3214 4301 3228 4337 :
3265 4300 3293 4334 ι
3314 4282 3537 4348 Vidisti,

1943 4375 2042 4441 ait,
2064 4374 2337 4433 hominem
2363 4374 2661 4445 sapientem
2693 4374 2795 4430 sibi
2820 4373 3030 4428 videri?
3061 4373 3235 4444 magis
3263 4372 3364 4429 illo
3384 4387 3540 4444 spem

245 4480 348 4521 nec
371 4444 787 4537 apprehendent
812 4467 1037 4525 semitas
1060 4469 1215 4525 vitae.
1233 4470 1387 4526 Unde
1412 4486 1559 4528 nunc
1584 4444 1842 4530 admonet
1866 4444 1921 4504 D
1947 4464 2177 4521 habebit
2187 4464 2393 4521 stultus
2410 4463 2793 4537 (lbid.,,xxvt).
2827 4482 2846 4516 ι
2879 4464 2947 4518 Et
2966 4464 3025 4518 in
3044 4462 3337 4534 Evangelia
3356 4462 3538 4517 Domi-

242 4566 306 4612 ut
328 4556 583 4614 discedas
609 4556 680 4617 ab
714 4558 921 4629 iniquo,
959 4565 1017 4615 et
1048 4559 1305 4619 deﬁcient
1334 4561 1484 4617 mala.
1505 4563 1604 4624 abs
1629 4571 1703 4619 te.
1738 4563 1844 4618 Ne-

243 4664 339 4703 mo
374 4662 511 4717 ergo
534 4663 669 4711 cum
708 4648 803 4705 illa
835 4650 1198 4717 cohabitans,
1232 4666 1271 4706 a
1293 4651 1455 4708 sorde
1474 4655 1693 4710 erroris
1735 4654 1841 4709 im-
1880 4710 1886 4715 ,

243 4739 432 4795 munis
475 4755 598 4799 esse
645 4749 842 4810 potost.
879 4741 1047 4800 Unde.
1066 4740 1277 4798 Paulus
1308 4742 1631 4813 discipulum
1660 4744 1838 4809 docet,

240 4838 371 4899 post
397 4829 707 4893 secundam.
723 4838 783 4891 et
818 4830 1035 4887 tertiam
1058 4831 1498 4902 .increpationem
1523 4832 1843 4889 barreticm

241 4921 530 4977 hominem
584 4920 939 4983 devitandum
984 4919 1132 4997 (Tit.
1177 4936 1240 4979 nt
1261 4923 1283 4995 )
1308 4963 1324 4989 ,
1363 4924 1493 4993 quia
1539 4923 1846 4995 huiusmodi

238 5026 543 5083 pervorsus
582 5020 688 5068 est.
728 5010 807 5067 De
843 5026 953 5081 quo
988 5013 1331 5082 subsequens
1368 5016 1636 5075 sententia
1670 5017 1849 5074 adhuc

237 5117 352 5158 nos
375 5100 618 5165 instruit,
651 5099 995 5172 subjungens
1021 5114 1037 5153 :

326 5211 345 5240 ι
379 5188 503 5245 Non
546 5189 784 5247 seminus
828 5191 979 5255 mala
1019 5192 1077 5253 in
1107 5191 1276 5251 sulcis
1314 5192 1613 5264 injustitite,
1657 5204 1717 5250 et
1738 5210 1846 5251 non

242 5301 262 5333 ι
307 5289 484 5336 metes
507 5295 573 5337 ea
601 5281 654 5336 in
676 5280 1295 5352 septuplum.»Seminat
1320 5298 1452 5354 ergo
1471 5282 1611 5339 mala
1648 5284 1702 5339 in
1729 5286 1842 5340 sul-

239 5372 330 5427 cis
356 5367 785 5440 iniustitiae,‘qui
814 5371 877 5430 in.
903 5370 1089 5427 labore
1116 5386 1388 5442 perversa:
1415 5371 1675 5432 doctrinm
1708 5387 1842 5444 ope-

238 5459 429 5517 rando
451 5462 703 5532 exempla
725 5462 915 5520 inserit
940 5462 1221 5533 nequitia,
1245 5479 1479 5534 quorum
1500 5463 1845 5521 frucutsme-

236 5564 323 5610 tet
359 5555 420 5609 in
446 5554 771 5625 septuplum,
800 5557 1017 5628 quando
1042 5556 1094 5613 in
1118 5555 1227 5615 ﬁne
1232 5561 1531 5633 praesentis
1566 5558 1695 5612 vitae
1716 5572 1845 5628 per-

240 5644 457 5699 fectam
480 5643 747 5705 ultionem
766 5646 1027 5725 suscipiet
1047 5647 1104 5702 in
1129 5647 1253 5717 igne
1271 5649 1549 5718 gehennre.
1576 5645 1839 5715 Septena-

1949 4571 2052 4611 nus
2081 4570 2096 4610 :
2130 4573 2150 4607 ι
2185 4555 2398 4623 Omnis,
2430 4556 2633 4627 inquit,
2664 4556 2763 4625 qui
2789 4570 2849 4610 se
2872 4554 3096 4619 exaltat,
3126 4551 3538 4618 bunu'liabitur;

1948 4652 2007 4701 et
2026 4646 2120 4717 qui
2161 4661 2221 4702 se
2266 4645 2543 4711 humiliat,
2584 4644 2917 4703 excitabitur
2946 4642 3099 4717 (Luc.
3141 4658 3255 4708 xtv,
3291 4640 3469 4714 xvm).
3510 4661 3537 4693 ι

1949 4736 2087 4793 Hinc
2107 4745 2164 4794 et
2181 4737 2479 4799 Psalmistav
2498 4737 2615 4791 ait:
2649 4756 2669 4787 ι
2697 4735 2963 4803 Quoniam
2983 4734 3130 4789 Deus
3154 4732 3381 4803 dissipat
3408 4746 3544 4787 ossa

1949 4828 2377 4884 hominumsibi
2422 4826 2770 4898 placentium,
2803 4823 3012 4880 confusi
3037 4830 3184 4889 sunt,
3217 4821 3347 4891 quia
3393 4820 3542 4876 Deus

1950 4921 2274 4993 spreviteos
2312 4918 2486 4993 (Prol.
2518 4916 2639 4991 ut).
2679 4937 2698 4970 ι
2732 4918 2898 4988 Igitur
2941 4929 3112 4987 penes
3155 4928 3340 4985 regem
3373 4910 3533 4968 Chri-

1950 5019 2103 5066 stum
2116 5009 2253 5065 nulli
2274 5009 2403 5065 licet
2432 5024 2491 5064 se
2526 5008 2835 5078 sapientem-
2868 5005 3159 5069 aastimare,
3190 5002 3318 5073 quia
3356 5001 3544 5057 omnis

1951 5101 2269 5175 arrogantia-
2290 5099 2622 5156 abominatio
2650 5107 2737 5154 est
2756 5098 2911 5168 apud.
2928 5096 3118 5153 Deum.
3157 5093 3310 5151 Unde
3333 5091 3541 5148 Paulus

1949 5195 2225 5261 hortatur,
2257 5194 2444 5250 dicens
2492 5211 2505 5247 :
2548 5211 2577 5244 (ι
2621 5190 2741 5247 Noli
2780 5191 2949 5251 altum
3000 5203 3215 5261 sapere,
3259 5187 3354 5247 sed
3406 5187 3543 5242 time

1948 5283 2123 5355 (Rom.
2150 5284 2251 5357 ιι).
2300 5302 2322 5337 ι
2348 5283 2418 5338 Et
2448 5283 2644 5343 iterum
2672 5299 2687 5337 :
2721 5298 2741 5335 ι
2772 5280 2929 5346 Dico,
2949 5279 3142 5349 inquit,
3169 5291 3273 5348 per
3300 5274 3543 5345 gratiam.

1947 5375 2065 5441 Dei,
2102 5389 2232 5444 qum
2273 5374 2398 5430 data
2452 5381 2538 5428 est
2579 5372 2736 5436 mihi,
2787 5370 3038 5427 omnibus
3088 5368 3185 5438 qui
3222 5372 3349 5424 sunt
3391 5363 3542 5418 inter

1948 5479 2064 5528 vos,
2095 5464 2355 5533 nonplus
2380 5478 2577 5533 sapere
2615 5476 2779 5532 quam
2801 5467 3013 5531 oportet
3052 5471 3265 5526 sapere,
3310 5454 3408 5511 sed
3440 5467 3533 5508 sa-

1943 5569 2075 5625 pere
2102 5555 2169 5609 ad
2196 5554 2573 5616 sobrietatem,
2602 5552 2665 5607 et
2685 5552 2977 5622 unicuique
2995 5546 3141 5604 sicut
3164 5548 3313 5604 Deus
3348 5545 3537 5602 divrsit

1946 5660 2257 5702 mensuram
2289 5644 2411 5701 fidei
2437 5643 2616 5709 (Rom.
2643 5642 2763 5707 xu).
2796 5663 2816 5695 ι
