3928 6182
383 327 492 383 805

1033 317 1094 372 Β.
1137 313 1384 368 llABANl
1431 309 1644 365 MAlllll
1687 305 2006 362 ARClllliP.
2053 305 2362 361 MOGUNT.
2406 305 2688 362 Ol’EllL'M
2731 306 2910 360 PARS
2948 305 2987 360 l.

3559 306 3663 358 Sili

457 461 474 490 ‹
517 435 632 491 Noli
676 446 916 505 qumrere
968 429 1080 482 fieri
1123 427 1323 494 judex,
1379 425 1480 478 nisi
1541 424 1721 476 valcas
1769 423 1964 474 virtute
1993 421 2038 478 Α
2072 427 2151 473 tcs
2197 419 2263 473 ad
2309 420 2577 474 orationis
2623 418 2914 488 confugere
2966 416 3223 470 auxiliutr
3280 422 3566 479 hortatur,
3596 419 3669 470 di-

386 551 404 582 ς
445 533 742 598 irrumpere
782 511 1112 590 iniquitates,
1146 533 1214 570 ne
1243 522 1382 570 tortc
1410 515 1738 569 extimescas
1767 511 1963 566 faciem
2063 525 2198 564 cens
2251 528 2264 564 :

387 646 405 675 ι
444 623 710 695 potentis,
752 627 802 673 et
832 632 1000 687 ponas
1038 613 1350 669 scandalum
1401 611 1454 663 in
1495 607 1751 677 (equitate
1797 612 1906 658 tua.
1941 621 1958 652 ι

384 712 634 782 Proprias
681 719 1116 774 unumquemque
1156 709 1370 771 oportet
1419 700 1564 752 vires
1609 695 1963 767 perpendere,

381 813 437 856 et
469 804 549 856 sic
579 799 739 853 alieni
776 795 914 863 juris
964 809 1058 864 pro
1099 792 1402 862 quantitate
1429 790 1624 843 virium
1655 801 1845 841 curam
1871 799 1966 839 ac-

381 891 579 959 cipere.
615 887 712 952 Qui
736 900 864 954 ergo
889 884 1064 937 adhuc
1094 897 1190 952 per
1223 879 1501 934 mollitiem
1535 877 1702 930 animi
1736 871 1968 928 terrenis

382 979 664 1035 desideriis
693 983 1009 1046 occupatur,
1045 974 1343 1028 cavendum
1374 971 1447 1024 illi
1485 979 1589 1033 est,
1625 983 1694 1022 ne
1734 961 1965 1022 districti

383 1072 516 1123 iram
545 1067 743 1136 judicis
789 1066 1006 1136 gravius
1038 1063 1360 1126 accendens,
1391 1061 1516 1114 dum
1567 1059 1687 1113 loco
1733 1057 1969 1111 delecta-

382 1170 469 1214 tur
495 1159 699 1230 glorize,
728 1158 820 1211 fiat
853 1157 1085 1211 subditis
1126 1162 1313 1208 auctor
1346 1153 1534 1206 ruina}.
1567 1151 1811 1204 Solerter
1840 1162 1970 1218 ergo

381 1271 440 1308 se
468 1254 698 1322 quisque
738 1251 1014 1312 metiatur,
1042 1264 1110 1302 ne
1160 1247 1335 1301 locum
1368 1243 1650 1313 regiminis
1693 1255 1970 1296 assumere

382 1345 599 1407 audeat,
626 1342 670 1396 si
699 1341 842 1409 quod
873 1340 923 1392 in
950 1354 1008 1392 se
1034 1339 1209 1390 adhuc
1239 1335 1428 1389 vitium
1460 1341 1670 1402 regnat,
1698 1345 1764 1384 ne
1811 1329 1858 1384 is
1878 1329 1969 1397 qui

381 1449 478 1504 per
506 1433 707 1485 crimen
740 1432 1065 1498 depravatur
1109 1427 1412 1496 proprium,
1454 1423 1618 1491 judex
1653 1421 1768 1475 fieri
1815 1434 1972 1489 appe-

383 1530 462 1577 tat
490 1521 770 1589 culparum
815 1519 1133 1571 alienarum.
1165 1516 1259 1570 llle
1307 1515 1472 1585 igitur
1503 1513 1679 1567 modis
1717 1511 1971 1566 omnibus

384 1615 452 1668 ad
490 1610 793 1682 exemplum
843 1609 1000 1664 debet
1046 1607 1257 1661 vivendi
1311 1604 1588 1675 pertrahi,
1624 1603 1716 1672 qui
1759 1601 1972 1656 cunctis

384 1703 566 1758 carnis
601 1701 941 1770 passionibus
988 1697 1227 1752 moriens
1269 1697 1384 1766 jam
1437 1693 1754 1764 spiritaliter
1801 1692 1969 1758 vivit;

2322 529 2340 560 ι
2392 511 2664 564 Tristatur
2718 510 2912 578 aliquis
2960 509 3240 561 vestrum?
3285 508 3455 571 Oret;
3513 525 3668 577 aequo

2067 605 2250 657 animo
2293 603 2412 656 est?
2456 601 2661 656 Psallat
2706 601 2848 672 (Jac.
2897 601 2971 672 v).
3008 621 3025 652 ι
3072 599 3335 654 Similiter
3383 609 3442 652 et
3484 607 3671 668 pastor

2067 693 2326 748 Ecclesia:
2351 692 2813 762 mquanimitatem
2841 699 2895 745 et
2921 689 3336 746 beneficentiam
3382 705 3670 745 commen-

2069 785 2178 846 dat,
2221 767 2292 837 ita
2321 783 2374 836 in
2405 782 2644 852 Epistola
2674 798 2770 835 sua
2806 781 3056 836 scribens
3092 799 3106 834 :
3141 798 3162 831 ι
3195 779 3544 844 Charissimi,
3581 796 3672 834 no-

2068 875 2164 930 lite
2189 874 2522 945 peregrinari
2556 874 2607 926 iu
2643 871 2857 926 fervore
2885 873 2976 941 qui
3021 873 3088 926 ad
3118 873 3482 926 tcntationem
3517 873 3670 927 vobis

2069 974 2158 1028 snt,
2191 965 2345 1034 qttasi
2393 964 2598 1034 aliquid
2635 964 2760 1018 novi
2808 963 2964 1018 vobis
3011 963 3323 1033 contingat;
3379 965 3481 1018 sed
3529 979 3674 1019 com-

2070 1057 2407 1110 municantes
2431 1055 2632 1110 Christi
2656 1054 2999 1123 passionibus
3024 1055 3276 1124 gaudete,
3305 1063 3367 1108 ut
3400 1062 3460 1108 et
3503 1055 3559 1108 in
3589 1072 3671 1110 re-

2070 1145 2338 1199 velatione
2385 1145 2569 1214 gloriae
2596 1142 2712 1212 ejus
2740 1144 3022 1214 gaudeatis
3065 1144 3428 1200 exsultantes.
3487 1144 3548 1200 Si
3584 1163 3671 1200 cx-

2070 1236 2408 1305 probramini
2437 1236 2490 1289 in
2526 1236 2746 1290 nomine
2767 1234 2995 1298 Christi,
3026 1236 3171 1290 beati
3199 1236 3373 1300 eritis,
3407 1237 3665 1305 quoniam

2072 1326 2256 1396 glorizc
2288 1325 2382 1380 Dei
2410 1325 2634 1394 spiritus
2665 1325 2718 1378 in
2763 1325 2915 1379 vobis
2957 1325 3266 1394 requiescit.
3319 1326 3498 1381 Nemo
3523 1329 3666 1382 enim

2073 1424 2311 1472 vestrum
2342 1416 2579 1485 patiatur
2605 1416 2760 1484 quasi
2792 1415 3085 1479 homicida,
3117 1425 3211 1470 aut
3237 1415 3348 1483 fur,
3369 1425 3472 1471 aut
3508 1418 3668 1472 male-

2074 1507 2248 1571 dicus,
2281 1515 2373 1560 aut
2399 1505 2698 1561 alienorum
2751 1508 3041 1576 appetitor.
3078 1505 3135 1561 Si
3187 1517 3369 1562 autem
3405 1517 3470 1561 ut
3508 1508 3664 1563 Chri-

2075 1600 2306 1663 stianus,
2338 1613 2447 1652 non
2493 1599 2803 1662 erubescat,
2834 1598 3105 1668 glorificet
3141 1608 3323 1654 autem
3379 1600 3562 1655 Deum
3617 1603 3665 1655 in

2075 1689 2181 1744 isto
2229 1689 2467 1751 nomine,
2502 1689 2756 1758 quoniam
2800 1698 3011 1759 tempus
3051 1698 3156 1754 est,
3190 1697 3250 1743 ut
3275 1691 3509 1760 incipiat
3531 1693 3669 1762 judi-

382 1795 474 1864 qui
510 1769 770 1863 prospera
821 1789 1005 1843 mundi
1059 1787 1362 1856 postponit;
1411 1787 1504 1855 qui
1550 1784 1695 1839 nulla
1739 1783 1969 1838 adversa
2000 1769 2045 1828 Β
2074 1781 2220 1836 cium
2245 1783 2311 1837 de
2337 1781 2499 1836 domo
2526 1783 2639 1837 Dei.
2673 1782 2731 1836 Si
2761 1791 2940 1836 autem
2972 1784 3208 1852 primum
3252 1799 3282 1838 a
3326 1786 3519 1851 nobis,
3553 1787 3670 1857 quis

382 1885 745 1956 pertimescit;
776 1883 863 1952 qui
894 1882 1007 1936 sola
1038 1881 1250 1934 interna
1281 1879 1584 1942 desiderat;
1612 1877 1763 1946 cujus
1795 1877 1970 1929 inten-

385 1977 515 2031 tioni
544 1977 679 2030 bene
700 1987 1020 2042 congruens,
1055 1985 1154 2024 nec
1178 1968 1399 2023 omnino
1424 1982 1521 2036 per
1544 1963 1968 2020 imbecillitatem

383 2082 598 2137 corpus,
629 2080 729 2119 nec
757 2063 910 2116 valde
956 2078 1052 2130 per
1095 2059 1498 2121 contumeliam,
1535 2064 1825 2126 repugnat;
1876 2053 1965 2122 qui

383 2159 451 2213 ad
481 2157 655 2210 aliena
684 2153 946 2223 cupienda
990 2166 1096 2203 non
1135 2149 1442 2212 deducitur,
1488 2147 1581 2201 sed
1616 2146 1832 2216 propria
1863 2144 1970 2197 lar-

381 2249 554 2318 gitur;
579 2246 669 2316 qui
697 2259 796 2313 per
816 2242 1031 2312 pietatis
1054 2241 1261 2294 viscera
1290 2237 1454 2291 citius
1485 2233 1966 2305 ad‘ignoscendum

385 2339 637 2401 flectitur,
670 2335 763 2389 sed
814 2347 1091 2402 nunquam
1132 2329 1254 2400 plus
1287 2343 1450 2398 quam
1495 2327 1651 2382 decet
1686 2327 1969 2396 ignescens

382 2431 451 2485 ab
477 2444 603 2484 arce
633 2425 972 2482 rectitudinis
996 2424 1318 2486 inclinatur;
1345 2422 1437 2490 qui
1459 2419 1602 2474 nulla
1633 2419 1819 2474 illicita
1845 2434 1970 2488 per-

382 2533 580 2597 petrat,
612 2523 704 2578 sed
736 2528 1045 2591 perpetrata
1086 2518 1155 2572 ab
1183 2516 1390 2570 aliisut
1427 2514 1644 2584 propria
1692 2511 1963 2582 deplorat;

381 2615 472 2685 qui
500 2629 566 2668 ex
595 2611 790 2668 affectu
815 2609 994 2665 cordis
1038 2607 1227 2662 aliena:
1264 2604 1564 2659 infirmitati
1592 2602 1962 2672 compatitur;

383 2708 569 2776 sicque
618 2705 671 2759 in
717 2703 873 2758 bonis
911 2701 1142 2773 proximi
1191 2701 1330 2755 sicut
1373 2699 1426 2753 in
1473 2699 1588 2753 suis
1636 2695 1968 2767 profectibus

384 2795 623 2858 laetatur;
652 2793 744 2863 qui
768 2793 840 2846 ita
867 2805 926 2847 se
947 2789 1266 2845 imitabilem
1293 2789 1505 2843 caeteris
1531 2789 1581 2841 in
1609 2786 1818 2841 cunctis
1847 2800 1968 2854 qua:

384 2887 494 2957 agit
522 2885 780 2949 insinuat,
809 2891 870 2937 ut
901 2883 1040 2937 inter
1069 2895 1164 2936 eos
1210 2894 1316 2933 non
1347 2879 1548 2934 habeat
1589 2877 1734 2947 quod
1775 2876 1966 2930 saltem

381 2979 448 3033 de
480 2977 765 3031 transactis
809 2975 1122 3037 erubescat;
1174 2972 1264 3041 qui
1309 2971 1388 3025 sic
1433 2970 1613 3024 studet
1655 2969 1860 3032 vivere,
1907 2976 1967 3021 ut

383 3069 747 3139 proximorum
789 3077 1002 3134 quoque
1041 3063 1204 3116 corda
1244 3061 1450 3115 arentia
1502 3060 1764 3114 doctrina:
1792 3058 1969 3113 valeat

385 3160 598 3214 fluentis
630 3158 888 3227 irrigare;
940 3154 1030 3224 qui
1072 3152 1336 3207 orationis
1364 3167 1465 3206 usu
1513 3161 1567 3204 et
1596 3151 1968 3220 experimento

378 3251 493 3322 jam
523 3251 729 3314 didicit,
748 3247 893 3317 quod
921 3243 1170 3300 obtinere
1199 3259 1228 3297 a
1256 3243 1484 3298 Domino
1512 3256 1630 3310 qua:
1661 3240 1968 3310 poposcerit

384 3341 576 3411 possit.

461 3449 479 3480 ι
513 3428 628 3483 Non
663 3442 855 3496 pecces
905 3426 958 3479 in
1012 3423 1406 3478 multitudinem
1453 3421 1732 3485 civitatis,
1777 3435 1876 3476 nec
1918 3431 1968 3474 te

391 3540 410 3571 ι
448 3520 706 3574 immittas
739 3518 795 3572 in
829 3516 1105 3588 populum.
1154 3536 1174 3587 η
1204 3515 1318 3570 Hoc
1361 3523 1529 3579 vetat,
1559 3528 1627 3568 ne
1671 3513 1718 3567 is
1744 3513 1833 3582 qui
1883 3529 1969 3567 ra-

385 3612 532 3666 tione
572 3608 766 3680 pollet,
811 3617 866 3663 et
909 3607 1061 3662 liberi
1110 3607 1320 3662 arbitrii
1366 3615 1630 3677 potestate
1675 3607 1965 3674 praavalet,

385 3700 724 3756 subditorum
768 3697 1052 3752 insolentia
1105 3705 1430 3765 provocetur
1477 3695 1544 3750 ad
1591 3695 1964 3765 peccandum,

387 3793 481 3848 sed
505 3791 824 3846 constantia:
850 3790 1042 3844 robore
1073 3789 1292 3844 resistat
1329 3789 1519 3843 alienae
1550 3789 1834 3858 nequitiae;
1869 3803 1968 3842 nec

385 3900 444 3939 se
463 3891 613 3955 putet
637 3884 854 3951 impune
879 3896 1106 3952 peccare
1144 3881 1196 3935 in
1225 3897 1291 3937 eo
1320 3881 1462 3950 quod
1491 3881 1848 3950 plurimorum
1873 3896 1968 3935 vo-

385 3977 574 4030 luntati
603 3975 764 4046 elegit
799 3989 1119 4029 consensum
1142 3975 1404 4042 praebere.
1431 3973 1585 4028 Unde
1615 3974 1878 4042 sequitur.

463 4087 481 4118 (
520 4067 707 4135 Neque
727 4065 916 4135 alliges
937 4065 1168 4136 duplicia
1198 4073 1438 4134 peccata,
1468 4079 1570 4120 nec
1600 4065 1744 4119 enim
1777 4065 1829 4118 in
1859 4079 1968 4119 uno

393 4181 410 4213 i
446 4161 554 4214 eris
577 4159 850 4213 immunis.
875 4178 894 4210 ι
923 4157 1160 4228 Duplicia
1186 4166 1405 4227 peccata
1427 4156 1516 4211 ille
1537 4156 1720 4226 alligat
1743 4157 1834 4226 qui
1861 4172 1966 4211 non

385 4254 556 4309 solum
584 4250 930 4320 semetipsum
965 4265 996 4303 a
1016 4250 1253 4318 peccatis
1274 4264 1379 4304 non
1409 4249 1644 4314 cohibet,
1673 4249 1766 4303 sed
1803 4249 1968 4303 etiam

385 4347 506 4401 aliis
534 4345 601 4400 ad
630 4343 961 4415 peccandum
989 4341 1375 4398 consentiendo
1421 4339 1567 4395 favet
1600 4359 1612 4394 :
1642 4340 1729 4395 cui
1774 4340 1829 4394 in
1860 4355 1968 4395 uno

385 4446 538 4492 reatu
574 4437 706 4492 satis
743 4443 904 4499 esset,
934 4434 1097 4489 etiam
1143 4433 1270 4487 siin
1315 4432 1486 4487 altero
1536 4447 1596 4487 se
1639 4447 1745 4486 non
1792 4430 1969 4500 impli-

383 4541 556 4587 caret.
613 4530 948 4600 Quapropter
1005 4527 1292 4598 Apostolus
1339 4527 1784 4596 przevaricatores
1835 4527 1969 4598 legis

388 4622 480 4676 Dei
507 4620 802 4688 redarguit,
835 4619 1022 4672 dicens
1051 4631 1066 4669 :
1098 4635 1115 4666 ι
1168 4615 1415 4682 Quicum
1452 4614 1720 4683 justitiam
1749 4616 1845 4670 Dei
1878 4631 1971 4670 co-

385 4714 734 4784 guovissent,
794 4724 902 4762 non
957 4707 1342 4761 intellexerunt
1390 4707 1647 4776 quoniam
1696 4708 1790 4775 qui
1840 4707 1967 4761 talia

389 4813 554 4874 agunt
593 4801 739 4871 digni
790 4807 916 4855 sunt
967 4807 1164 4863 morte,
1193 4805 1248 4852 et
1298 4812 1405 4851 non
1455 4796 1629 4852 solum
1674 4798 1765 4866 qui
1796 4813 1856 4852 ea
1890 4797 1970 4852 fa-

388 4895 558 4957 ciunt,
575 4894 670 4948 sed
696 4893 859 4946 etiam
889 4891 979 4961 qui
999 4889 1346 4945 consentiunt
1370 4887 1878 4960 facientibus(Rom.
1902 4889 1964 4959 ι).

464 5004 484 5036 ‹
516 4985 634 5038 Noli
659 5001 776 5040 esse
801 4984 1163 5052 pusillanimis
1193 4983 1244 5037 in
1274 4983 1454 5037 anima
1485 4991 1607 5049 tua;
1660 4997 1890 5038 exorare
1917 4991 1974 5036 et

397 5094 414 5126 ι
449 5075 627 5130 facere
657 5076 1052 5144 eleemosynam
1081 5089 1148 5129 ne
1167 5075 1450 5144 despicias.
1487 5095 1507 5127 ι
1550 5074 1971 5130 Pusillanimitas

391 5167 512 5221 ideo
545 5167 791 5234 fugienda
834 5177 938 5230 cst,
965 5166 1092 5234 quia
1124 5180 1265 5234 saepe
1301 5181 1398 5235 per
1429 5166 1574 5220 illam
1607 5167 1827 5221 tristitia
1872 5183 1972 5222 εω-

390 5258 494 5314 culi
523 5298 538 5321 ,
585 5271 705 5326 quae
753 5264 980 5310 mortem
1021 5264 1310 5325 operatur,
1357 5257 1620 5311 nascitur.
1674 5257 1744 5311 At
1770 5267 1971 5329 contra

389 5355 704 5405 constantes
746 5345 929 5400 animo
971 5345 1181 5402 fortiter
1219 5361 1316 5416 per
1351 5347 1666 5415 patientiam
1707 5347 1972 5403 sufferunt

389 5443 652 5506 laborem,
692 5439 816 5509 quia
862 5452 1078 5492 omnem
1116 5438 1398 5508 praesentis
1453 5439 1576 5493 vita:
1617 5448 1972 5495 contemnunt

391 5533 650 5586 dolorem.
686 5529 840 5587 Unde
873 5527 926 5582 in
968 5526 1276 5583 Proverbiis
1315 5528 1576 5595 scriptum
1613 5537 1697 5583 est
1740 5547 1752 5581 :
1799 5549 1818 5580 ε
1852 5529 1967 5585 Non

391 5621 740 5678 contristabit
786 5619 992 5688 justum
1046 5616 1307 5688 quidquid
1362 5617 1618 5672 acciderit
1664 5620 1714 5672 ei
1767 5619 1785 5688 (
1810 5620 1965 5673 Prov.

391 5710 512 5781 τις).
544 5731 561 5761 ι
596 5710 719 5765 Ideo
743 5720 797 5764 ct
830 5707 1062 5766 Jacobus
1088 5707 1364 5778 apostolus
1390 5707 1664 5766 tristitiam
1700 5710 1969 5764 sustinen-

2076 1874 2200 1930 finis
2220 1891 2408 1929 eorum
2437 1875 2525 1943 qui
2570 1890 2674 1928 non
2717 1875 2947 1930 credunt
2971 1875 3300 1944 Evangelio?
3327 1876 3398 1930 Et
3429 1878 3476 1931 si
3492 1877 3671 1946 justus

2074 1965 2162 2020 vix
2206 1964 2526 2029 salvabitur,
2558 1966 2755 2034 impius
2798 1974 2852 2019 et
2886 1975 3142 2035 peccator
3168 1967 3257 2021 ubi
3283 1969 3670 2038 apparebunt?

2072 2054 2263 2124 Itaque
2306 2064 2362 2111 et
2413 2056 2467 2110 hi
2522 2057 2612 2124 qui
2647 2057 2926 2126 patiuntur
2970 2055 3267 2111 secundum
3329 2057 3668 2114 voluntatem

2072 2148 2198 2212 Dei,
2244 2148 2387 2203 fideli
2429 2148 2672 2203 Creatori
2733 2149 3113 2204 commendant
3164 2153 3373 2206 animas
3433 2168 3567 2208 suas
3619 2156 3667 2208 in

2071 2238 2368 2294 benefact's
2407 2238 2467 2309 (Ι
2502 2237 2650 2292 Pelr.
2681 2239 2776 2309 iv).
2811 2261 2828 2292 ι
2859 2239 2966 2294 Sed
2995 2249 3123 2295 tunc
3149 2242 3264 2310 ipsa
3309 2241 3670 2298 beneﬁcentia

2071 2329 2419 2398 acceptabilis
2454 2329 2561 2383 erit
2609 2330 2752 2393 Deo,
2801 2331 2846 2383 si
2876 2330 3202 2385 humilitatis
3235 2334 3376 2386 viam
3434 2350 3546 2388 non
3583 2336 3670 2388 de-

2071 2422 2226 2488 serit,
2254 2439 2431 2493 neque
2484 2424 2536 2478 in
2572 2423 2861 2479 elationem
2913 2425 3113 2479 mentis
3161 2425 3558 2492 declinaverit;
3607 2427 3672 2483 de

2069 2528 2180 2583 quo
2221 2521 2275 2567 et
2313 2514 2564 2568 subditur
2587 2532 2599 2567 :

2147 2619 2166 2653 ‹
2215 2600 2292 2656 Ne
2343 2603 2530 2666 dicas,
2577 2603 2628 2658 in
2676 2603 3022 2660 multitudine
3082 2621 3368 2662 munerum
3424 2624 3668 2663 meorum

2074 2711 2094 2745 ι
2134 2693 2390 2762 respiciet
2437 2695 2601 2759 Deus,
2662 2704 2719 2750 et
2774 2695 3039 2752 offerente
3095 2713 3182 2751 me
3237 2697 3352 2752 Deo
3397 2699 3671 2754 altissimo

2076 2801 2094 2833 ι
2133 2784 2393 2854 suscipiet
2430 2800 2652 2839 munera
2681 2801 2820 2840 mea.
2845 2805 2865 2839 ι
2891 2785 3029 2853 Quid
3059 2789 3204 2842 enim
3231 2788 3669 2844 benefacientem

2069 2891 2287 2931 servum
2321 2877 2386 2930 de
2428 2877 2541 2931 suis
2565 2876 2722 2933 factis
2759 2879 2962 2933 sentire
2995 2887 3277 2949 oporteat,
3333 2882 3452 2952 ipse
3483 2883 3668 2938 Domi-

2071 2983 2173 3022 nus
2207 2967 2260 3021 in
2295 2967 2588 3036 Evangelio
2614 2970 2738 3023 data
2791 2970 3046 3039 parabola
3101 2973 3169 3025 de
3219 2987 3379 3027 servo
3409 2974 3483 3028 ab
3532 2989 3666 3045 agro

2075 3074 2337 3129 regresso,
2371 3068 2425 3114 et
2468 3061 2676 3115 Domini
2719 3061 2800 3116 sui
2844 3062 2896 3114 in
2938 3063 3294 3122 ministrando
3330 3065 3480 3119 domi
3517 3064 3669 3133 jussa

2072 3157 2329 3226 explenti,
2359 3158 2652 3212 novissime
2681 3159 2750 3212 ita
2779 3159 3111 3215 concludens
3135 3163 3402 3225 ostendit,
3439 3164 3629 3219 dicens
3655 3180 3667 3216 :

2077 3265 2095 3296 ‹
2136 3245 2384 3315 Nunquid
2416 3248 2647 3317 gratiam
2684 3248 2846 3303 habet
2892 3265 3051 3306 servo
3092 3251 3190 3317 illi,
3223 3254 3349 3322 quia
3389 3253 3524 3309 fecit
3552 3272 3674 3326 qua!

2070 3338 2171 3393 sibi
2204 3338 2594 3408 imperaverat?
2623 3339 2739 3394 Non
2767 3349 2916 3410 puto.
2953 3341 3044 3398 Sic
3071 3351 3125 3396 et
3147 3358 3242 3400 vos
3266 3359 3392 3399 cum
3425 3345 3673 3402 feceritis

2069 3427 2280 3491 omnia,
2332 3441 2451 3496 quae
2503 3438 2774 3499 praecepta
2828 3441 2956 3486 sunt
3003 3432 3178 3496 vobis,
3217 3433 3380 3488 dicite
3437 3452 3453 3487 :
3512 3435 3672 3490 Servi

2070 3517 2289 3572 inutiles
2309 3533 2527 3583 sumus;
2556 3520 2701 3588 quod
2725 3519 3010 3575 debuimus
3039 3521 3240 3588 facere,
3265 3521 3500 3578 fecimus
3516 3524 3666 3596 (Luc.

2070 3608 2224 3679 xvu).
2250 3628 2269 3660 ι
2300 3607 2514 3674 Quanto
2544 3609 2688 3662 enim
2713 3610 2876 3664 homo
2902 3626 2997 3664 sua
3021 3609 3303 3666 benefacta
3327 3626 3422 3681 per
3453 3610 3670 3679 jactan-

2069 3700 2200 3753 tiam
2227 3699 2462 3764 extollit,
2487 3709 2638 3754 tanto
2667 3701 2894 3755 minoris
2920 3702 3099 3756 meriti
3133 3703 3272 3772 apud
3306 3703 3479 3758 Deum
3509 3705 3668 3758 fiunt.

2069 3789 2196 3845 Ideo
2236 3805 2462 3846 necesse
2489 3799 2576 3845 est
2609 3799 2670 3844 ut
2719 3792 2863 3845 bono
2895 3793 3046 3861 operi
3095 3793 3332 3847 studium
3385 3794 3672 3864 impenda-

2071 3903 2212 3943 mus.
2243 3886 2351 3942 Sed
2399 3896 2579 3942 tamen
2615 3895 2742 3941 ante
2771 3888 2952 3940 omnia
3004 3887 3362 3942 humilitatem
3409 3888 3464 3940 in
3502 3889 3672 3942 corde

2070 3993 2369 4042 servemus,
2417 3985 2473 4032 et
2498 3992 2597 4046 per
2622 3977 2945 4031 charitatem
2977 3977 3238 4046 proximis
3287 3978 3491 4031 nostris
3539 3993 3672 4031 cou-

2071 4071 2263 4126 cordes
2287 4078 2342 4125 et
2368 4069 2760 4139 compatientes
2795 4070 2986 4123 simus.
3019 4069 3094 4122 De
3137 4084 3245 4138 quo
3284 4077 3340 4123 et
3366 4070 3667 4124 subditur:

2147 4179 2166 4212 ‹
2201 4159 2317 4216 Non
2348 4161 2578 4214 irrideas
2621 4159 2895 4214 hominem
2930 4160 2982 4213 in
3031 4160 3394 4215 amaritudine
3422 4162 3668 4224 animm;

2077 4271 2095 4302 ι
2129 4261 2214 4308 est
2239 4251 2382 4306 enim
2424 4249 2517 4318 qui
2569 4249 2820 4303 humiliat
2869 4258 2924 4304 et
2970 4249 3173 4303 cxaltat
3233 4251 3672 4320 circumspector

2078 4362 2096 4394 ι
2129 4344 2290 4398 Deus.
2323 4361 2341 4392 ›
2378 4340 2513 4394 llinc
2531 4347 2587 4394 et
2622 4339 2674 4393 in
2698 4339 3008 4393 Proverbiis
3033 4341 3296 4411 scriptum
3321 4349 3404 4396 est
3436 4360 3447 4394 :
3479 4359 3497 4390 ι
3530 4341 3669 4396 Cum

1994 4433 2328 4528 Dceciderit
2370 4431 2620 4485 inimicus
2669 4438 2815 4494 tuus,
2873 4445 2940 4484 ne
2993 4433 3352 4500 gaudeaszet
3402 4433 3458 4486 in
3507 4433 3672 4487 ruina

2073 4525 2190 4595 ejus
2240 4540 2306 4579 ne
2332 4523 2567 4578 exsultet
2597 4537 2694 4579 cor
2730 4531 2878 4577 tuum
2914 4541 2926 4576 :
2975 4538 3045 4577 ne
3084 4525 3222 4580 forte
3249 4525 3430 4579 videat
3480 4524 3675 4581 Domi-

2075 4631 2196 4680 nus,
2229 4624 2285 4669 et
2318 4613 2604 4683 displiceat
2650 4613 2723 4678 ei,
2772 4621 2828 4666 et
2862 4612 3076 4668 auferat
3121 4613 3190 4668 ab
3223 4629 3288 4669 eo
3333 4630 3472 4668 iram
3508 4632 3669 4670 suam

2073 4704 2270 4777 (Prov.
2301 4705 2483 4772 xxiv).
2531 4703 2574 4757 E
2627 4704 2904 4758 contrario
2945 4719 3076 4759 vero
3125 4703 3355 4769 Paulus,
3389 4705 3524 4775 quid
3578 4722 3663 4776 ge.

2071 4797 2298 4878 rendum
2328 4797 2421 4860 sit,
2461 4795 2754 4851 salubriter
2790 4797 3048 4862 instruit,
3097 4796 3284 4852 dicens
3313 4816 3325 4850 :
3363 4815 3384 4847 ε
3417 4797 3670 4852 Gaudete

2072 4906 2196 4945 cum
2221 4889 2599 4960 gaudentibus,
2625 4886 2749 4942 flete
2775 4903 2898 4943 cum
2940 4887 3214 4954 flentibus,
3241 4888 3290 4941 id
3324 4889 3501 4959 ipsum
3529 4889 3670 4944 invi—

2072 4998 2190 5038 cem
2221 4981 2539 5036 sentientes.
2584 4979 2701 5035 Non
2731 4980 2839 5034 alta
2873 4981 3148 5050 sapientes
3171 5020 3185 5044 ,
3232 4980 3326 5035 sed
3367 4981 3670 5036 humilibus

2072 5073 2474 5129 consentientes
2499 5071 2676 5144 (Rom.
2705 5073 2838 5145 xu).

2677 5183 2904 5240 CAPUT
2955 5184 3064 5238 VII.

2172 5257 2251 5311 De
2293 5255 2567 5310 mendacio
2613 5271 2717 5308 non
2761 5255 3073 5324 proferendo
3120 5264 3302 5308 contra
3337 5269 3592 5307 amicum.

2152 5369 2171 5400 σ
2215 5347 2334 5402 Noli
2360 5360 2545 5400 amare
2570 5345 2912 5400 mendacium
2937 5345 3202 5398 adversus
3231 5353 3455 5398 tratrem
3487 5353 3663 5404 tuum,

2080 5460 2099 5493 ‹
2137 5454 2312 5509 neque
2359 5438 2413 5492 in
2461 5436 2694 5490 amicum
2743 5435 2992 5490 similiter
3042 5433 3231 5489 facias.
3265 5453 3285 5486 ι
3342 5431 3400 5488 Si
3455 5431 3664 5486 nullum

2076 5529 2413 5586 mendacium
2439 5526 2708 5581 laudabile
2735 5534 2841 5590 est,
2868 5534 2924 5580 et
2953 5526 3207 5595 cuiquam
3237 5523 3552 5579 scandalum
3585 5522 3668 5575 in-

2076 5623 2219 5678 ferre
2262 5618 2647 5690 perniciosum,
2702 5624 2906 5685 quanto
2949 5616 3121 5685 magis
3176 5624 3366 5670 contra
3409 5613 3661 5668 amicum

2073 5711 2275 5782 aliquid
2312 5723 2410 5780 per
2444 5707 2688 5762 fraudem
2716 5707 2891 5760 moliri
2925 5707 3278 5776 vituperabile
3302 5706 3423 5762 est?
3451 5705 3516 5759 Et
3553 5719 3658 5758 nol
