3928 6182
335 331 445 389 805

334 533 482 585 uiam
511 531 665 585 testis
696 531 926 584 mendax
962 528 1176 598 peribit.
1225 528 1374 584 Unde
1404 529 1458 582 in
1486 528 1795 584 Proverbiis
1827 529 1928 584 Sa-

332 622 539 693 pientia
572 623 705 676 dicit
739 639 752 675 :
789 642 807 672 ‹
840 620 993 675 Sicut
1023 619 1217 674 noxius
1247 629 1330 699 est
1371 621 1464 691 qui
1511 621 1678 676 mittit
1707 621 1926 676 lanceas

333 725 388 770 et
415 716 642 787 sagittas
664 715 718 768 in
756 721 1013 777 mortem,
1041 713 1120 767 sic
1147 713 1230 766 vir
1253 712 1342 782 qui
1375 712 1744 768 fraudulenter
1767 722 1927 768 nocet

334 808 513 861 amico
541 821 670 869 suo;
720 813 774 858 et
819 820 942 858 cum
988 803 1152 858 fuerit
1180 803 1570 874 deprehensus,
1604 803 1736 858 dicit
1767 818 1782 856 :
1813 804 1923 856 Lu-

333 899 471 950 dens
512 895 613 950 feci
650 893 833 966 (Prov.
864 897 1048 966 xxvi).
1086 914 1104 945 ι
1141 894 1210 947 Et
1257 893 1384 948 alibi
1431 909 1446 946 :
1488 912 1506 944 ι
1545 893 1623 947 Ne
1658 893 1922 958 moliaris,

334 987 533 1056 inquit,
583 985 760 1039 amico
803 993 895 1039 tuo
957 983 1179 1048 malum,
1237 998 1358 1037 cum
1390 983 1479 1037 ille
1527 983 1723 1037 habeat
1775 983 1829 1037 in
1872 990 1923 1036 te

334 1074 590 1128 fiduciam
623 1072 802 1143 (Prov.
829 1071 934 1143 ιιι).
973 1092 992 1124 ι

412 1184 431 1213 ι
472 1163 588 1217 Noli
620 1163 755 1218 velle
779 1163 998 1216 mentiri
1021 1177 1183 1217 omne
1212 1163 1550 1217 mendacium
1583 1180 1596 1215 :
1631 1162 1923 1217 assiduitas

337 1270 357 1304 ι
405 1254 552 1307 enim
594 1253 734 1307 illius
785 1268 892 1307 non
942 1261 1026 1306 est
1071 1253 1234 1307 bona.
1292 1274 1310 1305 ι
1358 1252 1530 1308 Omne
1579 1254 1922 1308 mendacium

333 1345 557 1399 noxium
579 1353 681 1408 est,
713 1343 840 1413 quia
863 1352 1146 1412 peccatum
1183 1353 1284 1399 est.
1317 1343 1390 1399 Os
1419 1344 1562 1398 enim
1588 1345 1730 1413 quod
1772 1360 1924 1399 men~

330 1437 486 1500 titur,
523 1435 720 1490 occidit
766 1437 1036 1500 animam;
1086 1444 1141 1489 et
1168 1443 1371 1505 quanto
1405 1436 1528 1505 quis
1574 1436 1703 1491 illud
1732 1437 1918 1502 usitat,

332 1535 484 1579 tanto
538 1525 840 1595 graviorem
889 1525 1155 1579 sarcinam
1205 1535 1544 1595 peccatorum
1595 1527 1916 1582 accumulat.

333 1615 442 1669 Sed
478 1615 606 1670 licet
631 1615 840 1668 diversa
892 1631 1090 1686 genera
1129 1617 1236 1670 sint
1272 1617 1698 1682 mendaciorum,
1741 1629 1919 1673 tamen

330 1705 567 1773 primum
619 1719 684 1758 ac
733 1703 965 1774 capitale
1015 1713 1098 1759 est
1136 1705 1476 1759 mendacium
1524 1705 1789 1776 longeque
1840 1706 1910 1761 fu‘

330 1795 606 1866 giendum,
635 1795 775 1864 quod
822 1793 882 1848 fit
908 1795 962 1848 in
1012 1793 1257 1848 doctrina
1295 1794 1569 1865 religionis

331 1884 674 1938 mendacium
705 1883 850 1938 nulla
873 1884 1180 1939 conditione
1205 1884 1491 1953 quisquam
1516 1884 1675 1939 debet
1704 1886 1918 1950 adduci,

329 1977 457 2045 quia
484 1991 584 2046 per
615 1977 719 2032 hoc
756 1977 1120 2032 certissimum
1172 1985 1258 2031 est
1305 1977 1580 2031 hominem
1616 1993 1646 2031 a
1685 1977 1795 2034 Deo
1839 1994 1925 2033 se.

328 2069 536 2137 parari.
598 2068 854 2139 Quisquis
899 2077 1078 2124 autem
1147 2069 1364 2138 aliquod
1417 2065 1587 2141 genus
1655 2071 1921 2125 mendacii

329 2160 475 2227 quod
511 2168 796 2229 peccatum
836 2175 941 2214 non
983 2162 1051 2214 sit
1079 2161 1382 2230 putaverit,
1430 2162 1660 2231 decipiet
1684 2163 1922 2233 seipsum

330 2251 582 2319 turpiter,
616 2266 739 2306 cum
785 2253 1070 2306 honestum
1121 2267 1180 2306 se
1230 2252 1569 2322 deceptorem
1626 2253 1924 2308 arbitratur

330 2341 584 2396 aliorum.

333 2420 337 2424 ’
412 2454 431 2486 ι
453 2433 572 2490 Noli
594 2437 859 2492 verbosus
873 2450 993 2490 esse
1013 2435 1066 2489 in
1094 2436 1434 2491 multitudine
1456 2437 1917 2506 presbyterorum,

337 2547 355 2580 ι
391 2538 447 2584 et
471 2545 579 2584 non
601 2529 767 2585 iteres
796 2530 1020 2584 verbum
1049 2529 1102 2582 in
1134 2538 1224 2583 tua
1253 2529 1519 2583 oratione.
1548 2548 1566 2579 ι
1597 2527 1732 2595 Quia
1764 2542 1923 2596 supe-

329 2619 448 2673 rius
489 2619 744 2684 diximus,
776 2617 1004 2688 capitale
1047 2631 1168 2674 esse
1205 2617 1542 2672 mendacium
1573 2617 1626 2670 in
1674 2616 1920 2671 doctrina

327 2711 630 2782 religionis.
662 2711 919 2788 Quisquis
947 2711 1086 2764 hanc
1112 2710 1439 2764 sententiam
1468 2713 1788 2773 servaverit,
1818 2709 1921 2763 hoc

327 2811 436 2867 est,
467 2802 560 2872 qui
594 2801 896 2856 doctrinam
935 2801 1208 2855 seniorum
1257 2800 1429 2870 magis
1471 2800 1662 2853 devote
1710 2798 1917 2862 audire,

325 2907 495 2962 quam
547 2909 700 2947 suam
730 2893 1070 2962 impudenter
1110 2891 1354 2962 proferre
1403 2891 1695 2960 delegerit,
1719 2890 1788 2943 ab
1818 2891 1921 2945 hoc

325 2982 574 3051 periculo
605 2983 815 3053 longius
844 2983 968 3037 erit.
1001 2982 1193 3036 Tutius
1217 2982 1361 3035 enim
1408 2990 1490 3035 est
1531 2981 1722 3034 audire
1756 2995 1918 3051 quam

326 3074 498 3143 loqui.
530 3074 686 3130 Unde
715 3073 950 3129 Jacobus
1001 3074 1052 3127 in
1102 3074 1342 3143 Epistola
1389 3088 1484 3127 sua
1534 3074 1807 3136 admonet,
1841 3073 1920 3126 di-

325 3180 461 3219 cens
492 3183 505 3217 :
543 3182 563 3215 ‹
622 3163 705 3218 Sit
745 3173 925 3218 autem
980 3164 1158 3218 omnis
1197 3165 1360 3218 homo
1405 3162 1560 3216 velox
1592 3163 1659 3216 ad
1692 3162 1918 3217 audicn-
1948 3141 1992 3201 C

325 3255 480 3320 dum,
523 3254 710 3310 tardus
737 3264 918 3310 autem
947 3255 1014 3309 ad
1036 3253 1380 3324 loquendum,
1401 3263 1454 3309 et
1483 3255 1665 3309 tardus
1684 3253 1752 3308 ad
1780 3253 1919 3307 iram

350 3347 476 3400 Jac.
516 3347 577 3400 ll.
617 3366 636 3399 ι

350 3347 476 3400 Jac.
516 3362 533 3400 ι
565 3387 577 3400 .
617 3366 636 3399 ι

327 3347 346 3418 (
406 3452 425 3482 ε
465 3345 581 3488 Νο)η
633 3434 815 3490 oderis
872 3434 1139 3490 laboriosa
1185 3448 1370 3503 opera,
1414 3441 1468 3487 et
1508 3432 1916 3486 rusticationem

334 3544 354 3576 ι
395 3525 465 3579 ab
492 3525 772 3580 Altissimo
813 3535 1074 3581 creatam.
1113 3545 1131 3576 ι
1173 3525 1297 3579 Utili
1349 3524 1518 3578 labori
1558 3525 1831 3589 insistere,
1864 3533 1919 3577 et

325 3615 662 3670 otiositatem
695 3615 900 3686 fugere,
933 3615 1198 3671 laudabile
1221 3618 1326 3681 est;
1355 3615 1481 3685 quia
1526 3616 1774 3671 otiositas
1812 3617 1918 3670 ini-

328 3707 471 3761 mica
503 3715 588 3762 est
606 3707 820 3762 animae.
854 3706 1008 3762 Unde
1035 3714 1091 3760 et
1122 3706 1321 3760 Paulus
1345 3705 1918 3762 Thessalonicensibus

329 3798 569 3869 scripsit,
619 3806 681 3851 ut
727 3813 850 3854 cum
898 3799 1112 3853 silentio
1160 3805 1452 3867 operantes
1507 3813 1662 3850 suum
1722 3812 1917 3866 panem

329 3890 682 3956 manducent,
715 3891 818 3946 hoc
846 3890 1071 3956 addens,
1118 3890 1160 3944 si
1193 3889 1315 3958 quis
1344 3904 1451 3943 non
1490 3887 1653 3942 vellet
1681 3887 1917 3957 Operari,

326 3996 429 4036 nec
479 3981 870 4047 manducaret,
903 3996 1056 4035 suum
1111 3979 1417 4049 exemplum
1465 3978 1545 4032 eis
1589 3992 1916 4047 proponens,

329 4075 588 4144 quoniam
631 4089 738 4129 non
766 4074 1039 4143 inquietus
1077 4072 1180 4126 fuit
1201 4073 1342 4127 inter
1371 4087 1486 4137 eos,
1520 4085 1694 4140 neque
1723 4085 1918 4140 panem

328 4163 500 4233 gratis
528 4163 597 4218 ab
625 4163 806 4232 aliquo
835 4163 1210 4228 manducavit,
1267 4160 1360 4217 sed
1393 4163 1446 4216 in
1478 4161 1662 4215 labore
1706 4169 1760 4216 et
1796 4160 1920 4215 fati-

328 4256 570 4324 gatione,
595 4264 757 4311 nocte
783 4265 838 4312 et
862 4257 947 4311 die
974 4271 1234 4327 aperans,
1271 4271 1339 4310 ne
1365 4269 1689 4325 quemquam
1733 4268 1920 4307 eorum

329 4354 585 4415 gravaret
611 4345 696 4418 (II
731 4345 911 4400 Thess.
953 4348 1046 4418 ιι).
1092 4346 1244 4414 Quod
1279 4355 1460 4401 autem
1512 4345 1919 4400 rusticationem

329 4436 461 4489 dicit
503 4437 572 4491 ab
601 4436 880 4492 Altissimo
915 4446 1178 4502 creatam,
1228 4436 1496 4506 significat
1529 4435 1772 4505 peecanli
1823 4435 1919 4487 ho-

330 4527 460 4579 mini
481 4527 623 4582 hanc
651 4528 975 4582 sententiam
999 4528 1201 4593 datam,
1227 4536 1287 4581 ut
1312 4527 1496 4580 labore
1526 4541 1783 4579 manuum
1814 4525 1916 4578 sibi

329 4619 529 4673 victum
554 4628 824 4688 quaereret
853 4638 866 4673 ε
892 4628 953 4674 ιιι
978 4628 1061 4674 est
1090 4619 1220 4672 illud
1241 4618 1543 4672 Geneseos:
1571 4635 1588 4666 ‹
1618 4617 1676 4670 In
1699 4615 1912 4680 sudore,

329 4709 524 4778 inquit,
557 4710 738 4766 vultus
769 4711 844 4766 tui
884 4711 1124 4766 vesceris
1169 4725 1308 4779 pane
1335 4751 1349 4774 ,
1404 4709 1576 4763 donec
1625 4709 1916 4763 revertaris

328 4801 382 4854 in
413 4813 617 4855 terram
645 4803 714 4857 de
739 4818 844 4872 qua
875 4812 1120 4873 sumptus
1145 4816 1205 4856 es
1234 4817 1248 4855 :
1281 4802 1407 4870 quia
1451 4800 1627 4870 pulvis
1656 4815 1736 4864 es,
1778 4807 1833 4853 et
1859 4800 1914 4853 in

326 4891 606 4960 pulverem
627 4893 920 4948 reverteris
947 4891 1097 4966 (Gen.
1137 4893 1242 4966 ιιι).
1278 4913 1297 4944 ι

403 4999 422 5029 ι
464 4979 584 5035 Non
637 4988 690 5035 te
744 4992 961 5051 reputes
1002 4983 1057 5037 in
1099 4983 1443 5038 multitudine
1491 4983 1915 5053 indisciplinato-

334 5087 353 5122 ι
391 5087 542 5136 rum;
593 5083 866 5129 memento
908 5076 1021 5140 irae,
1054 5077 1310 5146 quoniam
1346 5092 1452 5131 non
1484 5075 1736 5131 tardabit.
1771 5096 1789 5128 ι
1822 5075 1912 5129 ln-

328 5160 704 5232 disciplinatos
759 5175 914 5219 vocat
961 5167 1229 5237 inquietos
1272 5175 1328 5222 et
1375 5167 1767 5232 inobedientcs,
1820 5167 1912 5236 qui

327 5254 612 5323 pmeptis
641 5255 736 5311 Dei
765 5257 990 5313 obedire
1030 5258 1220 5314 nolunt
1249 5277 1262 5313 :
1305 5259 1358 5314 in
1392 5273 1625 5327 quorum
1654 5258 1914 5314 societate

327 5348 637 5402 conversari
680 5348 1043 5418 periculosum
1074 5359 1172 5415 est,
1219 5351 1346 5420 quia
1393 5351 1586 5406 talibus
1633 5357 1778 5405 certa
1829 5364 1914 5403 re-

318 5438 633 5495 servabitur
668 5441 927 5507 vindicta,
958 5455 1119 5514 quam
1148 5442 1242 5497 ira:
1271 5443 1489 5497 nomine
1534 5447 1830 5510 nuncupat,
1865 5439 1912 5495 si

322 5546 434 5584 non
491 5546 550 5586 se
599 5533 666 5588 ad
719 5534 1003 5590 meliorem
1053 5535 1220 5588 vitam
1267 5533 1626 5590 correxerint.
1659 5531 1811 5587 Unde
1857 5531 1911 5584 in

322 5618 636 5676 Proverbiis
661 5623 922 5692 scriptum
947 5633 1033 5678 est
1085 5641 1097 5677 :
1146 5642 1164 5674 ι
1198 5624 1392 5678 Parata
1424 5631 1551 5678 sunt
1578 5620 1912 5675 derisoribus

317 5707 544 5778 judicia,
565 5719 620 5766 et
647 5713 826 5770 mallei
853 5714 1219 5784 percutientes
1249 5713 1536 5769 stultorum
1572 5712 1754 5769 corda.
1787 5711 1910 5768 Sic—

1229 324 1578 382 COMMENT.
1621 326 1688 382 IN
1727 326 2338 385 ECCLESIASTICUM.
2379 358 2451 370 —-
2489 328 2616 384 LIB.
2659 327 2720 382 ll.

335 445 472 498 levis
522 454 704 505 none,
754 438 950 493 falsum
988 439 1192 492 crimen
1242 439 1396 493 fratri
1451 439 1759 510 imponere,
1792 456 1928 510 quo-
1954 445 2092 504 Αιιι
2145 440 2353 511 rugitus
2397 439 2570 494 leonis
2622 439 2694 492 ita
2751 449 2923 493 terror
2972 440 3113 508 regis
3159 458 3172 492 :

1948 4485 1996 4544 D

3514 332 3618 390 806

3226 441 3317 512 qui
3359 458 3618 512 provocat

2028 547 2174 598 eum,
2199 541 2388 601 peccat
2418 531 2472 586 in
2510 531 2746 584 animam
2785 546 2937 585 suam
2968 529 3150 602 (Prov.
3193 535 3328 605 χιχ).
3378 555 3398 586 ι

2105 644 2125 676 ‹
2161 624 2395 679 Humilia
2445 623 2599 678 valde
2658 624 2905 692 spiritum
2949 635 3100 678 tuum
3138 643 3150 677 :
3185 627 3442 696 quoniam
3496 629 3616 682 vin-

2034 732 2052 765 ι
2091 714 2234 770 dicta
2279 713 2460 768 carnis
2487 712 2638 781 impii
2681 712 2820 781 ignis
2851 720 2907 766 et
2930 713 3148 766 vermis.
3191 733 3209 764 ι
3260 712 3413 769 Sicut
3439 717 3617 770 omnis

2024 804 2232 874 peccati
2259 804 2471 858 initium
2512 811 2597 856 est
2647 801 2921 870 superbia,
2955 802 3028 854 ita
3071 802 3282 855 initium
3340 805 3620 873 sapientiae

2026 893 2302 947 humilitas
2350 901 2405 946 et
2459 893 2622 946 timor
2673 891 2789 945 Dei.
2849 891 3046 945 Beatus
3099 891 3242 945 enim
3306 894 3467 948 homo
3523 895 3616 963 qui

2023 995 2236 1051 semper
2282 982 2507 1052 pavidus
2552 989 2636 1035 est
2687 997 2700 1032 :
2750 980 3004 1050 quoniam
3056 999 3073 1030 ι
3126 980 3216 1051 qui
3274 997 3333 1036 se
3385 984 3615 1048 exaltat,

2024 1075 2425 1140 humiliabitur;
2466 1085 2521 1128 et
2567 1073 2658 1142 qui
2702 1089 2761 1128 se
2795 1074 3064 1137 humiliat,
3097 1073 3428 1128 exaltabitur
3461 1074 3613 1148 (Lar.

2023 1180 2148 1230 xw,
2199 1163 2388 1235 xvm).
2428 1185 2445 1215 ι
2482 1164 2735 1218 Vindicta
2779 1164 2958 1216 carnis
3004 1164 3151 1233 impii
3200 1165 3340 1234 ignis
3396 1174 3451 1218 et
3504 1181 3618 1219 ver-

2024 1271 2174 1320 mes,
2221 1247 2347 1324 qtiia
2395 1270 2523 1310 caro
2581 1265 2965 1324 peccatorum,
3002 1271 3122 1323 qua:
3175 1255 3384 1309 luxuria
3431 1256 3618 1312 alllue-

2021 1347 2113 1401 bat
2150 1347 2203 1400 in
2252 1345 2473 1409 mundo,
2503 1345 2663 1400 simul
2717 1361 2840 1400 cum
2874 1345 3052 1399 anima
3103 1347 3279 1414 poenis
3318 1349 3534 1402 additur
3562 1351 3616 1404 in

2022 1434 2228 1502 futuro,
2248 1446 2306 1490 et
2338 1437 2461 1507 igne
2490 1436 2825 1492 cruciabitur
2843 1437 3120 1507 gehennm.
3145 1436 3395 1493 Vermem
3437 1449 3615 1495 autem

2023 1537 2078 1582 et
2104 1529 2280 1598 ignem
2305 1528 2355 1581 in
2389 1529 2632 1598 gehenna
2656 1543 2774 1582 esse
2805 1528 2917 1597 ipse
2948 1527 3210 1582 Dominus
3229 1539 3619 1584 commemorat

2023 1617 2076 1670 in
2126 1618 2455 1688 Evangelio,
2506 1618 2738 1673 dicens:
2795 1635 2813 1668 ι
2864 1618 2931 1671 Ει
2975 1618 3019 1671 si
3067 1617 3514 1674 scandalizaverit
3566 1630 3619 1676 te

2023 1723 2214 1761 manus
2254 1716 2369 1770 tua,
2397 1707 2654 1762 abscinde
2678 1707 2824 1760 illam
2853 1721 2866 1760 :
2903 1708 3103 1760 bonum
3127 1717 3211 1760 est
3259 1707 3355 1761 tibi
3389 1709 3616 1762 debilem

1619 1813 1632 1847 :
1678 1797 1747 1850 ad
1774 1798 1917 1865 quod
1947 1794 1994 1852 B
2023 1796 2246 1852 introire
2299 1797 2352 1850 in
2400 1798 2563 1851 vitam
2585 1838 2598 1860 ,
2629 1813 2790 1866 quam
2822 1798 2957 1851 duas
2994 1813 3186 1851 manus
3220 1796 3507 1851 habentem
3542 1799 3621 1852 ire

2024 1887 2076 1941 in
2129 1889 2453 1957 gehennam,
2490 1887 2544 1940 in
2585 1887 2764 1955 ignem
2806 1885 3320 1955 iucxstinguibilem,
3357 1886 3446 1939 ubi
3496 1901 3620 1939 vcr-

2024 1979 2126 2032 mis
2156 1993 2342 2032 eorum
2390 1995 2496 2032 non
2525 1979 2774 2041 moritur,
2815 1986 2869 2032 et
2915 1978 3054 2048 ignis
3102 1993 3208 2031 non
3257 1977 3620 2048 exstinguitur

2025 2068 2220 2141 (Marc.
2248 2071 2344 2139 lx).
2387 2090 2405 2120 ι
2456 2069 2513 2122 1η
2541 2084 2726 2123 verme
2776 2069 3115 2137 putredinem
3146 2068 3438 2135 gebennm.
3479 2067 3619 2122 sicut

2024 2162 2078 2215 in
2111 2162 2233 2230 igne
2257 2162 2506 2216 ardorem
2533 2161 2812 2230 designat;
2857 2161 2970 2214 sive
3014 2175 3252 2213 vermem
3280 2159 3411 2213 dicrt
3439 2174 3617 2213 seram

2023 2252 2288 2307 scelerum
2319 2251 2749 2321 paenitudinem,
2800 2265 2920 2319 quae
2960 2265 3239 2318 nunquam
3269 2249 3325 2303 in
3377 2258 3588 2304 tormen

2023 2344 2094 2397 tis
2138 2343 2532 2397 conscientiam
2579 2341 2904 2398 alllictorum
2955 2341 3205 2395 mordere
3256 2339 3509 2406 cessabit,
3560 2353 3618 2394 ut

2023 2433 2161 2504 ignis
2185 2433 2256 2487 sit
2288 2447 2450 2502 poma
2481 2433 2820 2487 extrinsecus
2851 2432 3100 2498 saaviens,
3131 2432 3334 2487 vermis
3358 2431 3512 2487 dolor
3535 2433 3618 2486 in-

2023 2524 2194 2579 terius
2217 2540 2500 2580 accusans.

2101 2634 2119 2666 ‹
2153 2615 2270 2669 Noli
2296 2613 2644 2684 praevaricari
2672 2614 2726 2668 in
2773 2613 3009 2668 amicum
3053 2613 3338 2684 pecuniam
3368 2611 3618 2667 dill‘eren-

2030 2724 2048 2757 ‹
2085 2714 2218 2771 tem,
2250 2719 2425 2775 neque
2454 2704 2676 2759 fratrem
2704 2704 3089 2759 charissimum
3109 2719 3242 2758 auro
3267 2702 3558 2774 spreveris.
3592 2723 3610 2755 ι

2023 2796 2172 2851 Multi
2213 2798 2493 2868 perierunt
2552 2805 2776 2866 propter
2817 2796 3126 2860 avaritiam,
3165 2805 3219 2850 et
3269 2797 3615 2866 cupiditatem

2025 2898 2360 2943 terrenarum
2410 2905 2588 2944 rerum
2641 2889 2904 2943 habentes
2957 2888 3305 2956 proximum,
3362 2889 3463 2942 hoc
3511 2896 3613 2953 est,

2023 2980 2314 3043 hominem,
2348 2981 2440 3049 qui
2491 2982 2558 3034 ad
2613 2979 2900 3050 imaginem
2947 2979 3042 3033 Dei
3095 2979 3346 3033 conditus
3385 2987 3488 3044 est,
3521 2995 3616 3033 ne-

2021 3069 2319 3140 glexerunt.
2369 3069 2493 3124 Ideo
2543 3070 2699 3124 docet
2749 3078 2809 3122 ut
2853 3069 3026 3138 magis
3077 3067 3260 3138 diligat
3308 3069 3615 3138 proximum

2024 3175 2185 3228 quam
2227 3161 2468 3229 pecunia}
2516 3161 2855 3214 thesaurum.
2893 3177 2911 3209 ι
2950 3159 3124 3213 Radix
3174 3158 3318 3213 enim
3373 3160 3614 3214 omnium

2022 3253 2286 3307 malorum
2337 3261 2422 3307 est
2454 3253 2758 3322 cupiditas,
2810 3267 2972 3320 quam
3022 3251 3240 3320 quidam
3298 3260 3615 3320 appetentes

2023 3350 2344 3397 erraverunt
2371 3359 2399 3396 a
2431 3343 2558 3408 fide,
2581 3351 2634 3396 et
2663 3343 3010 3397 inseruerunt
3041 3355 3098 3394 se
3126 3340 3404 3394 doloribus
3434 3341 3616 3396 multis

2023 3431 2087 3504 (Ι
2131 3433 2263 3486 Tim.
2297 3433 2393 3504 vi).
2432 3453 2449 3484 ι
2486 3433 2552 3487 Ει
2595 3434 2809 3497 merito,
2854 3432 2980 3502 quia
3013 3432 3300 3487 dilectione
3343 3433 3460 3497 Dei,
3497 3449 3616 3502 quae

2024 3524 2424 3579 firmamentum
2468 3535 2551 3580 est
2586 3525 2830 3594 justitice,
2857 3524 3228 3595 perdiderunt.
3279 3524 3620 3594 Quapropter

2021 3613 2258 3670 Joannes
2304 3615 2576 3679 hortatur,
2631 3616 2859 3669 dicens:
2900 3633 2918 3662 ‹
2957 3613 3133 3667 Nolite
3184 3614 3407 3683 diligere
3459 3631 3618 3667 mun-

2021 3706 2174 3772 dum,
2208 3721 2382 3775 neque
2408 3722 2472 3761 ea
2505 3720 2623 3775 qum
2667 3705 2718 3759 in
2765 3704 2965 3758 mundo
3012 3711 3156 3758 sunt.
3207 3703 3262 3756 Si
3291 3703 3412 3772 quis
3442 3705 3616 3774 diligit

2021 3799 2302 3863 mundum,
2335 3814 2441 3853 non
2472 3807 2556 3852 est
2583 3798 2823 3853 charitas
2853 3797 3027 3850 Patris
3051 3796 3102 3849 in
3127 3811 3191 3850 eo
3214 3794 3266 3867 (Ι
3295 3794 3554 3869 locum).
3591 3817 3609 3848 ι

2020 3889 2087 3943 Ει
2113 3891 2241 3944 item
2277 3910 2289 3944 :
2328 3911 2346 3941 ‹
2377 3891 2479 3958 Qui
2517 3891 2790 3954 habuerit,
2816 3890 3011 3958 inquit,
3037 3886 3394 3942 substantiam
3427 3889 3610 3940 mundi

2022 3988 2074 4032 et
2099 3979 2298 4032 viderit
2338 3978 2562 4034 fratrem
2595 3993 2750 4033 suum
2797 3991 3020 4031 necesse
3047 3976 3267 4040 habere,
3314 3982 3370 4029 et
3408 3975 3618 4030 clause-

2022 4071 2093 4125 rit
2127 4071 2337 4128 viscera
2382 4086 2478 4125 sua
2527 4071 2722 4134 abeo,
2753 4068 3026 4139 quomodo
3073 4067 3311 4123 charitas
3359 4067 3451 4121 Dei
3499 4083 3614 4120 ma-

2023 4170 2115 4215 net
2145 4161 2197 4215 in
2243 4162 2343 4216 eo?
2373 4161 2426 4232 (I
2453 4161 2616 4215 Joan.
2639 4159 2744 4231 ιιι.)
2773 4159 2871 4227 Qui
2905 4166 3126 4229 propter
3167 4158 3408 4213 amicum
3445 4157 3615 4228 negli-

2022 4252 2100 4321 git
2129 4252 2418 4316 damnum,
2444 4250 2626 4320 justus
2675 4259 2790 4317 est;
2823 4259 2879 4305 et
2905 4250 2996 4320 qui
3030 4249 3144 4305 odit
3191 4265 3438 4314 munera,
3469 4249 3615 4303 vivet

2025 4340 2208 4415 (Prov.
2237 4359 2333 4406 xu,
2377 4342 2489 4414 xv).
2523 4362 2540 4394 ι

2100 4453 2117 4484 ‹
2147 4432 2265 4487 Noli
2298 4433 2575 4488 discedere
2596 4449 2626 4487 a
2656 4433 2881 4488 muliere
2921 4441 3136 4488 sensata
3167 4441 3224 4487 et
3245 4431 3385 4487 bona
3405 4473 3420 4498 ,
3451 4447 3612 4503 quam

2033 4541 2050 4573 ι
2089 4524 2312 4578 sortitus
2356 4539 2416 4579 es
2446 4525 2498 4578 in
2533 4525 2728 4580 timore
2759 4524 2875 4579 Dei.
2913 4544 2930 4576 ›
2967 4523 3279 4578 Secundum
3332 4522 3614 4576 historiam

2027 4612 2202 4666 fmdus
2246 4612 2479 4684 conjugii
2517 4613 2839 4667 servandum
2894 4612 3069 4676 docet,
3103 4627 3170 4666 ne
3198 4609 3356 4664 facile
3383 4610 3615 4666 disrum-

2024 4709 2204 4770 patur,
2236 4701 2390 4771 juxta
2439 4702 2566 4756 illud
2601 4702 3012 4773 evangelicum:
3050 4721 3067 4752 ‹
3099 4700 3252 4768 Quod
3297 4699 3438 4753 Deus
3487 4715 3614 4753 con-

2017 4795 2194 4864 juxit,
2221 4796 2383 4848 homo
2414 4810 2520 4849 non
2568 4803 2788 4863 separet
2828 4794 3043 4865 (Matth.
3075 4793 3213 4861 XIX).
3252 4812 3270 4852 ι
3315 4790 3410 4845 Vel
3443 4790 3612 4860 magis

2014 4886 2170 4954 juxta
2201 4887 2534 4958 allegoriam,
2563 4903 2592 4940 a
2624 4887 2879 4941 societate
2911 4886 3164 4942 Ecclesia:
3185 4884 3394 4939 fidelem
3427 4900 3613 4953 quem-

2020 4979 2150 5035 libet
2174 4980 2424 5048 prohibet
2449 4979 2748 5043 discedere,
2778 4979 2903 5048 quia
2928 4989 3144 5049 pactum
3171 4978 3315 5047 quod
3345 4993 3469 5032 cum
3500 4978 3610 5031 Deo

2019 5075 2073 5128 in
2106 5073 2431 5144 baptismate
2470 5073 2692 5142 pepigit,
2743 5071 2966 5126 omnino
3011 5085 3230 5126 necesse
3270 5077 3352 5124 est
3393 5076 3450 5122 ut
3495 5084 3611 5124 ser-

2019 5172 2142 5230 vet,
2188 5163 2444 5232 quoniam
2495 5177 2690 5233 magna
2719 5161 3086 5216 remuneratio
3131 5169 3390 5230 sequetur
3416 5157 3603 5220 illum,

2020 5257 2109 5326 qui
2140 5270 2281 5310 verte
2299 5253 2571 5325 religionis
2597 5253 2734 5309 fidus
2762 5261 2846 5308 est
2865 5260 3173 5309 exsecutor.
3201 5249 3354 5306 Unde
3386 5246 3606 5316 subjun-

2019 5348 2182 5416 gitur.

2095 5458 2114 5490 ι
2150 5439 2338 5496 Gratia
2385 5439 2530 5495 enim
2563 5438 2905 5495 verecundia:
2946 5438 3088 5493 illius
3133 5449 3298 5505 super
3333 5445 3545 5487 aurum.
3576 5449 3596 5484 ι

2015 5562 2086 5572 -
2113 5550 2130 5582 ι
2168 5532 2306 5600 Quia
2332 5532 2522 5587 oculus
2545 5547 2652 5586 non
2678 5531 2832 5596 vidit,
2854 5544 2956 5584 nec
2986 5528 3134 5582 auris
3158 5522 3385 5586 audivit,
3415 5535 3517 5576 nec
3546 5519 3600 5574 iu

2016 5637 2112 5677 cor
2135 5623 2368 5677 hominis
2401 5622 2677 5686 ascendit,
2704 5637 2825 5694 qua:
2846 5615 3170 5690 praeparavit
3195 5613 3339 5671 Deus
3379 5612 3465 5668 his
3503 5612 3600 5687 qui

2015 5711 2241 5783 diligunt
2287 5713 2439 5767 illum
2486 5711 2549 5783 (I
2577 5711 2700 5765 Cor.
2744 5709 2827 5782 ιι).
2867 5728 2887 5762 ›
2923 5708 3082 5764 Putes
3130 5704 3273 5763 hanc
3313 5701 3598 5758 mulierem
