3904 6184
385 339 489 397 807

1030 331 1087 387 Β.
1131 329 1382 386 BADA-Ni
1418 326 1637 383 MAURI
1672 322 1969 383 ARClliEP

2087 320 2345 383 ouum.
2385 287 2671 377 OPERUM
2711 317 2891 375 rans
2926 320 2967 374 ι.

3553 322 3651 378 803

384 451 705 526 sapientiam
735 446 1030 518 intelligere
1051 460 1327 500 sacrarum
1354 442 1785 513 Scripturarum,
1807 447 1969 513 quam
1999 446 2051 504 Α
2078 445 2257 494 tamen
2299 434 2521 506 aequalis
2549 443 2633 490 est
2677 435 2972 490 secundum
3018 441 3227 490 natura:
3254 439 3650 507 proprietatem.

384 543 734 618 Evangelium
765 539 1115 609 margaritam
1147 536 1439 607 pretiosam
1466 528 1777 603 nuncupat,
1806 548 1970 603 quam

386 638 691 709 negotiator
718 629 1012 701 spiritualis
1039 630 1166 683 dum
1211 626 1498 693 invenerit,
1529 625 1665 681 abiit
1690 632 1745 680 et
1784 623 1972 678 vendi-

386 731 467 784 dit
497 727 677 782 omnia
716 739 837 793 qua:
860 721 1062 785 habuit,
1094 730 1147 776 et
1170 721 1302 775 emit
1338 718 1506 774 illam.
1554 719 1629 774 De
1660 717 1763 772 hac
1785 726 1841 773 et
1871 716 1973 771 Ee-

385 822 662 876 clesiastes
688 818 765 870 ait
799 835 810 869 :
842 833 860 865 ι
895 815 1028 871 Vive
1066 814 1231 868 vitam
1259 828 1383 869 cum
1422 810 1648 865 muliere
1674 824 1835 879 quam
1884 806 1971 863 di-

385 910 583 972 lexisti,
615 906 866 963 omnibus
890 906 1081 960 diebus
1128 901 1383 957 vanitatis
1413 912 1537 965 tute,
1564 900 1657 969 qui
1704 898 1812 953 dati
1846 905 1974 952 sunt

387 1000 483 1054 tibi
521 997 619 1053 sub
662 996 776 1051 sole
816 994 1014 1063 (Eccle.
1045 992 1145 1062 tx-).
1189 1013 1207 1044 ι
1249 991 1584 1062 Sapientiam
1646 1003 1874 1059 sequere
1919 994 1974 1042 et

384 1088 666 1144 scientiam
705 1085 1129 1155 Seripturarum,
1174 1090 1229 1137 et
1256 1083 1399 1136 hanc
1426 1080 1522 1137 tibi
1577 1079 1633 1134 in
1663 1078 1971 1150 eonjugium

385 1180 597 1251 copula.
638 1179 765 1233 Dies
794 1186 976 1232 autem
1005 1176 1285 1235 vanitatis,
1314 1174 1428 1229 dies
1472 1170 1632 1241 hujus
1670 1171 1851 1226 saeculi
1903 1170 1972 1225 si-

385 1274 623 1344 gnificat.
668 1272 742 1325 De
772 1269 967 1339 quibus
1008 1265 1297 1338 Apostolus
1341 1279 1448 1320 non
1499 1273 1661 1319 tacet.
1689 1262 1843 1332 Quod
1875 1278 1973 1316 au—

386 1369 494 1415 tem
543 1360 657 1413 ait:
694 1377 714 1409 (
750 1358 882 1412 Vive
926 1357 1097 1411 vitam
1150 1371 1274 1410 cum
1335 1354 1594 1418 muliere,
1657 1374 1674 1405 ι
1722 1352 1974 1422 ambigue

385 1452 585 1505 dictum
615 1457 699 1504 est
728 1468 740 1502 :
775 1448 889 1502 sive
914 1447 1034 1502 vive
1061 1455 1117 1502 et
1148 1445 1515 1515 contemplare
1540 1444 1727 1508 vitam,
1756 1452 1811 1498 et
1839 1445 1972 1514 ipse,
2012 1494 2019 1503 ,

385 1549 597 1595 etuxor
624 1547 715 1592 tua
742 1546 942 1591 tecum.
976 1535 1091 1592 Non
1123 1536 1267 1590 enim
1295 1535 1501 1605 poteris
1525 1534 1642 1589 sine
1684 1532 1775 1586 tali
1805 1546 1975 1587 uxore

386 1631 567 1686 salvus
588 1630 794 1695 vivere,
833 1627 919 1683 vel
950 1626 1132 1682 videre
1162 1627 1368 1693 vitam;
1399 1635 1454 1681 et
1482 1626 1708 1696 pulchre
1732 1622 1976 1695 praecipit

386 1723 520 1777 utin
546 1720 736 1777 diebus
767 1720 1021 1774 vanitatis
1066 1726 1288 1783 nostrae,
1315 1733 1499 1773 veram
1528 1718 1691 1771 vitam
1713 1757 1729 1781 ,
1757 1725 1813 1771 et
1851 1730 1975 1770 cum

2072 531 2229 601 Quod
2256 540 2313 587 et
2361 528 2560 585 Paulus
2590 529 2850 594 ostendit,
2881 528 3105 584 dicens:
3136 549 3153 581 ι
3187 529 3316 587 Sive
3364 533 3527 599 set-vi,
3549 536 3657 590 sive

2070 622 2249 687 liberi,
2299 636 2466 675 unum
2526 634 2713 675 sumus
2772 620 2825 674 in
2873 620 3090 676 Christo
3113 619 3163 694 (Ι
3204 619 3330 677 Cor.
3360 623 3480 695 vti).
3528 644 3547 677 ι
3597 625 3660 680 Et

2072 716 2201 771 item
2233 733 2244 769 :
2279 735 2297 765 ι
2349 713 2550 770 Servus
2583 720 2805 770 vocatus
2833 728 2892 768 es
2924 727 2938 766 :
2972 729 3080 769 non
3110 714 3184 768 sit
3212 714 3308 769 tibi
3359 730 3536 783 curat,
3569 717 3659 771 sed

2072 816 2127 863 et
2153 807 2197 861 si
2226 814 2378 877 potes
2405 805 2543 862 liber
2586 803 2731 872 fieri,
2759 806 2929 877 magis
2967 815 3143 862 utere.
3172 807 3275 875 Qui
3300 809 3443 864 enim
3474 809 3527 864 in
3560 809 3661 864 Do-

2072 898 2222 952 mino
2250 905 2477 952 vocatus
2515 905 2597 952 est
2633 912 2845 961 servus,
2884 886 3116 953 libertus
3165 907 3249 954 est
3298 898 3513 954 Domini
3544 917 3557 952 :
3592 900 3662 955 si-

2073 987 2276 1042 militer
2325 987 2414 1057 qui
2470 987 2610 1042 liber
2636 996 2862 1042 vocatus
2913 996 3027 1054 est,
3066 978 3256 1044 servus
3298 998 3384 1046 est
3439 989 3659 1046 Christi.

2071 1078 2253 1134 Pretio
2273 1080 2436 1149 empti
2468 1080 2620 1145 estis,
2652 1079 2818 1134 nolite
2846 1079 2962 1136 fieri
2992 1082 3133 1137 servi
3166 1083 3465 1139 hominum.
3490 1084 3662 1140 Unus-

2072 1169 2302 1240 quisque
2333 1170 2384 1224 in
2406 1186 2514 1240 quo
2536 1178 2760 1226 vocatus
2780 1180 2883 1238 est,
2901 1169 3121 1241 fratres,
3153 1173 3206 1228 in
3228 1175 3332 1230 hoc
3352 1186 3663 1247 permaneat

2074 1259 2213 1330 apud
2257 1260 2444 1314 Deum.
2480 1280 2499 1313 ι

2150 1368 2169 1399 ι
2202 1348 2407 1406 Pecora
2445 1349 2538 1405 tibi
2564 1351 2727 1408 sunt?
2764 1353 2983 1410 attende
3008 1353 3145 1416 illis;
3178 1363 3234 1411 et
3259 1357 3305 1413 si
3337 1364 3464 1412 sunt
3492 1357 3661 1417 utilia.

2083 1458 2102 1491 ι
2138 1451 2489 1510 perseverent
2516 1444 2658 1506 apud
2705 1452 2780 1500 te.
2820 1465 2838 1496 ι
2869 1444 3073 1502 Peeora
3103 1461 3199 1503 eos
3243 1447 3513 1519 appellat,
3543 1464 3666 1519 prn-

2077 1541 2198 1603 pter
2226 1533 2627 1604 simplicitatem
2673 1536 2875 1591 mentis
2913 1544 3077 1608 atque
3101 1537 3463 1594 humilitatem
3502 1540 3666 1609 :quia

2077 1624 2219 1679 sicut
2264 1637 2431 1693 pecus
2470 1624 2537 1678 ad
2576 1623 2783 1680 domini
2823 1627 2904 1681 sui
2928 1642 3026 1696 per
3044 1629 3223 1682 omnia
3252 1629 3561 1699 subjectum
3590 1639 3669 1685 est

2076 1714 2435 1780 voluntatem,
2465 1715 2538 1770 ita
2576 1724 2631 1771 et
2675 1730 2868 1773 servus
2893 1717 3068 1774 bonus
3092 1733 3307 1789 semper
3345 1721 3413 1776 ad
3456 1720 3666 1777 Domini

388 1815 651 1887 sapientia
688 1830 911 1870 uxorem
939 1828 1280 1884 quaeramus;
1313 1813 1430 1868 haec
1460 1813 1604 1867 enim
1634 1827 1762 1882 pars
1792 1820 1975 1866 nostra
2006 1804 2051 1865 Β
2080 1806 2161 1861 sui
2192 1814 2418 1877 paratus
2450 1817 2535 1862 est
2564 1807 2876 1865 utilitatem.
2912 1809 3064 1866 Unde
3103 1826 3212 1867 non
3241 1820 3486 1868 meretur
3529 1812 3668 1868 «indi-

386 1913 492 1969 est,
507 1916 562 1960 et
587 1905 677 1960 hic
699 1903 903 1959 laboris
931 1903 1160 1970 fruetus,
1186 1904 1232 1958 si
1257 1903 1312 1957 in
1335 1902 1436 1958 hac
1466 1903 1575 1956 vita
1602 1901 1878 1957 umbratili
1910 1902 1985 1957 vi~

390 2004 502 2050 tam
530 2005 788 2051 aeternam
816 1994 1062 2049 invenire
1083 1993 1383 2049 valeamus.

983 2083 1212 2141 CAPUT
1251 2071 1383 2139 Vill.

803 2173 881 2228 De
922 2189 1066 2228 servo
1117 2173 1250 2227 bona
1290 2181 1340 2227 et
1390 2169 1554 2242 βάρη.

463 2287 483 2319 ι
518 2266 637 2322 Non
662 2265 827 2321 ltedas
852 2280 1067 2321 servum
1093 2263 1147 2319 in
1176 2262 1408 2320 veritate
1436 2274 1773 2335 operantem,
1806 2281 1980 2336 neque

392 2378 411 2411 ι
445 2356 841 2414 mercenarium
890 2354 1110 2409 dantem
1153 2354 1390 2425 animam
1447 2370 1623 2409 suam.
1662 2374 1679 2406 ι
1712 2356 1981 2412 Admonet

389 2449 668 2520 Sapientia
693 2457 751 2503 ut
776 2447 1097 2504 modestiam
1120 2455 1176 2501 et
1193 2447 1467 2516 aequitatis
1501 2447 1741 2518 regulam
1769 2446 1819 2502 in
1852 2448 1978 2503 sub-

386 2541 516 2596 ditis
554 2538 757 2595 nostris
802 2550 1206 2593 conservemus.
1238 2536 1361 2590 Non
1396 2536 1539 2591 enim
1572 2537 1728 2592 decet
1772 2546 1832 2591 ut
1858 2553 1976 2592 ser-

385 2645 487 2684 vus
535 2629 761 2684 devotus
812 2636 867 2682 et
912 2627 1052 2682 bene
1099 2640 1352 2697 operans,
1383 2636 1605 2696 propter
1634 2626 1975 2681 insolentiam

387 2719 598 2774 Domini
631 2718 713 2773 sui
760 2716 1087 2772 calumniam
1140 2715 1407 2787 patiatur;
1435 2729 1614 2785 neque
1658 2724 1719 2769 ut
1772 2729 1978 2770 merce-

386 2811 575 2865 narius
602 2808 780 2864 debita
816 2806 1017 2863 laboris
1069 2806 1150 2862 sui
1208 2805 1456 2862 mercede
1510 2805 1820 2872 fraudetur,
1850 2805 1974 2875 quia

389 2900 578 2970 legalis
602 2907 657 2954 et
684 2897 977 2968 apostolica
1030 2895 1189 2952 lectio
1218 2896 1504 2951 evidenter
1537 2896 1713 2961 docet,
1744 2905 1803 2951 ιιι
1847 2909 1979 2950 una-

386 3004 612 3062 qua:th
637 3004 867 3059 persona
895 3003 1018 3043 cum
1063 2988 1322 3059 :equitate
1351 2995 1632 3042 tractetur.
1668 2986 1802 3042 Nam
1839 2985 1977 3043 Pau-

384 3079 469 3134 lus
495 3080 565 3134 ad
587 3078 769 3135 Titum
799 3076 1214 3146 scribensjnbet
1241 3090 1428 3130 servos
1457 3076 1691 3132 dominis
1712 3077 1824 3132 suis
1849 3077 1976 3133 sub-

2086 1910 2191 1966 gne
2220 1895 2401 1964 abjici,
2438 1897 2533 1952 sed
2565 1911 2687 1952 cum
2709 1898 2855 1953 omni
2879 1898 3161 1971 diligentia
3188 1901 3483 1959 reservari.

2160 2007 2179 2039 ι
2216 1987 2335 2043 Filii
2361 1988 2457 2044 tibi
2481 1991 2647 2046 sunt?
2674 1976 2829 2047 crudi
2867 1992 3011 2058 illos,
3047 2002 3103 2048 et
3124 1978 3285 2050 curva
3325 1995 3445 2052 illos
3489 2012 3523 2051 a
3552 2012 3669 2067 pue-

2092 2099 2108 2131 ι
2152 2080 2275 2134 ritia
2329 2080 2563 2136 illorum.
2617 2101 2636 2134 ι
2694 2082 2807 2140 Hac
2857 2085 3126 2141 sententia
3173 2085 3410 2157 qualiter
3460 2087 3669 2143 servilis

2081 2171 2322 2227 conditio
2379 2172 2667 2228 nutrienda
2710 2174 2816 2241 sit,
2868 2184 3057 2242 aperte
3119 2160 3476 2233 monstratur.
3526 2178 3668 2234 me.

2080 2271 2202 2316 etus
2227 2276 2359 2332 ergo
2389 2261 2620 2317 filiorum
2656 2278 2877 2335 propter
2900 2266 2990 2333 jus
3030 2275 3242 2322 naturae
3273 2268 3489 2324 fovendi
3516 2279 3667 2332 sunt;

2080 2352 2173 2407 sed
2205 2351 2488 2423 disciplina
2542 2352 2765 2411 fortiore
2805 2364 3029 2427 propter
3066 2358 3475 2415 instabilitatem
3527 2376 3667 2416 men~

2083 2443 2150 2497 tis
2193 2443 2468 2524 domandi.
2512 2442 2661 2502 Unde
2703 2462 2756 2501 tn
2806 2448 3200 2517 posterioribus
3239 2450 3395 2506 istius
3432 2450 3567 2506 libri
3599 2451 3666 2505 di-

2079 2532 2219 2587 citur
2251 2552 2262 2586 :
2304 2552 2321 2583 ι
2358 2533 2597 2600 Cibaria,
2624 2546 2673 2592 et
2710 2541 2878 2608 virga,
2908 2548 2961 2594 et
2987 2553 3147 2604 onus,
3170 2538 3325 2595 asino
3351 2559 3364 2594 :
3394 2541 3580 2609 panis,
3619 2548 3669 2595 et

2079 2627 2400 2697 disciplina,
2449 2637 2498 2685 el
2552 2645 2721 2698 opus.
2753 2645 2933 2687 servo.
2967 2633 3239 2701 Operatur
3268 2649 3324 2687 tn
3364 2616 3669 2704 disciplina.

2078 2728 2134 2774 et
2160 2719 2350 2788 quatrit
2387 2720 2727 2787 requiescere
2758 2739 2772 2775 :
2799 2722 2919 2777 laxa
2952 2737 3147 2779 manus
3171 2722 3271 2790 illi,
3293 2731 3349 2779 et
3378 2729 3573 2795 quaerit
3607 2724 3670 2779 ii-

2081 2810 2347 2868 bertatem
2372 2809 2571 2878 (Eccte.
2597 2813 2816 2886 χχχιιι).
2863 2833 2882 2867 ›

2157 2923 2176 2956 ι
2219 2905 2367 2961 Filiae
2394 2906 2486 2961 tibi
2519 2918 2678 2971 sunt,
2727 2922 2882 2963 serva
2928 2922 3127 2977 corpus
3171 2908 3425 2975 illarum,
3474 2919 3531 2966 et
3570 2924 3667 2964 non

2087 3013 2107 3047 ι
2151 2995 2405 3052 ostendas
2452 2995 2680 3052 hilarem
2725 2995 2916 3053 faciem
2960 3004 3107 3052 tuam
3151 2999 3218 3055 ad
3268 2999 3411 3055 illas.
3460 3018 3485 3052 ι
3527 2998 3671 3055 Sicut

2080 3087 2329 3155 superius
2379 3087 2548 3142 bonos
2602 3102 2792 3145 servos
2816 3089 2867 3144 in
2913 3088 3030 3145 loco
3074 3090 3310 3146 ﬁliorum
3337 3092 3549 3147 habere
3583 3090 3671 3149 do-

386 3169 529 3224 ditos
557 3183 700 3232 esse,
719 3166 773 3221 in
801 3166 1052 3222 omnibus
1076 3164 1372 3235 placentes,
1388 3179 1493 3219 non
1517 3166 1973 3233 contradicentes,
2004 3160 2049 3223 C
2081 3176 2216 3239 cuit,
2234 3177 2314 3231 sic
2335 3183 2389 3231 et
2408 3192 2554 3233 nunc
2575 3177 2798 3234 annuas
2820 3178 2871 3235 in
2896 3179 3014 3236 loco
3033 3181 3261 3237 imarum
3280 3181 3482 3238 haben
3499 3183 3639 3240 ωδεχ
3653 3198 3668 3245 ς

387 3277 495 3315 ιιοιι
524 3257 857 3321 frandautes,
889 3256 983 3311 sed
1008 3255 1063 3309 in
1090 3255 1344 3310 omnibus
1368 3254 1527 3311 fidem
1577 3257 1767 3311 bonam
1796 3269 1975 3313 osten-

385 3352 598 3415 dentes,
630 3356 690 3402 ut
717 3347 1019 3402 doctrinam
1048 3343 1349 3400 Salvatoris
1383 3345 1475 3399 Dei
1503 3347 1671 3401 nostri
1701 3358 1896 3403 ornem
1921 3349 1975 3404 in

385 3441 639 3497 omnibus
675 3438 803 3512 (Tit.
837 3439 921 3510 ιι).
952 3438 1097 3494 ldem
1144 3438 1197 3491 in
1233 3438 1468 3507 Epistola
1511 3440 1577 3494 ad
1607 3440 1973 3507 Colossenses,

385 3542 673 3603 postquam
707 3544 896 3585 servos
921 3528 1127 3595 docuit,
1158 3537 1217 3582 ut
1245 3529 1502 3584 obediant
1529 3545 1627 3601 per
1672 3531 1849 3586 omnia
1883 3532 1976 3587 dn-

384 3624 551 3682 miuis
598 3621 910 3678 carnalibus
961 3638 1067 3677 non
1117 3621 1186 3701 ad
1231 3620 1445 3676 oculum
1492 3624 1793 3679 servientes
1822 3626 1976 3695 quasi

385 3714 698 3773 hominibus
744 3712 1043 3783 placentes,
1074 3710 1169 3767 sed
1199 3712 1252 3766 in
1288 3710 1638 3783 simplicitate
1666 3713 1867 3780 cordis,
1918 3715 1985 3770 ti-

386 3817 597 3864 mentes
636 3805 827 3871 Deum,
856 3805 1089 3861 dominis
1115 3805 1395 3876 pratcepit,
1419 3805 1605 3861 dicens
1637 3826 1649 3860 :
1688 3824 1705 3858 ι
1741 3806 1980 3875 Domini,

384 3899 529 3971 quod
550 3897 757 3966 justum
802 3905 886 3951 est
915 3902 971 3951 et
994 3910 1207 3966 aequum
1259 3896 1432 3951 servis
1460 3907 1713 3967 praestate
1744 3917 1758 3951 :
1801 3898 1977 3953 scien-

388 4001 468 4044 tes
489 3988 633 4059 quod
660 3995 716 4042 et
742 4001 838 4041 vos
882 3986 1168 4041 Dominum
1201 3984 1415 4041 habetis
1465 3986 1517 4040 iu
1563 3986 1702 4042 cteln
1750 3987 1971 4058 (Coloss.

386 4082 490 4153 ιιι).
518 4102 537 4134 ι
559 4081 660 4148 Qui
685 4078 830 4134 enim
850 4076 1100 4146 injuriam
1127 4077 1523 4148 facit,rccipi'ct
1550 4077 1602 4132 id
1623 4079 1763 4148 (puni
1792 4078 1975 4149 inique

385 4171 585 4242 gessit;
631 4177 686 4224 et
710 4185 817 4224 non
847 4176 931 4224 εει
965 4183 1319 4238 personarum
1346 4167 1587 4237 acceptio
1614 4168 1755 4238 apud
1784 4168 1972 4225 Deum.

388 4263 462 4315 De
509 4258 861 4314 mercenariis
891 4273 1022 4312 vero
1060 4258 1113 4311 in
1161 4257 1581 4312 Deuteronomio
1607 4259 1678 4311 ita
1712 4257 1976 4313 Dominus

388 4352 645 4406 mandat:
682 4368 702 4400 ‹
757 4348 875 4405 Non
925 4347 1150 4419 negabis
1198 4342 1506 4427 mercedem
1545 4347 1869 4420 indigentis,
1922 4359 1977 4403 et

382 4442 638 4512 pauperis
672 4440 858 4495 fratris
888 4439 965 4495 tui
993 4440 1108 4495 sive
1145 4437 1385 4505 advenae,
1433 4439 1525 4511 qui
1577 4449 1753 4495 tecum
1796 4456 1976 4495 mora-

386 4548 475 4589 tur
512 4535 565 4588 in
593 4532 998 4615 terra,et_intra
1024 4542 1209 4601 portas
1242 4539 1362 4586 tuas
1390 4539 1507 4597 est;
1549 4532 1642 4588 sed
1672 4533 1860 4589 eadem
1887 4534 1974 4589 die
2006 4503 2053 4563 θ

387 4624 578 4680 reddes
612 4624 662 4680 ei
696 4622 979 4694 prmmium
1002 4692 1005 4695 Ἴ
1028 4620 1231 4675 laboris
1260 4621 1344 4675 sui
1376 4629 1503 4676 ante
1530 4621 1661 4678 solis
1696 4637 1970 4689 occasmu,

383 4718 511 4787 quia
539 4730 744 4788 pauper
797 4722 903 4780 est,
932 4720 988 4768 et
1006 4727 1072 4768 eo
1103 4719 1373 4767 sustentat
1395 4713 1634 4767 animam
1682 4728 1835 4768 suam
1853 4750 1869 4780 ,
1904 4730 1974 4770 ne

383 4807 584 4862 clamet
608 4813 793 4861 contra
842 4811 897 4859 te
947 4802 1015 4858 ad
1043 4801 1353 4869 Dominum,
1400 4810 1456 4858 et
1484 4812 1767 4874 repntetur
1795 4804 1888 4861 tibi
1917 4805 1970 4862 iu

385 4904 670 4967 peccatum
699 4895 879 4967 (Deut.
912 4892 1086 4960 χχιι).

459 5007 481 5038 ι
522 4986 724 5042 Servus
757 4994 1008 5042 sensatus
1060 4986 1133 5039 sit
1172 4984 1271 5040 tibi
1320 4985 1551 5042 dilectus
1601 4988 1753 5058 quasi
1792 4990 1971 5045 anima

394 5102 411 5134 ι
456 5090 547 5136 tua
579 5097 592 5132 :
623 5094 731 5133 non
772 5077 1062 5133 defraudes
1081 5077 1232 5131 illum
1258 5075 1529 5146 libertate,
1554 5095 1729 5151 neque
1758 5081 1974 5152 inopem

391 5197 410 5227 ι
447 5172 791 5241 derelinquas
842 5170 1011 5225 illum.
1048 5190 1066 5223 ι
1100 5169 1330 5243 Dignum
1379 5179 1463 5227 est
1507 5180 1569 5227 ut
1624 5188 1815 5229 servus
1860 5175 1974 5230 sive

379 5265 681 5339 discipulus
704 5263 1011 5336 intelligens
1037 5273 1093 5320 et
1128 5265 1423 5320 benevolus
1448 5266 1738 5323 dilectione
1769 5266 1974 5323 domini

380 5361 466 5415 sui
508 5375 613 5413 non
638 5366 844 5422 careat,
871 5372 971 5412 nec
999 5356 1241 5428 privetur
1267 5366 1539 5429 potestate
1565 5374 1805 5430 congrua
1834 5356 1973 5416 bene

381 5450 673 5523 operan‘di,
703 5463 880 5519 neque
920 5447 1180 5504 violentia
1236 5449 1516 5505 servitutis
1567 5465 1859 5521 oppressus
1904 5452 1974 5506 ad

384 5543 625 5616 inopiam
668 5544 1012 5616 perducatur.
1068 5541 1176 5619 Sed
1227 5551 1287 5597 ut
1337 5543 1604 5616 condigna
1662 5544 1974 5615 provisione

385 5635 438 5688 in
476 5635 728 5704 omnibus
775 5634 823 5689 ei
864 5643 1205 5705 procuretur,
1253 5644 1310 5688 et
1349 5643 1411 5688 ut
1461 5633 1631 5691 frater
1685 5643 1969 5691 tractetur.

385 5722 521 5788 Quia
567 5724 691 5779 licet
730 5739 828 5794 per
892 5724 1254 5781 conditionem
1312 5722 1539 5783 inferior
1578 5728 1647 5782 sit
1696 5728 1969 5798 servilem,

2079 3268 2173 3324 sed
2218 3275 2398 3324 tamen
2439 3284 2563 3324 cum
2599 3269 2917 3341 disciplina,
2945 3284 3082 3328 Sicut
3132 3272 3224 3327 lilii
3263 3273 3500 3328 habenda
3531 3281 3669 3333 sunt.

2077 3358 2302 3427 proinde
2343 3357 2468 3415 alibi
2500 3360 2762 3441 scriptum
2791 3370 2875 3417 est
2908 3381 2921 3415 :
2958 3381 2974 3414 ι
3026 3363 3188 3419 Laeta
3237 3365 3438 3424 tilium.
3490 3376 3543 3421 et
3576 3381 3669 3434 pa-

2076 3455 2292 3503 ventem
2324 3457 2375 3503 te
2397 3447 2557 3505 faciet
2583 3467 2596 3503 :
2625 3449 2747 3505 lude
2770 3466 2894 3508 cum
2921 3469 3008 3515 eo,
3025 3464 3073 3510 ct
3099 3455 3443 3511 contristabit
3466 3468 3542 3511 te.
3563 3455 3670 3509 .\nu

2078 3538 2327 3594 arrideas
2350 3539 2445 3595 illi.
2465 3555 2535 3596 ne
2558 3540 2765 3621 doleas,
2791 3554 2845 3598 et
2877 3543 2928 3599 in
2959 3545 3256 3603 novissimo
3283 3548 3670 3618 obstupestaut

2079 3629 2268 3685 dentes
2298 3629 2372 3684 tui
2408 3629 2596 3700 (Eccti.
2630 3636 2782 3702 xxx).

2696 3732 2923 3789 CAPUT
2965 3733 3053 3789 IX.

2369 3818 2449 3873 De
2474 3822 2780 3890 parentibus
2814 3824 3139 3878 Irounrtmdis
3165 3841 3196 3877 (ι
3222 3824 3373 3894 ﬁliis.

2155 3926 2172 3959 ι
2212 3906 2388 3966 Trade
2418 3908 2609 3976 filiam,
2638 3921 2693 3966 et
2725 3912 2928 3982 grande
2955 3928 3094 3982 opus
3124 3912 3347 3975 feceris,
3379 3926 3432 3970 et
3473 3917 3676 3973 homini

2083 4021 2102 4053 ι
2149 4012 2368 4060 seusato
2397 4006 2464 4059 da
2492 4004 2656 4060 illam.
2691 4024 2710 4058 ι
2741 4005 2902 4060 ‘l‘radi
2940 4006 3104 4061 tiliam
3126 4009 3301 4074 jubet,
3324 4019 3381 4079 et
3406 4010 3678 4079 subjicere

2080 4094 2443 4153 matrimonio.
2475 4112 2540 4151 ne
2570 4096 2708 4151 forte
2739 4095 2984 4151 lasciviat
3012 4096 3064 4150 in
3092 4097 3253 4153 denm
3285 4111 3603 4169 parentum,
3627 4112 3680 4156 et

2077 4196 2297 4243 corruat
2341 4186 2583 4243 libidine.
2623 4188 2820 4258 Sicque
2857 4189 3065 4261 grande
3088 4205 3246 4261 opus,
3276 4191 3379 4248 hoc
3406 4205 3495 4248 est
3529 4196 3675 4254 utile.

2079 4276 2204 4331 dicit
2234 4287 2531 4345 peractum.
2576 4278 2716 4345 Quia
2747 4278 2940 4334 melius
2971 4288 3055 4335 est
3083 4290 3144 4334 ut
3186 4282 3287 4343 sub
3326 4286 3581 4340 custodia
3625 4296 3680 4341 et

2079 4366 2359 4436 disciplina
2413 4367 2510 4421 viri
2561 4379 2779 4424 maneat
2818 4379 3069 4436 servata,
3097 4387 3263 4442 (piam
3296 4375 3353 4429 in
3377 4375 3547 4433 domo
3588 4394 3680 4447 pa-

2080 4467 2328 4521 rentum,
2378 4474 2499 4513 eum
2538 4459 2651 4529 jam
2703 4461 3048 4530 superaddita
3100 4474 3223 4530 est,
3271 4468 3683 4525 contaminetnr

2080 4545 2340 4616 neglecta.
2389 4547 2493 4602 Sed
2527 4555 2586 4602 ιιι
2613 4548 2715 4604 hoc
2759 4548 2970 4607 facilius
3007 4554 3179 4623 possit
3224 4557 3438 4624 perlici,
3468 4557 3677 4614 homini

2074 4646 2312 4700 sensato,
2343 4637 2444 4693 hoc
2486 4646 2571 4693 est
2613 4638 2897 4709 prudenti,
2929 4648 2987 4695 et
3030 4650 3252 4699 strenuo
3298 4647 3529 4701 mandat
3559 4662 3678 4703 eam

2079 4727 2310 4783 tradere.
2358 4728 2431 4783 Ita
2469 4729 2613 4793 enim
2652 4729 2991 4787 solummodo
3033 4743 3247 4789 servata
3278 4738 3405 4791 erit.
3440 4737 3584 4806 Quia
3623 4748 3683 4793 ut

2075 4818 2129 4873 in
2162 4818 2465 4875 Proverbiis
2486 4821 2749 4891 scriptum
2771 4831 2854 4881 est
2878 4839 2892 4876 :
2916 4840 2939 4873 ι
2966 4822 3069 4890 Qui
3100 4825 3349 4896 graditur
3370 4830 3676 4898 sapienter,

2074 4908 2177 4965 iste
2205 4909 2520 4966 salvabitur.
2549 4911 2651 4980 Qui
2681 4921 2864 4969 autem
2892 4915 3066 4969 nutrit
3089 4926 3288 4983 scorta,
3322 4920 3521 4988 perdet
3549 4923 3675 4977 sub.

2076 5000 2330 5055 stantiam
2355 4999 2537 5073 (Prov.
2573 5005 2785 5076 xxviii).

2152 5109 2172 5142 ι
2207 5091 2396 5148 Mulier
2427 5094 2472 5148 si
2504 5104 2585 5149 est
2618 5080 2717 5151 tibi
2743 5098 3047 5154 secundum
3082 5099 3323 5156 animam
3369 5110 3547 5168 tuam.
3569 5118 3674 5158 non

2082 5198 2100 5232 ι
2141 5179 2395 5252 projicias
2436 5184 2617 5250 illam;
2660 5195 2715 5242 et
2757 5187 2942 5245 odibili
2991 5206 3102 5246 non
3147 5192 3344 5248 eredas
3375 5202 3429 5247 te
3465 5194 3527 5250 in
3558 5202 3676 5249 toto

2080 5292 2101 5325 ‹
2142 5275 2324 5330 corde.
2348 5295 2366 5328 ι
2399 5275 2498 5331 llic
2536 5276 2686 5335 locus
2727 5279 2853 5335 licet
2884 5281 3135 5337 videatur
3156 5284 3545 5340 continendam
3570 5300 3673 5355 μιν

2075 5365 2316 5421 dicitiam
2364 5364 2722 5438 conjugalcm,
2752 5378 2812 5425 ut
2839 5372 2953 5441 ipsa
2992 5372 3107 5427 sola
3148 5372 3391 5443 legitime
3432 5382 3670 5434 ιἐιειιιιι.

2074 5464 2362 5527 spernatur
2381 5458 2558 5514 onmis
2585 5461 2937 5517 meretricum
2960 5471 3014 5518 et
3053 5464 3478 5520 concubinarum
3506 5464 3671 5528 fetor.

2075 5557 2312 5604 attamen
2362 5549 2553 5607 altiore
2596 5568 2757 5609 sensu
2798 5571 2897 5610 nos
2936 5557 3210 5622 admonet,
3242 5565 3307 5611 ut
3340 5558 3671 5615 catboticain

2077 5640 2236 5695 tidem
2261 5656 2384 5696 cum
2413 5658 2542 5697 vera
2576 5645 2856 5716 religione,
2880 5663 3042 5718 quam
3072 5649 3309 5723 primum
3328 5658 3455 5720 post
3484 5647 3667 5718 bapti-

2076 5730 2177 5787 smi
2225 5733 2626 5803 perceptionem
2669 5738 2848 5792 sortiti
2888 5754 3098 5806 sumus,
3130 5722 3363 5796 firmiter
3391 5748 3663 5803 tenentes,
