3928 6182
241 287 343 344 309

1137 272 1492 346 comment.
1533 287 1601 344 IN
1641 285 2259 346 ECCLESIASTICUM.
2299 319 2370 329 —
2408 287 2535 344 ue.
2577 290 2643 345 n.

3425 294 3525 353 8εο

236 414 455 456 omnem
486 397 867 453 haireticorum
897 396 1182 468 perﬁdiam
1225 399 1440 468 penitus
1480 413 1825 470 spei-namus.
1859 401 1909 460 Α
1937 412 2044 453 non
2073 397 2252 454 diﬁ'ert
2277 397 2524 455 conferre
2544 399 2799 456 Ecclesiae
2821 401 3105 459 ministris.
3136 404 3212 460 De
3233 420 3341 477 quo
3361 416 3416 464 et
3434 423 3526 467 se-

237 493 315 548 De
343 507 454 564 quo
478 498 533 545 et
558 490 613 544 in
643 489 953 544 Proverbiis
980 487 1260 559 Sapientia
1302 491 1575 555 hortatur,
1604 489 1792 544 dicens
1819 507 1831 541 :

244 603 262 635 ‹
299 583 425 647 Fili,
455 582 582 636 audi
617 595 727 647 me,
752 590 808 635 et
835 581 1056 634 attende
1086 580 1265 635 verbis
1295 581 1407 636 oris
1460 582 1584 645 mei,
1621 595 1688 635 ne
1715 581 1839 635 abs-

242 675 491 731 trahatur
539 686 692 726 mens
737 679 828 724 tua
884 670 940 724 in
985 670 1088 724 viis
1130 669 1293 736 illius,
1326 683 1505 740 neque
1551 669 1841 740 decipiaris

239 764 452 824 semitis
480 762 616 832 ejus.
650 760 846 815 Multos
876 760 1020 815 enim
1057 760 1373 816 vulneratos
1403 761 1620 830 dejecit,
1647 768 1703 815 et
1727 759 1839 814 for-

241 857 438 913 tissimi
461 856 661 925 quique
685 851 956 908 interfecti
981 852 1198 907 sunt-ab
1221 867 1304 906 ea.
1333 852 1445 909 Vite
1466 851 1624 908 inferi
1651 853 1844 907 domus

241 947 380 1017 ejus,
413 952 763 1016 penetrantes
788 942 1047 996 interiora
1079 943 1268 996 mortis
1295 939 1482 1013 (Prov.
1509 940 1626 1013 vn).
1654 960 1672 993 ι

318 1057 338 1090 ι
376 1037 594 1093 Honora
641 1041 853 1106 patrem
902 1041 1074 1097 tuum,
1103 1041 1158 1087 et
1205 1033 1466 1104 gemitum
1507 1033 1702 1088 matris
1739 1041 1843 1087 tute

247 1148 266 1182 ι
312 1144 382 1184 ne
407 1125 770 1190 obliviscaris;
804 1132 1080 1178 memento
1130 1124 1384 1193 quoniam
1439 1123 1543 1178 nisi
1585 1139 1681 1194 per
1723 1123 1844 1178 illos

248 1246 266 1279 ι
309 1233 474 1278 natus
512 1237 622 1276 non
667 1219 896 1283 fuisses;
929 1226 982 1270 et
1017 1217 1260 1272 retribuc
1305 1217 1443 1282 illis,
1475 1217 1747 1287 quomodo
1789 1225 1842 1271 et

248 1334 268 1367 α
313 1314 390 1368 illi
424 1312 543 1367 tibi.
568 1331 586 1362 ι
623 1309 833 1379 Saepius
865 1308 1212 1362 commendat
1241 1309 1500 1362 honorem
1531 1316 1838 1378 parentum,

241 1405 500 1476 quoniam
530 1401 661 1456 illud
691 1400 1005 1454 mandatum
1041 1399 1274 1468 primum
1315 1406 1399 1453 est
1446 1398 1501 1453 in
1543 1399 1840 1470 repromis—

241 1495 414 1550 sione.
463 1490 619 1548 Unde
659 1496 715 1545 et
751 1488 952 1542 Paulus
995 1487 1153 1543 docet
1197 1485 1424 1553 viduas,
1459 1501 1579 1556 quae
1617 1486 1758 1543 ﬁlios
1788 1497 1842 1542 et

242 1593 470 1655 nepotes
499 1581 724 1647 habent,
752 1589 814 1634 ut
839 1579 1051 1634 discant
1072 1574 1312 1648 primum
1333 1579 1552 1633 domum
1578 1594 1732 1635 suam
1759 1594 1844 1633 re-

243 1693 374 1749 gere
398 1718 414 1743 ,
467 1683 523 1730 et
569 1681 812 1728 mutuam
854 1671 1030 1727 vicem
1082 1670 1311 1725 reddere
1346 1670 1666 1741 parentibus
1695 1689 1707 1724 :
1735 1671 1840 1726 hoc

1940 489 2128 558 quitur
2157 507 2170 542 :

2015 598 2034 631 ι
2072 579 2149 634 Da
2195 579 2300 634 illis
2337 589 2545 651 partem
2583 583 2725 638 sicut
2752 584 3067 640 mandatum
3097 597 3180 643 est
3211 591 3306 644 tibi
3335 591 3532 662 primi-

1946 693 1964 724 ι
2012 674 2208 728 tiarum
2239 683 2296 730 et
2320 677 2678 746 purgationis,
2709 688 2764 733 et
2797 680 2864 734 de
2890 680 3212 751 negligentia
3247 695 3334 738 tua
3367 700 3534 757 purga

1948 783 1966 816 ‹
2008 772 2062 820 te
2087 780 2210 820 cum
2255 767 2460 836 paucis.
2489 786 2506 818 ι
2533 767 2904 824 Primitiarum
2929 779 2983 824 et
3012 770 3343 827 decimarum
3375 784 3538 845 atque

1943 855 2275 912 oblationum
2312 857 2649 913 diversarum
2692 859 3012 926 oblationes,
3042 877 3162 931 qua:
3191 863 3452 919 Dominus
3481 867 3537 920 in

1944 945 2060 1017 lege
2077 946 2240 1014 jussit
2264 947 2471 1014 offerri,
2504 951 2570 1004 ad
2594 953 2936 1006 sacerdotum
2967 961 3022 1007 et
3051 953 3334 1008 levitarum
3376 972 3536 1012 usum

1941 1039 2306 1108 pertinebant.
2355 1041 2579 1096 Dicente
2627 1043 2854 1097 Domino
2901 1045 2967 1098 ad
3005 1043 3184 1099 Aaron
3223 1055 3274 1100 et
3302 1047 3367 1100 ad
3397 1048 3537 1104 ﬁlios

1942 1131 2096 1200 ejus:
2128 1149 2146 1182 ι
2185 1129 2386 1188 Omnes
2431 1132 2700 1203 primitias
2748 1137 3075 1203 sanctuarii,
3119 1154 3256 1208 quas
3300 1139 3538 1196 offerunt

1941 1219 2036 1274 ﬁlii
2067 1219 2228 1275 Israel
2262 1221 2514 1288 Domino,
2552 1225 2648 1279 tibi
2682 1226 2803 1280 dedi
2833 1237 2887 1281 et
2916 1227 3038 1283 filiis
3077 1245 3142 1284 ac
3179 1230 3391 1286 ﬁliabus
3428 1233 3536 1287 tuis

1934 1305 2058 1376 jure
2083 1319 2365 1379 perpetuo.
2397 1310 2622 1367 Pactum
2666 1315 2794 1370 salis
2819 1325 2903 1370 est
2929 1319 3318 1386 sempiternum
3349 1337 3534 1376 coram

1941 1397 2170 1453 Domino
2197 1401 2294 1455 tibi
2325 1417 2390 1456 ac
2428 1402 2554 1458 ﬁliis
2589 1404 2716 1459 tuis.
2750 1406 3002 1475 Dixitque
3032 1407 3294 1464 Dominus
3329 1411 3394 1463 ad
3423 1411 3532 1464 Aa-

1942 1505 2040 1546 ron
2069 1509 2083 1543 :
2108 1489 2167 1544 In
2203 1500 2347 1546 terra
2375 1507 2565 1548 eorum
2589 1496 2722 1550 nihil
2750 1497 3116 1567 possidebitis,
3142 1516 3242 1556 nec
3270 1502 3537 1558 habebitis

1940 1590 2151 1651 partem
2173 1583 2313 1638 inter
2342 1599 2455 1640 eos.
2491 1586 2602 1656 Ego
2620 1602 2749 1656 pars
2770 1597 2823 1643 et
2847 1589 3138 1646 hereditas
3162 1599 3256 1646 tua
3284 1594 3336 1647 in
3361 1595 3537 1650 medio

1942 1668 2174 1726 ﬁliorum
2204 1670 2400 1739 Israel;
2424 1674 2558 1731 ﬁliis
2578 1685 2760 1732 autem
2783 1679 2910 1734 Levi
2934 1682 3054 1736 dedi
3083 1697 3272 1739 omnes
3297 1686 3536 1743 decimas

244 1770 390 1825 enim
431 1775 711 1837 acceptum
741 1771 824 1819 est
850 1778 1036 1819 coram
1063 1760 1192 1817 Deo.
1225 1761 1395 1816 Aliter
1419 1770 1600 1817 autem
1625 1777 1641 1816 :
1668 1761 1836 1818 Deum
1871 1756 1914 1815 Β
1942 1758 2157 1817 lsraelis
2182 1763 2236 1818 in
2264 1767 2660 1834 possessionem
2684 1785 2780 1838 pro
2807 1769 3134 1840 ministerio,
3161 1791 3268 1846 quo
3293 1779 3538 1833 serviunt

243 1861 466 1918 Patrem
496 1872 642 1916 recta
673 1857 800 1924 ﬁde,
827 1867 881 1913 et
905 1858 1063 1913 bonis
1090 1857 1346 1927 operibus
1374 1858 1648 1914 honorare
1673 1858 1836 1913 debe-

244 1969 398 2019 mus;
433 1961 488 2007 et
530 1951 788 2023 gemitum
833 1949 1023 2004 matris
1067 1949 1346 2015 Ecclesiae,
1376 1965 1496 2021 quae
1527 1967 1624 2006 nos
1652 1958 1841 2022 partu-

246 2045 439 2101 riendo
479 2043 708 2098 multum
760 2041 1055 2106 laboravit,
1102 2057 1210 2096 non
1263 2043 1533 2108 oblivisci,
1586 2045 1840 2114 quoniam

246 2153 379 2201 non,
412 2135 519 2188 nisi
553 2149 652 2204 per
699 2131 843 2197 illos,
871 2129 1169 2187 Christiani
1209 2131 1522 2197 fuissemus,
1550 2143 1606 2188 et
1648 2134 1702 2188 in
1744 2151 1844 2190 nu-

248 2242 402 2282 mero
432 2224 663 2278 ﬁliorum
701 2222 798 2276 Dei
827 2235 933 2276 non
981 2231 1439 2292 computaremur.
1473 2221 1666 2279 Omnia
1696 2224 1840 2278 enim

249 2317 386 2372 bona
408 2313 557 2383 justa
586 2321 641 2370 et
678 2321 892 2378 sancta,
919 2328 1040 2383 qua:
1069 2311 1225 2367 nobis
1263 2311 1532 2379 fecerunt,
1558 2329 1684 2368 eum
1713 2330 1843 2384 gra-

249 2409 451 2463 tiarum
501 2406 715 2460 actione
761 2403 1022 2473 recipere,
1046 2412 1101 2458 et
1134 2403 1348 2460 laudem
1391 2406 1714 2474 condignam
1740 2405 1844 2463 illis

248 2499 458 2555 referre
486 2499 766 2553 debemus.
801 2494 902 2551 Cui
925 2496 1089 2551 etiam
1129 2498 1310 2552 sensui
1339 2499 1620 2568 sequentia
1650 2498 1842 2554 viden-

251 2601 338 2649 tur
360 2590 662 2664 astipulari.

874 2733 1101 2790 CAPUT
1139 2732 1208 2786 Χ.

256 2844 331 2900 De
384 2845 574 2900 timore
616 2844 715 2900 Dei
767 2855 812 2899 et
871 2845 1228 2899 sacerdotibus
1275 2843 1631 2908 honorandis,
1671 2842 1846 2912 eisque

748 2916 1008 2986 primitias
1033 2915 1349 2984 o/ferendas.

331 3068 352 3101 ι
387 3049 447 3104 In
476 3058 607 3115 tota,
641 3049 835 3120 inquit,
867 3050 1046 3104 anima
1079 3057 1169 3103 tua
1199 3047 1330 3102 time
1357 3049 1548 3110 Deum,
1579 3053 1634 3101 et
1663 3059 1846 3100 sacer-

256 3162 275 3196 .
320 3142 476 3198 dotes
523 3111 665 3196 illius
709 3111 1016 3205 sanctiﬁca,
1049 3140 1102 3195 in
1133 3139 1280 3195 omni
1320 3140 1519 3194 virtute
1563 3146 1653 3192 tua
1687 3135 1849 3207 dilige
1875 3111 1920 3174 C

257 3255 276 3286 α
321 3250 447 3290 eum
477 3234 568 3304 qui
604 3242 656 3288 te
702 3232 830 3288 fecit
855 3252 866 3287 :
890 3241 946 3288 et
986 3233 1263 3288 ministros
1303 3231 1421 3302 ejus
1461 3245 1567 3284 non
1615 3227 1849 3283 derelin-

256 3347 276 3378 σ
318 3341 478 3397 quas.
506 3345 523 3378 ι
558 3325 830 3380 Timorem
855 3339 985 3396 ergo
1012 3333 1177 3394 atque
1203 3338 1445 3378 amorem
1473 3322 1568 3376 Dei
1595 3321 1650 3376 in
1679 3322 1849 3376 hono-

249 3417 526 3472 riﬁcentia
572 3417 944 3471 ministrorum
985 3415 1101 3485 ejus
1141 3416 1371 3486 probare
1399 3413 1688 3478 debemus;
1721 3413 1850 3483 quia

249 3509 370 3579 ipse
407 3508 546 3562 dixit
575 3508 627 3562 in
656 3507 983 3578 Evangelio:
1020 3527 1038 3559 σ
1077 3500 1180 3575 Qui
1219 3521 1316 3562 vos
1356 3506 1608 3570 honorat,
1638 3520 1726 3560 me
1752 3505 1851 3559 ho-

250 3611 444 3663 norat;
473 3608 528 3654 et
557 3599 648 3668 qui
675 3614 771 3654 vos
799 3599 1009 3669 recipit,
1044 3614 1130 3654 me
1163 3598 1386 3669 recipit;
1421 3597 1510 3666 qui
1544 3605 1726 3652 autem
1751 3611 1850 3651 vos

252 3691 479 3762 spernit,
511 3705 599 3744 me
631 3690 838 3760 spernit
861 3688 1076 3760 (Matth.
1105 3688 1180 3760 χ).
1206 3709 1224 3740 ι
1261 3687 1368 3744 Sed
1395 3689 1522 3761 quia
1549 3689 1723 3743 honor
1749 3685 1848 3740 ali-

249 3782 471 3850 quando
537 3781 917 3834 necessitatum
975 3779 1348 3849 praebitionem
1409 3789 1466 3835 et
1534 3779 1849 3835 solatiorum

249 3871 494 3927 subsidia
532 3869 820 3939 signiﬁcat,
849 3870 1124 3941 subjungit
1155 3888 1168 3923 :

329 3981 348 4014 ι
387 3963 607 4017 Honora
651 3962 821 4016 Deum
851 3977 917 4016 ex
945 3971 1055 4016 tota
1091 3961 1270 4016 anima
1319 3970 1429 4026 tua,
1457 3968 1512 4016 et
1549 3958 1850 4016 honoriﬁca

255 4075 276 4107 ι
316 4055 653 4118 sacerdotes,
690 4061 745 4108 et
786 4068 954 4124 purga
986 4060 1039 4107 te
1066 4069 1188 4107 cum
1219 4051 1475 4108 brachiis.
1502 4071 1519 4103 ι
1555 4051 1709 4107 Unde
1749 4051 1853 4106 Do-

247 4148 438 4201 minus
473 4144 749 4214 discipulis
783 4146 897 4200 suis
945 4145 1058 4199 ait:
1091 4162 1110 4195 ‹
1152 4144 1354 4216 Dignus
1397 4145 1540 4200 enim
1569 4145 1851 4214 operarius

247 4239 376 4293 cibo
412 4252 533 4292 suo.
587 4236 644 4290 In
688 4251 1066 4305 quamcunque
1111 4235 1387 4290 civitatem
1434 4244 1527 4290 aut
1568 4235 1850 4290 castellum

250 4327 614 4391 intraveritis,
644 4328 978 4396 interrogate
1019 4328 1140 4397 quis
1168 4327 1218 4380 in
1243 4342 1307 4382 ea
1334 4327 1528 4398 dignus
1559 4328 1630 4382 sit
1656 4345 1668 4381 :
1693 4335 1749 4381 et
1777 4326 1851 4382 ibi

247 4429 478 4473 manete
519 4419 689 4472 donec
716 4418 924 4473 excutis
956 4416 1170 4490 (Matth.
1206 4417 1286 4487 x).
1313 4438 1332 4470 ›
1365 4417 1503 4472 Hinc
1532 4426 1586 4473 et
1615 4418 1846 4489 Aposto-

247 4508 338 4563 lus
360 4509 474 4560 ait:
506 4525 524 4557 ‹
562 4506 922 4562 Laborantcm
963 4507 1255 4578 agricolam
1284 4516 1496 4576 Oportet
1521 4507 1753 4578 primum
1783 4508 1848 4563 de

249 4597 527 4652 fructibus
567 4598 850 4668 percipere
882 4596 973 4670 (II
991 4597 1124 4652 Tim.
1165 4596 1255 4670 tt).
1281 4618 1299 4651 ι
1335 4598 1401 4652 Et
1441 4599 1567 4653 item
1594 4617 1607 4652 :
1638 4617 1655 4649 ι
1693 4597 1846 4664 Quis,

243 4691 455 4759 inquit,
481 4689 679 4744 militat
715 4689 827 4745 suis
860 4688 1140 4759 stipendiis
1171 4689 1446 4759 unquam?
1485 4689 1616 4757 Quis
1642 4691 1851 4759 plantat

242 4781 495 4844 vineam,
539 4790 591 4832 et
638 4780 845 4834 fructus
878 4778 994 4848 ejus
1037 4796 1142 4833 non
1191 4780 1334 4833 edit?
1361 4779 1493 4847 Quis
1521 4783 1698 4850 pascit
1731 4796 1852 4852 gre-

242 4886 402 4941 gem,
436 4877 491 4923 et
518 4869 584 4923 de
615 4867 754 4924 lacte
778 4869 958 4939 gregis
984 4885 1091 4924 non
1128 4870 1418 4924 manducat
1450 4869 1502 4942 (I
1532 4869 1652 4925 Cor.
1683 4869 1796 4943 ix)?
1825 4890 1844 4924 ›

241 4962 323 5015 Et
362 4967 487 5029 post
527 4974 696 5028 pauca
726 4979 738 5013 :
767 4959 822 5014 Si
852 4976 972 5025 nos,
1007 4960 1102 5026 ait,
1132 4961 1286 5016 vobis
1317 4963 1582 5030 spiritalia
1621 4965 1853 5019 semina-

239 5053 457 5116 vimus,
487 5066 738 5120 magnum
786 5060 868 5104 est
898 5051 944 5105 si
975 5050 1213 5106 carnalia
1264 5060 1443 5108 vestra
1490 5055 1795 5110 metamus?
1828 5073 1847 5107 ι

236 5143 326 5198 Ει
374 5157 595 5195 rursum
624 5159 636 5193 :
669 5159 687 5190 ι
731 5139 958 5195 Nescitis
981 5181 995 5206 ,
1028 5142 1236 5211 inquit,
1271 5145 1526 5212 quoniam
1559 5146 1650 5214 qui
1681 5145 1736 5199 in
1761 5161 1851 5200 sa-

237 5236 444 5291 crario
473 5241 787 5302 operantur,
809 5248 930 5302 quae
953 5234 1018 5288 de
1042 5237 1282 5290 sacrario
1305 5244 1432 5290 sunt
1457 5237 1658 5291 edunt?
1679 5247 1733 5293 et
1762 5238 1854 5308 qui

237 5326 418 5384 altari
449 5325 780 5392 deserviunt,
808 5341 931 5380 cum
973 5326 1130 5381 altari
1163 5327 1526 5398 participant?
1555 5329 1632 5382 Ita
1661 5337 1718 5384 et
1745 5329 1852 5385 Do-

235 5419 445 5475 minus
484 5416 751 5470 ordinavit
783 5417 868 5471 bis
900 5417 992 5486 qui
1020 5417 1366 5488 Evangelium
1412 5421 1758 5485 annuntiant,
1792 5420 1859 5476 de

235 5509 559 5582 Evangelio
597 5508 778 5564 vivere
809 5507 1019 5582 (Ibid.).
1044 5529 1062 5562 ι
1109 5509 1309 5582 Purgat
1354 5527 1412 5566 se
1443 5526 1568 5566 cum
1596 5512 1855 5578 brachiis,

239 5605 347 5674 qui
375 5603 449 5656 de
476 5602 664 5656 labore
701 5617 957 5655 manuum
996 5617 1216 5657 suarum
1247 5602 1640 5674 elcemosynam
1669 5604 1858 5659 tribuit

237 5695 476 5772 egenis,
503 5705 561 5750 ct
589 5694 656 5750 de
683 5691 947 5748 fructibus
973 5694 1087 5748 suis
1130 5695 1367 5752 decimas
1397 5704 1559 5766 atque
1588 5696 1855 5768 primitias

633 5784 905 5846 ΡΑτιιοι..
953 5785 1117 5848 CIX.

1946 1850 2078 1904 mihi
2110 1851 2164 1906 in
2196 1853 2544 1911 tabernaculo
2588 1855 2842 1936 fmderis,
2874 1867 2932 1914 ut
2962 1877 3070 1916 non
3108 1864 3368 1919 accedant
3394 1865 3538 1921 ultra

1946 1940 2039 1996 ﬁlii
2083 1941 2248 1998 Israel
2279 1946 2347 1999 ad
2378 1940 2804 2013 tabernaculum,
2834 1965 2933 2006 nec
2979 1953 3321 2008 committant
3349 1970 3539 2024 pecca-

1946 2043 2061 2090 tum
2091 2033 2452 2102 mortiferum,
2478 2037 2607 2092 solis
2636 2038 2760 2094 ﬁliis
2788 2039 2916 2095 Levi
2945 2042 3077 2096 mihi
3107 2044 3159 2097 in
3187 2045 3539 2102 tabernaculo

1943 2124 2324 2191 servientibus,
2340 2133 2395 2179 et
2413 2128 2756 2196 portantibus
2776 2141 2996 2199 peccata
3018 2133 3218 2201 populi,
3235 2133 3536 2203 legitimum

1945 2216 2333 2286 sempiternum
2381 2217 2487 2272 erit
2533 2217 2588 2272 in
2635 2220 3078 2289 generationibus
3125 2225 3341 2280 vestris.
3392 2225 3538 2281 Nihil

1955 2301 2099 2358 aliud
2111 2306 2480 2374 possidebunt,
2495 2309 2822 2363 decimarum
2839 2307 3108 2362 oblatione
3121 2311 3378 2375 contenti,
3391 2324 3526 2380 quas

1955 2395 2009 2450 in
2036 2411 2167 2452 usus
2197 2413 2384 2455 eorum
2407 2410 2460 2456 et
2486 2402 2785 2456 necessaria
2814 2402 3051 2469 separari
3073 2401 3266 2471 (Num.
3293 2403 3470 2473 xvm).
3499 2421 3523 2456 ι

1947 2486 2155 2555 Quibus
2176 2502 2284 2543 non
2310 2488 2484 2544 solum
2508 2490 2870 2561 primitiarum
2891 2503 2948 2548 et
2968 2495 3296 2550 decimarum
3320 2498 3542 2553 donatio

1948 2579 2190 2650 delegata
2231 2588 2342 2646 est,
2374 2580 2471 2636 sed
2519 2583 2682 2636 etiam
2734 2583 3034 2639 hostiarum
3082 2594 3137 2640 et
3175 2587 3540 2656 victimarum,

1948 2688 2067 2743 qua:
2091 2673 2319 2728 Domino
2343 2671 2711 2729 olfcrebantur
2733 2675 2786 2729 in
2816 2674 2932 2744 ejus
2957 2693 3088 2733 usus
3113 2693 3405 2735 concessus
3434 2690 3538 2737 est.

1949 2763 2104 2820 Unde
2148 2764 2297 2829 dicit,
2328 2772 2386 2819 et
2429 2764 2827 2834 primitiarum,
2852 2775 2909 2820 et
2953 2769 3287 2838 purgationis
3329 2778 3541 2839 partem

1948 2856 2213 2910 ministris
2265 2856 2361 2910 Dei
2401 2855 2655 2910 dandam.
2713 2855 2850 2923 Quia
2897 2858 3000 2927 ipsi
3049 2870 3274 2928 peccata
3321 2871 3542 2930 portant

1948 2944 2127 3014 populi
2196 2953 2250 3000 et
2298 2952 2460 3000 orant
2509 2959 2610 3015 pro
2663 2945 2764 3000 eis.
2817 2945 2973 3013 Quod
3026 2957 3209 3004 autem
3257 2950 3540 3022 subjungi-u

1953 3043 2042 3094 tur
2071 3053 2084 3090 :

2027 3147 2045 3178 ι
2085 3126 2152 3181 Ει
2181 3127 2248 3182 de
2288 3128 2611 3200 negligentia
2662 3135 2754 3183 tua
2787 3143 2957 3200 purga
3007 3137 3060 3184 te
3107 3145 3236 3184 cum
3279 3145 3484 3200 paucis,
3505 3152 3538 3184 τ

1949 3217 2187 3272 ostendit
2211 3219 2354 3286 quod
2385 3218 2611 3285 oblatio,
2642 3234 2764 3288 qua:
2787 3233 2852 3273 ex
2888 3219 3076 3273 humili
3118 3229 3303 3276 mente
3324 3231 3379 3276 et
3408 3237 3545 3292 pura

1949 3307 2239 3362 dilectione
2270 3307 2382 3364 Deo
2428 3309 2677 3377 oil‘ertur,
2723 3310 2849 3366 licet
2893 3327 3060 3381 parva
3103 3313 3173 3367 sit
3217 3315 3545 3383 quantitate,

1949 3396 2244 3452 multorum
2291 3398 2611 3455 delictorum
2663 3402 3022 3473 negligentias
3063 3411 3275 3475 purgat.
3333 3404 3410 3460 De
3437 3419 3548 3475 quo

1951 3487 2211 3558 scriptum
2239 3497 2359 3545 est:
2389 3507 2408 3541 ε
2437 3489 2691 3546 Charitas
2720 3495 2899 3562 Operit
2919 3494 3322 3549 multitudinem
3348 3510 3546 3564 pecca-

1953 3585 2131 3632 torum
2181 3578 2229 3651 (I
2266 3576 2412 3633 Petr.
2457 3580 2556 3652 ιγ).
2581 3599 2601 3634 ι
2652 3581 2721 3636 Et
2769 3581 3055 3638 Psalmista
3083 3597 3097 3636 :
3127 3603 3144 3635 ι
3179 3583 3544 3652 Sacriﬁcium,

1952 3671 2146 3742 inquit,
2174 3674 2285 3728 Deo
2320 3675 2544 3744 spiritus
2573 3677 2991 3742 contribuiatus,
3023 3692 3120 3732 cor
3147 3679 3445 3734 contritum
3489 3691 3548 3734 et

1951 3764 2310 3827 humiliatum,
2345 3766 2509 3832 Deus,
2538 3781 2644 3822 non
2671 3769 2936 3838 despicies
2959 3767 3129 3841 (Psat.
3157 3767 3232 3837 ι).
3254 3788 3273 3820 ι
3307 3768 3462 3825 Unde
3491 3771 3546 3824 in

1951 3857 2242 3928 Evangelio
2272 3858 2385 3928 ipse
2406 3858 2664 3915 Dominus
2685 3861 2791 3915 duo
2819 3861 2944 3916 aeris
2967 3861 3172 3915 minuta
3204 3864 3546 3932 paupercula:

1952 3945 2128 4000 viduae
2174 3961 2284 4000 non
2336 3948 2570 4014 sprevit,
2619 3949 2714 4004 sed
2766 3957 3044 4020 gratanter
3089 3951 3298 4020 accepit
3347 3950 3542 4023 (Marc.

1952 4036 2071 4110 )

2029 4149 2047 4181 ι
2088 4131 2284 4185 Datum
2322 4131 2671 4188 brachiorum
2705 4140 2918 4190 tuorum
2940 4174 2955 4200 ,
2983 4144 3040 4189 et
3066 4134 3392 4190 sacriﬁcium
3423 4150 3547 4189 san-

1958 4242 1978 4275 ‹
2020 4223 2366 4278 ctiﬁcationis
2405 4224 2603 4280 oil‘eres
2645 4225 2872 4281 Domino
2902 4236 2958 4283 et
3004 4229 3159 4283 initia
3207 4237 3541 4294 sanctorum,

1958 4335 1977 4368 ε
2023 4325 2079 4371 et
2121 4318 2346 4387 pauperi
2392 4320 2610 4389 porrige
2661 4336 2882 4374 manum
2931 4330 3102 4387 tuam,
3131 4331 3190 4376 ut
3233 4321 3547 4393 perﬁciatur

1960 4427 1978 4460 ‹
2021 4409 2356 4478 propitiatio,
2383 4419 2439 4464 et
2474 4410 2780 4465 benedictio
2825 4421 2915 4466 tua
2945 4430 2957 4466 :
2985 4413 3155 4483 gratia
3197 4415 3308 4466 dati
3338 4414 3390 4466 in
3417 4429 3547 4468 con-

1953 4510 2139 4570 spectu
2168 4502 2348 4556 omnis
2374 4502 2622 4557 viventis.
2656 4522 2675 4555 ι
2718 4501 2873 4558 Sicut
2897 4505 3144 4574 superius
3177 4519 3276 4574 per
3299 4503 3545 4559 collatio-

1955 4607 2077 4648 nem
2107 4593 2464 4659 oblationum,
2491 4609 2611 4663 qute
2651 4595 2920 4650 ministris
2949 4597 3041 4650 Dei
3070 4594 3390 4658 offeruntur,
3417 4609 3548 4664 pur-

1954 4682 2228 4752 gationem
2275 4683 2562 4753 spopondit
2607 4685 2997 4749 olferentibus,
3045 4686 3120 4741 ita
3165 4694 3220 4740 et
3263 4701 3407 4741 nunc
3450 4701 3548 4756 per

1955 4775 2418 4845 elecmosynarum
2466 4775 2837 4845 largitionem,
2886 4792 3006 4846 qua:
3057 4793 3123 4832 ex
3168 4777 3316 4848 justo
3361 4777 3548 4834 labore

1955 4869 2282 4938 pauperibus
2307 4870 2638 4934 tribuuntur,
2664 4870 2875 4923 veniam
2904 4879 3274 4940 peccatorum,
3301 4881 3356 4926 et
3382 4871 3550 4927 bene-

1954 4959 2209 5014 dictionis
2235 4959 2467 5029 gratiam
2503 4960 2750 5030 bcnignis
2778 4967 2832 5014 et
2857 4960 3298 5016 misericordibus
3326 4962 3549 5030 promit-

1957 5050 2040 5104 tit.
2070 5049 2206 5116 Quia
2231 5050 2372 5104 sicut
2397 5064 2537 5120 aqua
2559 5050 2856 5120 exstinguit
2878 5050 3076 5121 ignem,
3104 5051 3177 5104 ita
3205 5051 3545 5122 elecmosyna

1955 5141 2250 5210 exstinguit
2270 5147 2573 5210 peccatum.
2601 5139 2754 5196 Unde
2783 5140 2897 5210 ipsa
2921 5138 3135 5194 Veritas
3172 5140 3226 5192 in
3257 5139 3548 5211 Evangelia

1957 5233 2033 5287 ait
2057 5249 2070 5287 :
2105 5251 2124 5283 ι
2157 5234 2290 5288 Date
2313 5233 2733 5305 elcemosynam,
2761 5242 2816 5288 et
2841 5247 2969 5289 ecce
2994 5233 3176 5287 omnia
3201 5234 3398 5288 munda
3423 5239 3550 5287 sunt

1959 5325 2116 5382 vobis
2135 5324 2286 5397 (Luc.
2317 5324 2413 5398 χι).
2431 5343 2452 5380 ι
2470 5323 2612 5380 Sane
2641 5325 2918 5380 sciendum
2942 5324 3087 5393 quod
3116 5324 3209 5394 qui
3239 5323 3548 5378 sceleratis-

1960 5417 2098 5472 sime
2126 5416 2334 5482 vivunt,
2365 5431 2466 5471 nec
2491 5423 2684 5471 curant
2713 5414 2877 5484 talem
2912 5415 3080 5469 vitam
3108 5426 3393 5481 moresque
3426 5424 3549 5463 cor—

1959 5508 2158 5579 rigere,
2193 5516 2248 5562 et
2288 5507 2428 5561 inter
2459 5507 2572 5575 ipsa
2601 5504 2839 5560 facinora
2877 5513 2933 5558 et
2968 5503 3165 5573 flagitia
3193 5515 3287 5554 sua
3313 5499 3549 5554 elcemo-

1960 5618 2122 5674 synas
2149 5601 2490 5672 frequentare
2523 5613 2628 5654 non
2655 5607 2890 5662 cessant,
2923 5595 3122 5650 frustra
3155 5593 3226 5648 illi
3261 5592 3363 5646 sibi
3395 5592 3548 5646 blan-

1961 5697 2208 5762 diuntur;
2237 5693 2488 5763 quoniam
2515 5693 2772 5750 Dominus
2794 5690 2895 5745 ait:
2920 5708 2936 5738 ι
2967 5687 3100 5740 Date
3121 5686 3544 5759 elcemosynam,

2991 5778 3070 5840 26
