3928 6182
405 314 537 372 ⁵8ἰῖ

1083 313 1143 369 Β.
1185 313 1435 370 RABAM
1473 311 1693 370 MAURI
1733 312 2056 370 ARCHIEP.
2101 313 2409 372 MOGUNT.
2453 315 2738 376 OPERUM
2777 315 2959 373 PARS
2983 314 3027 375 ι.

3607 326 3720 386 8ιῖ

431 435 490 485 et
513 440 644 484 ecce
681 426 867 484 omnia
910 426 1109 484 munda
1141 439 1266 484 sunt
1293 431 1464 487 vobis.
1487 451 1506 484 ι
1541 431 1652 487 Hoc
1679 432 1823 488 enim
1850 445 2012 501 quam
2043 436 2092 495 Α
2117 432 2246 502 quid
2271 432 2662 498 admonuisset,
2689 439 2744 488 et
2783 431 2915 503 quid
2950 431 3053 502 ipsi
3096 431 3277 489 facere
3303 449 3409 491 nou
3429 450 3716 504 curarent.

431 517 538 574 late
562 527 744 589 pateat
778 533 883 573 non
918 518 1244 590 intelligunt,
1271 522 1366 576 sed
1392 530 1450 576 ut
1478 522 1805 594 intelligant,
1834 529 2010 576 atten-

429 611 563 668 dant
581 610 774 682 quibus
798 610 1012 666 dixerit.
1035 611 1238 682 Nempe
1263 613 1316 667 in
1339 613 1628 686 Evangelia
1647 615 1727 670 sic
1749 614 2012 684 scriptum

423 713 546 759 est:
579 721 599 755 ι
633 701 767 757 Cum
815 702 1155 772 loqueretur,
1191 707 1398 776 rogavit
1428 707 1576 764 illum
1607 707 1828 778 quidam
1865 707 2010 762 Pha-

426 791 638 857 risaeus,
660 799 720 846 ut
745 792 1038 862 pranderet
1062 796 1202 864 apud
1228 810 1306 852 se.
1343 797 1412 852 Et
1437 798 1712 870 ingressus
1741 798 2008 854 recubuit.

425 880 730 937 Phariszeus
770 889 948 940 autem
998 885 1164 955 coepit
1212 886 1355 942 intra
1395 902 1458 944 se
1502 897 1762 958 reputans
1808 887 2009 952 dicere,

415 987 589 1042 quare
621 988 726 1028 non
755 973 1059 1043 baptizatus
1087 984 1231 1032 esset
1257 986 1385 1033 ante
1408 980 1712 1048 prandium.
1744 978 1812 1033 Et
1841 978 1914 1032 ait
1943 978 2009 1032 ad

405 1061 568 1117 «illum
595 1061 856 1118 Dominus
881 1081 894 1117 :
920 1063 1074 1120 Nunc
1102 1081 1200 1122 vos
1223 1067 1486 1124 Pharisaei
1517 1069 1662 1140 quod
1685 1069 1890 1124 deforis
1927 1076 2010 1124 est

415 1153 603 1209 calicis
651 1163 707 1208 et
753 1155 921 1210 catini
971 1157 1452 1229 mundatiszquod
1501 1170 1682 1216 autem
1731 1163 1878 1216 intus
1924 1168 2009 1215 est

401 1256 676 1311 vestrum,
723 1246 937 1316 plenum
983 1257 1069 1303 est
1114 1250 1302 1319 rapina
1347 1261 1402 1306 et
1443 1252 1749 1322 iniquitate.
1809 1252 2003 1317 Stulte,

415 1353 595 1394 nonne
621 1339 711 1408 qui
755 1337 882 1395 fecit
923 1340 977 1395 id
1021 1341 1164 1410 quod
1203 1341 1407 1398 deforis
1442 1352 1556 1410 est,
1589 1343 1752 1398 etiam
1783 1343 1836 1397 id
1862 1343 2007 1411 quod

414 1431 480 1486 de
513 1432 658 1486 intus
685 1440 769 1486 est
801 1430 962 1488 fecit?
995 1434 1378 1490 Verumtamen
1408 1434 1553 1505 quod
1583 1441 1852 1504 superest,
1881 1434 2005 1488 date

411 1521 833 1593 cleemosynam,
856 1532 911 1577 et
931 1538 1057 1579 ecce
1078 1526 1259 1579 omnia
1286 1526 1484 1580 munda
1513 1533 1641 1580 sunt
1665 1525 1818 1580 vobis
1848 1522 2000 1597 (Luc.

407 1612 511 1684 si).
535 1631 554 1664 ι
589 1612 738 1668 itane
771 1614 874 1668 hoc
900 1613 1225 1671 intellecturi
1260 1631 1468 1682 sumus,
1501 1615 1869 1672 utPharismis
1897 1630 2004 1671 non

413 1700 736 1758 habentibus
775 1702 938 1758 ﬁdem
979 1703 1204 1772 Christi,
1239 1706 1402 1761 etiam
1431 1707 1475 1760 si
1500 1721 1607 1761 non
1637 1706 1692 1761 in
1722 1719 1847 1761 eum
1883 1721 2002 1762 cre-

2115 539 2184 579 ne
2213 524 2358 579 illum
2383 532 2636 595 putarent
2667 539 2856 580 eorum
2887 523 3260 596 eleemosynas
3288 525 3545 596 ignorare
3569 548 3584 582 :
3609 529 3716 586 Sed

2120 632 2138 665 ι
2164 612 2255 669 Va:
2300 613 2473 679 vobis,
2513 613 2706 684 inquit,
2757 611 3064 667 Pharisaeis.
3094 633 3112 664 ι
3148 612 3433 684 Tanquam
3463 617 3712 675 diceret:

2111 705 2224 775 Ego
2273 705 2491 775 quidem
2530 703 2838 760 commonui
2870 718 2967 758 vos
3003 703 3398 775 eleemosynam
3453 707 3716 774 dandam,

2111 814 2208 868 per
2231 814 2394 868 quam
2441 797 2594 853 vobis
2634 795 2834 851 munda
2877 803 3006 851 sunt
3041 796 3256 861 omnia;
3286 797 3380 852 sed
3409 813 3495 852 va:
3541 800 3715 867 vobis,

2111 889 2201 958 qui
2233 886 2516 944 decimatis
2543 885 2838 952 mentitam,
2852 892 3118 950 etrutam,
3148 894 3204 940 et
3223 900 3385 941 omne
3423 886 3552 943 olus
3579 905 3593 942 :
3621 888 3717 942 has

2109 980 2252 1035 enim
2281 979 2404 1034 novi
2429 978 2804 1048 eleemosynas
2829 985 3056 1038 vestras,
3087 990 3154 1030 ne
3180 975 3246 1029 de
3276 975 3382 1031 illis
3423 991 3516 1031 me
3569 994 3715 1032 nunc

2109 1087 2204 1128 vos
2243 1071 2588 1128 admonuisse
2633 1068 3004 1133 arbitremini;
3037 1074 3092 1122 et
3125 1070 3417 1138 prmteritis
3435 1069 3710 1139 judicium

2107 1173 2164 1216 et
2188 1161 2507 1216 charitatem
2538 1159 2656 1224 Dei,
2683 1175 2790 1228 qua
2821 1158 3162 1228 eleemosyna
3208 1159 3432 1228 possitis
3458 1161 3532 1215 ab
3561 1163 3709 1218 omni

2107 1253 2515 1324 inquinamento
2560 1251 2817 1306 interiore
2861 1249 3144 1312 mundari,
3193 1258 3255 1304 ut
3304 1251 3461 1310 vobis
3506 1254 3710 1308 munda

2104 1352 2286 1398 essent
2308 1351 2362 1398 et
2390 1359 2642 1412 corpora,
2671 1357 2791 1413 quae
2820 1342 3035 1407 lavatis,
3070 1343 3171 1398 hoc
3199 1353 3282 1398 est
3317 1343 3465 1397 enim
3498 1346 3708 1408 omnia,

2103 1443 2159 1489 et
2183 1434 2439 1488 interiora
2467 1433 2675 1489 scilicet
2707 1441 2763 1488 et
2790 1433 3084 1489 exteriora.
3131 1432 3285 1489 Sicut
3309 1434 3440 1490 alibi
3471 1434 3706 1506 legitur:

2107 1544 2127 1577 ι
2165 1524 2416 1580 Mundate
2438 1539 2556 1594 qua:
2586 1525 2733 1580 intus
2772 1533 2918 1589 sunt,
2943 1533 2999 1579 et
3031 1540 3151 1594 qua:
3184 1524 3315 1578 foris
3343 1533 3478 1580 sunt
3508 1527 3708 1581 munda

2097 1623 2290 1669 erunt:
2322 1636 2340 1668 ι
2368 1615 2462 1670 sed
2501 1631 2569 1670 ne
2597 1617 2730 1670 istas
2757 1615 3148 1687 eleemosynas,
3177 1631 3296 1684 quae
3328 1615 3470 1674 ﬁunt
3496 1617 3566 1670 de
3593 1615 3703 1670 fru-

2099 1705 2277 1761 ctibus
2330 1713 2517 1770 terra,
2565 1707 2837 1776 respuisse
2887 1707 3250 1762 videreturzt
3289 1705 3706 1777 Hac,‘inquit,

410 1792 668 1858 diderint,
691 1808 790 1850 nec
815 1794 990 1850 renati
1011 1795 1213 1851 fuerint
1231 1812 1298 1851 ex
1325 1813 1465 1867 aqua
1488 1805 1543 1854 et
1561 1797 1764 1868 Spiritu
1785 1806 1994 1866 sancto,
2025 1781 2072 1840 Β
2100 1798 2340 1868 oportuit
2376 1796 2577 1864 facere,
2601 1796 2866 1868 judicium
2913 1804 2967 1852 et
3007 1797 3328 1854 charitatem
3363 1797 3468 1852 Dei
3499 1816 3512 1850 :
3536 1807 3592 1852 et
3620 1799 3703 1852 illa

401 1889 612 1946 munda
642 1889 748 1945 sint
778 1890 958 1945 omnia
987 1897 1230 1945 :tantum
1256 1889 1300 1945 si
1323 1890 1695 1963 eleemosynas
1710 1890 1978 1959 dederint,

406 1981 562 2067 sicut.
579 1981 667 2036 isti
690 1995 785 2036 eas
813 1981 1022 2067 dandas
1045 1983 1415 2067 putanti‘cum
1438 1987 1549 2067 sint
1571 1983 1834 2039 immundi
1865 1997 1983 2037 om-

409 2078 530 2128 nes,
548 2063 695 2133 'quos
715 2079 826 2120 non
852 2064 1076 2118 mundat
1103 2064 1236 2120 ﬁdes
1251 2063 1476 2122 Christi.
1497 2065 1573 2122 De
1589 2083 1694 2136 qua
1716 2067 1979 2138 scriptum

407 2163 495 2210 est
525 2171 542 2210 :
570 2174 589 2206 σ
619 2155 878 2210 Mundans
902 2155 1004 2210 fide
1026 2155 1190 2210 corda
1209 2170 1423 2234 eorum.
1452 2176 1470 2209 ι
1498 2156 1562 2212 Ει
1587 2157 1731 2214 dicat
1749 2161 1980 2228 Aposto-

409 2238 531 2294 lus:
567 2256 588 2290 ι
623 2237 919 2294 lmmundis
943 2248 1119 2294 autem
1146 2247 1201 2293 et
1225 2239 1533 2296 infidelibus
1567 2240 1694 2296 nihil
1716 2252 1800 2298 est
1823 2259 1984 2298 mun-

411 2328 559 2394 dum,
597 2329 688 2384 sed
715 2329 912 2398 polluta
939 2337 1065 2383 sunt
1102 2344 1286 2384 eorum
1318 2338 1372 2384 et
1404 2345 1575 2396 meus,
1602 2342 1657 2386 et
1685 2335 1978 2392 conscien-

411 2422 484 2476 tia
515 2420 648 2490 (Tit.
680 2422 742 2490 l).
775 2440 796 2474 ι
823 2420 1102 2488 Quomodo
1115 2436 1245 2490 ergo
1262 2423 1445 2478 omnia
1463 2422 1753 2481 Pliariseis
1777 2424 1982 2484 munda

379 2526 602 2588 essent,
633 2520 681 2577 si
700 2521 1072 2596 eleemosynas
1099 2523 1316 2591 darent,
1343 2533 1399 2579 et
1427 2525 1616 2582 ﬁdeles
1643 2541 1751 2582 non
1773 2528 1991 2583 essent?

395 2610 506 2667 Aut
526 2614 799 2682 quomodo
830 2615 1018 2671 fideles
1039 2625 1243 2681 essent,
1271 2617 1317 2672 si
1348 2617 1402 2672 in
1435 2617 1711 2674 Christum
1741 2620 1987 2687 credere,

396 2708 561 2772 atque
607 2702 663 2757 in
703 2703 824 2774 ejus
863 2707 1040 2778 gratia
1082 2707 1294 2762 renasci
1339 2707 1671 2764 noluissent?
1709 2709 1776 2763 Et
1805 2719 1987 2766 tamen

391 2803 583 2846 verum
621 2801 706 2850 est
732 2796 876 2864 quod
898 2795 1222 2852 audierunt:
1253 2817 1272 2850 ι
1310 2796 1446 2853 Date
1484 2797 1906 2870 eieemosynam,
1933 2807 1989 2854 et

391 2896 521 2940 ecce
559 2885 739 2942 omnia
774 2889 978 2944 munda
1011 2897 1137 2944 sunt
1178 2889 1352 2946 vobis.
1384 2909 1404 2943 ι
1445 2889 1546 2958 Qui
1574 2891 1718 2946 enim
1752 2891 1866 2945 vult
1897 2907 1987 2947 or-

390 2973 578 3031 dinate
623 2975 754 3033 dare
791 2976 1209 3048 eieemosynam,
1234 2995 1264 3034 a
1300 2980 1481 3050 seipso
1521 2979 1681 3035 debet
1720 2979 1980 3051 incipere,

388 3074 445 3121 et
462 3081 584 3122 eam
607 3067 710 3122 sibi
735 3069 972 3138 primum
1000 3070 1152 3126 dare.
1182 3071 1277 3126 Est
1301 3073 1446 3126 enim
1481 3071 1822 3144 clecmosyna
1846 3089 1983 3142 opus

387 3159 800 3225 misericordiae;
829 3161 1219 3233 verissimeque
1261 3164 1465 3220 dictum
1512 3173 1596 3220 est
1623 3185 1637 3219 :
1669 3185 1686 3218 ι
1725 3166 1981 3223 Miserere

385 3251 582 3306 animm
609 3259 714 3306 tuae
743 3252 964 3323 placens
997 3256 1108 3310 Deo
1133 3254 1334 3326 (Eccte.
1371 3254 1504 3327 xxx)
1529 3274 1543 3309 :
1572 3275 1590 3308 ι
1620 3266 1840 3328 propter
1877 3259 1981 3315 hoc

385 3340 744 3406 renascimur,
770 3350 830 3397 ut
857 3341 976 3398 Deo
1007 3342 1339 3414 placeamus,
1377 3345 1465 3400 cui
1503 3346 1697 3401 merito
1734 3347 1983 3417 displicet

384 3432 530 3502 quod
569 3432 845 3489 nascendo
890 3435 1280 3493 contraximus.
1319 3435 1447 3492 Haec
1492 3438 1638 3494 enim
1675 3448 1760 3494 est
1801 3439 1977 3509 prima

383 3520 750 3594 elecmosyna,
775 3538 938 3594 quam
964 3525 1124 3582 nobis
1161 3527 1429 3593 dedimus,
1465 3529 1722 3599 quoniam
1742 3541 1978 3586 nosmet-

380 3612 530 3682 ipsos
574 3613 804 3671 miseros
831 3629 934 3686 per
960 3617 1272 3673 miserantis
1299 3618 1396 3674 Dei
1432 3619 1860 3676 misericordiam
1892 3637 1978 3677 re-

379 3703 923 3775 quisivimusjustum
945 3705 1214 3777 judicium
1237 3706 1354 3777 ejus
1377 3709 1719 3777 conﬁtentes,
1742 3725 1851 3782 quo
1877 3713 1975 3766 mi-

367 3795 485 3851 seri
523 3792 700 3851 eﬁ'ccti
749 3811 955 3854 sumus.
1005 3797 1083 3854 De
1109 3812 1218 3868 quo
1243 3799 1374 3854 dicit
1409 3799 1738 3869 Apostolus:
1772 3819 1788 3852 ι
1822 3799 1974 3857 ludi-

356 3885 520 3940 .eium
548 3885 770 3956 quidem
793 3901 862 3944 ex
891 3903 1001 3944 uno
1023 3889 1078 3944 in
1101 3889 1604 3946 condemnationem
1625 3889 1804 3963 (Rom.
1828 3889 1913 3962 v);
1946 3912 1966 3946 ι

357 3983 431 4031 ιθῑ
461 3991 670 4048 magnae
695 3978 954 4035 ebaritati
976 3978 1093 4049 ejus
1113 3979 1318 4050 gratias
1341 3990 1580 4052 agentes,
1605 3981 1670 4037 de
1696 3996 1802 4051 qua
1827 3982 1970 4038 idem

365 4065 490 4136 ipse
537 4067 668 4123 dicit
712 4070 901 4140 gratia:
947 4071 1353 4140 praedicator”
1387 4072 1743 4128 Commendat
1787 4082 1969 4130 autem

357 4159 694 4216 teharitatem
725 4177 879 4217 suam
903 4162 1048 4219 Deus
1069 4163 1125 4218 in
1148 4165 1327 4229 nobis,
1358 4165 1615 4234 quoniam
1643 4181 1768 4220 cum
1793 4165 1969 4222 adhuc

362 4260 684 4322 peccatores
722 4269 968 4311 essemus
1010 4255 1304 4311 secundum
1333 4264 1568 4326 tempus,
1595 4255 1842 4312 Christus
1872 4273 1968 4327 pro

351 4345 528 4402 nobis
567 4355 816 4403 mortuus
859 4357 943 4403 est
986 4347 1006 4418 (
1057 4349 1197 4405 Ibid.
1245 4347 1306 4422 ):
1339 4368 1360 4401 ι
1397 4357 1456 4404 ut
1504 4356 1560 4404 et
1595 4349 1862 4404 veraciter
1900 4350 1968 4406 de

368 4448 556 4494 nostra
601 4439 823 4496 miseria
855 4439 1184 4511 judicantes,
1217 4449 1272 4496 et
1318 4441 1370 4495 in
1418 4441 1513 4496 Dei
1554 4441 1820 4498 cbaritate
1856 4457 1964 4511 qua

365 4530 586 4585 donavit
635 4531 750 4602 ipse
789 4548 849 4588 se
897 4532 1201 4604 diligentes,
1253 4531 1342 4602 pie
1390 4540 1642 4599 recteque
1691 4532 1957 4598 vivamus,

2099 1906 2208 1947 non
2235 1891 2485 1948 omittere
2513 1889 2730 1963 (Matth.
2760 1905 2893 1944 χχιιι
2915 1930 2931 1956 ,
2956 1899 3006 1944 et
3035 1888 3164 1942 Luc.
3189 1886 3289 1960 xi),
3321 1908 3340 1941 ι
3368 1890 3422 1943 id
3452 1898 3543 1944 est
3564 1889 3706 1945 elee-

2098 1997 2355 2052 mosynas
2381 1981 2653 2037 fructuum
2683 1989 3048 2036 terrenorum.
3089 1978 3205 2034 Non
3232 1995 3363 2050 ergo
3391 1994 3455 2034 se
3487 1980 3702 2044 fallant,

2097 2072 2188 2141 qui
2217 2087 2314 2141 per
2339 2071 2710 2142 eleemosynas
2735 2069 3035 2140 quamlibet
3058 2069 3396 2140 largissimas
3419 2068 3704 2124 fructuum

2095 2179 2342 2230 suorum,
2384 2164 2470 2220 vel
2515 2163 2884 2234 cujuscunque
2928 2163 3175 2233 pecunia:
3223 2161 3613 2231 impunitatem
3650 2178 3706 2216 se

2093 2269 2276 2312 cinere
2299 2255 2614 2311 existimant
2644 2256 2698 2310 in
2733 2251 3035 2311 facinorum
3085 2252 3430 2308 immunitate
3463 2267 3532 2306 ac
3559 2252 3704 2323 ﬂagi-

2095 2347 2294 2404 tiorum
2321 2346 2561 2416 nequitia
2586 2343 2975 2416 permanendo.
3019 2342 3136 2398 Non
3179 2342 3352 2398 solum
3388 2342 3544 2397 enim
3589 2343 3703 2397 inec

2091 2434 2328 2503 faciunt,
2362 2437 2458 2492 sed
2490 2437 2562 2492 ita
2597 2437 2858 2508 diligunt,
2904 2444 2965 2490 ut
3011 2435 3065 2489 in
3116 2435 3198 2490 eis
3243 2449 3464 2503 semper
3513 2442 3705 2504 optent

2092 2527 2331 2601 (tantum
2382 2529 2428 2584 si
2476 2529 2687 2599 possint
2735 2525 2985 2599 impune)
3032 2526 3276 2582 versari:
3309 2543 3329 2577 ι
3363 2525 3472 2592 Qui
3517 2537 3700 2580 autem

2089 2619 2262 2689 diligit
2303 2619 2671 2688 iniquitatem,
2704 2618 2819 2672 odit
2868 2617 3103 2671 animam
3134 2632 3318 2681 suam;
3353 2625 3410 2669 et
3454 2616 3551 2685 qui
3587 2616 3700 2669 odit

2087 2709 2322 2763 animam
2343 2724 2521 2773 suam,
2545 2723 2650 2763 non
2672 2715 2756 2762 est
2784 2709 2836 2761 in
2861 2723 2982 2762 eam
3010 2707 3344 2770 misericors,
3375 2705 3473 2761 sed
3502 2707 3698 2762 crude-

2088 2797 2172 2852 lis.
2195 2818 2212 2848 ι
2243 2797 2522 2868 Diligendo
2543 2813 2664 2852 eam
2695 2797 2895 2868 quippe
2923 2796 3224 2851 secundum
3267 2796 3558 2859 saeculum,
3583 2797 3696 2849 odit

2085 2905 2206 2946 eam
2233 2889 2530 2944 secundum
2554 2889 2743 2943 Deum.
2787 2887 2842 2942 Si
2870 2903 3001 2958 ergo
3025 2887 3188 2942 vellet
3211 2887 3260 2941 ei
3290 2887 3424 2944 dare
3456 2886 3694 2942 eleemo-

2084 2993 2296 3050 synam,
2328 2993 2426 3048 per
2466 2992 2630 3047 quam
2679 2977 2880 3031 munda
2922 2985 3106 3032 essent
3147 2976 3220 3031 illi
3250 2977 3459 3041 omnia,
3485 2977 3691 3031 odisset

2085 3083 2204 3126 eam
2227 3068 2521 3124 secundum
2545 3066 2822 3134 sazculum,
2838 3077 2892 3123 et
2911 3067 3162 3138 diligeret
3181 3067 3480 3122 secundum
3497 3067 3685 3122 Deum.

2084 3159 2255 3214 Nemo
2279 3168 2462 3214 autem
2488 3159 2579 3215 dat
2623 3159 3028 3230 eleemosynam
3071 3159 3392 3228 quamlibet,
3424 3160 3531 3213 nisi
3568 3159 3688 3214 inde

2081 3249 2190 3314 det,
2219 3249 2362 3305 unde
2403 3251 2472 3305 ab
2498 3250 2590 3304 illo
2623 3250 2855 3318 accipiat
2881 3249 2973 3319 qui
3019 3265 3127 3304 non
3168 3257 3308 3320 eget.
3341 3248 3410 3303 Et
3453 3249 3579 3304 ideo
3609 3249 3686 3307 di-

2079 3349 2228 3397 ctum
2265 3350 2385 3400 est:
2419 3361 2436 3393 ι
2475 3341 2842 3398 Misericordia
2888 3339 3005 3410 ejus
3049 3341 3346 3412 praeveniet
3387 3355 3480 3396 me
3509 3338 3680 3412 (I’sal.

2079 3447 2213 3490 tvm
2260 3431 2302 3506 ).
2326 3450 2346 3484 ι

2699 3522 2929 3578 CAPUT
2965 3521 3057 3577 XI.

2133 3610 2242 3668 Pro
2271 3613 2532 3684 defunctis
2554 3623 2612 3668 ut
2640 3613 2930 3670 consolatio
2957 3612 3224 3666 tribuatur
3256 3611 3608 3682 plorantibus.

2151 3722 2170 3755 ι
2205 3703 2273 3758 Et
2315 3713 2530 3761 mortuo
2574 3719 2680 3759 non
2727 3704 3018 3774 prohibeas
3065 3703 3318 3774 gratiam.
3368 3703 3490 3758 Non
3535 3703 3679 3759 desis

2080 3814 2099 3848 ι
2145 3796 2478 3868 plorantibus
2504 3796 2558 3852 in
2583 3797 2976 3862 consolatione,
2991 3806 3046 3852 et
3069 3812 3190 3852 cum
3219 3797 3530 3868 lugentibus
3557 3813 3677 3850 am-

2079 3905 2098 3938 ‹
2139 3885 2284 3940 bula.
2319 3905 2338 3940 ι
2369 3886 2521 3954 Quod
2549 3887 2617 3942 ad
2646 3887 3116 3958 eleemosynarum
3165 3887 3516 3942 donationem
3554 3905 3677 3958 per-

2072 3978 2247 4034 tineat
2274 3979 2377 4035 hoc
2405 3979 2550 4050 quod
2574 3979 2848 4050 sepultura
2897 3980 3125 4036 mortuis
3150 3980 3446 4050 praebetur,
3475 3980 3675 4034 Tobias

2070 4070 2378 4139 patriarcha
2422 4071 2635 4127 actibus
2683 4071 2796 4128 suis
2836 4072 3094 4127 insinuat.
3132 4071 3206 4126 De
3237 4087 3344 4141 quo
3386 4071 3671 4142 Scriptura

2071 4159 2259 4225 refert.
2289 4161 2431 4231 quod
2459 4160 2513 4216 in
2541 4161 2856 4230 captivitate
2897 4161 3245 4232 Assyriorum
3281 4161 3511 4231 positus,
3541 4176 3670 4232 per-

2069 4261 2221 4324 geret
2256 4267 2352 4323 per
2379 4265 2597 4306 omnem
2643 4253 3021 4324 cognationem
3064 4266 3239 4316 suam,
3266 4260 3321 4305 et
3348 4251 3668 4309 consolare-

2070 4351 2157 4397 tur
2197 4357 2323 4408 cos,
2371 4342 2746 4412 divideretque
2794 4342 3088 4414 unicuique
3135 4349 3295 4412 prout
3337 4352 3554 4412 poterat
3599 4343 3670 4398 de

2069 4433 2417 4490 facultatibus
2443 4434 2576 4490 suis.
2616 4434 2930 4489 Esurientes
2957 4433 3157 4500 alebat,
3189 4433 3458 4503 nudisque
3501 4437 3670 4487 vesti-

2069 4534 2249 4581 menta
2279 4525 2574 4597 prazbebat,
2603 4533 2660 4580 et
2688 4525 2921 4580 mortuis
2967 4533 3131 4594 atque
3175 4523 3374 4579 occisis
3416 4525 3666 4593 sepultu-

364 4623 508 4692 quod
532 4621 795 4692 judicium
829 4623 1238 4679 et-cbaritatem
1271 4621 1364 4676 Dei
1388 4637 1512 4677 cum
1536 4623 1794 4679 Pharisaei
1822 4639 1961 4693 prae-
2068 4632 2184 4672 ram
2228 4617 2489 4673 sollicitus
2536 4616 2846 4673 exhibebat.
2885 4615 2992 4671 Sed
3030 4616 3078 4670 si
3119 4623 3390 4670 mortuam
3438 4629 3666 4670 carnem

351 4713 631 4779 ‘terirent,
689 4713 1031 4769 decimabant
1081 4720 1262 4767 tamen
1314 4720 1536 4782 propter
1586 4713 1959 4784 eleemosynas
2063 4710 2403 4783 cleemosyna
2446 4719 2531 4767 est
2572 4709 2832 4782 sepelire,
2864 4710 3035 4766 multo
3068 4710 3240 4781 magis
3269 4709 3546 4764 hominem
3575 4711 3666 4765 vi-

363 4819 501 4872 quas
526 4803 816 4869 faciebant,
843 4805 1009 4860 etiam
1038 4818 1264 4874 qumque
1292 4802 1655 4859 minutissima
1684 4803 1956 4861 fructuum
2062 4815 2188 4855 vum
2215 4799 2268 4853 in
2303 4799 2647 4854 tribulatione
2689 4799 2960 4855 consolari
3001 4807 3165 4869 atque
3205 4799 3413 4853 solatiis
3458 4799 3660 4854 SllllVe‘

359 4912 617 4964 suorum;
647 4908 703 4955 et
728 4898 849 4955 ideo
883 4914 990 4953 non
1035 4898 1238 4955 dabant
1280 4897 1681 4970 eleemosynam
1711 4913 1743 4953 a
1772 4913 1831 4953 se
1874 4899 1958 4954 in.
2061 4891 2198 4945 nire.
2233 4888 2383 4946 Unde
2411 4889 2607 4946 Paulus
2646 4891 2760 4945 ait:
2790 4910 2807 4941 ι
2841 4889 3083 4946 Gaudete
3122 4905 3245 4944 cum
3271 4890 3661 4962 gaudentibus.

359 4985 642 5055 cipientes,
675 5003 969 5058 secumque
1011 4988 1162 5058 prius
1196 4987 1622 5044 misericordiam
1656 4988 1950 5056 facientes;
2059 4980 2183 5038 ﬁcte
2224 4997 2347 5037 cum
2393 4981 2645 5038 flentibus
2672 4982 2845 5054 (Rom.
2875 4981 2996 5054 xu).
3022 5001 3041 5034 ι
3079 4981 3232 5050 Quod
3266 4991 3320 5038 et
3362 4998 3422 5038 se
3461 4984 3663 5040 fecisse

361 5084 586 5146 propter
625 5092 786 5147 quem
813 5079 1118 5134 dilectionis
1151 5080 1398 5135 ordinem
1423 5080 1624 5136 dictum
1652 5089 1773 5136 est:
1805 5099 1823 5133 ι
1859 5082 1950 5137 Di-
2058 5080 2347 5128 ῦιῑθειίὶιιιΐ
2372 5113 2388 5140 9
2418 5071 2602 5128 dicens
2632 5091 2646 5128 ἒ
2676 5091 2695 5124 ί
2733 5073 2866 5141 QUiS
2915 5074 3250 5138 inﬁrmatur.
3299 5081 3356 5129 et
3398 5089 3501 5144 ego
3548 5089 3659 5128 non

2055 5163 2336 5218 infirmari
2398 5163 2532 5232 Quis
2576 5163 3006 5231 scandalizatur,
3050 5173 3107 5220 et
3142 5179 3244 5236 ego
3282 5179 3390 5219 non
3433 5164 3598 5217 uror?
3636 5185 3655 5215 ι

2055 5255 2250 5312 Factus
2270 5273 2390 5312 sum
2412 5256 2676 5322 inﬁrmus,
2701 5267 2761 5312 ut
2783 5257 3027 5315 inﬁrmos
3043 5258 3418 5314 lucrifacerem
3436 5273 3450 5310 :
3468 5260 3654 5312 omnia

2053 5350 2305 5405 omnibus
2351 5349 2526 5405 factus
2575 5365 2715 5417 sum,
2747 5359 2808 5405 ut
2841 5366 3032 5406 omnes
3077 5350 3314 5406 facerem
3349 5347 3534 5404 salvos
3567 5348 3654 5418 (II

2055 5437 2176 5494 Cor.
2212 5438 2310 5513 xl).
2340 5439 2494 5497 Unde
2522 5449 2576 5494 et
2604 5440 2887 5511 sequitur:

2130 5549 2148 5582 ι
2186 5531 2302 5586 Non
2340 5540 2390 5588 te
2417 5533 2598 5602 pigeat
2625 5533 2844 5589 visitare
2881 5532 3156 5588 inﬁmum
3179 5574 3195 5600 ,
3222 5547 3291 5590 ex
3317 5533 3406 5589 his
3431 5533 3488 5588 iu
3517 5531 3656 5587 dile-

2059 5643 2076 5677 ι
2124 5626 2302 5680 ctione
2343 5624 2666 5681 ﬁrmaberis.
2701 5646 2720 5680 ι
2773 5624 3030 5682 Probatio
3071 5641 3290 5697 quoque
3340 5625 3656 5682 dilectionis

2052 5715 2314 5774 cxhibitio
2339 5724 2424 5772 est
2447 5715 2648 5786 operis.
2682 5715 2759 5774 De
2794 5731 2902 5788 quo
2923 5725 2978 5772 et
3001 5714 3239 5774 Joannes
3281 5717 3454 5774 dicit:
3487 5735 3506 5770 ι
3545 5717 3652 5784 Qui

359 5165 468 5236 iige
487 5167 964 5237 proximumtuum
986 5169 1126 5224 sicut
1147 5169 1376 5240 teipsum
1399 5169 1594 5242 (Marc.
1624 5170 1746 5242 xu).
1771 5191 1789 5222 ι
1814 5170 1951 5227 Cum

368 5275 498 5331 ergo
518 5261 846 5330 increpasset
875 5275 988 5326 eos,
1015 5261 1156 5330 quod
1177 5260 1837 5329 forinsecusselavabant,
1855 5262 1944 5319 in-

366 5361 454 5408 tus
482 5361 662 5406 autem
687 5353 870 5418 rapina
901 5363 956 5407 et
976 5353 1259 5422 iniquitate
1283 5353 1420 5422 pleni
1443 5365 1624 5423 erant;
1645 5357 1941 5415 admonens

358 5433 648 5502 quamdam
675 5434 1095 5509 deemosynam,
1127 5453 1291 5508 quam
1315 5439 1416 5495 sibi
1443 5441 1605 5497 homo
1633 5444 1811 5508 debet,
1839 5447 1952 5515 pri-

358 5527 521 5582 mitus
567 5529 720 5596 dare,
760 5536 817 5584 et
859 5529 1117 5585 interiora
1159 5530 1456 5587 mundare:
1484 5551 1502 5583 (
1538 5532 1946 5601 Verumtamen,

358 5617 551 5687 inquit,
592 5624 736 5692 quod
783 5631 1049 5694 superest,
1097 5622 1219 5678 date
1261 5621 1692 5695 eleemosynam,
1722 5635 1778 5680 et
1819 5641 1948 5682 ecce

357 5710 540 5766 omnia
587 5713 786 5770 munda
835 5721 963 5772 sunt
1017 5712 1188 5770 vobis.
1225 5731 1244 5768 ι
1283 5711 1487 5768 Deinde
1535 5722 1594 5768 ut
1635 5713 1947 5770 ostenderet
