3904 6184
315 337 424 396 813

1209 342 1563 401 COMMENT.
1599 343 1667 400 ΙΝ
1704 342 2312 404 Εεαεδιλετιοωί.
2351 374 2375 388 -
2407 373 2423 389 ~
2459 344 2588 401 LIB.
2629 343 2696 400 ll.

3489 355 3594 408 8M

314 453 570 510 habuerit
593 457 951 512 substantiam
978 455 1182 523 mundi,
1204 465 1258 512 et
1279 459 1472 514 viderit
1495 457 1720 514 fratrem
1749 472 1906 515 suum
1935 461 1986 520 Α
2009 456 2280 514 convertit
2317 457 2504 528 utique
2543 457 2613 513 ad
2636 456 3048 527 perversitatem
3068 458 3281 531 judicii,
3311 463 3437 532 quia
3469 481 3592 522 tnu-

313 559 540 604 necesse
568 549 787 616 habere,
822 559 878 605 et
899 548 1158 606 clauserit
1185 550 1395 606 viscera
1424 565 1522 606 sua
1547 551 1617 606 ab
1642 565 1729 617 eo,
1764 566 1902 622 quo-
1930 605 1963 632 .

310 640 476 696 modo
502 639 740 694 charitas
767 639 863 694 Dei
894 648 1074 695 manet
1097 640 1152 694 in
1181 641 1282 696 eo?
1305 641 1480 696 Filioli
1507 642 1648 710 mei,
1677 657 1784 698 non
1823 642 1904 699 di-

308 731 541 802 ligamus
580 731 753 786 verbo
797 745 898 786 nec
946 731 1149 804 lingua,
1180 733 1275 788 sed
1304 748 1470 804 opere
1506 742 1562 789 et
1595 736 1843 791 veritate.
1876 755 1894 790 ι

308 821 418 877 Sed
448 821 576 890 quia
623 835 784 875 nemo
826 829 1008 891 potest
1040 821 1279 899 perfecte
1319 835 1606 895 peccatum
1637 825 1898 892 devitarc,

306 923 364 968 et
404 914 660 983 operibus
700 911 928 980 justitite
968 913 1265 982 deservire,
1318 916 1423 971 nisi
1475 918 1566 988 qui
1611 926 1794 988 sperat
1838 935 1899 974 se

306 1003 552 1074 quotidie
571 1003 639 1058 de
668 1002 770 1057 hoc
793 1003 992 1058 mundo
1017 1004 1270 1076 migrare.
1302 1005 1403 1074 Qui
1427 1008 1572 1062 enim
1591 1009 1900 1064 considerat

302 1093 482 1162 qualis
526 1100 612 1147 est
657 1092 709 1146 in
762 1103 956 1158 morte,
988 1109 1203 1164 semper
1252 1094 1312 1150 fit
1360 1097 1578 1154 timidus
1617 1099 1670 1154 in
1712 1114 1897 1170 opera-

303 1184 475 1250 tione,
509 1192 670 1253 atque
698 1186 841 1238 unde
872 1184 925 1238 in
947 1186 1118 1242 oculis
1145 1185 1256 1242 suis
1276 1186 1389 1256 jam
1416 1189 1570 1258 quasi
1604 1190 1891 1258 nonvivit,

301 1273 379 1327 nil
401 1273 545 1343 quod
575 1273 770 1327 transit
799 1274 1021 1344 appetit,
1052 1276 1263 1330 cunctis
1289 1277 1570 1346 prmsentis
1604 1279 1729 1333 vitae
1749 1280 1894 1334 desi-

298 1363 469 1418 deriis
495 1364 840 1429 contradicit,
867 1372 924 1420 et
963 1379 1100 1434 pene
1145 1375 1416 1422 mortuum
1462 1383 1522 1424 se
1559 1369 1888 1438 considerat,

296 1456 428 1526 quia
457 1457 780 1511 moriturum
817 1456 1041 1510 minime
1083 1457 1312 1529 ignorat.
1342 1460 1588 1516 Perfecta
1612 1463 1757 1518 enim
1780 1463 1890 1518 vita

295 1555 384 1602 est
423 1548 617 1602 mortis
661 1546 913 1613 imitatio,
941 1562 1106 1617 quam
1151 1549 1280 1604 dum
1319 1550 1454 1621 justi
1499 1552 1728 1608 sollicite
1766 1567 1890 1623 per-

292 1649 494 1710 agunt,
528 1639 805 1709 culparum
848 1638 1070 1710 laqueos
1111 1640 1366 1696 evadunt.
1412 1641 1566 1698 Unde
1609 1643 1887 1716 subjungi-

295 1738 427 1786 tur:

2009 562 2140 602 nera
2167 558 2442 604 excaecant
2478 549 2664 606 oculos
2704 550 3050 620 sapientium,
3084 560 3141 607 et
3175 563 3386 611 mutant
3432 560 3593 615 verba

1997 636 2292 706 justorum.
2324 638 2555 696 Proinde
2577 641 2841 696 Dominus
2865 641 3116 695 hortatur
3137 657 3330 699 cavere
3356 647 3424 704 ab
3447 651 3593 703 oumi

2002 729 2246 794 avaritia,
2275 739 2330 783 et
2361 730 2517 786 docet
2543 730 2836 800 discipulos
2859 747 3009 794 suos.
3035 733 3218 789 dicens
3249 753 3262 788 :
3296 754 3316 787 ι
3351 737 3595 796 Audistis

2001 819 2127 888 quia
2160 821 2361 875 dictum
2402 831 2486 875 est
2513 840 2526 874 :
2553 820 2781 877 Oculum
2822 837 2922 891 pro
2949 824 3132 889 oculo,
3165 833 3218 881 et
3245 828 3464 884 dentem
3492 847 3592 902 pro

2000 911 2178 966 dente.
2205 912 2314 983 Ego
2343 920 2523 966 autem
2549 913 2669 968 dico
2695 914 2849 969 vobis
2877 930 2982 970 non
3011 918 3265 975 resistere
3293 921 3468 990 maio;
3495 926 3588 979 sed

1998 1002 2045 1057 si
2078 1002 2201 1072 quis
2229 1011 2281 1057 te
2310 1003 2640 1071 percusserit
2683 1005 2737 1058 in
2769 1005 3048 1060 dexteram
3093 1010 3367 1065 maxillam
3405 1019 3584 1079 tuam,

1997 1093 2178 1164 praebe
2206 1093 2282 1148 illi
2309 1102 2364 1149 et
2388 1094 2636 1150 alteram.
2690 1095 2761 1150 Et
2801 1098 2852 1151 ei
2887 1099 2980 1168 qui
3023 1100 3138 1155 vult
3167 1110 3346 1157 tecum
3381 1101 3588 1172 judicio

1995 1185 2356 1253 cmtendere,
2384 1195 2441 1241 et
2488 1188 2728 1243 tunicam
2776 1198 2922 1245 tuam
2969 1180 3186 1260 tollere,
3218 1196 3430 1253 dimitte
3455 1198 3505 1253 ei
3530 1209 3586 1254 ct

1995 1277 2250 1348 pallium;
2278 1288 2332 1334 et
2359 1280 2667 1350 quicunque
2709 1291 2760 1336 te
2802 1285 3164 1353 angariaverit
3195 1288 3340 1343 mille
3365 1305 3579 1360 passus,

1994 1369 2130 1424 vade
2157 1384 2280 1423 cum
2320 1369 2410 1423 illo
2435 1378 2491 1425 et
2532 1370 2637 1425 alia
2669 1371 2794 1426 duo.
2836 1371 2938 1439 Qui
2983 1376 3116 1444 petit
3142 1391 3173 1429 a
3203 1386 3288 1442 te,
3309 1377 3379 1432 da
3407 1379 3492 1445 ei;
3525 1388 3584 1434 et

1992 1459 2196 1515 volenti
2224 1461 2458 1514 mutuari
2489 1476 2518 1514 a
2552 1467 2604 1516 te
2632 1476 2701 1516 ne
2729 1465 2995 1520 avertaris
3020 1465 3234 1537 (Matth.
3261 1467 3340 1539 γ).
3378 1487 3397 1520 ι

2067 1567 2088 1602 ι
2129 1548 2245 1605 Νοη
2272 1551 2450 1621 litiges
2485 1565 2609 1605 cum
2648 1551 2866 1608 homine
2895 1553 3156 1625 linguato,
3188 1563 3243 1611 et
3266 1573 3372 1613 non
3398 1566 3577 1618 strues

1995 1659 2014 1692 ο
2057 1639 2112 1695 in
2138 1641 2317 1712 ignem
2344 1641 2485 1698 illius
2509 1641 2671 1713 ligna.
2715 1641 2832 1698 Non
2857 1646 3227 1702 communices
3255 1647 3458 1704 homini
3495 1651 3578 1706 in-

1996 1751 2016 1782 ¢
2061 1733 2240 1796 docto,
2269 1747 2338 1788 ne
2363 1732 2500 1787 male
2529 1733 2595 1788 de
2622 1735 2878 1806 progenie
2909 1743 3002 1790 tua
3032 1736 3298 1808 loquatur.
3322 1761 3342 1794 ι
3372 1741 3572 1798 Contra

426 1819 485 1875 In
514 1821 766 1876 omnibus
790 1821 1044 1892 operibus
1089 1823 1196 1878 tuis
1244 1837 1547 1879 memorare
1585 1839 1882 1880 novissrma
1910 1809 1958 1870 Β
1985 1837 2111 1877 eum
2140 1823 2232 1894 qui
2263 1823 2588 1879 indiscretus
2623 1834 2707 1880 est
2741 1826 2940 1891 verbis,
2971 1827 3193 1883 stultum
3229 1839 3315 1886 est
3347 1842 3573 1888 conten-

294 1928 317 1964 t
361 1918 479 1976 tua,
508 1919 566 1966 et
595 1911 646 1965 in
675 1920 937 1966 mternum
960 1927 1065 1966 non
1099 1912 1369 1983 peccabis.
1394 1933 1413 1965 ι
1448 1913 1561 1970 Hoc
1598 1922 1780 1970 tamen
1813 1916 1881 1971 de

287 2002 440 2058 omni
481 2011 708 2072 peccato
745 2019 853 2060 non
881 2004 1050 2060 dicit:
1075 2007 1199 2074 quia
1229 2025 1246 2056 ε
1281 2021 1388 2061 non
1419 2015 1504 2062 est
1527 2007 1688 2062 homo
1718 2022 1882 2078 super

288 2103 496 2150 terram
525 2095 618 2164 qui
650 2095 815 2151 faciat
839 2096 1058 2162 bonum,
1090 2106 1142 2153 et
1186 2114 1292 2153 non
1322 2107 1528 2168 peccet.
1555 2118 1574 2151 θ
1607 2099 1674 2154 Et
1717 2097 1880 2154 Joan-

285 2199 388 2240 nes
413 2203 426 2239 :
458 2203 476 2237 ι
507 2183 563 2240 Si
599 2185 930 2253 dixerimus,
958 2186 1153 2258 inquit,
1184 2189 1312 2259 quia
1339 2197 1618 2259 peccatum
1646 2206 1752 2246 non
1781 2192 1881 2246 ha-

285 2275 502 2343 bemus,
530 2277 632 2346 ipsi
668 2291 770 2332 nos
801 2277 1109 2334 seducimus
1133 2320 1148 2344 ,
1174 2287 1228 2334 et
1255 2281 1454 2336 veritas
1481 2281 1538 2335 in
1565 2282 1723 2338 nobis
1767 2295 1876 2338 non

284 2377 374 2424 est
417 2367 470 2440 (I
508 2368 668 2423 Joan.
698 2367 760 2440 ι).
782 2388 801 2421 ι
835 2368 942 2424 Sed
971 2370 1037 2424 de
1067 2384 1304 2440 quonam
1347 2372 1451 2428 hoc
1497 2372 1610 2426 vult
1653 2379 1877 2440 peccato

285 2462 550 2532 intelligi?
591 2460 789 2532 Utique
833 2462 900 2517 de
927 2478 994 2518 eo
1018 2461 1159 2532 quod
1203 2463 1348 2518 ducit
1383 2463 1451 2517 ad
1497 2473 1748 2519 mortem.
1800 2463 1876 2519 De

282 2571 396 2626 quo
439 2556 676 2615 Joannes
707 2559 879 2615 dicit:
909 2578 926 2612 ι
956 2559 1144 2616 Omnis
1190 2560 1283 2630 qui
1325 2569 1482 2616 natus
1522 2568 1606 2616 est
1633 2575 1701 2616 ex
1731 2559 1871 2625 Deo,

281 2662 392 2702 non
422 2647 552 2704 facit
582 2660 887 2719 peccatum,
914 2652 1039 2721 quia
1073 2665 1257 2707 semen
1283 2649 1398 2719 ejus
1430 2652 1483 2705 in
1516 2651 1634 2722 ipso
1668 2659 1870 2716 manet,

278 2747 335 2794 et
366 2757 471 2796 non
501 2750 678 2811 potest
703 2756 947 2812 peccare,
977 2742 1103 2812 quia
1125 2755 1190 2798 ex
1219 2741 1326 2797 Deo
1351 2751 1508 2797 natus
1530 2751 1610 2797 est
1631 2740 1680 2814 (I
1703 2739 1868 2796 Joan.

277 2830 386 2904 tn).
414 2850 432 2883 ι
459 2831 612 2900 Quod
640 2834 732 2899 ait,
757 2853 776 2886 ι
805 2834 895 2905 qui
934 2843 1093 2891 natus
1120 2842 1203 2890 est
1227 2850 1292 2889 ex
1337 2835 1467 2900 Deo,
1491 2850 1596 2889 non
1623 2843 1865 2904 peccatu

275 2930 491 2976 certum
535 2923 802 2993 quoddam
849 2934 1126 2996 peccatum
1158 2925 1438 2998 intelligit,
1470 2927 1613 2997 quod
1640 2941 1744 2982 non
1768 2941 1868 2996 po-

278 3021 388 3068 test
433 3015 718 3072 admittere
749 3017 931 3082 homo,
961 3018 1052 3088 qui
1078 3033 1142 3073 ex
1174 3017 1287 3072 Deo
1315 3027 1473 3073 natus
1517 3028 1630 3083 est;
1666 3027 1720 3074 et
1765 3019 1870 3076 tale

273 3115 558 3172 peceatum
604 3114 687 3160 est
730 3106 877 3172 illud,
905 3116 965 3162 ut
1003 3109 1048 3163 si
1088 3109 1372 3178 quisquam
1417 3109 1521 3165 hoc
1565 3109 1865 3175 admiserit,

271 3168 565 3253 confirmet
595 3207 808 3254 caetera.
844 3168 900 3254 Si
929 3200 1053 3271 quis
1088 3168 1268 3257 autem
1299 3202 1402 3258 hoc
1429 3213 1535 3257 non
1563 3201 1864 3267 admiserit,
1894 3168 1940 3231 Ο

273 3288 453 3343 solvat
493 3297 706 3346 caetera.
753 3291 1061 3347 Mandatum
1092 3294 1236 3348 enim
1265 3292 1504 3358 Christi,
1534 3293 1751 3348 dilectio
1775 3309 1868 3348 ro-

271 3387 434 3435 catur
457 3397 472 3434 :
494 3394 592 3451 per
617 3381 757 3437 hanc
785 3381 1129 3438 dilectionem
1167 3392 1389 3453 peccata
1415 3383 1719 3448 solvuntur,
1752 3384 1869 3439 lucc

271 3472 320 3527 si
350 3485 464 3527 non
494 3481 758 3540 teneatur,
784 3483 840 3530 et
864 3489 1024 3546 grave
1051 3484 1334 3546 peccatum
1363 3483 1467 3542 est,
1493 3485 1548 3531 et
1575 3477 1728 3532 radix
1757 3490 1870 3531 om-

272 3563 428 3618 nium
449 3573 812 3634 peccatorum.

876 3655 1106 3714 CAPUT
1153 3655 1265 3713 XII.

637 3744 761 3800 Non
796 3745 1106 3818 litigandum
1135 3765 1254 3802 cum
1275 3757 1494 3819 potente.

348 3835 500 3910 (Car.
524 3837 667 3908 vni.)
703 3857 720 3888 ι
757 3837 872 3892 Νοη
913 3839 1089 3910 litiges
1119 3854 1243 3894 cum
1272 3840 1492 3896 homine
1529 3847 1766 3910 potente,
1796 3854 1866 3895 ne

276 3945 296 3979 ι
344 3926 486 3982 forte
514 3927 718 3982 incidas
747 3928 801 3983 in
831 3944 1022 3984 manus
1049 3927 1207 3984 illius.
1235 3947 1252 3980 ι
1280 3929 1562 3985 Hominem
1588 3938 1865 3999 potentem

272 4017 503 4072 forsitan
540 4018 628 4073 hic
658 4019 948 4088 superbum
994 4019 1105 4073 vult
1137 4019 1386 4092 inteiiigi,
1417 4018 1678 4074 adversus
1702 4035 1865 4089 quem

270 4110 604 4165 contendere
633 4126 739 4164 non
772 4118 854 4165 est
883 4109 1028 4166 utile.
1080 4110 1234 4167 Unde
1276 4110 1331 4166 in
1370 4110 1676 4167 Proverbiis
1725 4111 1864 4166 scri-

271 4211 427 4272 ptum
465 4211 548 4256 est
576 4220 588 4256 :
619 4220 640 4253 t
671 4201 749 4257 Ne
798 4203 1126 4272 respondeas
1171 4203 1337 4257 stulto
1378 4201 1533 4272 juxta
1579 4202 1862 4258 stultitiam

269 4309 450 4360 suam,
481 4309 546 4349 ne
573 4292 822 4350 eﬂiciaris
851 4296 898 4349 ei
927 4295 1120 4350 similis
1141 4294 1321 4367 (Prov.
1351 4297 1521 4368 xxvi).
1548 4315 1566 4349 ι
1600 4295 1748 4352 Inter
1773 4311 1866 4350 su-

269 4386 472 4457 perbos
515 4386 659 4440 enim
709 4401 923 4455 semper
959 4385 1139 4456 jurgia
1187 4394 1330 4440 sunt.
1396 4386 1625 4441 Servum
1682 4395 1863 4441 autem

270 4474 490 4530 Domini
521 4489 626 4529 non
659 4485 869 4545 Oportet
893 4474 1124 4546 litigare,
1155 4475 1247 4530 sed
1278 4483 1619 4530 mansuetum
1645 4490 1765 4530 esse
1794 4476 1861 4530 ad

264 4582 488 4631 omnes,
517 4567 821 4632 docibilem,
851 4568 1144 4636 patientem
1163 4609 1176 4631 ,
1207 4583 1327 4622 cum
1376 4567 1640 4622 modestia
1687 4568 1861 4623 corri-

267 4660 512 4734 pientem
544 4660 633 4731 qui
663 4660 918 4714 resistunt
939 4659 1181 4716 veritati.

351 4768 370 4800 ι
401 4749 517 4803 Νοη
540 4749 836 4805 contendas
856 4765 978 4805 cum
999 4750 1117 4805 viro
1133 4749 1418 4819 locuplete,
1435 4764 1500 4804 ne
1526 4749 1662 4804 forte
1678 4759 1863 4804 contra

273 4855 293 4889 ι
314 4849 366 4891 te
385 4841 831 4896 constituatlitem
845 4841 938 4896 tibi
964 4860 977 4895 :
1003 4840 1200 4896 multos
1237 4841 1380 4895 enim
1412 4842 1646 4911 perdidit
1672 4856 1862 4896 aurum

262 4949 287 4982 ι
343 4938 513 4989 atque
549 4940 829 5001 argentum
855 4949 867 4985 :
893 4941 946 4987 et
971 4947 1143 5002 usque
1184 4934 1252 4986 ad
1279 4947 1373 4988 cor
1400 4947 1586 5004 regum
1618 4934 1866 4988 extendit

259 5041 286 5075 ‹
342 5031 404 5076 et
429 5021 711 5076 convertit.
736 5041 754 5073 ι
789 5021 1156 5077 Periculosum
1185 5032 1269 5078 est
1297 5040 1425 5094 ergo
1467 5041 1587 5080 cum
1619 5041 1684 5081 eo
1717 5026 1866 5082 litem

251 5126 438 5185 agere
467 5111 560 5182 qui
589 5112 816 5166 terrenis
856 5111 1021 5166 lucris
1047 5121 1206 5182 atque
1231 5115 1471 5169 avaritiae
1499 5116 1720 5170 testibus
1743 5131 1868 5186 pro-

247 5210 442 5265 batur
464 5204 748 5268 anhelare;
779 5204 902 5273 quia
931 5204 1053 5260 inde
1089 5206 1339 5261 oriuntur
1381 5207 1618 5272 invidim,
1645 5217 1870 5264 conten-

249 5301 482 5359 tiones,
527 5296 740 5360 odium,
785 5296 1167 5363 homicidium,
1210 5305 1264 5351 et
1315 5305 1510 5352 cmtera
1561 5298 1865 5368 hujusmodi

243 5387 480 5458 ﬂagitia
520 5402 640 5456 quae
675 5395 922 5459 mergunt
946 5388 1192 5443 homines
1221 5389 1272 5443 in
1302 5389 1577 5444 interitum
1611 5397 1664 5444 et
1690 5389 1865 5460 perdi-

243 5483 501 5539 tionem.
535 5496 552 5528 ι
587 5477 760 5532 Radix
791 5494 1021 5549 namque
1043 5480 1284 5534 omnium
1315 5479 1574 5534 malorum
1601 5489 1691 5535 est
1715 5480 1864 5551 cupi-

239 5574 642 5637 ditaszquam
687 5569 904 5639 quidam
952 5581 1264 5640 appetentes
1307 5580 1626 5625 erraverunt
1665 5587 1694 5625 a
1739 5572 1859 5636 fide,

236 5671 306 5722 et
342 5661 704 5715 inseruerunt
735 5675 792 5714 se
822 5660 1097 5715 doloribus
1125 5661 1305 5716 multis
1333 5661 1384 5732 (1
1416 5660 1550 5716 Tim.
1581 5661 1677 5734 γι).
1703 5683 1720 5713 ›
1754 5661 1863 5717 Nec

237 5770 380 5816 non
414 5759 468 5806 et
495 5753 659 5809 corda
709 5770 894 5821 regum
944 5754 1204 5820 eiusmodi
1239 5754 1407 5821 pestis
1437 5770 1576 5822 saepe
1624 5754 1864 5818 polluens

1893 4517 1943 4575 D

1983 1915 2130 1980 dere,
2163 1915 2254 1970 ubi
2297 1931 2404 1970 non
2449 1916 2609 1984 ratio,
2641 1918 2734 1973 sed
2764 1917 2919 1974 furor
2948 1921 3276 1977 dominatur.
3309 1923 3574 1980 Similiter

1979 2012 2180 2060 etcum
2213 2005 2542 2075 imprudenti
2585 2008 2866 2079 disputare
2902 2010 3091 2068 inutile
3115 2022 3216 2075 est.
3241 2016 3366 2084 quia
3394 2016 3570 2072 facilis

1980 2105 2064 2152 est
2115 2099 2182 2153 ad
2229 2098 2612 2168 proferendum
2656 2102 3058 2158 contumeliam.
3115 2103 3253 2160 Nam
3305 2108 3422 2162 haec
3460 2109 3567 2163 duo

1980 2189 2286 2243 testimonia
2321 2189 2450 2245 licet
2483 2191 2550 2245 ad
2587 2205 2778 2247 omnes
2799 2194 3126 2262 pertineant,
3169 2196 3486 2266 insipientes
3512 2208 3567 2253 et

1978 2281 2362 2351 praviloquos,
2407 2290 2586 2338 tamen
2637 2285 2948 2353 specialiter
2995 2287 3249 2343 videntur
3306 2291 3564 2346 denotare

1979 2372 2283 2438 hmreticos,
2303 2371 2371 2426 de
2405 2371 2600 2441 quibus
2619 2373 2747 2429 alibi
2773 2375 3032 2446 scriptum
3060 2386 3214 2433 θείς(
3246 2378 3358 2433 Sub
3381 2379 3558 2451 lingua

1978 2453 2166 2518 eorum
2187 2462 2346 2518 iabor
2364 2474 2419 2518 et
2439 2463 2612 2529 dolor,
2640 2473 2697 2520 et
2723 2480 2991 2522 venenum
3014 2469 3258 2538 aspidem
3283 2471 3383 2526 sub
3403 2469 3563 2524 labiis

1982 2565 2172 2608 eorum
2203 2553 2445 2619 Quorum
2476 2569 2538 2611 os
2569 2556 2952 2614 maledictione
2971 2566 3026 2616 et
3047 2561 3414 2616 amaritudine
3442 2561 3551 2631 ple.

1982 2655 2108 2698 num
2137 2653 2244 2710 est,
2277 2644 2497 2700 veloces
2529 2649 2691 2715 pedes
2715 2665 2904 2704 eorum
2936 2652 3001 2704 ad
3029 2649 3406 2707 eil‘tmd'endum
3429 2665 3558 2704 san-

1984 2734 2201 2807 guinem
2229 2733 2409 2805 (Psal.
2439 2737 2580 2803 xm).
2617 2756 2636 2790 ι
2667 2737 2801 2794 Cum
2837 2740 2920 2795 his
2955 2755 3084 2809 ergo
3119 2742 3555 2796 sermocinareet

1975 2825 2378 2880 communicare
2399 2826 2768 2896 perniciosum
2786 2835 2890 2893 est,
2915 2829 3041 2898 quia
3067 2829 3270 2899 polluta
3297 2840 3382 2886 est
3407 2845 3560 2886 mens

1973 2928 2160 2969 eorum
2187 2923 2243 2969 et
2267 2916 2620 2982 conscientia,
2643 2925 2698 2972 et
2719 2931 2898 2972 sermo
2922 2933 3110 2973 eorum
3136 2927 3195 2973 ut
3220 2935 3420 2975 cancer
3441 2936 3558 2975 scr-

1973 3007 2090 3076 pit:
2115 3014 2382 3073 errantes,
2399 3015 2454 3063 et
2477 3007 2534 3063 in
2563 3023 2804 3064 errorem
2824 3011 3120 3066 mittentes.
3156 3011 3308 3069 Unde
3330 3013 3561 3083 Aposto‘

1972 3097 2058 3153 ius
2072 3095 2228 3166 jubet
2247 3098 2439 3153 stultas
2449 3107 2502 3152 et
2517 3098 2634 3153 sine
2645 3097 2926 3168 disciplina
2942 3101 3269 3170 qutestioncs
3284 3103 3553 3168 devitarc;

1971 3187 2221 3246 similiter
2245 3196 2302 3243 et
2329 3187 2557 3258 profana
2575 3197 2630 3244 et
2654 3189 3003 3261 inaniloquia,
3031 3206 3150 3261 qua:
3177 3193 3404 3247 multum
3433 3209 3562 3264 pro-

1970 3281 2155 3335 ﬁciunt
2179 3279 2246 3333 ad
2273 3279 2634 3349 impietatem;
2667 3290 2722 3336 et
2749 3279 2873 3335 Tito
2899 3282 3137 3352 scripsit,
3161 3292 3220 3337 ut
3246 3283 3559 3342 haereticum

1971 3371 2244 3427 hominem
2275 3379 2400 3441 post
2437 3385 2600 3425 unam
2629 3381 2684 3426 et
2713 3371 3004 3428 secundam
3043 3375 3439 3444 correptionem
3467 3376 3560 3432 de-

1970 3464 2186 3531 ritaret,
2215 3464 2394 3519 sciens
2415 3465 2543 3533 quia
2574 3463 2869 3521 subversus
2898 3474 3000 3531 est,
3026 3467 3119 3537 qui
3146 3465 3411 3535 ejusmodi
3439 3477 3556 3532 est,

1969 3564 2024 3612 et
2056 3554 2284 3626 deliquit
2335 3557 2555 3627 proprio
2589 3555 2796 3627 judicio
2849 3560 3242 3615 condemnatus
3289 3560 3416 3632 (Tit.
3453 3560 3556 3633 tu).

1969 3649 2073 3704 iste
2103 3649 2247 3705 enim
2277 3651 2341 3704 de
2373 3650 2630 3719 progenie
2657 3658 2841 3705 nostra
2882 3651 3022 3706 male
3058 3652 3317 3721 loquitur,
3342 3656 3559 3724 quando

1967 3740 2307 3810 blasphemat
2349 3739 2716 3795 Christianam
2775 3741 3090 3813 religionem
3135 3752 3190 3796 et
3231 3744 3557 3799 catholicam

1969 3833 2160 3900 fidem;
2194 3833 2288 3888 sed
2321 3833 2452 3888 solis
2488 3833 2820 3904 blasphemis
2854 3851 2951 3890 sua
2997 3845 3158 3893 nocet
3198 3837 3552 3907 blasphemia,

1966 3929 2091 3998 quia
2132 3927 2313 3982 omnia
2368 3927 2567 3980 munda
2607 3926 2846 3993 mundis,
2874 3928 3239 4000 coinquinatis
3283 3941 3462 3986 autt-m
3504 3939 3559 3985 et

1970 4018 2274 4075 inﬁdelibus
2319 4016 2454 4072 nihil
2507 4019 2788 4072 mundum.
2858 4017 3198 4074 Confitentur
3239 4021 3457 4091 quidem
3497 4037 3557 4076 se

1968 4125 2126 4166 nosse
2151 4110 2342 4174 Deum,
2361 4107 2518 4164 factis
2538 4116 2717 4163 autem
2743 4118 3102 4178 negant,cum
3127 4111 3236 4165 sint
3258 4111 3557 4167 abominati

1965 4211 2021 4259 et
2047 4201 2410 4267 incredibiles,
2433 4209 2488 4256 et
2515 4201 2584 4255 ad
2605 4215 2765 4256 omne
2789 4215 2925 4272 cpus
2946 4202 3146 4257 bonum
3177 4203 3413 4273 reprobi.

2041 4311 2060 4346 ε
2096 4291 2175 4347 Ne
2194 4290 2459 4361 despicias
2488 4289 2763 4344 hominem
2793 4299 3128 4346 avertentem
3155 4307 3213 4347 se
3239 4307 3269 4345 a
3309 4303 3554 4362 peccato,

1971 4405 1990 4436 ‹
2030 4397 2204 4454 neque
2247 4383 2580 4453 improperes
2619 4380 2706 4447 ei;
2735 4391 3009 4437 memento
3055 4383 3311 4452 quoniam
3367 4399 3557 4440 omnes

1973 4495 1990 4526 ι
2032 4475 2083 4529 in
2112 4473 2456 4543 correptione
2482 4486 2688 4527 sumus.
2733 4491 2753 4524 ι
2792 4471 2962 4544 Magis
2989 4473 3250 4529 condecet
3287 4473 3555 4530 Christia-

1973 4581 2100 4621 num
2147 4564 2380 4635 compati
2438 4565 2721 4634 proximo,
2754 4579 2917 4635 quam
2967 4565 3333 4636 improperare
3383 4567 3557 4639 lapso,

1972 4659 2096 4728 quia
2143 4658 2410 4713 incertum
2454 4663 2539 4711 est
2587 4656 2728 4727 apud
2783 4671 3225 4728 unumquemque
3279 4659 3345 4713 ad
3395 4674 3557 4728 quem

1974 4750 2134 4804 finem
2165 4749 2427 4818 perducat
2476 4756 2630 4802 actus
2682 4761 2840 4813 suos,
2871 4762 2973 4803 nec
3021 4749 3160 4803 scire
3201 4749 3399 4819 poterit
3429 4749 3558 4818 quid

1974 4840 2077 4896 sibi
2130 4847 2358 4894 ventura
2404 4839 2580 4908 pariet
2635 4839 2767 4894 dies.
2824 4837 2978 4894 Unde
3021 4839 3220 4896 Paulus
3257 4851 3556 4910 praemonet

1972 4931 2158 4985 dicens
2191 4946 2204 4982 :
2241 4927 2478 4997 «Itaque
2525 4927 2617 4996 qui
2644 4942 2702 4982 se
2750 4927 3028 4982 existimat
3072 4937 3237 4996 stare,
3281 4931 3556 4986 vidcatne

1970 5020 2128 5076 cadat
2161 5017 2215 5091 (ι
2241 5016 2368 5072 Cor.
2393 5016 2470 5089 χ).
2511 5036 2529 5070 ι
2581 5018 2648 5072 Et
2685 5019 2856 5073 item:
2904 5037 2922 5069 ‹
2960 5018 3040 5074 Tu
3091 5030 3310 5087 autem,
3355 5022 3553 5092 inquit,

1970 5111 2098 5181 quid
2143 5109 2356 5179 judicas
2396 5107 2619 5164 fratrem
2669 5110 2975 5178 tuum?aut
3027 5119 3083 5165 tu
3127 5126 3296 5182 quare
3343 5114 3555 5183 spernis

1969 5202 2190 5258 fratrem
2219 5203 2405 5257 tuum?
2442 5200 2644 5258 Omnes
2672 5203 2817 5258 enim
2857 5204 3120 5260 stabimus
3157 5214 3286 5260 ante
3321 5205 3556 5260 tribunal

1968 5295 2171 5352 Christi
2211 5293 2390 5366 (Rom.
2429 5293 2566 5367 xw).
2605 5311 2624 5346 ι
2671 5293 2856 5365 Itaque
2894 5297 3263 5367 unusquisque
3304 5304 3551 5350 nostrum

1968 5405 2068 5449 pro
2097 5401 2155 5443 se
2177 5386 2442 5442 rationem
2472 5387 2661 5442 reddet
2680 5388 2812 5442 Deo.
2854 5386 2990 5442 llinc
3011 5396 3095 5442 est
3123 5388 3265 5458 quod
3295 5385 3553 5440 Dominus

1968 5481 2165 5551 legitur
2197 5479 2248 5534 in
2291 5479 2583 5551 Evangelio
2609 5479 2925 5549 publicanos
2968 5488 3023 5534 et
3061 5488 3376 5549 peccatores
3402 5491 3552 5531 recc-

1971 5572 2135 5640 pisse,
2165 5578 2219 5625 et
2247 5569 2601 5623 manducasse
2648 5583 2769 5624 cum
2801 5569 2942 5634 illis;
2975 5578 3028 5623 et
3057 5568 3334 5622 mulierem
3377 5581 3552 5620 mere-

1971 5664 2157 5719 tricem
2188 5677 2308 5717 cum
2337 5661 2590 5732 lacrymis
2618 5662 2782 5730 pedes
2811 5662 2927 5730 ejus
2958 5661 3220 5732 rigantcm
3251 5677 3278 5714 a
3310 5659 3552 5730 peccatis

1970 5755 2262 5810 absolvisse
2298 5771 2308 5806 :
2339 5752 2429 5821 qui
2452 5760 2507 5806 et
2528 5751 3296 5808 Pharisaeismurmurantilms
3324 5765 3550 5823 respon-
