3928 6182
339 333 477 390 ⁸815

1009 329 1070 382 Β.
1109 325 1360 382 ΒΑΒᾹΝΙ
1397 323 1616 381 MAURI
1654 322 1939 379 ARCHIEP

2043 322 2321 381 IOGUNT.
2358 320 2642 380 OPEBUM
2672 315 2856 376 PARS
2894 316 2935 371 Ι.

3513 312 3617 370 816

345 445 447 499 «tlit
475 460 488 496 :
525 460 544 492 ‹
575 441 776 496 Euntes
817 438 1004 493 discite
1032 437 1161 504 quid
1208 437 1300 500 sit,
1345 434 1766 490 Misericordiam
1815 434 1938 491 volo
1964 441 2016 500 Α
2041 447 2098 492 et
2129 436 2389 492 doctrinae
2423 455 2436 490 :
2465 436 2605 491 insta
2633 436 2684 489 in
2723 433 2848 488 illis.
2875 431 2988 487 Hoc
3011 430 3156 485 enim
3194 429 3428 495 faciens,
3453 441 3513 486 et
3543 442 3623 488 te-

358 544 426 588 »et
458 547 568 587 non
611 528 975 585 sacriﬁcium:
1022 540 1130 578 non
1159 525 1302 578 enim
1351 524 1473 578 veni
1505 539 1700 578 vocare
1741 521 1993 607 justos,.

371 621 464 677 sed
510 626 816 688 peccatores
847 613 1059 682 (Matth.
1095 613 1193 682 ιι).
1230 633 1248 664 ι
1287 614 1352 668 Et
1393 613 1556 668 alibi:
1615 631 1633 664 ι
1674 611 1941 667 Gaudium

366 721 472 776 est,
500 709 694 779 inquit,
734 708 788 762 in
828 707 980 762 caelis
1009 721 1172 774 super
1196 721 1304 760 uno
1343 714 1629 775 peccatore
1675 706 1944 775 pmniten-
1981 745 1984 748 .

361 801 503 852 tiam
541 804 751 866 agente,
788 809 954 863 quam
991 809 1152 862 super
1197 794 1486 863 nonaginta
1516 808 1707 847 novem
1746 790 1940 860 justus,

369 890 460 959 qui
486 905 590 942 non
613 888 851 957 indigent
874 885 1193 955 pmnitentia
1223 885 1374 956 (Luc.
1407 883 1521 955 xv).
1564 902 1582 935 ι

447 999 463 1030 ι
499 978 574 1033 Ne
595 992 818 1048 spernas
845 977 1117 1032 hominem
1149 976 1202 1029 in
1233 991 1328 1030 sua
1360 982 1578 1030 senecta
1605 992 1618 1026 :
1655 976 1857 1029 etenim
1877 987 1940 1028 ex

359 1070 526 1124 nobis
553 1076 860 1124 senescunt.
894 1086 912 1119 ι
949 1066 1059 1121 Hoc
1074 1066 1429 1120 considerans
1457 1064 1813 1119 Ecclesiastes
1834 1064 1940 1118 ait:

347 1179 393 1209 -‹
438 1159 655 1213 Vanitas
680 1157 979 1210 vanitatum
1019 1164 1075 1209 et
1104 1153 1284 1208 omnia
1325 1152 1539 1206 vanitas
1569 1149 1882 1221 (Εοσιεεοι).
1919 1168 1938 1200 ι

372 1255 437 1308 Et
461 1256 586 1308 item
619 1271 632 1307 :
659 1252 812 1315 Vidi,
844 1250 1053 1318 inquit,
1088 1264 1206 1317 qua:
1247 1246 1382 1300 ﬁunt
1421 1246 1520 1299 sub
1566 1243 1716 1298 sole:
1743 1250 1797 1297 et
1818 1256 1944 1297 ecce

344 1346 619 1399 «universa
670 1342 882 1397 vanitas
930 1349 985 1394 et
1035 1339 1251 1392 aﬁlictio
1281 1337 1500 1406 spiritus
1550 1334 1764 1406 (lbid.).
1812 1353 1831 1387 ι
1877 1334 1946 1387 Et

369 1449 490 1504 pOSt
541 1433 813 1502 aliquanta
850 1449 863 1484 :
903 1449 921 1481 ι
959 1428 1176 1494 Omnia,
1220 1427 1316 1492 ait,
1365 1435 1577 1496 tempus
1615 1425 1836 1487 habent,
1889 1431 1945 1477 et

351 1527 483 1581 suis
541 1525 729 1594 spatiis
784 1528 1066 1576 transeunt
1118 1519 1368 1574 universa
1422 1519 1521 1573 sub
1567 1517 1725 1572 caelo.
1756 1535 1774 1568 ι
1806 1515 1944 1571 Hinc

371 1618 560 1670 beatus
583 1621 788 1682 martyr
827 1611 1125 1681 Cyprianus
1169 1609 1221 1663 in
1253 1608 1390 1662 libro
1432 1607 1498 1662 ad
1537 1607 1940 1662 Demetrianum

355 1708 436 1762 de
498 1704 825 1761 mortalitate
880 1706 1152 1774 eleganter
1212 1699 1380 1754 dixit:
1447 1717 1464 1750 ε
1501 1698 1626 1754 llaec
1676 1699 1942 1755 sententia

2040 528 2328 597 metipsum
2377 525 2584 581 salvum
2613 523 2803 588 facies,
2833 531 2888 578 et
2926 537 3020 576 eos
3045 523 3137 590 qui
3191 530 3245 576 te
3272 521 3550 591 audiunt(
3591 518 3620 578 Ι

2044 618 2177 671 Tim.
2202 617 2297 688 tv).
2340 637 2358 670 ι
2393 617 2528 672 Boni
2577 615 2721 669 enim
2773 614 3017 684 magistri
3056 629 3162 666 non
3216 612 3365 666 aliud
3422 612 3623 667 docent

2040 724 2202 779 quam
2231 709 2374 778 quod
2402 708 2503 778 ipsi
2546 723 2576 762 a
2603 707 2758 762 bonis
2785 704 3208 776 praeceptoribus
3231 715 3622 774 perceperunt,

2041 799 2184 868 quod
2221 798 2383 852 etiam
2419 812 2450 850 a
2481 812 2692 851 summo
2735 797 2996 863 magistro
3031 796 3100 851 ad
3137 811 3326 851 eorum
3368 797 3624 850 notitiam

2039 888 2305 958 pervenit.
2339 886 2485 942 Sicut
2510 886 2868 941 Ecclesiastes
2891 887 3148 950 ostendit,
3165 887 3351 941 dicens
3375 905 3419 940 ε(
3448 886 3624 944 Verba

2042 977 2361 1047 sapientium
2399 983 2459 1030 ut
2498 974 2720 1037 stimuli,
2749 983 2802 1029 et
2823 975 2977 1044 quasi
3007 975 3144 1029 clavi
3175 976 3230 1030 in
3258 977 3427 1030 altum
3459 975 3624 1030 deﬁxi

2043 1065 2240 1137 (Eccle.
2267 1065 2368 1134 xu)
2397 1079 2412 1118 :
2441 1085 2459 1117 ι
2493 1080 2612 1134 quae
2638 1078 2734 1133 per
2757 1064 3144 1134 magistrorum
3173 1065 3466 1119 consilium
3499 1065 3625 1118 data

2043 1167 2169 1213 sunt
2197 1173 2232 1212 a
2256 1166 2471 1228 pastore
2498 1171 2623 1210 uno.
2665 1154 2803 1210 llinc
2839 1163 2895 1210 et
2936 1155 3052 1210 iosa
3079 1155 3343 1224 sapientia
3370 1156 3626 1210 hortatur

2043 1248 2235 1311 adhuc,
2261 1248 2448 1303 dicens
2475 1266 2488 1301 :

2117 1357 2136 1389 ‹
2166 1338 2281 1394 Non
2321 1347 2372 1393 te
2399 1346 2685 1408 praetereat
2723 1337 2962 1392 narratio
3000 1337 3304 1403 seniorum;
3345 1336 3448 1406 ipsi
3478 1337 3623 1392 enim

2047 1449 2068 1482 ι
2093 1430 2400 1486 didicerunt
2426 1445 2456 1484 a
2481 1431 2726 1500 patribus
2753 1429 2864 1484 suis
2885 1443 2896 1483 :
2915 1429 3171 1498 quoniam
3199 1429 3266 1482 ab
3288 1429 3425 1498 ipsis
3446 1428 3623 1485 disces

2048 1541 2067 1575 ι
2105 1521 2458 1588 intellectum,
2507 1529 2564 1576 et
2593 1521 2648 1574 in
2699 1529 2938 1590 tempore
2965 1521 3305 1576 necessitatis
3352 1522 3488 1576 dare
3533 1536 3621 1576 re-

2047 1631 2064 1665 ‹
2100 1628 2375 1683 sponsum.
2430 1631 2450 1664 ι
2506 1610 2600 1666 Sic
2649 1620 2704 1666 et
2755 1610 3032 1679 apostolus
3081 1609 3274 1665 Petrus
3337 1611 3620 1678 admonet,

2041 1703 2227 1759 dicens
2254 1719 2269 1756 :
2308 1721 2326 1753 ι
2354 1701 2638 1755 Dominum
2651 1708 2831 1755 autem
2859 1697 3040 1754 Iesum
3068 1697 3343 1754 Christum
3370 1700 3620 1755 sanctiﬁ-

369 1799 568 1853 mundo
594 1798 718 1852 data
744 1803 859 1861 est;
884 1773 999 1847 haec
1028 1792 1122 1846 Dei
1151 1791 1234 1845 lex
1269 1797 1371 1854 est,
1402 1798 1461 1843 ut
1489 1789 1669 1844 omnia
1700 1797 1820 1844 orta
1849 1805 1940 1845 oc-
1968 1773 2013 1831 Β
2041 1803 2162 1848 cate
2191 1792 2246 1847 in
2273 1791 2526 1848 cordibus
2554 1788 2771 1854 vestris,
2803 1789 2979 1850 parati
3027 1803 3240 1858 semper
3279 1789 3348 1843 ad
3397 1790 3620 1844 satisfa-

368 1890 573 1954 cidant,
601 1898 656 1942 et
677 1896 834 1942 aucta
861 1892 1172 1947 senescant,
1204 1892 1258 1939 et
1296 1882 1638 1937 inﬁrmentur
1672 1881 1853 1947 fortia,
1886 1891 1941 1939 et

351 1979 911 2050 anagnaminuantur.
947 1995 970 2027 ι
1003 1973 1136 2028 Nam
1164 1989 1286 2028 cum
1315 1973 1440 2026 olim
1483 1971 1622 2026 ultra
1661 1973 1942 2042 octingen-

369 2079 450 2124 tos
477 2077 530 2124 et
556 2076 850 2139 nongentos
878 2079 1046 2120 annos
1083 2064 1191 2118 vita
1219 2063 1500 2117 hominum
1540 2061 1777 2133 longaeva
1811 2077 1940 2132 pro-

362 2161 599 2225 cederet,
623 2159 710 2212 vix
737 2171 880 2212 nunc
923 2155 1095 2226 possit
1137 2155 1203 2210 ad
1238 2153 1609 2209 centenarium
1653 2167 1940 2207 numerum

357 2249 662 2318 pervenire.
691 2245 872 2302 Canos
889 2246 1134 2301 videmus
1175 2245 1228 2299 in
1250 2245 1453 2314 pueris,
1478 2243 1654 2314 capilli
1685 2243 1942 2300 deﬁciunt

357 2351 652 2413 antequam
676 2347 953 2405 crescant;
985 2353 1084 2394 nec
1107 2347 1238 2394 aetas
1278 2338 1331 2393 in
1359 2345 1690 2393 senectutem
1717 2337 1935 2405 desinit,

351 2435 457 2490 sed
509 2433 696 2504 incipit
722 2449 755 2488 a
793 2439 1112 2488 senectute:
1145 2431 1224 2486 sic
1272 2430 1327 2485 in
1373 2438 1494 2486 ortu
1543 2445 1641 2486 suo
1681 2428 1750 2484 ad
1776 2430 1938 2486 ﬁnem

362 2523 616 2578 nativitas
659 2529 936 2590 properat.
973 2518 1064 2575 Sic
1107 2519 1464 2588 quodcunque
1506 2534 1649 2574 nunc
1676 2517 1936 2585 nascitur,

356 2610 548 2664 mundi
570 2610 738 2678 ipsius
755 2616 1033 2664 senectute
1053 2609 1358 2678 degenerat,
1387 2607 1462 2660 ita
1492 2613 1552 2660 ut
1570 2621 1730 2661 nemo
1752 2604 1939 2660 mirari

362 2702 554 2756 debeat
581 2701 789 2772 singula
837 2701 890 2755 in
941 2699 1141 2754 mundo
1190 2700 1422 2770 cmpisse
1465 2697 1695 2754 deﬁcere
1722 2697 1938 2769 quando

362 2802 505 2849 totus
530 2794 766 2865 ipseiam
780 2792 1009 2848 mundus
1031 2792 1086 2846 in
1119 2791 1422 2848 defectione
1445 2791 1517 2847 sit
1541 2799 1597 2848 et
1621 2791 1675 2846 in
1699 2789 1827 2847 ﬁne.

946 2903 1172 2960 CAPUT
1210 2904 1346 2960 XIII.

352 2995 436 3050 De
464 3002 666 3050 mortuo
684 2994 895 3049 inimico
922 3010 1025 3048 non
1049 3011 1158 3048 esse
1171 2992 1526 3076 gaudendum,
1555 2994 1774 3049 scientes
1797 2993 1938 3066 quod

895 3080 1070 3118 omnes
1109 3081 1155 3116 ιη
1164 3081 1381 3118 ortmur.

435 3171 454 3207 ι
488 3153 610 3208 Noli
654 3152 722 3208 de
773 3159 988 3208 mortuo
1024 3151 1246 3206 inimico
1303 3161 1394 3206 tuo
1441 3153 1697 3224 gaudere,
1749 3153 1930 3210 sciens

365 3265 384 3299 ι
425 3245 679 3316 quoniam
699 3258 888 3298 omnes
916 3243 1221 3296 morimur:
1245 3251 1299 3296 et
1327 3243 1380 3297 in
1403 3245 1656 3314 gaudium
1681 3245 1931 3299 nolumus

365 3355 385 3388 ι
420 3334 624 3389 venire.
671 3352 689 3384 ι
724 3332 1088 3396 Subauditur,
1128 3332 1468 3387 inimicorum
1503 3341 1829 3389 nostrorum.
1871 3333 1930 3389 Si

359 3425 505 3479 enim
543 3422 836 3478 secundum
865 3421 1077 3476 Domini
1107 3423 1418 3477 mandatum
1453 3421 1725 3494 diligimus
1754 3422 1932 3478 inimi-

357 3530 455 3570 cos
480 3521 711 3578 nostros,
748 3519 804 3568 et
845 3512 982 3566 bene
1021 3509 1261 3566 facimus
1295 3512 1380 3567 his
1418 3513 1510 3582 qui
1555 3513 1785 3568 oderunt
1809 3527 1930 3578 nos,

350 3606 508 3662 .nullo
558 3604 717 3660 modo
756 3603 822 3658 de
874 3617 1061 3659 eorum
1098 3616 1228 3658 casu
1279 3617 1565 3673 possumus
1619 3602 1805 3658 uetari.
1857 3601 1934 3659 De

351 3713 470 3767 quo
509 3704 565 3751 et
599 3694 726 3750 alibi
782 3693 1060 3762 Scriptura
1109 3709 1207 3749 nos
1251 3694 1518 3764 prohibet,
1551 3693 1769 3748 dicens:
1805 3713 1823 3746 ι
1856 3694 1934 3748 Ne

341 3787 558 3842 laeteris
584 3786 637 3840 in
657 3784 878 3840 alterius
903 3800 1030 3840 casu
1049 3785 1228 3855 (Prov.
1254 3782 1412 3856 xvn),
1444 3803 1462 3836 ι
1493 3786 1585 3839 sed
1609 3799 1798 3840 eorum
1819 3786 1934 3841 vice

352 3879 728 3944 condolentes,
783 3878 924 3934 sicut
961 3887 1210 3934 nostram
1259 3879 1335 3934 ita
1361 3887 1416 3936 et
1462 3879 1676 3936 illorum
1721 3880 1933 3935 ruinam

350 3969 639 4026 .dcﬁemus.
671 3968 854 4025 Mortis
898 3970 1043 4045 enim
1078 3984 1304 4025 occasus
1345 3969 1594 4025 omnibus
1635 3969 1936 4025 communis

335 4069 478 4126 west;
523 4069 579 4115 et
604 4060 723 4115 ideo
769 4060 912 4114 sicut
948 4074 1047 4114 nos
1086 4059 1333 4115 nolumus
1376 4059 1429 4113 in
1460 4059 1712 4130 gaudium
1753 4061 1935 4115 inimi-

366 4167 552 4206 corum
601 4158 910 4206 nostrorum
964 4150 1223 4216 incidere,
1273 4150 1348 4204 ita
1385 4163 1485 4204 nec
1516 4149 1615 4218 ipsi
1655 4150 1722 4206 de
1749 4165 1936 4205 eorum

337 4282 354 4294 ..
366 4242 586 4298 interitu
607 4241 862 4296 debemus
874 4240 1138 4312 gaudere;
1162 4239 1255 4295 sed
1271 4239 1413 4293 illius
1427 4239 1707 4294 sententia:
1723 4254 1939 4310 semper

367 4347 635 4389 memores
683 4346 802 4387 esse
831 4371 846 4397 ,
878 4346 983 4401 qua
1029 4331 1233 4386 dictum
1262 4337 1383 4385 est:
1424 4348 1442 4382 σ
1479 4328 1634 4396 Quod
1679 4329 1776 4384 tibi
1814 4329 1938 4386 ﬁeri

2038 1887 2271 1942 ctionem
2293 1884 2438 1939 omni
2467 1883 2706 1953 poscenti
2737 1898 2832 1938 vos
2871 1882 3134 1936 rationem
3177 1881 3242 1936 de
3275 1896 3358 1946 ea,
3399 1897 3525 1950 quae
3563 1881 3618 1936 in

2039 1977 2213 2042 vobis,
2245 1985 2327 2032 est
2354 1991 2448 2045 spe
2473 1975 2534 2047 (Ι
2564 1973 2659 2029 Pet
2711 1973 2826 2047 ιιι).
2865 1993 2884 2026 ι
2909 1971 3180 2029 Condecet
3217 1972 3362 2031 enim
3399 1988 3620 2027 servum

2039 2067 2133 2121 Dei
2164 2066 2449 2136 diligenter
2479 2075 2535 2120 et
2573 2073 2729 2120 caute
2763 2079 2826 2120 ea
2865 2078 2899 2118 a
2936 2063 3208 2133 magistris
3228 2064 3472 2130 discere,
3499 2078 3620 2134 qua:

2040 2157 2154 2227 ipse.
2182 2156 2520 2227 postmodum
2559 2155 2680 2210 aliis
2701 2155 2993 2223 prudenter
3025 2161 3082 2208 et
3123 2155 3414 2209 salubriter
3447 2155 3620 2224 possit

2037 2247 2304 2318 proferre,
2331 2262 2400 2301 ne
2421 2245 2580 2311 forte,
2607 2245 2652 2300 si
2683 2245 2772 2299 ille
2797 2245 2949 2315 prius
2978 2245 3130 2316 piger
3164 2253 3222 2299 et
3245 2247 3429 2316 segnis
3454 2245 3527 2299 sit
3550 2244 3619 2298 ad

2038 2340 2431 2406 meditandum,
2458 2345 2645 2409 postea
2681 2337 2804 2393 aliis
2835 2337 3146 2393 inveniatur
3175 2337 3382 2394 inutilis
3411 2337 3483 2394 ad
3519 2337 3616 2392 do-

2038 2430 2291 2486 cendum.

2115 2539 2133 2572 ι
2157 2519 2237 2575 Ne
2257 2519 2514 2575 incendas
2541 2519 2808 2575 carbones
2842 2525 3196 2590 peccatorum
3227 2532 3464 2587 arguens
3501 2532 3616 2582 eos,

2044 2632 2063 2665 ‹
2100 2620 2156 2668 et
2179 2627 2246 2668 ne
2272 2613 2578 2669 incendaris
2591 2609 2802 2667 ﬂamma
2821 2612 2961 2682 ignis
2973 2619 3319 2681 peccatorum
3333 2610 3571 2664 illorum.
3594 2629 3612 2661 ι

2039 2704 2242 2761 Cautus
2267 2719 2389 2760 esse
2423 2705 2586 2760 debet
2607 2703 2698 2774 qui
2741 2702 2860 2757 aliis
2903 2702 3245 2772 disciplinam
3273 2699 3522 2765 adhibet,
3546 2715 3614 2756 ne

2038 2795 2178 2852 forte
2195 2811 2294 2866 per
2322 2795 2658 2850 nimietatem
2687 2793 3045 2863 correptionis
3070 2791 3219 2862 pejor
3244 2790 3342 2844 ﬁat
3372 2791 3621 2845 irritatus

2039 2888 2253 2942 animus
2307 2885 2669 2956 delinquentis
2701 2925 2715 2951 ,
2748 2885 2832 2940 vel
2880 2898 2950 2938 ne
2988 2884 3102 2955 ipse
3151 2883 3313 2938 laesus
3357 2892 3621 2950 gravetur

2038 2977 2277 3049 peccatis
2303 2976 2512 3031 alienis.
2564 2973 2718 3031 Unde
2764 2973 3054 3046 Apostolus
3079 2974 3298 3030 Galatas
3339 2974 3616 3038 admonet,

2040 3079 2101 3123 ut
2123 3068 2273 3123 illum
2319 3067 2413 3137 qui
2459 3075 2861 3136 praeoccupatus
2887 3064 3052 3120 fuerit
3097 3065 3274 3134 aliquo
3301 3065 3526 3131 delicto,
3565 3065 3620 3120 hi

2039 3160 2132 3230 qui
2174 3158 2444 3230 spiritales
2502 3168 2628 3214 sunt
2671 3160 2942 3214 instruant
2986 3157 3040 3212 in
3086 3159 3278 3228 spiritu
3329 3158 3574 3212 lenitatis
3601 3200 3616 3224 ,

2034 3249 2439 3306 considerantes
2465 3249 2691 3319 seipsos,
2717 3263 2786 3303 ne
2807 3257 2860 3303 et
2883 3249 2982 3318 ipsi
3011 3249 3502 3319 tententur(Galat.
3519 3250 3619 3320 vi).

2033 3338 2172 3393 Hinc
2223 3346 2282 3394 et
2320 3337 2374 3392 in
2407 3337 2820 3392 Denteronomio
2869 3336 3127 3392 Dominus
3171 3337 3325 3408 jubet
3371 3355 3500 3394 eum
3529 3339 3624 3408 qui

2033 3445 2155 3486 cum
2178 3429 2353 3484 amico
2380 3430 2432 3483 iu
2461 3427 2648 3483 silvam
2674 3428 2742 3482 ad
2759 3428 3100 3484 incidendum
3121 3429 3263 3500 ligna
3289 3431 3435 3494 ierit,
3467 3431 3515 3485 si
3543 3445 3630 3486 se-

2033 3521 2180 3578 curis
2205 3521 2455 3594 effugerit
2476 3535 2712 3586 manum,
2741 3527 2796 3574 et
2822 3519 3182 3576 vulneraverit
3204 3522 3533 3590 proximum,
3561 3523 3608 3578 is

2034 3613 2125 3684 qui
2174 3613 2438 3684 percussit
2484 3612 2807 3682 proximum,
2852 3610 3027 3682 fugiat
3070 3613 3137 3668 ad
3181 3629 3345 3666 unam
3399 3615 3620 3669 urbium

2036 3705 2266 3769 illarum,
2306 3718 2424 3772 quae
2449 3701 2649 3774 refugis
2674 3702 2938 3772 deputata:
2961 3709 3106 3766 sunt,
3147 3709 3202 3756 et
3241 3701 3313 3755 ibi
3341 3702 3410 3756 ab
3440 3703 3619 3758 ultore

2037 3795 2315 3865 sanguinis
2365 3794 2596 3864 proximi
2643 3792 2844 3847 illaasus
2883 3799 3129 3847 servetur
3159 3791 3336 3862 (Deut.
3369 3793 3510 3862 nx).
3537 3793 3621 3848 Ad

2036 3885 2228 3940 silvam
2263 3900 2385 3940 cum
2411 3886 2587 3939 amico
2623 3883 2782 3946 imus,
2817 3883 3030 3954 quoties
3055 3898 3177 3938 cum
3203 3881 3445 3952 quolibet
3495 3898 3622 3952 pro-

2038 3976 2183 4030 ximo
2224 3975 2291 4030 ad
2343 3973 2595 4030 intuenda
2641 3971 2834 4028 delicta
2884 3981 3069 4027 nostra
3122 3970 3531 4035 convertimur;
3566 3980 3626 4025 et

2041 4063 2362 4133 simpliciter
2408 4063 2554 4134 ligna
2603 4062 2959 4126 succidimus,
3019 4076 3142 4116 cum
3187 4061 3616 4130 delinquentium

2037 4155 2165 4210 vitia
2195 4156 2282 4225 pia
2309 4153 2606 4210 intentione
2653 4168 2990 4218 resecamus;
3021 4153 3115 4208 sed
3146 4152 3352 4208 securis
3394 4167 3616 4206 manum

2039 4245 2190 4317 fugit,
2222 4261 2344 4301 cum
2398 4259 2519 4300 sese
2554 4244 2849 4313 increpatio
2891 4243 3011 4314 plus
3062 4233 3226 4312 quam
3273 4257 3500 4298 necesse
3529 4250 3618 4297 est

2038 4336 2094 4390 in
2145 4337 2488 4406 asperitatem
2528 4334 2814 4405 pertrahit,
2850 4332 3161 4402 ferrumque
3209 4332 3276 4386 de
3325 4331 3616 4385 manubrio

347 4441 478 4482 .non
506 4424 610 4487 vis,
667 4422 819 4478 alteri
872 4420 1171 4477 nefeceris
1202 4419 1352 4492 (Τοῦ.
1383 4419 1480 4492 1v).
1512 4439 1530 4472 ι
1567 4419 1678 4476 Nec
1726 4435 1836 4476 non
1883 4428 1938 4475 et
1960 4462 2014 4522 Β
2037 4427 2268 4498 prosilit,
2297 4440 2420 4481 cum
2450 4425 2516 4480 de
2559 4424 2896 4493 correptione
2943 4437 3121 4478 sermo
3159 4421 3345 4477 durior
3379 4420 3616 4484 excedit,

368 4517 512 4572 illius
539 4515 802 4571 Dominici
826 4514 1100 4584 praecepti,
1120 4528 1227 4582 quo
1256 4512 1333 4566 ait
1363 4529 1376 4565 :
1415 4530 1433 4563 ι
1454 4509 1658 4568 .Omnia
1685 4526 1937 4581 quaecun-

356 4619 473 4675 que
496 4603 660 4658 vultis
687 4611 746 4656 ut
774 4600 976 4656 faciant
1005 4600 1158 4655 vobis
1202 4600 1465 4665 homines,
1506 4598 1694 4654 eadem
1737 4614 1832 4654 vos
1846 4597 1937 4655 fa-

344 4697 475 4752 lcite
504 4693 609 4750 illis
637 4691 852 4765 (Matth.
878 4705 952 4745 vn
976 4705 990 4755 ;
1020 4688 1148 4742 Luc.
1176 4689 1273 4758 vi).
1313 4707 1332 4740 ι

447 4805 464 4838 ι
502 4785 580 4840 Ne
625 4782 889 4853 despicias
942 4779 1309 4834 narrationem
1355 4776 1791 4848 presbyterorum
1848 4792 1938 4832 sa-

352 4899 394 4930 .‹
431 4879 724 4948 pientium;
767 4883 823 4929 et
862 4874 915 4927 in
958 4870 1264 4926 Proverbiis
1322 4869 1534 4924 illorum
1579 4883 1934 4934 conversare;

376 4991 393 5022 ι
427 4971 493 5024 ab
525 4970 654 5039 ipsis
686 4967 829 5023 enim
877 4965 1053 5019 disces
1088 4962 1408 5032 sapientiam
1442 4969 1496 5015 et
1529 4959 1828 5014 doctrinam
1859 4959 1941 5013 in-

377 5081 394 5114 ι
433 5060 692 5124 tellectus,
721 5067 774 5112 et
799 5057 1002 5112 servire
1030 5055 1298 5126 magnatis
1326 5055 1441 5110 sine
1461 5052 1700 5122 querela.
1727 5072 1745 5106 ›
1776 5052 1942 5108 Recte

349 5147 1096 5206 .admonetecclesiasticum
1144 5145 1430 5216 populum,
1485 5153 1542 5199 ut
1585 5145 1830 5201 subditus
1873 5145 1944 5200 sit

371 5243 574 5299 sanctis
607 5240 936 5305 doctoribus,
967 5246 1022 5294 et
1064 5237 1312 5292 assiduus
1342 5245 1556 5290 maneat
1609 5236 1662 5289 in
1699 5235 1942 5290 doctrina

364 5334 607 5398 illorum,
640 5330 765 5400 quia
797 5330 920 5383 inde
959 5326 1235 5400 perveniet
1262 5325 1328 5379 ad
1365 5326 1693 5380 intellectum
1725 5324 1941 5394 sapien-

372 5427 491 5491 tiae,
539 5431 594 5480 et
634 5422 702 5477 ad
758 5418 1119 5474 moralitatem
1168 5415 1484 5486 disciplima.
1539 5415 1695 5470 Unde
1743 5413 1943 5469 Paulus

371 5515 654 5572 Timotheo
679 5510 974 5584 praecepit,
1000 5509 1184 5564 dicens
1218 5524 1231 5561 :
1269 5525 1286 5558 ι
1333 5506 1469 5562 Dum
1511 5507 1689 5573 venio,
1725 5506 1946 5560 attende

357 5609 586 5665 .leetioni
610 5649 629 5674 ,
677 5602 1040 5663 exhortationi
1087 5609 1141 5657 et
1179 5601 1466 5666 doctrinae;
1501 5601 1554 5654 in
1587 5600 1669 5654 his
1696 5607 1813 5654 esto
1845 5639 1860 5664 ,
1889 5606 1948 5653 ut

355 5698 646 5768 subrectus
675 5707 796 5754 tuus
820 5695 1139 5753 manifestus
1161 5694 1232 5752 sit
1269 5693 1539 5751 onmibus.
1579 5691 1813 5749 Attende
1848 5691 1945 5748 tibi

2044 4524 2099 4570 et
2124 4517 2354 4570 amicum
2387 4514 2696 4585 percutiens
2729 4513 2946 4578 occidit,
2995 4511 3088 4581 qui
3127 4511 3426 4566 auditorem
3459 4525 3622 4566 suum

2044 4607 2253 4679 prolata
2303 4603 2622 4660 contumelia
2657 4602 2725 4657 ab
2765 4601 2958 4672 spiritu
3003 4600 3304 4656 dilectionis
3336 4599 3617 4655 interﬁcit.

2044 4695 2292 4766 Correpti
2321 4707 2556 4764 namque
2595 4704 2752 4747 mens
2801 4699 3021 4761 repente
3073 4689 3138 4745 ad
3177 4690 3356 4745 odium
3382 4691 3623 4759 proruit,

2044 4784 2092 4839 si
2117 4783 2257 4839 hanc
2301 4781 2658 4838 immoderata
2713 4779 3008 4850 increpatio
3053 4779 3174 4850 plus
3214 4794 3377 4848 quam
3434 4779 3624 4834 debuit

2044 4873 2264 4929 addicit.
2297 4871 2403 4928 Sed
2442 4873 2488 4927 is
2511 4873 2602 4941 qui
2635 4873 2845 4926 incaute
2890 4870 3090 4941 lignum
3129 4870 3382 4940 percutit,
3414 4879 3469 4924 et
3491 4886 3624 4940 pro-

2043 4971 2247 5025 ximum
2277 4970 2589 5041 exstinguit,
2616 4970 2681 5024 ad
2714 4977 2824 5023 tres
2855 4983 3078 5023 necesse
3110 4974 3196 5021 est
3219 4967 3382 5020 urbes
3426 4964 3624 5035 fugiat,

2044 5061 2179 5116 utin
2202 5076 2306 5114 una
2331 5074 2518 5114 earum
2545 5059 2795 5114 defensus
2815 5058 2981 5112 vivat.
3017 5055 3151 5124 Quia
3186 5057 3231 5111 si
3264 5056 3332 5110 ad
3351 5057 3624 5125 poeniten-

2044 5149 2135 5202 tia:
2159 5148 2393 5204 lamenta
2413 5161 2709 5203 conversus
2725 5146 2778 5200 in
2801 5147 3004 5201 unitate
3024 5145 3350 5201 sacramenti
3377 5146 3480 5199 sub
3501 5159 3624 5214 Spe,

2049 5239 2154 5295 ﬁde
2182 5248 2238 5294 et
2256 5240 2518 5295 charitate
2544 5239 2891 5295 absconditur
2915 5277 2930 5304 ,
2959 5252 3084 5292 reus
3110 5239 3404 5307 perpetrati
3445 5237 3624 5291 homi-

2047 5331 2170 5385 cidii
2199 5346 2302 5385 non
2325 5338 2556 5394 tenetur,
2574 5344 2801 5399 eumque
2821 5329 3075 5384 exstincti
3095 5328 3395 5398 proximus,
3423 5336 3480 5384 et
3499 5343 3625 5383 cum

2049 5420 2332 5486 invenerit,
2383 5437 2490 5476 non
2535 5420 2752 5475 occidit.
2789 5418 2925 5486 Quia
2976 5434 3100 5474 cum
3132 5419 3413 5474 districtus
3456 5419 3625 5492 judex

2049 5511 2278 5576 venerit,
2307 5511 2399 5580 qui
2430 5525 2548 5565 sese
2578 5509 2732 5565 nobis
2759 5524 2856 5578 per
2899 5517 3105 5563 naturas
3142 5519 3342 5564 nostra:
3395 5524 3624 5564 consor-

2051 5601 2185 5656 tium
2208 5600 2407 5672 junxit,
2442 5601 2509 5655 ab
2538 5616 2604 5656 eo
2640 5600 2824 5670 procul
2849 5600 3010 5654 dubio
3033 5599 3327 5672 vindictam
3354 5599 3424 5653 de
3456 5597 3624 5667 culpze

2053 5700 2203 5747 reatu
2242 5705 2349 5746 non
2374 5689 2599 5762 expetit,
2627 5705 2785 5759 quem
2825 5688 2923 5745 sub
2969 5688 3086 5759 ejus
3113 5688 3267 5744 venia
3309 5702 3460 5758 spes,
3491 5685 3624 5742 ﬁdes
