3928 6182
279 312 386 372 817

1171 304 1526 364 COMMENT.
1565 305 1634 362 lN
1671 301 2282 362 ECCLESIASTICUM.
2324 330 2395 343 -
2430 300 2556 356 ΠΒ.
2594 298 2660 354 Π.

3443 295 3552 361 818

277 438 334 485 et
355 425 602 484 charitas
637 421 962 479 abscondit:
994 422 1156 478 citius
1183 437 1312 494 ergo
1362 420 1520 492 culpa
1554 418 1866 483 dimittitur,
1896 423 1947 482 Α
1979 435 1998 468 ι
2034 416 2203 482 vadit,
2231 422 2288 470 et
2310 413 2470 470 simul
2507 426 2630 468 cum
2677 410 2911 467 stultitia
2955 410 3096 468 illius
3131 411 3354 484 peribis.
3392 430 3412 466 θ
3445 418 3556 469 Au-

278 533 402 588 quz
423 529 762 587 nequaquam
789 514 1012 570 malitia:
1039 513 1219 569 studio
1251 520 1611 584 perpetratur.

874 622 1105 681 CAPUT
1127 623 1265 680 XIV.

281 721 358 776 De
414 717 642 775 vitandis
699 715 856 771 malis
905 715 1080 786 dictis,
1114 715 1300 786 factis,
1341 711 1741 785 cogitationibus
1774 726 1872 784 per

871 785 1137 839 auxilium
1159 785 1278 838 Dei.

355 899 381 933 ‹
412 879 493 935 Ne
530 884 722 934 contra
751 875 946 932 faciem
973 885 1087 931 stes
1118 873 1534 939 contumeliosi,
1586 887 1655 928 ne
1684 873 1873 928 sedeat

286 991 305 1025 ο
337 971 500 1043 quasi.
555 969 842 1025 insidiator
888 967 970 1022 ori
1021 975 1132 1020 tuo.
1164 986 1182 1018 ι
1221 965 1686 1022 Contumeliosum
1733 966 1874 1021 bene

280 1077 580 1134 possumus
623 1059 871 1130 accipere
915 1058 1229 1114 hatreticnm
1260 1098 1281 1123 ,.
1315 1057 1406 1128 qui
1453 1071 1666 1126 semper
1705 1055 1872 1110 verba

282 1159 468 1206 nostra
497 1149 694 1220 quaerit
711 1147 1049 1212 subvertere,
1071 1156 1126 1201 et
1148 1145 1214 1201 ad
1245 1146 1539 1216 nequitiam
1569 1159 1762 1201 sensus
1789 1144 1874 1200 sui

281 1241 626 1312 pertrahere,
655 1237 882 1308 proinde
909 1235 1069 1304 hujus
1108 1235 1397 1291 collocutio
1424 1233 1734 1306 perniciosa
1763 1244 1870 1300 est,

283 1338 340 1386 et
362 1330 490 1385 ideo
508 1327 733 1382 omnino
763 1325 1035 1396 fugienda,
1066 1325 1206 1380 sicut
1227 1323 1281 1378 in
1310 1323 1620 1378 Proverbiis
1649 1322 1876 1392 Sapien-

284 1423 360 1475 tia
393 1422 662 1484 hortatur,
693 1417 916 1472 dicens:
946 1433 964 1467 ι
1000 1415 1100 1469 Fili
1129 1416 1220 1479 mi,
1251 1414 1296 1469 si
1321 1423 1374 1470 te
1403 1413 1727 1469 lactaverint
1751 1429 1876 1483 pec-

284 1524 503 1570 catores
535 1551 550 1578 ,
578 1525 647 1566 ne
683 1509 998 1578 acquiescas
1025 1506 1213 1579 (Prov.
1244 1505 1308 1578 ι).
1341 1525 1361 1557 ι
1405 1506 1476 1561 Et
1508 1505 1638 1561 item
1673 1523 1686 1558 :
1726 1523 1744 1556 t
1771 1503 1876 1559 Fili

283 1609 382 1673 mi,
416 1623 488 1663 ne
525 1605 772 1660 ambules
814 1617 950 1658 cum
989 1603 1101 1667 eis;
1146 1600 1378 1671 prohibe
1411 1599 1604 1669 pedem
1665 1605 1815 1652 tuum
1843 1611 1876 1651 a

285 1700 501 1756 semitis
515 1712 724 1755 eorum.
750 1694 924 1750 Pedes
941 1693 1088 1749 enim
1107 1707 1297 1748 eorum
1321 1691 1388 1747 ad
1404 1689 1606 1744 malum
1627 1695 1874 1756 currunt,

286 1801 344 1847 et
369 1791 634 1846 festinant
659 1796 720 1843 ut
741 1787 1020 1844 effundant
1037 1786 1351 1858 sanguinem
1374 1783 1586 1856 (Ibid.).
1619 1802 1638 1836 ι

366 1899 385 1932 ι
418 1878 538 1933 Noli
568 1877 805 1933 fenerari
829 1872 1036 1931 homini
1063 1874 1274 1930 fortiori
1301 1881 1382 1939 te;
1411 1871 1558 1942 quod
1582 1871 1628 1927 si
1672 1869 1880 1926 fenera-

293 1989 314 2021 ε
349 1970 518 2032 veris,
569 1976 829 2036 tanquam
868 1965 1140 2035 perditum
1185 1965 1346 2020 habe.
1385 1982 1404 2015 ι
1437 1962 1740 2021 Fortiorem
1790 1961 1880 2016 hic

290 2076 398 2116 non
421 2059 632 2114 viribus
647 2057 901 2120 validum,
927 2056 1022 2111 sed
1039 2053 1272 2110 elatione
1293 2053 1557 2108 tumidum
1581 2058 1878 2120 nuncupat,

291 2151 382 2206 cui
422 2147 675 2219 prohibet
721 2145 876 2200 fenus
920 2144 1158 2199 tribuere
1183 2159 1199 2210 ;
1229 2142 1357 2212 quia
1391 2156 1500 2196 non
1552 2140 1733 2194 laudat
1757 2154 1882 2194 cum

293 2255 360 2296 eo
389 2233 922 2305 amicitiasjungere.
951 2232 1198 2302 Superbo
1223 2232 1427 2300 itaque,
1454 2231 1558 2285 hoc
1583 2238 1686 2295 est,
1713 2229 1885 2283 haere-

296 2331 406 2384 tico
439 2327 868 2391 communicare,
893 2323 1106 2393 injuria:
1151 2323 1328 2394 magis
1357 2323 1752 2378 incrementum
1776 2327 1882 2386 est,

294 2437 462 2492 quam
519 2418 718 2489 quietis
747 2415 1203 2480 emolumentum;
1241 2421 1299 2469 et
1348 2414 1470 2469 ideo
1524 2413 1581 2468 in
1635 2412 1784 2467 omni
1825 2426 1887 2466 re

297 2516 474 2584 magis
498 2512 848 2569 devitandum
882 2517 965 2564 est
1017 2508 1135 2579 ejus
1175 2507 1508 2562 consortium
1541 2547 1556 2573 ,
1590 2519 1754 2575 quam
1782 2504 1887 2558 ali--

297 2607 456 2677 cujus
485 2603 622 2659 lucri
649 2610 745 2656 aut
771 2599 1092 2671 eloquentia:
1115 2612 1213 2668 per
1240 2611 1364 2652 eum
1391 2596 1751 2668 appetendum
1793 2595 1890 2650 ad-

304 2694 662 2760 miniculum;
685 2691 864 2762 perdit
902 2691 1045 2745 enim
1070 2690 1267 2756 fenus,
1296 2689 1390 2759 qui
1420 2688 1634 2759 ingrato
1663 2687 1885 2754 tribuit;

304 2795 364 2841 et
396 2785 592 2841 minuit
646 2781 1027 2848 substantiam,
1075 2781 1168 2850 qui
1196 2795 1453 2860 perverso
1501 2780 1888 2836 communicat.

311 2878 468 2935 Unde
494 2877 751 2933 Salomon
797 2875 850 2930 in
876 2874 1184 2930 Proverbiis
1208 2874 1478 2938 admonet,
1506 2871 1730 2928 dicens:
1762 2891 1781 2924 t
1809 2873 1892 2928 Bi-

307 2972 379 3029 be
407 2984 604 3040 aquam
629 2969 698 3024 de
728 2968 966 3023 cisterna
994 2974 1103 3031 tua,
1125 2974 1179 3021 et
1202 2963 1399 3021 fluenta
1423 2965 1571 3035 putei
1595 2965 1672 3018 tui
1693 2965 1893 3020 habeto

307 3076 370 3115 ea
404 3059 570 3125 solus,
600 3073 704 3113 nec
730 3057 840 3113 sint
873 3057 1035 3112 alieni
1079 3057 1372 3126 participes
1403 3055 1481 3111 tui
1513 3053 1710 3128 (Prov.
1736 3055 1822 3127 v).
1867 3075 1886 3107 ι

1969 509 2131 566 daces
2159 508 2247 564 hic
2268 523 2554 580 possumus
2586 506 2796 562 sentire
2815 506 3122 573 hereticos,
3159 508 3250 577 qui
3271 534 3279 546 -
3299 523 3556 578 praesum.

1966 607 2174 677 ptionis
2233 619 2344 660 suae
2386 584 2622 660 condunt
2649 611 2858 665 sectas;
2890 601 2947 655 in
2977 601 3175 670 quibus
3200 602 3418 656 omnino
3447 617 3559 656 non

1970 706 2055 753 est
2082 696 2239 752 nobis
2284 693 2660 766 gradientium,
2706 692 2832 762 quia
2879 691 3174 746 secundum
3225 690 3556 746 voluntatem

1973 803 2153 851 suam,
2189 794 2246 840 et
2291 801 2398 840 non
2447 784 2740 840 secundum
2777 783 3111 839 voluntatem
3160 782 3255 838 Dei
3304 784 3552 838 vadunt:

1971 880 2064 950 qui
2093 877 2240 933 enim
2271 877 2486 930 illorum
2537 876 2758 930 semitas
2801 890 3084 944 pervcrsas
3105 873 3363 944 graditur,
3395 873 3555 928 simul

1973 983 2096 1024 cum
2135 967 2365 1022 stultitia
2400 965 2613 1020 illorum
2658 965 2876 1034 peribit.
2925 962 3061 1018 Nota
3116 965 3243 1034 quia
3296 964 3438 1017 sicut
3472 978 3560 1017 sn-

1973 1061 2156 1130 perius
2183 1057 2462 1129 prohibuit
2503 1066 2691 1112 contra
2741 1055 2934 1110 faciem
2981 1054 3358 1109 contumeliosi
3410 1063 3560 1110 stare

1975 1158 2031 1206 et
2094 1147 2302 1205 fortiori
2368 1147 2609 1203 fenerari
2640 1187 2654 1212 ,
2720 1147 2794 1201 ita
2843 1155 2899 1200 et
2940 1162 3082 1201 nunc
3143 1147 3395 1216 prohibet
3432 1162 3560 1202 cum

1975 1243 2180 1298 audace
2234 1241 2288 1295 in
2338 1239 2426 1293 via
2461 1237 2756 1303 ambulare,
2800 1237 2926 1307 quia
2978 1239 3273 1292 secundum
3322 1237 3562 1308 psalmo-

1976 1333 2167 1406 graphi
2231 1332 2557 1388 sententiam
2603 1347 2618 1384 :
2683 1347 2700 1380 ι
2758 1330 2953 1384 Beatus
3012 1337 3096 1383 est
3154 1329 3237 1382 vir
3301 1329 3393 1397 qui
3453 1343 3561 1382 non

1977 1427 2110 1481 abiit
2144 1426 2198 1479 in
2237 1423 2462 1480 consilio
2517 1423 2804 1493 impiorum
2837 1463 2852 1487 ,
2883 1429 2936 1475 et
2985 1422 3037 1474 in
3089 1421 3174 1474 via
3215 1429 3565 1489 peccatorum

1977 1531 2087 1570 non
2112 1515 2284 1575 stetit,
2315 1521 2372 1568 et
2403 1514 2454 1567 in
2485 1513 2742 1567 cathedra
2771 1511 3090 1582 pestilentia:
3127 1525 3235 1563 non
3265 1511 3405 1564 sedit
3431 1527 3446 1576 ;
3471 1511 3570 1564 sed

1978 1607 2034 1662 in
2062 1607 2179 1677 lege
2201 1604 2414 1659 Domini
2444 1604 2691 1659 voluntas
2717 1602 2854 1671 ejus,
2886 1609 2941 1656 et
2971 1602 3024 1655 in
3058 1601 3171 1672 lege
3197 1599 3312 1670 ejus
3337 1601 3570 1654 medita-

1979 1698 2128 1752 bitur
2156 1697 2244 1751 die
2276 1711 2341 1750 ac
2384 1703 2544 1750 nocte
2571 1693 2744 1766 (Psal.
2765 1693 2826 1765 l).
2863 1712 2882 1746 ι
2916 1693 2991 1748 De
3018 1708 3124 1762 quo
3151 1703 3204 1746 et
3235 1693 3410 1747 adhuc
3439 1692 3572 1746 hor-s

1906 1783 1953 1842 B
1982 1795 2130 1842 tatur
2163 1784 2537 1856 subjungensj:

2056 1898 2076 1930 ς
2112 1877 2247 1934 Cum
2277 1877 2537 1932 iracundo
2559 1892 2668 1931 non
2692 1876 2862 1932 facias
2901 1875 3096 1942 rixam,
3122 1882 3176 1930 et
3207 1889 3328 1929 eum
3369 1875 3575 1930 andace

1986 1990 2004 2023 ‹
2040 1986 2147 2025 non
2171 1985 2264 2025 eas
2288 1971 2340 2024 in
2372 1970 2650 2025 desertum
2675 1988 2686 2023 :
2711 1970 2963 2040 quoniam
2986 1970 3139 2040 quasi
3173 1968 3306 2022 nihil
3335 1976 3419 2023 est
3449 1977 3576 2022 ante

1988 2078 2006 2112 ι
2037 2060 2187 2115 illum
2235 2059 2479 2127 sanguis,
2519 2067 2575 2112 et
2603 2061 2694 2114 ubi
2741 2076 2850 2114 non
2879 2069 2963 2114 est
3010 2059 3363 2128 adjutorium,
3411 2059 3577 2114 elidct

1989 2170 2008 2204 ι
2039 2158 2110 2206 te.
2150 2169 2170 2203 ι
2227 2150 2382 2204 Licet
2430 2150 2784 2205 historialiter
2831 2165 2932 2204 nos
2984 2151 3272 2204 admoneat
3318 2151 3573 2204 vitiosum

1985 2254 2153 2316 atque
2199 2244 2459 2299 furiosum
2493 2244 2765 2298 hominem
2814 2244 3073 2308 devitarc,
3131 2251 3310 2298 tamen
3349 2244 3578 2316 mystice

1988 2341 2143 2395 docet
2194 2338 2682 2409 blasphemantium
2733 2337 3043 2393 Jndzeorum
3093 2347 3148 2392 et
3194 2340 3575 2394 hmreticorunl

1988 2441 2261 2489 consortia
2299 2431 2505 2502 fugere,
2533 2441 2659 2486 ante
2689 2446 2918 2500 quorum
2954 2432 3141 2487 oculos
3171 2432 3304 2486 nihil
3334 2442 3420 2487 est
3447 2447 3576 2487 san-

1990 2523 2130 2595 guis,
2168 2524 2294 2594 quia
2338 2534 2430 2578 aut
2456 2524 2813 2594 corporaliter
2856 2539 3076 2578 carnem
3123 2524 3370 2578 ambiunt
3412 2524 3580 2577 truci-

1989 2615 2140 2682 dare,
2189 2625 2283 2672 aut
2334 2615 2509 2686 magis
2572 2616 2782 2670 animas
2831 2614 3187 2685 spiritualitcr
3235 2629 3333 2685 per
3379 2614 3582 2668 erroris

1987 2708 2312 2780 pravitatem
2336 2722 2587 2763 enecare.
2624 2705 2853 2762 Veloees
2877 2709 3022 2762 enim
3048 2707 3214 2777 pedes
3240 2719 3430 2761 eorum
3455 2713 3584 2760 sunt

1991 2800 2058 2854 ad
2106 2798 2486 2854 eil‘undendum
2525 2799 2863 2869 sanguinem,
2908 2806 2966 2852 et
3013 2797 3276 2852 contritio
3307 2804 3469 2865 atque
3501 2795 3583 2849 in.

1991 2889 2224 2946 felicitas
2244 2897 2327 2944 est
2357 2889 2412 2943 in
2426 2889 2528 2942 viis
2547 2905 2756 2952 eorum,
2780 2890 2870 2958 qui
2895 2898 2950 2943 et
2971 2888 3026 2942 in
3051 2888 3322 2943 desertum
3346 2888 3584 2942 ducunt:

1992 2981 2118 3051 quia
2147 2981 2213 3036 de
2243 2989 2391 3035 terra
2433 2980 2686 3036 Ecclesiae
2727 2981 2974 3046 evellere,
3012 2990 3066 3036 et
3095 2981 3148 3034 in
3178 2981 3334 3036 devia
3381 2981 3585 3035 erroris

1997 3073 2102 3140 sui,
2149 3087 2503 3142 quoscunque
2552 3081 2798 3145 possunt,
2833 3073 3090 3129 inducere
3125 3073 3471 3128 contendunt.
3507 3072 3588 3127 De

387 3169 407 3201 ι
434 3150 553 3206 Non
608 3151 876 3221 spondeas
924 3165 1088 3220 super
1130 3149 1385 3205 virtutem
1435 3157 1625 3216 tuam;
1665 3149 1809 3219 quod
1846 3140 1966 3203 siC
1999 3140 2196 3237 quum—5
2218 3173 2275 3219 ει
2310 3140 2485 3219 θδιιξιο
2511 3140 2756 3219 ειῖιχιίιω-
2791 3181 2805 3218 ε

311 3265 331 3299 t
367 3245 742 3316 spoponderis,
770 3244 928 3314 quasi
951 3243 1246 3298 restituens
1287 3243 1484 3313 cogita.
1515 3262 1534 3294 ι
1567 3241 1777 3298 Βοηυω
1811 3249 1896 3297 est

301 3347 364 3394 ut
383 3351 616 3407 quisque
641 3336 950 3391 consideret
984 3348 1297 3390 mensuram
1329 3334 1526 3388 virium
1565 3348 1812 3399 suarum,
1839 3339 1896 3388 et

303 3431 385 3487 sic
409 3438 595 3484 votum
625 3436 907 3499 temperet,
930 3443 1000 3483 ne
1023 3428 1076 3482 in
1097 3426 1364 3482 mendacii
1389 3434 1599 3482 reatum
1627 3426 1893 3482 incurrat.

308 3519 463 3576 Unde
489 3519 749 3574 Dominus
767 3533 864 3590 per
892 3518 1110 3589 Moysen
1132 3516 1411 3586 pravcepit,
1433 3516 1619 3571 dicens
1644 3534 1658 3570 :
1695 3536 1715 3569 ι
1757 3515 1895 3572 Cum

302 3610 521 3665 voveris
548 3616 734 3690 votum
783 3609 1011 3665 Domino
1041 3608 1152 3664 Deo
1188 3618 1281 3663 tuo
1303 3647 1318 3672 ,
1349 3623 1458 3664 non
1503 3608 1744 3664 tardabis
1775 3608 1898 3663 red-

303 3703 456 3766 dere,
480 3702 609 3772 quia
661 3700 903 3771 requiret
941 3699 1072 3756 illud
1100 3699 1363 3756 Dominus
1404 3701 1550 3756 Deus
1578 3707 1747 3767 tuus;.
1767 3707 1824 3755 et
1849 3699 1898 3755 si

305 3803 550 3849 moratus
578 3794 764 3859 fueris,
807 3792 1081 3863 reputabit
1129 3792 1229 3848 tibi
1280 3793 1334 3848 in
1363 3802 1678 3864 peccatum;
1717 3792 1764 3848 si
1795 3807 1896 3847 no-

302 3884 476 3940 lueris
499 3883 764 3954 polliceri,
787 3884 990 3954 absque
1019 3892 1244 3954 peccato
1283 3883 1393 3939 eris
1437 3883 1618 3956 (Deut.
1648 3882 1834 3955 χχιιι).
1871 3901 1890 3936 ι

303 3975 464 4043 Quod
490 3982 671 4030 autem
700 3973 869 4030 semel
900 3989 1179 4046 egressum
1204 3981 1288 4030 est
1325 3975 1393 4030 de
1430 3974 1588 4030 labiis
1641 3974 1768 4041 tuis,
1793 3975 1895 4029 ob-

304 4067 572 4132 servabis,
601 4075 656 4122 et
680 4065 847 4121 facies
867 4065 1006 4121 sicut
1038 4065 1334 4136 promisisti
1379 4065 1608 4120 Domino
1640 4065 1752 4120 Deo
1781 4075 1893 4131 tuo,

305 4173 364 4221 et
387 4163 609 4235 propria
643 4162 920 4218 voluntate
941 4177 1008 4216 ex
1036 4177 1132 4218 ore
1163 4170 1255 4216 tuo
1301 4161 1515 4216 loeutus
1549 4177 1629 4216 es.
1675 4161 1815 4216 ilinc
1843 4170 1898 4214 et

304 4251 667 4307 Ecclesiastes
695 4253 772 4306 ait
796 4271 808 4305 :
842 4269 860 4303 ι
895 4250 954 4306 Si
981 4251 1113 4320 quid
1142 4251 1335 4306 vovisti
1380 4253 1490 4306 Deo
1518 4291 1534 4318 ,
1564 4266 1633 4306 ne
1663 4251 1896 4306 moreris

307 4341 540 4396 reddere
566 4357 583 4405 ;
616 4342 864 4412 displicet
883 4341 1026 4397 enim
1053 4342 1102 4396 ei
1135 4340 1369 4396 infidelis
1395 4350 1451 4396 et
1474 4342 1637 4397 stulta
1660 4341 1896 4411 promis-

304 4432 423 4497 sio;
461 4432 556 4486 sed
597 4433 957 4501 quodcunque
991 4433 1224 4496 voveris,
1255 4433 1454 4487 redde:
1488 4432 1764 4503 multoque
1791 4449 1901 4487 me-

304 4527 414 4583 lius
441 4537 526 4582 est
553 4543 658 4583 non
688 4542 906 4592 vovere,
936 4542 1098 4596 quam
1141 4535 1262 4596 post
1291 4534 1473 4582 votum
1500 4528 1766 4598 promissa
1789 4543 1895 4582 non

305 4617 542 4672 reddere
564 4616 764 4689 (Eccle.
795 4616 872 4687 v).
905 4635 922 4668 ι

387 4728 406 4760 ι
445 4707 561 4764 Non
579 4708 791 4778 judices
819 4715 1010 4763 contra
1032 4707 1266 4776 judicem
1289 4708 1572 4780 :quoniam
1600 4710 1896 4764 secundum

311 4819 333 4850 ι
370 4800 518 4870 quod
543 4799 762 4868 dignum
789 4809 872 4854 est
889 4797 1113 4867 judicat.
1154 4819 1172 4850 ι
1208 4801 1333 4856 llaec
1353 4801 1617 4856 sententia
1646 4808 1701 4855 et
1721 4815 1898 4856 mora-

305 4890 437 4945 liter
457 4905 558 4944 nos
583 4889 762 4955 docet,
805 4899 866 4945 ut
893 4891 1062 4946 simus
1111 4892 1336 4962 subjecti
1376 4893 1680 4962 praepositis
1721 4900 1776 4947 et
1809 4890 1903 4960 ju-

305 4984 528 5038 dicibus
553 4984 756 5038 nostris
779 5025 794 5050 ,
825 4983 918 5053 qui
965 5000 1062 5040 nos
1110 4986 1402 5040 secundum
1438 4987 1674 5041 divinam
1723 4986 1894 5056 legem

293 5076 582 5149 jndicant,
616 5083 670 5129 et
702 5075 858 5145 juxta
905 5076 1220 5147 allegoriam
1269 5077 1520 5132 omnibus
1572 5077 1896 5131 adversariis

305 5167 586 5231 veritatis,
643 5167 746 5220 hoc
795 5174 880 5220 est
924 5166 1141 5234 judaeis,
1179 5169 1402 5239 paganis
1441 5177 1498 5222 et
1525 5167 1898 5222 haereticisiu-

306 5258 600 5314 terdieitur
621 5273 689 5311 ne
710 5258 1064 5313 adversentur
1088 5259 1377 5328 Evangelio
1399 5258 1623 5323 Christi,
1641 5258 1900 5326 quoniam-

301 5353 428 5424 ipse
459 5361 546 5406 est
594 5352 921 5406 constitutus
949 5368 977 5406 a
1003 5352 1114 5406 Deo
1152 5351 1319 5421 judex
1365 5351 1612 5405 vivorum
1653 5359 1707 5404 et
1747 5364 1894 5404 mor-

305 5453 563 5498 tuorum:
591 5451 647 5496 et
683 5462 700 5492 ι
741 5443 857 5512 ipse
883 5442 1092 5510 iudicat
1119 5443 1306 5498 orbem
1335 5451 1496 5498 terrae
1523 5441 1577 5495 in
1616 5440 1894 5510 equitate,

301 5546 360 5588 et
389 5533 626 5603 populos
650 5533 704 5586 in
733 5533 963 5588 veritate
994 5548 1112 5587 sua.
1150 5552 1169 5586 ι

383 5643 403 5675 σ
445 5624 580 5678 Cum
606 5623 796 5679 audaci
824 5639 931 5679 non
953 5639 1047 5678 eas
1076 5625 1129 5678 in
1157 5625 1263 5689 via,
1285 5641 1353 5681 ne
1379 5625 1517 5681 forte
1539 5634 1726 5698 gravet
1753 5629 1897 5682 mala

313 5733 341 5768 ι
370 5714 558 5770 suain
585 5723 668 5782 te;
703 5717 814 5785 ipse
865 5717 1012 5774 enim
1050 5718 1343 5774 secundum
1394 5717 1723 5774 voluntatem
1747 5733 1900 5774 suam

1927 4486 1977 4546 D

2073 3275 2091 3306 ι
2130 3255 2267 3311 Cum
2303 3253 2470 3309 fatuis
2495 3268 2563 3308 ne
2589 3254 2872 3309 consilium
2901 3254 3107 3308 habeas
3141 3272 3154 3308 :
3188 3270 3293 3310 non
3317 3253 3459 3308 enim
3491 3268 3586 3324 po-

2002 3365 2020 3398 t
2052 3354 2233 3401 terunt
2290 3347 2514 3418 diligere
2543 3387 2556 3411 ,
2593 3347 2700 3400 nisi
2755 3361 2876 3415 qua:
2925 3346 3056 3417 ipsis
3096 3345 3332 3415 placent.
3382 3365 3399 3397 ι
3429 3344 3584 3398 Fatni

1996 3438 2140 3492 enim
2191 3447 2320 3492 sunt
2353 3453 2542 3493 omnes
2598 3437 2908 3492 desertores
2952 3437 3381 3506 veritatis,quia
3427 3437 3588 3491 relin-

1997 3537 2230 3597 quentes
2252 3528 2652 3598 viamjustitize,
2667 3529 2808 3582 viam
2834 3529 3140 3598 iniquitatis
3156 3529 3460 3599 elegerunt,
3488 3543 3588 3582 nec

1996 3627 2215 3687 patrum
2247 3618 2486 3690 regulam
2523 3618 2673 3687 sequi
2693 3657 2708 3682 ,
2741 3619 2835 3673 sed
2865 3618 2977 3672 suis
3007 3618 3370 3686 voluptatibus
3407 3617 3588 3670 deser-

1997 3707 2115 3762 vire
2139 3708 2526 3779 probaverunt.
2573 3707 2724 3764 Unde
2757 3709 2812 3762 in
2837 3707 3147 3762 Proverbiis
3175 3709 3433 3776 scriptum
3461 3716 3542 3761 est
3571 3725 3590 3759 ι

2003 3817 2022 3850 t
2056 3798 2174 3854 Non
2205 3799 2398 3870 recipit
2418 3799 2618 3854 stultus
2632 3801 2794 3853 verba
2817 3798 3136 3868 prudentiaa,
3155 3799 3260 3852 nisi
3289 3813 3352 3852 ea
3381 3797 3587 3852 dixeris

1999 3906 2120 3962 quae
2146 3899 2436 3945 versantur
2475 3891 2528 3943 in
2568 3890 2733 3945 corde
2762 3888 2879 3958 ejus
2913 3889 3096 3960 (Prov.
3124 3888 3299 3961 xvtn).
3341 3908 3358 3939 ι
3386 3888 3493 3944 Sed
3520 3905 3590 3944 ne

2001 3983 2104 4040 hoc
2133 3999 2444 4055 prmcavere
2475 3982 2787 4050 voluerunt,
2819 3984 2962 4053 quod
2991 3983 3118 4037 alibi
3153 3981 3433 4050 Scriptura
3461 3997 3585 4052 pro-

2000 4081 2098 4144 dit,
2127 4079 2312 4133 dicens
2339 4094 2352 4130 :
2386 4097 2403 4128 t
2441 4077 2580 4132 Sunt
2600 4079 2725 4145 viae,
2749 4093 2868 4148 qua:
2889 4083 3149 4147 putantur
3176 4074 3244 4130 ab
3275 4075 3586 4130 hominibus

1991 4169 2191 4238 justas,
2244 4167 2537 4222 novissima
2580 4176 2759 4222 autem
2802 4183 2990 4222 eorum
3030 4166 3302 4220 deducunt
3341 4164 3409 4218 ad
3457 4180 3583 4234 pro-

2001 4260 2223 4314 fundum
2281 4257 2478 4311 inferni
2537 4257 2719 4328 (Prov.
2760 4258 2893 4330 xw).
2928 4277 2947 4310 ι
2981 4256 3136 4313 Unde
3192 4256 3438 4324 sequitur
3491 4271 3585 4310 eos

2001 4349 2315 4422 ignominia,
2347 4357 2402 4404 et
2433 4349 2801 4419 opprobrium,
2833 4356 2889 4402 et
2906 4347 3137 4418 perditio
3163 4345 3508 4415 sempiterna.

2083 4461 2102 4492 ι
2142 4441 2340 4496 Coram
2354 4449 2614 4496 extraneo
2635 4454 2703 4494 ne
2717 4439 2884 4494 facias
2905 4438 3220 4503 consilium;
3249 4438 3424 4492 nescis
3439 4437 3586 4492 enim

2007 4557 2024 4588 ‹
2057 4535 2188 4606 quid
2239 4535 2432 4604 pariet.
2467 4553 2496 4586 ι
2537 4534 2842 4588 Extrancus
2894 4533 3050 4587 nobis
3103 4541 3218 4597 est,
3276 4531 3428 4600 quia
3480 4530 3587 4585 fide

2001 4640 2054 4686 et
2093 4629 2356 4701 religione
2401 4628 2708 4686 Christiana
2757 4628 2966 4683 alienus
3011 4636 3122 4692 est;
3156 4641 3277 4682 cum
3326 4642 3432 4695 quo
3477 4641 3586 4679 non

2000 4728 2085 4774 est
2132 4719 2419 4776 consilium
2474 4719 2790 4781 ineundum,
2840 4719 2941 4772 hoc
2987 4725 3070 4770 est
3109 4715 3178 4770 de
3226 4717 3585 4770 sacramentis

2001 4813 2200 4868 divinis
2220 4823 2275 4868 et
2307 4813 2578 4884 mysteriis
2607 4811 2993 4868 occultioribus
3018 4812 3397 4880 disputandum
3415 4853 3429 4875 ,
3457 4813 3585 4883 quia

2001 4903 2274 4958 nescimus
2317 4919 2508 4958 sensus
2563 4901 2678 4972 ejus
2723 4903 3033 4972 qualitatem
3056 4945 3070 4969 ,
3109 4912 3289 4958 utrum
3328 4905 3394 4958 ad
3427 4903 3586 4959 fidem

2002 4995 2088 5048 v'rl
2113 4995 2180 5049 ad
2224 4994 2613 5064 blasphemiam
2657 5003 2919 5050 vertatur.
2952 4995 3092 5050 Hinc
3129 5002 3184 5049 et
3212 4995 3329 5065 ipsa
3377 4993 3592 5050 Veritas

2003 5102 2102 5141 nos
2137 5086 2426 5151 instruxit,
2455 5087 2679 5142 dicens:
2718 5107 2735 5138 ι
2773 5085 2950 5143 Nolite
2985 5095 3236 5144 sanctum
3281 5087 3413 5142 dare
3440 5088 3586 5142 cani-

2010 5177 2132 5243 bus,
2163 5189 2336 5246 neque
2364 5173 2596 5230 mittatis
2621 5177 2941 5243 margaritas
2963 5183 3177 5228 vestras
3200 5185 3324 5227 ante
3339 5189 3532 5241 porcos
3557 5189 3574 5226 :

2013 5283 2081 5322 ne
2119 5269 2366 5323 conversi
2399 5267 2740 5336 disrumpant
2794 5265 2889 5318 vos
2923 5264 3133 5334 (Matth.
3181 5268 3289 5333 vn).
3333 5264 3467 5317 llinc
3522 5272 3576 5316 et

2005 5369 2194 5429 pastor
2225 5357 2482 5415 Ecclesia:
2516 5359 2591 5412 ait
2634 5373 2650 5410 :
2693 5375 2713 5409 ι
2770 5355 2878 5410 Vos
2931 5356 3112 5426 igitur,
3166 5356 3380 5416 fratres,
3437 5369 3576 5422 pra:-

2002 5449 2239 5504 scientes
2265 5449 2562 5514 custodite,
2597 5464 2664 5503 ne
2709 5450 3077 5518 insipientium
3112 5463 3296 5502 errore
3349 5447 3588 5500 traducti

2004 5541 2267 5596 excidatis
2296 5557 2326 5595 a
2362 5541 2578 5612 propria
2613 5541 2868 5596 ﬁrmitate
2897 5541 2980 5613 (II
3014 5541 3128 5593 Pet.
3169 5541 3273 5607 nt).
3309 5559 3326 5589 ι
3364 5538 3501 5592 llinc
3529 5548 3586 5592 et

2005 5631 2240 5686 Joannes
2278 5633 2392 5686 ait:
2431 5650 2449 5682 t
2479 5631 2667 5686 Omnis
2699 5633 2792 5700 qui
2846 5631 3050 5686 recedit
3089 5637 3142 5683 et
3172 5645 3276 5683 non
3303 5641 3588 5699 permanet

2007 5721 2060 5775 in
2087 5720 2329 5777 doctrina
2356 5719 2582 5786 Christi,
2615 5720 2782 5775 Deum
2815 5735 2921 5774 non
2957 5718 3156 5774 habet:
3182 5717 3271 5788 qui
3304 5729 3588 5788 permanet
