3928 6182
351 231 450 291 8Ῑ9

988 225 1050 279 Β.
1093 221 1344 278 RABANI
1385 220 1602 276 MAURI
1640 217 1955 276 ARCHIEP.
2001 213 2307 272 MOGUNT.
2350 209 2634 270 OPERUM
2667 209 2850 267 PARS
2887 207 2929 266 1.

352 342 408 399 in
434 339 702 402 doctrina,
725 337 814 392 hic
841 333 1008 389 ﬁlium
1036 341 1090 388 et
1116 340 1326 401 patrem
1356 331 1536 387 habet.
1563 331 1618 386 Si
1644 330 1765 400 quis
1791 331 1938 386 venit
1966 335 2014 396 Α
2045 325 2257 382 mulieri
2289 333 2612 396 potestatem
2642 324 2696 380 in
2725 323 2907 380 anima
2936 336 3035 380 sua
3062 335 3169 378 non
3194 320 3418 390 tribuit;
3448 332 3508 380 et
3534 324 3628 394 qui

350 431 420 486 ad
440 444 556 493 vos,
588 435 643 483 et
662 425 802 480 hanc
826 422 1128 480 doctrinam
1156 436 1262 476 non
1293 420 1470 487 affert,
1500 420 1667 476 nolite
1693 420 1934 491 recipere

347 537 473 577 eum
498 522 550 574 in
577 518 816 579 domum,
849 529 948 574 nec
973 529 1070 570 ave
1109 514 1159 570 ei
1189 514 1456 570 dixeritis.
1491 512 1593 580 Qui
1625 513 1769 570 enim
1803 513 1934 568 dicit

349 613 424 669 illi
475 627 592 676 ave,
641 608 1009 665 communicat
1058 606 1314 678 operibus
1365 605 1509 662 illius
1563 606 1815 676 malignis
1845 603 1929 676 (II

345 705 508 760 Joan.
539 701 600 776 ι).
638 721 657 755 ι

423 815 441 848 ι
476 795 591 850 Non
605 793 751 850 omni
769 792 972 848 homini
990 807 1086 846 cor
1099 800 1250 845 tuum
1265 787 1598 850 manifestes,
1613 801 1682 841 ne
1694 783 1836 841 forte
1851 785 1932 840 in-

350 909 370 940 ι
408 887 550 943 ferat
569 886 663 942 tibi
692 886 919 957 gratiam
939 883 1128 938 falsam
1157 881 1690 938 etconvicicturtibi.
1727 899 1746 932 ι
1776 879 1932 946 Quod

347 979 598 1051 superius
621 978 955 1033 subobscure
971 975 1171 1045 posuit,
1189 991 1312 1030 eum
1329 984 1590 1030 extraneo
1604 989 1712 1028 non
1738 974 1933 1028 ineun.

344 1070 473 1126 dum
502 1069 807 1133 consilium,
858 1068 982 1137 quia
1010 1067 1250 1122 nescitur
1285 1065 1413 1135 quid
1463 1065 1680 1134 pariat:
1731 1064 1835 1118 hoc
1877 1063 1930 1117 in

346 1161 448 1217 hac
487 1159 756 1216 sententia
775 1158 988 1230 planius
1027 1158 1276 1227 exponit,
1308 1157 1514 1212 scilicet
1541 1153 1931 1227 uthypocrisin

345 1251 722 1308 simulatorum
747 1265 1036 1305 caveamus
1069 1290 1084 1314 ,
1116 1263 1184 1304 ne
1215 1248 1374 1313 forte,
1405 1248 1451 1302 si
1477 1248 1696 1302 incaute
1727 1245 1931 1316 aliquid

345 1358 534 1399 coram
580 1342 712 1412 ipsis
754 1341 1038 1410 loquamur
1063 1348 1156 1394 aut
1197 1353 1438 1408 agamus,
1489 1353 1680 1393 eorum
1721 1336 1932 1392 insidiis

343 1431 640 1502 capiamur.
675 1430 827 1486 Unde
869 1441 923 1486 et
967 1431 1021 1486 in
1082 1429 1442 1485 anterioribus
1480 1428 1822 1498 praemonuit,
1869 1435 1932 1482 ut

344 1523 498 1578 multi
545 1522 754 1592 paciﬁci
797 1531 980 1577 essent
1007 1521 1164 1576 nobis
1185 1561 1199 1586 ,
1229 1529 1286 1575 et
1335 1520 1679 1576 consiliarius
1702 1533 1844 1575 unus
1866 1519 1932 1574 de

345 1615 513 1670 mille.
546 1614 682 1670 llinc
699 1623 753 1668 et
775 1614 828 1668 in
856 1613 1165 1670 Proverbiis
1189 1613 1448 1682 scriptum
1465 1619 1583 1666 est:
1619 1629 1639 1663 ί
1675 1607 1931 1664 Inimicus

2036 419 2276 490 regulam
2306 434 2450 474 verae
2485 417 2612 474 ﬁdei
2633 431 2858 475 servare
2883 416 3186 480 contendit.
3205 415 3481 476 barretica
3503 431 3628 487 pra-

2034 511 2187 566 vitati
2219 525 2326 565 non
2356 509 2644 566 consentit.

2109 623 2128 656 ι
2161 603 2240 660 Ne
2291 601 2553 674 respicias
2607 599 2890 656 mulierem
2943 599 3318 668 multivolam,
3365 615 3440 656 ne
3489 600 3628 658 forte

2039 716 2056 748 ι
2101 696 2309 751 incidas
2363 696 2415 748 in
2465 693 2686 763 laqueos
2719 692 2883 747 illius.
2925 711 2944 744 ι
2982 691 3261 748 Multivola
3304 692 3511 747 mulier
3545 703 3628 749 est

2033 787 2416 843 haereticorum
2473 797 2767 855 synagoga,
2819 783 2945 852 quia
2985 797 3094 838 non
3131 783 3389 838 unionem
3437 784 3631 838 catho-

2034 880 2151 934 lica:
2179 877 2324 942 ﬁdei,
2358 885 2413 931 et
2437 876 2723 930 veritatem
2756 873 3083 946 evangelicae
3109 874 3374 929 doctrinae
3407 889 3632 930 servare

2034 970 2260 1040 appetit,
2287 969 2382 1024 sed
2416 983 2512 1037 per
2543 967 2697 1022 devia
2732 966 3071 1022 diversorum
3099 981 3352 1022 errorum
3397 981 3631 1038 pergere

2033 1065 2227 1134 diligit,
2261 1064 2352 1118 ubi
2387 1072 2444 1118 et
2479 1064 2702 1134 laqueos
2725 1061 2878 1133 ponit
2902 1102 2916 1126 ,
2945 1063 3070 1130 quia
3100 1069 3280 1116 sectas
3303 1061 3634 1131 perditionis

2035 1156 2102 1211 ad
2122 1155 2475 1225 decipiendus
2498 1155 2711 1208 animas
2758 1153 3008 1218 instruit;
3043 1153 3111 1208 ad
3155 1167 3319 1223 quam
3354 1153 3631 1223 respicere

2033 1245 2406 1316 prohibemur,
2423 1245 2553 1315 quia
2581 1258 2924 1314 nequaquam
2947 1242 3191 1299 societati
3222 1241 3368 1298 illius
3396 1243 3631 1297 cummi.

2035 1336 2171 1392 seeri
2199 1335 2588 1406 permittimur.

2110 1447 2129 1479 ι
2153 1427 2288 1484 Cum
2303 1427 2582 1483 saltatrice
2608 1442 2678 1483 ne
2707 1426 2961 1482 assiduus
2986 1427 3080 1489 sis,
3111 1439 3213 1480 nec
3238 1425 3435 1480 audias
3463 1424 3629 1487 illam,

2039 1538 2059 1572 ι
2097 1536 2167 1575 ne
2203 1520 2345 1575 forte
2362 1533 2558 1590 pereas
2579 1518 2908 1574 inefﬁcacia
2938 1517 3098 1572 illius.
3131 1536 3150 1568 ›
3183 1516 3361 1584 Quam
3392 1515 3625 1570 saltatri-

2033 1628 2151 1672 cem
2179 1612 2376 1667 melius
2416 1626 2704 1682 possumus
2733 1609 3006 1680 accipere,
3035 1623 3201 1678 quam
3241 1608 3632 1663 haireticorum

345 1723 468 1760 cum
507 1706 559 1760 in
606 1706 769 1759 corde
803 1704 1117 1759 tractaverit
1148 1705 1320 1769 dolos,
1353 1703 1570 1773 quando
1615 1701 1929 1757 submiserit
1960 1692 2005 1754 Β
2035 1705 2270 1768 turbam,
2291 1717 2412 1772 quae
2439 1718 2539 1772 pro
2577 1701 2932 1756 iustabilitate
2963 1699 3161 1754 mentis
3191 1713 3303 1753 sua:
3325 1713 3480 1752 nunc
3509 1698 3628 1760 hoc,

342 1811 530 1850 vocem
557 1810 732 1860 suam,
770 1811 836 1850 ne
861 1794 1154 1850 credideris
1183 1794 1258 1858 ei,
1303 1793 1561 1863 quoniam
1597 1799 1802 1861 septem
1834 1807 1926 1846 ne-

343 1888 528 1956 quitim
550 1897 678 1942 sunt
705 1886 757 1940 in
783 1887 946 1941 corde
979 1885 1122 1940 illius
1149 1885 1332 1956 (Prov.
1369 1882 1538 1954 sxw).
1577 1903 1594 1933 ι

413 1977 564 2048 (ΟΜ).
597 1976 696 2047 ix.)
731 1997 747 2027 ι
778 1975 893 2030 Non
948 1975 1092 2030 zelcs
1145 1975 1426 2030 mulierem
1485 1973 1639 2028 sinus
1694 1972 1812 2037 tui,
1861 1986 1930 2026 ne

348 2090 366 2122 ι
404 2067 656 2123 ostendat
692 2082 854 2136 super
905 2074 956 2120 te
987 2066 1249 2120 malitiam
1301 2066 1560 2120 doctrinae
1608 2080 1860 2135 nequam.
1905 2083 1924 2118 ι

343 2159 621 2214 Mulierem
667 2157 806 2212 sicut
860 2157 914 2210 in
944 2157 1106 2222 bono,
1157 2157 1231 2211 ita
1260 2157 1394 2211 etin
1443 2155 1584 2210 malo
1614 2155 1846 2225 positam
1875 2155 1927 2210 iu

343 2230 638 2320 Scripturis
676 2247 1004 2303 invenimus.
1031 2246 1225 2302 Mulier
1249 2247 1304 2301 in
1337 2246 1499 2312 bono,
1527 2254 1584 2300 ut
1619 2246 1672 2298 in
1701 2244 1929 2300 Prover-

340 2342 444 2400 biis
472 2342 668 2413 legitur
697 2360 709 2396 :
747 2361 765 2392 ‹
806 2340 1087 2396 Mulierem
1117 2339 1315 2395 fortem
1353 2340 1475 2409 quis
1503 2339 1776 2393 inveniet?
1803 2353 1928 2408 pro-

339 2431 428 2488 cul
451 2441 508 2487 et
528 2432 594 2487 de
621 2432 827 2488 ultimis
861 2433 1058 2487 ﬁnibus
1083 2432 1316 2500 pretium
1339 2429 1456 2500 eius
1485 2430 1665 2502 (Prov.
1696 2430 1870 2502 xxxv).
1903 2450 1922 2483 ι

338 2524 408 2584 ΕΙ.
434 2526 489 2580 in
536 2524 826 2596 Evangelio
855 2542 867 2576 :
901 2543 918 2576 ‹
952 2523 1142 2579 Mulier
1181 2524 1460 2580 abscondit
1504 2523 1832 2580 fermentum
1874 2524 1926 2578 in

339 2613 528 2671 farinae
557 2615 691 2670 satis
737 2615 936 2682 tribus,
986 2615 1157 2670 donec
1199 2612 1584 2670 fermentatum
1623 2622 1706 2669 est
1755 2621 1926 2669 totum

339 2706 554 2776 (Matth.
582 2724 710 2773 xm;
742 2706 872 2762 Luc.
895 2705 1038 2781 xm).
1080 2728 1096 2758 ι
1133 2706 1238 2764 Ubi
1277 2707 1412 2762 ﬁdes
1453 2716 1508 2762 et
1543 2705 1758 2761 devotio
1786 2720 1922 2775 prmo

336 2798 549 2856 dicatur
572 2798 848 2854 Ecclesiae.
894 2799 1180 2856 Contrario
1212 2813 1341 2854 vero
1375 2798 1428 2852 in
1457 2797 1599 2852 malo
1639 2797 1811 2868 posita
1843 2804 1927 2852 est

337 2889 531 2944 mulier
557 2890 610 2944 in
638 2889 948 2946 Proverbiis
976 2931 992 2956 ,
1017 2890 1103 2944 ubi
1138 2890 1209 2943 ita
1239 2889 1434 2960 legitur
1465 2907 1478 2941 :
1517 2908 1535 2940 ‹
1565 2887 1702 2943 Ecce
1732 2887 1926 2942 mulier

337 2982 578 3038 occurrit
615 2981 690 3036 illi
719 2990 917 3037 ornatu
946 2981 1256 3036 meretricio
1284 2988 1586 3050 prmparata
1614 2979 1683 3033 ad
1707 2979 1925 3048 capien—

2033 1808 2180 1848 nunc
2232 1792 2363 1848 illud
2409 1792 2577 1863 eligit,
2638 1806 2738 1846 nec
2772 1805 3012 1860 unquam
3058 1789 3142 1844 in'
3170 1796 3316 1844 statu
3371 1788 3631 1844 veritatis

2032 1887 2330 1942 consistere
2383 1886 2570 1942 novit?
2624 1885 2974 1942 Volubilitate
3043 1885 3190 1939 enim
3255 1883 3465 1956 linguae
3525 1899 3632 1939 sua

2032 1979 2189 2048 quasi
2225 1985 2404 2033 rotatu
2433 1977 2678 2046 corporis
2705 1979 2950 2048 gyrando
2974 1977 3041 2031 ad
3073 1975 3176 2030 hoc
3198 1975 3353 2040 ludit,
3379 1983 3444 2029 ut
3471 1990 3630 2046 quem

2031 2069 2353 2138 eloquentia
2365 2083 2477 2122 sua:
2489 2077 2788 2124 amatorem
2810 2082 2931 2123 esse
2959 2067 3246 2138 conspicit,
3267 2066 3320 2120 in
3339 2081 3628 2122 assensum

2030 2159 2318 2228 pravitatis
2339 2174 2450 2213 suae
2477 2159 2633 2228 quasi
2665 2158 2895 2213 inertem
2928 2156 3088 2212 citius
3133 2156 3442 2226 pertrahat.
3473 2155 3628 2222 Quod

2031 2258 2086 2304 et
2111 2249 2365 2304 Salomon
2399 2250 2662 2314 ostendit,
2705 2249 2892 2304 dicens
2922 2265 2936 2301 :
2969 2267 2987 2300 ι
3023 2247 3261 2302 irrctivit
3282 2262 3416 2302 eum
3447 2246 3630 2301 multis

2031 2339 2394 2403 sermonibus,
2443 2349 2497 2394 et
2522 2339 2799 2394 blanditiis
2846 2339 3114 2394 labiorum
3153 2339 3429 2409 protraxit
3460 2353 3584 2393 eum
3613 2355 3626 2391 :

2031 2430 2214 2484 statim
2243 2444 2364 2485 eam
2401 2431 2665 2501 sequitur,
2691 2431 2844 2501 quasi
2869 2429 2968 2486 bos
3005 2431 3201 2486 ductus
3223 2432 3291 2486 ad
3319 2432 3624 2498 victimam,

2030 2530 2086 2576 et
2110 2523 2268 2591 quasi
2317 2537 2490 2593 agnus
2517 2522 2807 2579 lasciviens
2845 2531 2899 2576 et
2925 2523 3181 2593 ignorans
3208 2521 3351 2592 quod
3395 2524 3465 2578 ad
3507 2524 3629 2578 vin-

2029 2613 2148 2670 cula
2179 2613 2376 2668 stultus
2405 2613 2674 2680 trahatur,
2712 2615 2885 2669 donec
2923 2615 3204 2685 transﬁgat
3245 2615 3446 2686 sagitta
3470 2615 3630 2684 jecur

2029 2705 2185 2774 ejus:
2226 2705 2374 2760 velut
2421 2707 2466 2760 si
2518 2707 2634 2760 avis
2679 2705 2900 2761 festinet
2947 2707 3014 2761 ad
3041 2706 3315 2775 laqueum,
3340 2716 3398 2760 et
3453 2706 3628 2761 nescit

2028 2802 2154 2872 quia
2181 2801 2248 2856 de
2275 2800 2516 2871 periculo
2544 2801 2738 2854 anima:
2765 2799 2908 2856 illius
2936 2799 3120 2870 agitur
3142 2797 3325 2872 (Prov.
3352 2800 3480 2870 vn).
3529 2819 3547 2850 ι

2105 2912 2124 2944 ‹
2157 2892 2432 2963 Virginem
2479 2907 2550 2947 ne
2574 2892 2899 2960 conspicias,
2928 2907 3000 2946 ne
3052 2892 3190 2945 forte
3233 2890 3628 2945 seandalizeris

2034 3000 2053 3034 ι
2084 2984 2138 3038 in
2191 2983 2386 3038 decore
2438 2983 2598 3037 illius.
2634 3001 2653 3035 ι
2683 2981 2789 3036 Per
2842 2981 3111 3036 incuriam
3138 2979 3339 3050 quippe
3368 2988 3627 3050 aspectus

337 3075 434 3129 das
458 3075 688 3140 animas,
731 3073 947 3144 garrula
977 3082 1032 3127 et
1079 3089 1237 3144 vaga,
1268 3073 1463 3142 quietis
1492 3073 1799 3142 impatiens,
1824 3087 1925 3128 nec
1953 3076 1996 3139 C
2029 3091 2172 3147 saepe
2201 3077 2452 3131 turbatur
2477 3077 2726 3131 internus
2755 3075 2919 3129 animi
2977 3083 3175 3129 motus.
3211 3072 3336 3128 ideo
3371 3073 3628 3144 prohibet

335 3163 524 3220 valens
550 3164 606 3218 in
644 3164 803 3218 domo
830 3163 1132 3218 consistere
1173 3163 1401 3233 pedibus
1429 3164 1563 3227 suis,
1595 3178 1740 3217 nunc
1768 3162 1921 3228 foris,

338 3269 487 3308 nunc
515 3253 568 3308 in
599 3253 815 3323 plateis,
851 3270 995 3308 nunc
1014 3253 1172 3324 juxta
1216 3255 1470 3326 angulum
1500 3253 1784 3320 insidians,
1822 3270 1906 3324 ap-

337 3346 782 3416 prehensumque
805 3346 1148 3401 deosculatur
1161 3347 1438 3417 juvenem,
1461 3355 1508 3402 et
1530 3347 1744 3416 procaci
1774 3345 1925 3401 vultu

337 3436 633 3504 blanditur,
675 3437 863 3494 dicens
892 3457 904 3493 :
949 3440 1208 3497 Victimas
1235 3455 1333 3511 pro
1357 3440 1532 3496 salute
1579 3439 1735 3505 vovi,
1767 3439 1926 3496 hodie

340 3529 546 3584 reddidi
575 3539 696 3584 vota
715 3547 856 3597 mea,
887 3539 975 3587 etc
1002 3531 1182 3603 (Prov.
1213 3531 1334 3604 vn).
1376 3551 1396 3584 ι
1428 3532 1484 3587 In
1519 3547 1626 3602 quo
1671 3532 1924 3588 hazretica

338 3622 579 3691 pravitas
608 3622 918 3689 denotatur,
948 3639 1069 3693 quae
1097 3632 1152 3680 et
1183 3624 1270 3679 hic
1292 3624 1393 3680 sub
1431 3625 1598 3679 variis
1641 3624 1925 3694 speciebus

339 3712 686 3767 describitur.
750 3712 1029 3768 Mulierem
1077 3713 1221 3769 enim
1276 3714 1428 3770 sinus
1481 3713 1686 3779 nostri,
1760 3712 1924 3768 falsos

336 3801 535 3857 fratres
569 3816 858 3872 possumus
887 3803 1186 3874 intelligere
1209 3845 1225 3870 ,
1265 3805 1358 3874 qui
1385 3805 1666 3864 nobiscum
1695 3820 1922 3859 manen-

336 3905 449 3960 tes,
490 3895 625 3951 foris
665 3913 853 3966 pacem
907 3897 1182 3962 simulant,
1234 3899 1380 3953 intus
1429 3897 1582 3953 dolos
1624 3905 1838 3967 parant,
1870 3905 1928 3950 et

337 3983 603 4039 malitiam
635 3985 898 4042 doctrinae
936 4001 1168 4056 nequam
1218 3988 1474 4042 retinent.
1507 3986 1549 4042 Α
1579 3986 1777 4055 quibus
1805 3986 1923 4055 ipsa

341 4073 554 4130 Veritas
592 4074 648 4129 in
687 4077 983 4146 Evangelio
1013 4077 1198 4133 docuit
1229 4077 1524 4148 discipulos
1553 4093 1682 4133 suos
1707 4092 1921 4141 cavere,

338 4166 525 4222 dicens
553 4184 566 4220 :
601 4187 618 4218 ι
659 4166 934 4223 Attendite
978 4176 1160 4224 autem
1199 4169 1355 4224 vobis
1384 4185 1414 4223 a
1444 4166 1592 4222 falsis
1621 4165 1918 4237 prophetis,

337 4258 431 4328 qui
466 4260 690 4316 veniunt
710 4260 777 4315 ad
795 4276 890 4316 vos
917 4261 970 4315 iu
1000 4260 1336 4316 vestimentis
1363 4261 1564 4325 ovium,
1596 4259 1926 4314 intrinsecus

339 4357 522 4405 autem
576 4359 702 4406 sunt
758 4351 874 4422 lupi
927 4367 1152 4421 rapaces
1201 4349 1414 4420 (Matth.
1449 4347 1567 4419 vn).
1607 4369 1625 4400 ι
1667 4347 1818 4403 Unde
1868 4357 1923 4402 et

337 4441 528 4495 doctor
568 4442 810 4510 gentium
862 4442 915 4495 in
959 4440 1216 4510 Epistolis
1273 4440 1388 4495 suis
1439 4437 1920 4509 pseudoapostolos
1949 4425 1999 4484 Ι)

335 4531 532 4602 s:epius
560 4532 760 4603 arguit,
792 4540 848 4586 et
889 4529 1053 4587 falsos
1080 4530 1277 4586 fratres
1307 4546 1366 4586 se
1406 4532 1604 4586 asserit
1640 4531 1918 4585 tolerasse.

334 4619 543 4677 ideirco
563 4621 702 4676 bona
740 4630 822 4676 est
865 4621 1072 4676 cautela
1107 4621 1157 4675 in
1197 4620 1467 4686 omnibus,
1505 4634 1573 4674 ne
1612 4619 1751 4674 forte
1777 4621 1923 4676 ﬁctio

337 4711 642 4783 simplicem
675 4713 933 4784 decipiat,
968 4723 1022 4769 et
1059 4714 1332 4768 incautum
1385 4712 1590 4768 malitia
1620 4713 1917 4768 subvertat.

937 4870 1166 4927 CAPUT
1203 4870 1317 4925 XV.

338 4970 610 5055 Sapientia
656 4976 802 5030 docet
845 4979 1016 5032 virum
1083 4989 1286 5055 castum
1344 4978 1566 5055 mulieri
1605 4985 1918 5055 ‘potestqtcm

409 5047 466 5096 in
491 5047 722 5097 animam
751 5063 902 5100 suam
932 5064 1035 5102 non
1069 5048 1216 5113 dare,
1245 5065 1306 5101 ne
1340 5065 1430 5117 per
1458 5047 1720 5102 amicitias
1761 5047 1919 5101 elidat

407 5129 554 5180 eum,
577 5129 670 5168 nec
693 5131 809 5169 cum
824 5117 1042 5186 jocante
1070 5119 1260 5172 habere
1294 5120 1638 5172 consortium.

413 5267 434 5301 α
469 5246 586 5302 Νοιι
626 5247 723 5304 des
768 5250 982 5306 mulieri
1009 5261 1332 5322 potestatem
1363 5253 1702 5318 animantum,
1731 5267 1798 5308 ue
1835 5252 1915 5306 in-

340 5359 360 5392 a
396 5341 671 5413 grediatur
697 5341 752 5397 in
772 5342 1026 5398 virtutem
1055 5353 1218 5407 tuam,
1251 5352 1307 5399 et
1330 5344 1695 5399 eonfundaris.
1733 5363 1752 5395 ι
1787 5342 1914 5398 Ηωο

332 5434 602 5488 sententia
652 5433 948 5490 secundum
994 5436 1276 5491 historiam
1309 5437 1467 5493 docet
1501 5434 1770 5491 castitatis
1815 5450 1916 5502 pu-

330 5521 595 5590 dicitiam,
643 5535 698 5579 et
731 5527 1027 5583 secundum
1066 5527 1378 5597 allegoriam
1428 5536 1614 5582 contra
1665 5525 1912 5581 haeresim

331 5614 748 5685 providentiam,
792 5618 915 5688 quia
955 5621 1046 5690 qui
1075 5620 1312 5678 libidinis
1364 5619 1712 5691 pollutionem
1755 5618 1910 5693 fugit,

2025 3185 2126 3224 nos
2154 3169 2208 3222 in
2253 3169 2519 3240 virginem
2535 3170 2876 3238 conspicere,
2905 3169 3032 3237 quia
3075 3181 3110 3220 a'
3131 3167 3354 3222 libidine
3383 3176 3624 3223 mentem

2024 3271 2267 3316 nostram
2298 3261 2518 3316 illmsam
2552 3261 2667 3316 vult
2717 3275 3056 3331 permanere.
3089 3259 3223 3314 Hinc
3258 3267 3315 3314 et
3361 3259 3495 3315 alibi
3526 3259 3620 3316 Sa-

2024 3352 2226 3422 pientia
2256 3353 2435 3416 docet,
2477 3353 2664 3407 dicens
2697 3367 2712 3406 :
2750 3370 2768 3402 ο
2807 3351 2997 3406 Mulier
3023 3351 3124 3405 viri
3153 3351 3455 3420 pretiosam
3509 3351 3625 3406 ani-

2025 3457 2169 3496 mam
2194 3443 2356 3513 capit.
2389 3442 2504 3498 Non
2529 3442 2879 3512 concupiscat
2901 3442 3356 3512 pulchritudinem
3381 3441 3503 3512 ejus
3530 3459 3624 3499 cor

2027 3539 2200 3597 tuum,
2257 3547 2359 3587 nec
2413 3533 2646 3601 capiaris
2693 3533 2913 3587 nutibus
2964 3533 3126 3596 illius,
3187 3533 3424 3602 pretium
3472 3535 3620 3590 enim

2025 3622 2191 3677 scorti
2235 3624 2323 3677 vix
2370 3633 2453 3678 est
2482 3624 2641 3678 unius
2683 3624 2839 3694 panis
2865 3623 3049 3694 (Prov.
3077 3622 3178 3696 vr).
3212 3643 3231 3676 ι
3263 3623 3496 3695 Mystiee
3527 3641 3612 3679 au-

2026 3719 2134 3766 tem
2165 3729 2270 3768 non
2307 3715 2565 3772 debemus
2595 3716 2844 3770 decorem
2872 3715 3195 3785 eloquentiae
3238 3715 3620 3772 haereticorum

2024 3817 2230 3868 amare,
2274 3820 2456 3874 neque
2479 3805 2531 3859 in
2557 3804 2899 3874 splendorem
2929 3805 3302 3860 simulatarum
3353 3806 3620 3862 virtutum

2025 3907 2212 3948 eorum
2239 3894 2538 3960 intendere,
2561 3911 2631 3950 ne
2659 3896 3092 3951 scandalizemur
3121 3897 3172 3950 in
3215 3897 3529 3953 ﬁctionibus
3555 3897 3622 3952 il-

2024 3981 2218 4039 lorum.
2248 3983 2403 4040 Unde
2430 3995 2483 4039 et
2509 3985 2805 4056 subjungit,
2838 3988 3024 4043 dicens
3066 4006 3078 4040 :

2101 4092 2120 4126 α
2155 4073 2272 4130 Non
2323 4077 2419 4132 des
2447 4076 2756 4133 fornicariis
2803 4078 3040 4133 animam
3089 4090 3235 4134 tuam
3275 4080 3329 4134 in
3375 4079 3508 4146 ullo,
3549 4095 3624 4134 ne

2030 4186 2048 4220 ι
2083 4170 2279 4238 perdas
2305 4177 2361 4223 te
2381 4178 2433 4224 et
2455 4170 2826 4224 haereditatem
2849 4180 3016 4224 tuam.
3049 4191 3066 4222 ι
3087 4171 3222 4238 Quia
3247 4171 3451 4226 nullam
3473 4187 3623 4226 com-

2025 4260 2333 4316 munionem
2387 4260 2644 4315 debemus
2691 4261 2891 4316 habere
2944 4276 3065 4315 cum
3118 4261 3391 4316 haereticis
3454 4269 3621 4330 atque

2025 4352 2407 4417 schismaticis,
2440 4367 2507 4406 ne
2552 4351 2691 4406 forte
2741 4353 3146 4407 seductionibus
3180 4367 3368 4407 eorum
3431 4355 3622 4423 depra-

2023 4443 2138 4497 vati
2165 4442 2457 4513 perdamus
2483 4444 2696 4498 animas
2744 4453 2992 4509 nostras;
3026 4453 3079 4498 et
3123 4445 3190 4499 ad
3237 4445 3619 4500 [nereditatem

2024 4552 2144 4606 qua:
2174 4537 2329 4592 nobis
2371 4538 2637 4607 promissa
2667 4545 2750 4592 est
2785 4537 2839 4591 in
2883 4538 3096 4592 (scelesti
3130 4538 3306 4607 patria
3352 4553 3465 4593 non
3495 4552 3622 4608 per-

2025 4626 2325 4681 veniamus.

2101 4734 2118 4766 ‹
2153 4714 2270 4771 Noli
2300 4716 2721 4786 circumspicere
2752 4717 2804 4771 in
2849 4717 2985 4773 vicis
3023 4717 3281 4780 civitatis,
3330 4733 3436 4773 nec
3465 4717 3624 4772 ober-

2031 4827 2050 4858 ι
2083 4807 2288 4863 raveris
2332 4809 2384 4862 in
2415 4808 2609 4878 plateis
2652 4808 2816 4864 illius.
2856 4829 2875 4860 ι
2903 4808 3058 4864 Nunc
3105 4810 3203 4864 sub
3249 4808 3358 4863 alio
3399 4808 3622 4878 paradi-

2023 4906 2204 4967 gmate
2227 4899 2470 4954 eamdem
2495 4914 2608 4954 rem
2641 4899 2917 4970 exprimit,
2942 4915 3103 4969 quam
3132 4900 3386 4968 superius
3411 4899 3466 4953 in
3494 4915 3616 4953 mu-

2021 4988 2154 5043 liere
2177 4991 2402 5044 notavit.
2430 4989 2548 5047 Vici
2594 4991 2742 5046 enim
2765 4992 3002 5046 civitatis
3040 5007 3146 5045 non
3177 4991 3264 5044 alii
3293 5001 3424 5046 sunt
3450 5007 3615 5061 quam

2021 5080 2396 5136 conventicula
2423 5081 2826 5146 lueretieorum,
2863 5097 2984 5151 quae
3021 5096 3078 5136 se
3113 5097 3144 5135 a
3194 5084 3392 5136 castris
3423 5082 3614 5135 Eccle-

2021 5169 2116 5225 siae
2141 5179 2550 5240 separaverunt,
2581 5186 2756 5241 neque
2784 5171 2837 5224 in
2882 5171 3090 5226 unitate
3133 5171 3374 5226 civitatis
3409 5173 3526 5236 Dei,
3549 5171 3618 5225 de

2021 5277 2127 5331 qua
2157 5263 2416 5332 scriptum
2443 5272 2525 5317 est
2553 5281 2565 5316 :
2599 5280 2617 5312 ι
2645 5261 2890 5317 Gloriosa
2922 5263 3064 5317 dicta
3104 5270 3230 5316 sunt
3256 5264 3322 5316 de
3351 5271 3428 5327 te,
3476 5262 3614 5317 civi-

2023 5359 2108 5406 tas
2155 5352 2250 5406 Dei
2279 5349 2450 5423 (Psal.
2493 5353 2734 5422 Lxxxvr),
2770 5371 2787 5402 ι
2816 5365 3166 5420 perseverare
3193 5351 3508 5405 voluerunt.
3554 5350 3614 5404 In

2023 5444 2138 5497 haec
2162 5460 2291 5515 ergo
2317 5444 2731 5513 circumspicere
2783 5459 2889 5498 non
2912 5443 3191 5509 debemus,
3217 5443 3346 5512 quia
3393 5457 3425 5496 a
3449 5457 3614 5498 sensu

2026 5533 2282 5590 Ecclesiae
2310 5534 2562 5589 recedere
2588 5549 2693 5589 non
2739 5534 3124 5603 permittimur,
3157 5549 3226 5588 ne
3255 5533 3398 5588 forte
3426 5534 3481 5588 iu
3507 5533 3616 5604 pla.

2027 5623 2126 5681 teis
2171 5623 2314 5681 illius
2361 5625 2679 5681 aberremus
2720 5625 2892 5696 :quia
2925 5642 2944 5677 ι
2977 5624 3089 5681 lata
3140 5633 3195 5681 et
3240 5625 3487 5694 spatiosa
3522 5623 3612 5678 via
