3928 6182
366 287 471 346 823

1006 276 1071 335 B.
1112 273 1365 332 RABANI
1404 271 1625 330 MAURI
1667 269 1990 328 ARCHIEP.
2028 267 2337 326 MOGUN’I‘.
2380 269 2669 328 OPERUII
2707 270 2888 328 PARS
2927 270 2970 326 I.

3544 259 3653 318 895

442 421 458 451 σ
492 399 558 455 Ει
597 395 643 453 si
683 395 980 452 accesseris
1007 394 1074 449 ad
1105 392 1278 456 illum,
1324 389 1431 445 noli
1471 387 1674 458 aliquid
1703 384 1954 442 commit-
1984 393 2032 453 Α
2065 405 2081 437 ι
2119 384 2368 457 gloriatio
2397 385 2517 450 tibi,
2548 394 2604 440 et
2626 385 2680 439 in
2723 400 2885 440 sensu
2919 383 2990 438 sit
3019 381 3114 438 tibi
3143 381 3414 452 cogitatus
3450 380 3576 446 Dei,
3603 392 3660 436 et

375 507 393 540 ι
433 499 570 553 tere,
595 501 661 540 ne
689 485 906 540 auferat-
933 483 1098 536 vitam
1136 489 1302 535 tuam.
1339 499 1356 531 ι
1395 475 1507 533 Hoc
1549 485 1604 532 et
1628 475 1828 530 Paulus
1865 473 1958 528 ad-

370 590 571 647 monet,
619 580 845 635 dicens:
883 595 900 629 ι
930 574 1062 631 Nam
1121 573 1397 647 principes
1451 586 1557 626 non
1607 578 1732 625 sunt
1775 565 1960 622 timori

372 675 497 730 boni
527 673 725 742 operis,
759 670 852 725 sed
876 669 1024 724 mali.
1052 668 1146 725 Vis
1172 675 1349 721 autem
1380 679 1488 720 non
1512 662 1705 717 timere
1725 667 1964 730 potesta-

371 765 518 820 tem?
547 765 748 819 bonum
806 760 909 826 fac,
953 769 1008 814 et
1061 758 1287 814 habebis
1325 756 1539 810 laudem
1585 769 1654 808 ex
1709 751 1829 816 illa;
1861 747 1961 803 Dei

371 857 516 911 enim
546 854 794 908 minister
824 861 906 906 est
934 851 1028 906 tibi
1065 851 1116 904 in
1140 851 1304 904 bono.
1335 848 1390 901 Si
1434 853 1616 901 autem
1653 841 1852 898 malum
1883 839 1964 894 fe-

373 945 534 1009 ceris,
575 944 702 998 time
736 957 882 996 :non
937 940 1082 994 enim
1132 940 1249 1014 sine
1285 951 1449 991 causa
1493 934 1726 1006 gladium
1755 937 1963 1000 portat;

375 1039 471 1094 Dei
501 1039 644 1093 enim
677 1036 927 1091 minister
964 1041 1065 1096 est,
1088 1030 1282 1084 vindex
1317 1027 1366 1081 in
1398 1027 1533 1080 iram
1561 1024 1611 1078 ei
1639 1023 1731 1093 qui
1766 1019 1969 1075 malum

376 1131 488 1202 agit
510 1130 689 1201 (Rom.
720 1126 860 1199 χιιι).
892 1145 910 1178 ›
955 1122 1134 1191 Quaeri
1165 1127 1345 1174 autem
1375 1116 1465 1170 hic
1490 1122 1671 1185 potest
1697 1112 1742 1168 si
1770 1111 1836 1165 ad
1866 1111 1971 1166 hoc

377 1239 408 1278 a
439 1225 548 1278 Deo
574 1220 855 1277 mnstituti
892 1224 1038 1282 sunt,
1069 1222 1129 1270 ut
1151 1212 1411 1266 ultionem
1435 1207 1611 1262 noxiis
1639 1212 1695 1259 et
1718 1211 1970 1275 peccato-

379 1317 530 1371 ribus
580 1313 842 1384 inﬁigant,
873 1326 970 1365 cur
1000 1306 1387 1378 permittantur
1413 1305 1790 1370 persecutores
1817 1293 1973 1350 Chri-

378 1407 680 1462 stianorum
727 1412 783 1457 et
812 1399 1076 1463 haeretici,
1111 1398 1429 1450 innocentes
1467 1399 1520 1446 et
1549 1387 1830 1459 religiosos
1853 1399 1972 1454 pte-

382 1497 469 1550 nis
505 1492 806 1564 subjicere?
855 1490 1009 1557 Quod
1054 1487 1241 1556 utique
1282 1482 1431 1552 justo
1477 1478 1682 1550 judicio
1728 1474 1825 1530 Dei
1857 1472 1973 1528 ﬁeri

382 1584 741 1655 permittitur,
771 1589 830 1635 ut
857 1578 982 1634 boni
1011 1591 1109 1647 pro
1133 1572 1393 1644 patientia
1427 1584 1524 1625 sua
1553 1577 1900 1630 coronentur,
1923 1572 1979 1619 et

387 1675 511 1730 mali
537 1689 634 1745 pro
662 1688 758 1728 sua
800 1671 1083 1742 iniquitate
1110 1669 1455 1722 damnentur.
1484 1662 1657 1716 Aliter
1680 1668 1860 1714 autem
1883 1672 1981 1729 per

2069 493 2088 526 ι
2122 476 2299 533 omnis
2327 477 2602 531 enarratio
2625 483 2714 529 tua
2743 476 2797 530 in
2836 475 3122 545 prmceptis
3142 474 3430 529 Altissimi.
3473 494 3492 526 ι
3520 472 3662 528 Cone

2064 568 2268 622 vivium
2295 569 2398 622 hoc
2417 568 2589 637 magis
2613 567 2847 636 pertinet
2869 567 2936 620 ad
2965 565 3234 635 spiritales
3261 565 3476 636 epulas,
3499 580 3660 634 quam

2065 661 2133 714 ad
2162 659 2469 729 corporales
2501 659 2739 714 delicias.
2780 657 2881 724 Qui
2909 673 3040 729 ergo
3077 673 3199 712 cum
3227 657 3392 728 justis
3416 658 3557 711 viris
3583 672 3664 711 as-

2031 754 2220 810 .sidue
2269 761 2453 807 manet
2501 751 2556 805 in
2602 750 2954 804 meditatione
2989 757 3304 804 sanctarum
3352 747 3668 817 Scriptura-

2068 860 2209 907 rum,
2239 851 2294 899 et
2323 844 2376 898 in
2403 842 2666 897 exercitio
2699 855 2979 917 sacrarum
3007 839 3292 904 virtutum,
3320 847 3374 893 et
3407 837 3582 893 corde
3609 837 3668 891 si-

2069 933 2179 988 mul
2207 942 2262 988 et
2291 949 2388 989 ore
2424 933 2712 988 Dominum
2750 930 2896 986 omni
2932 938 3173 1001 tempore
3201 927 3520 990 conﬁtetur,
3551 941 3672 998 pro-

2071 1027 2157 1082 cul
2193 1026 2355 1082 dubio
2382 1025 2470 1080 ille
2500 1034 2701 1079 aeterna
2729 1023 2986 1078 satietate
3034 1021 3353 1092 replebitur.
3391 1039 3411 1071 ‹
3445 1019 3674 1084 Beatus,

2073 1118 2269 1187 inquit,
2315 1118 2407 1187 qui
2448 1116 2740 1172 manducat
2779 1129 2977 1185 panem
3029 1113 3082 1167 in
3129 1127 3294 1183 regno
3311 1106 3674 1179 Dei,spanem

2073 1207 2281 1264 scilicet
2305 1207 2450 1269 vitaz,
2490 1219 2652 1275 quem
2698 1204 2788 1274 qui
2821 1203 3229 1258 manducavertt
3253 1216 3363 1256 non
3407 1199 3677 1254 morietur

2074 1299 2129 1353 in
2156 1307 2439 1360 aeternum,
2468 1294 2563 1349 sed
2611 1293 2757 1348 vivet
2785 1301 2840 1348 et
2887 1292 3144 1363 gaudebit
3178 1306 3300 1346 cum
3350 1288 3566 1345 sanctis
3591 1303 3678 1342 an-

2075 1388 2209 1462 gelis
2237 1387 2288 1440 in
2315 1400 2482 1454 regno
2508 1383 2714 1440 caelesti
2747 1382 2896 1456 (Luc.
2924 1381 3059 1452 xw).
3152 1380 3304 1448 Quod
3333 1388 3390 1434 et
3422 1380 3543 1449 ipsa
3577 1377 3678 1432 Vc-

2078 1481 2209 1534 ritas
2242 1476 2515 1547 discipulis
2545 1475 2659 1531 suis
2702 1473 2755 1528 in
2794 1473 3088 1543 Evangelio
3124 1471 3402 1542 promisit,
3438 1469 3631 1524 dicens
3662 1486 3674 1522 :

2084 1589 2104 1622 ι
2135 1570 2242 1625 Vos
2269 1567 2419 1632 estis,
2457 1565 2549 1636 qui
2581 1563 2957 1636 permansistis
2995 1576 3208 1616 mecum
3258 1561 3313 1614 in
3363 1558 3683 1615 tentationi-

2079 1661 2180 1715 bus
2202 1658 2370 1722 meis;
2400 1664 2455 1710 et
2477 1671 2578 1726 ego
2607 1653 2834 1723 dispono
2871 1651 3046 1717 vobis,
3075 1652 3216 1707 sicut
3255 1649 3534 1721 disposuit
3553 1647 3683 1700 mihi

387 1741 562 1824 malos
586 1768 728 1822 sicut
753 1774 808 1820 et
833 1741 932 1836 per
952 1764 1125 1818 bonos
1149 1758 1422 1830 principes
1444 1755 1585 1809 Deus
1609 1767 1732 1808 reos
1755 1750 1980 1822 judicat,
2010 1754 2056 1814 B
2084 1750 2246 1805 Pater
2275 1763 2424 1802 meus
2446 1759 2694 1817 regnum,
2727 1752 2787 1797 ut
2813 1743 2986 1798 edatis
3013 1750 3070 1796 et
3107 1741 3306 1796 bibatis
3336 1754 3506 1811 super
3537 1754 3686 1793 meu-

387 1869 450 1914 ut
499 1859 602 1930 ipsi
653 1858 745 1929 qui
785 1855 1077 1912 sceleratos
1124 1849 1412 1921 punientes
1438 1843 1627 1899 eadem
1669 1841 1872 1897 scelera
1909 1837 1982 1892 I'a-

391 1955 563 2019 ciunt,
588 1950 930 2021 postmodum
961 1961 1059 2016 pro
1105 1943 1218 1999 suis
1264 1937 1639 2009 iniquitatibus
1688 1933 1984 2005 condignas

389 2060 582 2115 pmnas
605 2045 773 2097 luant.
809 2040 964 2097 Unde
989 2039 1041 2093 in
1070 2032 1393 2107 Apocalypsi
1421 2031 1682 2101 scriptum
1713 2036 1833 2084 est:
1862 2045 1880 2078 ι
1909 2026 1986 2081 De

391 2135 542 2189 t‘umo
567 2133 712 2204 putei
742 2131 992 2187 exierunt
1018 2128 1240 2182 locustae
1262 2124 1315 2177 in
1343 2130 1566 2186 terram,
1587 2126 1642 2172 et
1666 2117 1788 2173 data
1811 2124 1893 2171 est
1922 2115 1986 2168 il-

391 2227 460 2281 lis
478 2234 740 2297 potestas,
771 2222 912 2278 sicut
938 2220 1138 2275 habent
1168 2221 1496 2287 potestatem
1535 2210 1848 2279 scorpiones
1881 2217 1989 2263 ter-

394 2333 490 2382 rae,
531 2323 585 2371 et
612 2321 939 2387 praeceptum
966 2318 1051 2366 est
1097 2309 1226 2373 illis,
1258 2321 1326 2360 ne
1363 2305 1618 2360 laederent
1647 2301 1829 2357 fenum
1880 2310 1989 2356 ter-

394 2421 490 2470 rm,
517 2419 698 2474 neque.
724 2417 884 2458 omne
905 2400 1100 2464 viride,
1126 2412 1301 2466 neque
1331 2410 1546 2450 omnem
1587 2393 1860 2457 arborem,
1883 2393 1988 2446 nisi

394 2503 605 2551 tantum
630 2495 898 2558 homines,
920 2491 1012 2560 qui
1043 2504 1147 2544 non
1177 2488 1378 2542 habent
1402 2485 1612 2553 signum
1644 2483 1741 2538 Dei
1765 2483 1817 2536 in
1843 2480 1990 2536 fron-

400 2587 546 2641 tibus
572 2586 686 2641 suis
724 2583 910 2656 (Apoc.
949 2579 1066 2650 ix):
1100 2599 1117 2632 ι
1153 2578 1219 2632 Ει
1263 2587 1385 2648 post
1433 2577 1707 2645 adquanta
1740 2591 1753 2625 :
1788 2592 1807 2624 ι
1843 2572 1990 2638 Vidi,

398 2676 599 2744 inquit,
631 2688 800 2743 equos
846 2671 903 2726 in
931 2670 1157 2735 visione,
1203 2675 1258 2721 et
1289 2664 1379 2735 qui
1411 2664 1669 2719 sedebant
1717 2676 1879 2732 super
1899 2674 1994 2714 eos

399 2765 673 2821 habebant
698 2763 896 2818 loricas
939 2763 1124 2833 igneas
1169 2767 1225 2814 et
1251 2756 1655 2829 hyacinthinas,
1684 2761 1740 2808 et
1767 2752 1993 2822 sulphu-

398 2872 539 2920 reas,
573 2864 626 2910 et
652 2856 825 2925 capita
856 2868 1120 2924 equorum
1159 2857 1317 2906 erant
1358 2855 1615 2917 tanquam
1661 2844 1836 2914 capita
1879 2841 1994 2897 leo-

399 2964 551 3013 num,
590 2955 646 3004 et
685 2948 751 3002 de
777 2963 873 3003 ore
921 2946 1162 3016 ipsorum
1193 2942 1440 3012 procedit
1471 2938 1609 3011 ignis
1647 2945 1700 2992 et
1728 2936 1908 2991 fumus
1943 2943 1998 2990 et

400 3043 645 3114 sulphur.
672 3040 754 3096 Ab
786 3041 871 3095 his
912 3040 1087 3094 tribus
1114 3037 1289 3109 plagis
1335 3036 1514 3091 occisa
1564 3041 1648 3089 est
1677 3031 1835 3087 tertia
1870 3045 1998 3100 pars

2083 1857 2198 1897 sam
2226 1854 2399 1894 meam
2429 1838 2483 1891 in
2516 1850 2682 1907 regno
2709 1849 2830 1889 meo
2857 1852 2869 1888 :
2896 1842 2951 1888 et
2970 1831 3207 1888 sedeatis
3237 1846 3402 1901 super
3429 1832 3684 1897 thronos,

2076 1930 2384 2000 judicantes
2407 1925 2690 1983 duodecim
2716 1925 2891 1979 tribus
2914 1921 3079 1977 Israel
3103 1921 3254 1992 (Luc.
3281 1920 3449 1992 nn).
3484 1939 3503 1972 ι

2160 2050 2178 2084 ι
2211 2030 2268 2084 In
2314 2047 2478 2085 manu
2502 2028 2776 2084 artiﬁcum
2821 2042 2987 2098 opera
3017 2024 3406 2084 laudabuntur,
3437 2029 3497 2075 et
3539 2018 3692 2090 prin-

2092 2142 2110 2176 ‹
2145 2139 2275 2195 ceps
2324 2123 2507 2194 populi
2549 2123 2601 2177 in
2625 2121 2891 2191 sapientia
2942 2116 3210 2173 sermonis
3255 2116 3336 2169 sui
3368 2132 3383 2168 :
3415 2114 3474 2167 in
3525 2127 3686 2166 sensu

2094 2234 2112 2267 ι
2145 2230 2276 2271 vero
2305 2215 2578 2270 seniorum
2603 2214 2848 2267 verbum.
2879 2229 2898 2263 ι
2933 2207 3184 2264 Artiﬁces
3219 2206 3309 2261 isti
3337 2205 3508 2260 iidem
3543 2211 3688 2265 sunt,

2087 2306 2179 2376 qui
2207 2316 2264 2362 et
2294 2306 2576 2376 principes
2620 2302 2826 2375 populi,
2878 2301 3128 2356 doctores
3183 2297 3432 2352 videlicet
3465 2293 3644 2350 sancti
3676 2310 3690 2346 :

2091 2398 2145 2451 in
2171 2412 2402 2466 quorum
2432 2410 2617 2459 manu,
2647 2394 2752 2448 hoc
2777 2401 2859 2447 est
2885 2388 3501 2455 actione,laudabuntur
3526 2396 3693 2453 opera

2090 2488 2377 2551 virtutum,
2401 2494 2456 2539 et
2475 2481 2818 2541 observantia
2841 2479 3157 2550 disciplinae.
3180 2477 3238 2532 In
3264 2491 3501 2547 quorum
3527 2475 3695 2528 etiam

2093 2592 2344 2633 sermone
2375 2574 2630 2646 splendor
2660 2573 2829 2627 micat
2853 2568 3130 2640 sapientiae
3160 2567 3315 2622 simul
3348 2582 3477 2621 cum
3508 2565 3698 2619 facun-

2093 2667 2182 2722 dia
2213 2665 2554 2736 eloquentim.
2578 2663 2636 2719 In
2659 2677 2820 2717 sensu
2843 2661 2988 2714 enim
3016 2658 3290 2713 seniorum
3313 2656 3567 2720 verbum,
3595 2655 3700 2709 hoc

2094 2769 2196 2824 est,
2221 2759 2445 2814 verbum
2467 2755 2763 2827 Evangelii.
2793 2754 2869 2808 De
2897 2767 3004 2822 quo
3032 2759 3087 2806 et
3112 2748 3311 2803 Paulus
3341 2749 3419 2801 ait
3447 2765 3461 2801 :
3499 2765 3520 2798 ι
3562 2745 3698 2801 Ver-

2094 2852 2224 2906 bum
2258 2850 2406 2906 enim
2452 2847 2755 2903 breviatum
2787 2845 3052 2899 Dominus
3102 2839 3232 2896 fecit
3278 2854 3447 2909 super
3478 2839 3702 2892 univer-

2098 2957 2213 2997 sam
2239 2948 2439 2994 terram
2465 2934 2758 3009 (Rom.1x).
2793 2953 2811 2986 ι
2839 2933 2931 2988 Isti
2962 2939 3090 2987 sunt
3117 2931 3375 2992 seniores,
3404 2928 3474 2983 de
3499 2927 3701 2998 quibus

2101 3033 2156 3088 in
2205 3029 2627 3086 Deuteronomio
2675 3026 2936 3098 scriptum
2985 3031 3110 3079 est:
3152 3041 3171 3074 ι
3201 3021 3483 3092 Interroga
3515 3029 3702 3091 patres

399 3139 685 3194 hominum
709 3137 777 3191 de
801 3135 925 3206 igne
950 3143 1006 3190 et
1029 3133 1177 3188 fumo
1201 3140 1255 3186 et
1285 3130 1561 3200 sulphure,
1592 3143 1712 3198 quae
1739 3127 1998 3196 procede-
2023 3105 2068 3167 Ο
2100 3132 2243 3190 tuos,
2273 3129 2330 3177 et
2373 3120 2766 3176 annuntiabunt
2797 3117 2893 3172 tibi
2920 3133 2935 3183 ;
2967 3116 3209 3171 seniores
3247 3123 3392 3178 tuos,
3419 3121 3478 3167 et
3515 3112 3702 3167 dicent

407 3228 541 3282 bant
569 3227 636 3282 de
665 3239 760 3280 ore
799 3225 1054 3294 ipsorum.
1079 3224 1327 3278 Potestas
1359 3220 1503 3274 enim
1534 3233 1797 3288 equorum
1825 3218 1877 3272 in
1903 3231 1997 3272 ore

405 3337 594 3376 eorum
635 3327 736 3384 est,
765 3326 819 3372 et
843 3318 897 3372 in
926 3318 1112 3373 caudis
1151 3332 1358 3372 eorum.
1405 3314 1541 3369 Nam
1573 3315 1757 3368 caudae
1783 3311 1996 3365 illorum

413 3412 620 3467 similes
665 3409 1005 3479 serpentibus
1053 3409 1317 3463 habentes
1361 3408 1560 3478 capita,
1603 3412 1658 3460 et
1691 3405 1745 3459 in
1777 3403 1862 3458 bis
1904 3415 2000 3456 no-

407 3510 551 3557 cent.
592 3523 611 3556 ι
647 3502 752 3558 Per
796 3501 1038 3556 fraudem
1081 3498 1227 3555 enim
1269 3494 1758 3560 nocenthaaretici,
1806 3500 1861 3548 et
1902 3507 2002 3563 per

408 3596 561 3652 dolos
616 3602 927 3666 praeparant
981 3594 1282 3648 animarum
1346 3590 1796 3646 interfectionem.
1838 3585 2000 3655 Quia,

409 3688 550 3744 sicut
584 3688 798 3758 scorpio
848 3686 1113 3756 palpando
1146 3684 1368 3747 incedit,
1399 3684 1494 3739 sed
1530 3681 1698 3736 cauda
1739 3679 1885 3746 ferit,
1929 3680 2000 3734 ita

411 3779 755 3835 fraudulenta
781 3779 1050 3850 pernicies
1095 3776 1358 3832 malorum
1387 3773 1585 3828 blanda
1615 3779 1670 3826 ct
1705 3769 1923 3826 innoxia
1949 3769 2002 3822 in

410 3873 550 3929 facie
572 3873 815 3935 videtur;
836 3871 929 3926 sed
957 3871 1082 3925 dum
1110 3869 1319 3925 occulte
1351 3866 1568 3928 feriunt,
1594 3863 1748 3934 quasi
1773 3869 2003 3916 mortem

403 3962 645 4021 latenter
692 3965 971 4023 inducunt.
1005 3963 1133 4018 Item
1169 3980 1186 4013 ι
1219 3967 1464 4030 potestas
1509 3970 1772 4026 equorum
1826 3954 1878 4008 in
1910 3967 2006 4008 ore

409 4073 599 4114 eorum
632 4065 717 4112 est
750 4065 806 4110 et
834 4057 886 4110 in
919 4054 1104 4110 caudis
1125 4068 1313 4109 eorum
1344 4069 1357 4104 :
1397 4070 1415 4102 ι
1444 4049 1496 4104 id
1539 4056 1641 4112 est,
1670 4046 1724 4100 in
1757 4056 2008 4100 sermone

414 4157 471 4204 et
495 4147 689 4205 oﬁicio.
741 4147 1008 4218 Pr0pheta
1053 4145 1198 4200 enim
1242 4144 1443 4199 docens
1481 4137 1840 4200 mendacium,
1893 4135 2007 4204 ipse

418 4240 591 4295 cauda
617 4248 721 4294 est.
752 4237 857 4305 Qui
885 4246 1065 4293 autem
1093 4251 1151 4292 se
1180 4235 1334 4307 signo
1364 4233 1458 4288 Dei
1487 4231 1594 4287 vivi
1625 4245 1731 4286 non
1758 4226 2009 4283 muniunt

414 4331 471 4386 in
496 4330 763 4386 frontibus
779 4330 912 4396 suis,
933 4345 1032 4386 nec
1051 4327 1316 4385 catholica
1332 4319 1435 4380 ﬁde
1456 4324 1620 4379 corda
1640 4336 1736 4378 sua
1760 4316 2007 4388 diligenti

2100 3216 2197 3270 tibi
2229 3213 2408 3285 (Deut.
2457 3209 2655 3282 χχιιι).
2693 3229 2711 3262 ι
2745 3208 2882 3264 Istos
2928 3206 3349 3277 praeﬁgurabant
3396 3213 3455 3260 et
3503 3203 3582 3258 illi
3618 3217 3703 3258 se-

2101 3304 2288 3360 niores
2317 3301 2683 3374 septuaginta,
2711 3314 2846 3369 quos
2867 3297 3077 3368 Moyses
3099 3295 3310 3349 Domini
3335 3295 3492 3364 jussu
3515 3293 3700 3364 elegit,

2101 3403 2156 3450 et
2183 3394 2440 3448 universo
2467 3390 2665 3461 populo
2692 3388 2966 3459 prchecit;
2995 3401 3115 3442 cum
3140 3385 3226 3439 his
3254 3393 3305 3438 et
3338 3385 3454 3453 ipse
3495 3399 3597 3438 rex
3624 3396 3702 3436 re-

2101 3501 2226 3556 gum
2253 3482 2456 3552 judicia
2512 3496 2610 3536 sua
2651 3478 2946 3534 secundum
2975 3475 3258 3531 veritatem
3290 3473 3557 3542 disponit.
3592 3470 3703 3525 Sic-

2100 3585 2162 3632 ut
2204 3576 2460 3631 Salomon
2507 3571 2767 3638 ostendit,
2791 3570 2978 3626 dicens
3006 3587 3020 3622 :
3056 3586 3074 3619 ι
3103 3566 3308 3621 Nobilis
3329 3565 3382 3619 in
3414 3564 3594 3634 portis
3621 3565 3706 3617 vir

2103 3668 2241 3738 ejus,
2272 3666 2488 3739 quando
2537 3663 2738 3719 sederit
2780 3676 2906 3717 cum
2933 3659 3274 3715 senatoribus
3322 3665 3486 3710 terrae
3517 3653 3700 3728 (Prov.

2104 3759 2278 3833 uxr).
2311 3780 2330 3812 ι
2359 3760 2400 3814 Ε
2430 3764 2621 3814 contra
2647 3771 2777 3810 vero
2799 3753 2927 3808 illud
2951 3752 3094 3822 quod
3123 3749 3408 3820 sequitur:

2181 3895 2200 3927 ι
2231 3872 2513 3931 Terribilis
2541 3879 2627 3928 est
2655 3871 2708 3924 in
2731 3868 2954 3925 civitate
2988 3882 3085 3922 sua
3122 3866 3284 3920 homo
3314 3863 3618 3934 linguosus,
3652 3868 3708 3918 et

2112 3986 2129 4018 ι
2166 3965 2488 4022 temerarius
2519 3963 2579 4018 iu‘
2614 3963 2780 4018 verbo
2812 3975 2911 4015 suo
2958 3958 3174 4014 odibilis
3215 3965 3320 4020 est,
3357 3975 3376 4007 ι
3415 3955 3708 4011 hmretieos

2107 4056 2398 4129 signiﬁcat,
2431 4054 2488 4110 hi
2519 4054 2664 4110 enim
2691 4050 2971 4108 temerarii
2994 4064 3209 4120 semper
3246 4047 3368 4101 lites
3411 4054 3617 4110 amant,
3651 4053 3708 4099 et

2107 4147 2506 4209 contentiones,
2535 4153 2594 4198 et
2613 4144 2762 4198 rixas
2811 4141 3098 4198 suscitant.
3134 4139 3287 4194 Unde
3317 4137 3550 4192 odibiles
3577 4145 3710 4191 sunt

2109 4246 2217 4293 tam
2267 4237 2378 4291 Deo
2406 4250 2567 4304 quam
2596 4235 2762 4289 etiam
2806 4231 3148 4293 hominibus;
3192 4228 3284 4300 qui
3331 4236 3387 4282 et
3432 4225 3707 4282 terribiles

2110 4339 2237 4388 sunt
2288 4331 2341 4386 in
2372 4329 2593 4385 civitate
2639 4343 2757 4395 sua,
2805 4328 2911 4382 hoc
2945 4333 3046 4387 est,
3081 4324 3134 4378 in
3165 4323 3399 4388 mundo;
3446 4320 3705 4390 quoniam

417 4421 662 4478 custodia
691 4430 944 4487 tuentur;
988 4420 1180 4474 horum
1205 4417 1453 4472 videlicet
1483 4414 1637 4469 ruina
1676 4412 1728 4466 in
1752 4414 2003 4481 promptu
2033 4452 2085 4512 D
2112 4438 2250 4492 quos
2291 4419 2474 4476 valent
2506 4420 2561 4474 in
2609 4433 2853 4475 errorem
2887 4417 3287 4487 ρεηηιιεηωε,
3328 4414 3396 4468 de
3438 4413 3566 4468 ﬁliis
3607 4413 3708 4468 De;

419 4521 522 4570 est.
552 4513 705 4570 Unde
732 4522 786 4569 et
815 4513 1059 4582 sequitur
1088 4531 1100 4565 :

495 4623 514 4657 ι
545 4603 1106 4662 Communicatiouem
1171 4600 1361 4656 mortis
1409 4597 1584 4662 scito,
1641 4593 1896 4665 quoniam
1945 4591 2000 4646 in

419 4717 436 4749 ι
477 4698 656 4753 medio
696 4696 1013 4765 laqueorum
1047 4690 1383 4764 ingredieris,
1419 4696 1473 4742 et
1520 4700 1682 4755 super
1711 4682 2004 4740 dolentium

421 4810 439 4841 ι
477 4806 628 4846 arma
674 4786 996 4843 ambulabis.
1045 4782 1353 4840 Secundum
1388 4780 1645 4834 virtutem
1691 4783 1838 4829 tuam
1875 4788 2005 4830 cave

422 4903 441 4935 ι
477 4891 529 4938 te
557 4898 585 4936 a
617 4882 864 4952 proximo
901 4890 1024 4945 tuo;
1051 4888 1106 4933 et
1138 4892 1260 4933 cum
1285 4871 1619 4944 sapientibus
1656 4877 1709 4923 et
1728 4866 2006 4940 prudentis

423 4995 442 5026 ι
477 4977 579 5032 bus
616 4983 807 5030 tracta.
849 4995 882 5029 »η
902 4972 1134 5028 Proinde
1157 4982 1377 5024 necesse
1402 4973 1485 5020 est
1515 4970 1575 5018 ut
1598 4975 1887 5018 caveamus
1911 4958 2008 5013 do-

419 5064 658 5118 losorum
689 5064 937 5128 insidias,
969 5070 1164 5116 etcum
1195 5055 1526 5127 sapientibus
1551 5061 1606 5107 et
1631 5049 2006 5122 prudentibus,

418 5153 524 5208 hoc
545 5160 646 5216 est,
679 5168 798 5207 cum
831 5149 1146 5206 orthodoxis
1174 5146 1426 5201 Patribus
1464 5153 1520 5200 et
1549 5144 1716 5198 Deum
1769 5137 2009 5194 timenti-

419 5242 523 5300 bus
545 5243 798 5298 fratribus
828 5256 989 5297 omne
1018 5238 1304 5296 consilium
1331 5244 1576 5292 nostrum
1616 5241 1927 5297 tractemus,
1955 5237 2010 5284 et

420 5335 564 5391 viam
606 5331 832 5404 justitiae
863 5339 917 5385 et
963 5328 1210 5385 veritatis
1254 5342 1361 5382 non
1400 5327 1735 5381 deseramus.
1783 5323 1857 5378 De
1900 5337 2008 5392 quo

419 5425 598 5484 adhuc
630 5422 878 5480 subditur
898 5440 909 5475 :

1004 5511 1232 5570 CAPUT
1274 5510 1434 5567 XVII.

573 5609 653 5665 De
673 5607 1097 5679 convivisjuslis,
1127 5604 1182 5658 id
1213 5613 1285 5658 est
1313 5602 1466 5657 sociis
1496 5600 1643 5654 bonw
1673 5599 1849 5668 fatum.

499 5717 520 5754 ι
558 5700 666 5758 Viri
688 5703 817 5775 justi
844 5703 948 5760 sint
979 5699 1072 5755 tibi
1110 5695 1364 5760 convivae,
1393 5702 1446 5748 et
1489 5693 1540 5746 in
1570 5692 1762 5746 timore
1802 5691 1894 5747 Dei
1936 5692 2008 5748 sit

2111 4509 2349 4566 efﬁciunt
2393 4509 2532 4564 ﬁlios
2561 4507 2780 4572 diaboli,
2819 4514 2875 4562 et
2920 4506 3176 4577 pabulum
3210 4504 3351 4574 ignis
3379 4504 3594 4559 aeterni.
3629 4503 3709 4558 De

2111 4602 2308 4672 quibus
2337 4609 2390 4656 et
2417 4600 2703 4656 Psalmista
2735 4600 2812 4654 ait
2839 4617 2852 4652 :
2885 4617 2903 4650 ι
2931 4599 3028 4652 Vir
3056 4597 3334 4668 linguosus
3360 4612 3469 4652 non
3507 4595 3711 4666 dirige-

2113 4704 2203 4750 tur
2228 4711 2391 4766 super
2423 4702 2644 4758 terram,
2676 4694 2853 4748 virum
2898 4690 3160 4760 injustum
3201 4690 3343 4745 mala
3383 4690 3603 4759 capient
3647 4689 3708 4744 in

2113 4785 2391 4840 interitum
2429 4783 2601 4854 (Psal.
2648 4784 2893 4853 cxxxrx).
2934 4801 2954 4835 ι
2984 4780 3110 4837 Ideo
3159 4780 3359 4835 Paulus
3407 4779 3708 4849 praecepit,

2114 4875 2298 4931 dicens
2332 4893 2346 4929 :
2379 4893 2397 4925 ι
2426 4874 2660 4929 Profana
2693 4882 2873 4930 autem
2926 4880 2983 4927 et
3034 4871 3364 4941 inaniloquia
3407 4870 3610 4936 devita,
3657 4876 3707 4923 et

2114 4969 2404 5037 verborum
2431 4965 2723 5020 novitates.
2750 4963 2972 5018 Multum
3005 4964 3150 5018 enim
3179 4962 3470 5033 proﬁcient
3506 4963 3576 5016 ad
3609 4961 3707 5015 im-

2115 5056 2390 5128 pietatem,
2427 5065 2483 5111 et
2527 5071 2707 5110 sermo
2747 5070 2937 5110 eorum
2968 5062 3026 5108 ut
3059 5068 3257 5108 cancer
3279 5053 3452 5122 serpit
3482 5050 3532 5124 (1
3570 5050 3712 5105 Tim.

2115 5148 2245 5218 VI).)
2273 5146 2342 5200 Et
2364 5146 2492 5202 item
2519 5165 2531 5199 :
2563 5146 2756 5210 Erunt,
2792 5146 2987 5216 inquit,
3012 5145 3260 5200 homines
3289 5144 3499 5214 seipsos
3519 5157 3716 5197 aman-

2117 5246 2219 5302 tes,
2252 5237 2456 5306 cupidi,
2509 5235 2654 5299 elati,
2705 5236 2968 5306 superbi,
3019 5234 3341 5305 blasphemi,
3390 5234 3717 5306 parentibus

2118 5331 2510 5395 inobedientcs,
2539 5329 2758 5402 ingrati,
2804 5329 3038 5394 scelesti,
3089 5331 3205 5386 sine
3255 5329 3563 5395 affectione,
3595 5330 3717 5385 sine

2116 5435 2270 5490 pace,
2295 5420 2696 5482 criminatores,
2723 5418 3141 5484 incontinentes,
3175 5419 3434 5482 immites,
3467 5419 3587 5474 sine
3614 5419 3715 5472 be-

2116 5512 2398 5582 nignitate,
2436 5509 2763 5581 proditores,
2811 5496 3075 5577 protervi,
3113 5508 3332 5575 tumidi,
3373 5509 3716 5578 voluptatum

2117 5610 2388 5656 amatores
2434 5601 2604 5670 magis
2646 5615 2808 5669 quam
2840 5599 2975 5653 Dei:
3006 5599 3269 5654 habentes
3318 5600 3556 5670 speciem
3593 5598 3716 5664 qui-

2119 5695 2240 5750 dem
2290 5693 2530 5765 pictatis,
2572 5693 2825 5748 virtutem
2865 5698 3042 5747 autem
3089 5690 3207 5762 ejus
3251 5691 3624 5758 abnegantes:
3656 5698 3716 5745 et
