3904 6184
321 298 432 355 825

1215 300 1570 362 COIHENT.
1611 305 1680 362 IN
1713 306 2323 375 ECCLESIASTICUM.
2350 344 2421 356 —-
2456 315 2586 372 LIB.
2627 317 2715 376 Ill.

3486 329 3598 390 826

320 418 425 472 hos
451 415 630 472 devita
655 413 744 486 (II
768 412 902 469 Tim.
927 413 1032 488 Ill).
1063 433 1081 468 ι
1110 416 1188 473 De
1213 417 1411 488 quibus
1437 427 1492 474 et
1515 419 1681 478 ludas
1709 422 1764 478 in
1784 423 1910 495 Epi-
1934 433 1987 492 Α
2011 435 2270 498 negantes
2292 427 2469 501 (lude
2481 428 2562 502 4).
2596 450 2614 482 ι
2645 432 2842 487 Verum
2893 435 3148 505 quoniam
3177 441 3499 498 temerarios
3539 443 3596 501 in

321 508 457 564 stola
489 521 587 562 sua
639 507 752 561 ait:
785 525 803 557 ι
839 505 1284 564 Subintroierunt
1312 511 1455 566 enim
1483 512 1702 582 quidam
1732 515 1908 571 homi-

319 613 438 663 nes,
471 598 563 668 qui
593 596 723 652 olim
757 599 1058 669 praescripti
1089 608 1214 654 sunt
1238 600 1294 655 in
1317 602 1582 671 judicium
1611 603 1782 674 impii,
1811 604 1908 660 Dei

317 689 494 744 nostri
523 688 751 758 gratiam
799 687 1185 746 transferentes
1234 691 1289 746 in
1318 692 1611 760 luxuriam,
1641 704 1697 750 et
1735 694 1909 750 solum

319 777 713 833 dominatorem
764 777 1052 832 Dominum
1106 788 1373 836 nostrumv
1403 781 1590 838 Jesum
1633 782 1910 838 Christum

2011 520 2176 576 verbo
2196 519 2353 589 juxta
2377 520 2537 576 ﬁnem
2557 525 2840 592 praesentis
2861 525 2986 580 libri
3017 528 3246 585 odibiles
3266 545 3386 587 esse
3415 541 3599 590 osten-

2014 610 2113 676 dit,
2139 611 2269 680 quid
2313 612 2380 668 de
2401 612 2584 683 judice
2602 613 2750 683 justo
2784 617 3004 686 sentiat,
3033 618 3088 674 in
3135 621 3290 677 initio
3318 626 3598 694 sequentis

2015 703 2316 760 videmus.

1535 1087 1830 1166 LIBER
1901 1089 2385 1168 TERTIUS.

1787 1251 2164 1272 Ψ

839 1335 1068 1394 CAPUT
1100 1334 1395 1394 PRIMUM.

345 1426 620 1499 Sapientia
654 1425 840 1481 laudat
850 1428 1060 1497 judices
1086 1429 1390 1496 judicantes
1420 1429 1667 1499 populum
1692 1445 1866 1484 suum.

383 1515 537 1585 (CAP.
561 1515 640 1588 x.)
663 1533 684 1569 ε
709 1514 881 1572 Judex
905 1518 1122 1587 sapiens
1147 1517 1410 1586 judicabit
1437 1519 1690 1590 populum
1720 1535 1898 1586 suum,

315 1623 334 1656 α
366 1614 422 1660 ει
453 1607 790 1677 principatus
835 1609 1036 1663 sensati
1090 1609 1301 1665 stabilis
1327 1611 1452 1666 erit.
1488 1629 1507 1662 ι
1550 1608 1792 1665 Iudicem
1821 1626 1904 1666 sa-

305 1694 544 1756 pientem
576 1696 845 1750 neminem
872 1696 1066 1752 melius
1100 1713 1261 1767 quam
1312 1697 1599 1753 Dominum
1624 1699 1898 1755 Christum

318 1799 597 1858 possumus
647 1784 972 1856 intelligere,
1021 1786 1113 1855 qui
1159 1793 1349 1840 contra
1393 1787 1676 1843 universos
1716 1787 1900 1842 hostes

305 1852 562 1942 populum
593 1889 749 1928 suum
783 1852 985 1928 tuetur.
1019 1852 1095 1928 De
1130 1890 1239 1944 quo
1291 1890 1387 1946 per
1424 1878 1739 1946 prephetam
1766 1877 1899 1933 dici—
1927 1852 1974 1911 Β

305 1973 436 2018 tur:
466 1983 486 2015 ‹
530 1981 550 2014 α
582 1964 799 2020 Zelatus
828 1973 912 2020 est
949 1966 1208 2021 Dominus
1252 1975 1452 2022 terram
1496 1984 1670 2033 suam,
1698 1977 1756 2025 et
1801 1985 1890 2038 pe-

303 2057 482 2126 percit
502 2056 698 2126 populo
724 2072 821 2111 suo
843 2055 1004 2128 (Joel.
1034 2055 1129 2129 n);
1161 2077 1180 2109 ι
1203 2057 1358 2128 cujus
1375 2059 1708 2129 principatus
1732 2061 1897 2115 etiam

303 2146 518 2202 stabilis
539 2147 662 2202 erit.
681 2147 836 2216 Quia,
873 2149 1008 2202 lsaia
1032 2156 1282 2213 testante,
1317 2175 1334 2200 ι
1373 2151 1541 2220 ipsius
1567 2152 1898 2222 principatus

304 2251 469 2306 super
496 2237 780 2292 humerum
807 2237 944 2307 ejus,
974 2250 1029 2293 et
1057 2239 1338 2295 vocabitur
1357 2257 1554 2297 nomen
1580 2242 1698 2312 ejus
1727 2244 1899 2299 admi-

305 2325 509 2388 rabilis,
548 2327 912 2392 consiliarius,
955 2327 1097 2383 Deus
1145 2327 1322 2396 fortis,
1379 2339 1535 2400 pater
1578 2332 1744 2387 futuri
1800 2349 1896 2388 str-

301 2415 432 2477 culi,
474 2416 726 2486 princeps
750 2418 919 2486 pacis.
951 2417 1395 2488 Multiplicabitur
1443 2421 1558 2490 ejus
1588 2423 1894 2494 imperium,

299 2510 358 2556 et
381 2503 530 2571 pacis
571 2519 678 2558 non
709 2505 813 2560 erit
838 2505 962 2561 ﬁnis
993 2524 1005 2559 :
1037 2522 1200 2577 super
1227 2508 1419 2564 solium
1445 2511 1636 2578 David,
1659 2519 1714 2566 et
1736 2528 1897 2582 super

302 2609 530 2664 regnum
559 2595 678 2665 ejus
718 2597 948 2662 sedebit,
976 2607 1036 2652 ut
1064 2598 1349 2654 conﬁrmet
1378 2600 1508 2656 illud
1537 2610 1592 2657 et
1641 2603 1896 2658 corrobo-

302 2693 391 2738 ret
414 2686 468 2738 in
489 2686 696 2756 judicio
729 2695 785 2742 et
818 2686 1050 2755 justitia,
1080 2691 1274 2746 amodo
1303 2699 1358 2746 et
1385 2707 1555 2761 usque
1606 2692 1661 2747 in
1703 2694 1896 2763 sempi-

299 2783 515 2829 ternum
541 2795 553 2829 :
578 2775 727 2831 zelus
774 2776 987 2833 Domini
1031 2781 1365 2835 exercituum
1395 2781 1560 2838 faciet
1604 2783 1708 2838 hoc
1733 2783 1891 2853 (Esa.

298 2868 401 2937 ix).
442 2887 462 2920 ι
489 2867 628 2931 Huic
659 2869 914 2925 vaticinio
936 2870 1103 2926 etiam
1154 2873 1330 2941 angeli
1365 2875 1530 2928 verba
1567 2874 1620 2928 in
1650 2873 1894 2945 Evange-

295 2960 374 3015 lio
402 2961 469 3015 ad
491 2960 715 3015 Mariam
742 2963 1090 3026 concordant,
1122 2964 1320 3032 quibus
1355 2962 1558 3019 Christi
1604 2965 1892 3034 imperium

292 3068 711 3123 permansurum
754 3060 980 3109 testatus
1003 3061 1107 3118 est,
1139 3054 1364 3109 dicens:
1392 3073 1411 3105 ι
1444 3053 1604 3109 Dabit
1628 3055 1679 3110 ei
1710 3053 1892 3109 Domi-

295 3162 404 3200 nus
433 3146 617 3201 sedem
653 3145 822 3200 David
868 3147 1038 3216 patris
1073 3145 1209 3214 ejus,
1255 3155 1312 3201 et
1354 3147 1601 3217 regnabit
1643 3147 1697 3201 in
1730 3147 1889 3202 domo

290 3235 468 3292 Jacob
507 3239 560 3292 in
587 3245 871 3302 aeternum,
894 3246 950 3292 et
989 3237 1137 3308 regni
1176 3236 1293 3307 ejus
1321 3253 1429 3295 non
1455 3240 1562 3294 erit
1583 3238 1705 3294 linis
1735 3238 1886 3312 (Luc.

291 3330 359 3400 ι).
401 3349 420 3381 ι
448 3328 612 3398 Cujus
651 3329 903 3384 nimirum
941 3345 1187 3384 normam
1218 3331 1465 3401 discipuli
1501 3331 1620 3400 ejus
1648 3339 1775 3387 sunt
1799 3347 1889 3387 se-

292 3420 408 3475 cuti
438 3439 451 3473 :
477 3420 619 3490 quod
645 3435 880 3490 sequens
906 3421 1173 3474 sententia
1202 3421 1417 3490 prohat,
1444 3421 1536 3476 ubi
1565 3422 1796 3478 dicitur:

374 3511 740 3570 ¢.Secundum
770 3509 1008 3580 judicem
1035 3513 1236 3582 populi,
1270 3513 1350 3568 sic
1380 3521 1438 3568 et
1479 3513 1709 3569 ministri
1739 3513 1885 3583 ejus;

298 3622 320 3656 ι
353 3611 410 3658 ει
436 3602 612 3674 qualis
649 3611 833 3657 rector
856 3610 943 3656 est
983 3602 1245 3668 civitatis,
1278 3603 1411 3658 tales
1441 3611 1498 3658 et
1527 3603 1889 3660 inhabitantes

296 3717 318 3751 ι
353 3699 408 3751 in
437 3712 520 3752 ea.
555 3717 574 3750 ι
602 3697 808 3752 Civitas
857 3696 1002 3750 enim
1048 3694 1255 3750 Christi
1284 3705 1470 3752 sancta
1503 3704 1588 3752 est
1621 3697 1886 3764 Ecclesia,

291 3803 418 3857 quae
441 3787 558 3856 ejus
585 3787 812 3863 vestigia
863 3785 1058 3848 devoto
1085 3786 1266 3848 cordis
1305 3787 1551 3861 sequitur
1585 3787 1800 3857 εσεειιι,
1832 3796 1888 3847 et

288 3879 561 3941 bOnorum
590 3899 817 3956 operum
861 3885 1106 3939 imitatur
1133 3883 1346 3940 eﬁ‘ectu.
1400 3883 1502 3940 Ubi
1545 3891 1602 3939 et
1649 3886 1884 3941 ministri

290 3979 434 4048 ejus,
467 3979 568 4033 hoc
591 3985 673 4032 est
701 3985 942 4032 rectores
963 3975 1224 4041 ﬁdelium,
1253 3987 1310 4032 et
1349 3976 1734 4046 praedicatores
1761 3992 1886 4032 san-

292 4067 394 4130 cti,
438 4066 610 4136 ipsius
659 4064 931 4120 mandatis
975 4063 1162 4120 sedulo
1189 4065 1626 4134 obtemperantes
1671 4074 1830 4120 erunt
1866 4079 1882 4120 :

288 4161 521 4230 aliisque
551 4159 800 4214 similiter
825 4157 1005 4214 facere
1050 4158 1320 4212 instanter
1347 4157 1685 4228 praccipiunt.
1717 4156 1884 4226 Cujus

287 4250 663 4320 temperantia;
709 4249 928 4305 modum
977 4247 1338 4304 Ecclesiastes
1390 4247 1596 4312 laudat,
1651 4248 1878 4303 dicens:

292 4359 312 4392 ι
348 4341 514 4395 Beata
541 4349 708 4405 terra,
745 4338 900 4409 cujus
925 4347 1011 4394 est
1033 4353 1132 4393 rex
1172 4338 1393 4404 nobilis,
1423 4347 1478 4393 et
1505 4337 1659 4406 cujus
1685 4338 1884 4408 princi-

283 4449 386 4504 pes
408 4441 700 4487 vescuntur
721 4433 777 4486 in
801 4441 1043 4501 tempore
1065 4445 1181 4494 suo,
1209 4431 1276 4486 ad
1303 4429 1676 4498 reﬁciendum,
1697 4441 1752 4488 et
1772 4447 1880 4487 non

284 4526 353 4578 ad
412 4525 679 4580 luxuriam
728 4523 899 4595 (Eccl.
933 4522 1011 4593 Σ).
1047 4543 1066 4576 ι
1094 4522 1137 4577 Ε
1165 4525 1438 4578 contrario
1484 4538 1615 4578 vero
1657 4525 1726 4579 de
1776 4523 1880 4580 alio

283 4632 417 4687 rege
445 4617 575 4671 dicit
604 4632 618 4670 :
653 4634 672 4668 ε
709 4615 797 4670 Vae
845 4616 966 4680 tibi,
998 4625 1165 4680 terra,
1197 4613 1352 4684 cujus
1395 4629 1490 4670 rex
1531 4624 1616 4671 est
1643 4632 1798 4686 puer,
1826 4626 1882 4672 et

277 4706 441 4774 cujus
479 4707 752 4776 principes
782 4721 939 4760 mane
987 4706 1278 4760 comedunt
1314 4704 1524 4776 (Ibid.).
1561 4725 1580 4758 ι
1619 4707 1711 4762 Vae
1749 4722 1879 4779 ergo

279 4809 470 4863 terrm,
497 4796 650 4866 cujus
673 4814 768 4852 rex
799 4805 882 4853 est
935 4795 1198 4862 diabolus,
1232 4811 1444 4866 semper
1482 4813 1745 4852 novarum
1794 4814 1882 4854 re-

276 4904 407 4942 rum
434 4888 690 4957 cupidus;
716 4888 804 4942 hic
843 4887 1055 4958 judices
1076 4895 1130 4940 et
1154 4886 1428 4956 principes
1456 4901 1550 4941 eos
1575 4887 1756 4952 habet,
1785 4889 1878 4957 qui

267 4984 474 5032 amant
524 4974 684 5044 hujus
729 4975 911 5031 saeculi
940 4975 1265 5046 voluptates,
1295 4976 1388 5045 qui
1430 4984 1722 5047 antequam
1761 4979 1876 5034 dies

267 5064 480 5121 mortis
521 5065 773 5120 adveniat
795 5065 1017 5120 dicunt:
1057 5085 1074 5116 ι
1106 5065 1486 5122 Manducemus
1513 5076 1569 5121 et
1601 5068 1870 5134 bibamus,

263 5173 409 5213 cras
446 5157 588 5211 enim
617 5157 932 5212 moriemur.
971 5175 989 5208 ι
1027 5156 1068 5209 Ε
1095 5163 1281 5210 contra
1309 5155 1465 5210 beata
1498 5165 1638 5212 terra
1685 5158 1872 5214 Eccle-

260 5250 397 5311 sire,
427 5246 579 5315 cujus
603 5264 700 5302 rex
729 5247 981 5303 Christus
1006 5246 1146 5301 ﬁlius
1196 5247 1572 5316 ingenuorum,
1605 5248 1671 5301 de
1697 5247 1873 5303 Abra-

258 5343 434 5402 ham,
481 5349 536 5392 et
583 5339 758 5402 lsaac,
804 5349 858 5393 et
885 5336 1084 5402 Jacob,
1133 5337 1517 5407 prophetarum
1567 5353 1780 5408 quoque
1815 5348 1871 5394 et

253 5430 524 5488 ouunium
560 5438 870 5484 sanctorum
891 5429 1058 5498 stirpe
1077 5428 1428 5493 descendens,
1459 5429 1654 5497 quibus
1676 5444 1869 5499 pecca-

253 5538 398 5582 tum
447 5538 551 5577 non
579 5522 678 5577 fuit
712 5524 1062 5586 dominatum,
1087 5529 1142 5577 et
1190 5522 1259 5576 ob
1307 5522 1360 5576 id
1410 5520 1630 5575 fuerunt
1678 5521 1867 5588 liberi;

246 5615 554 5689 principes
574 5630 786 5684 quoque
813 5611 930 5682 ejus
957 5623 1082 5667 sunt
1113 5612 1338 5681 apostoli
1359 5620 1415 5668 et
1453 5627 1642 5668 omnes
1672 5616 1865 5680 sancti,

246 5706 368 5780 qui
403 5719 585 5776 regem
615 5705 812 5760 habent
836 5703 1007 5760 lilium
1049 5702 1424 5774 ingenuorum,
1449 5717 1549 5758 nec
1576 5704 1870 5768 comedunt

2005 1356 2189 1408 mane,
2216 1358 2316 1400 nec
2339 1344 2616 1401 velociter.
2656 1347 2774 1403 Non
2808 1350 2955 1407 enim
3002 1353 3056 1410 in
3090 1360 3342 1427 praesenti
3387 1363 3591 1422 saeculo

2005 1442 2255 1502 quaerunt
2292 1435 2642 1506 voluptatem,
2669 1439 2763 1495 sed
2793 1441 2847 1496 in
2891 1450 3132 1514 tempore
3173 1464 3273 1506 suo
3301 1455 3594 1512 manduca-

2002 1521 2157 1587 bunt,
2205 1537 2328 1578 cum
2370 1526 2743 1583 retributionis
2784 1538 2994 1600 tempus
3045 1537 3365 1594 advenerit:
3399 1561 3417 1593 ‹
3450 1542 3591 1599 Bea-

2005 1621 2112 1707 tus,
2136 1615 2328 1684 inquit,
2355 1617 2445 1686 qui
2469 1619 2814 1676 manducabit
2832 1637 3026 1692 panem
3045 1627 3101 1682 in
3130 1644 3296 1700 regno
3322 1633 3414 1688 Dei
3432 1634 3586 1707 (Luc.

2003 1717 2139 1758 ιινι.
2180 1722 2198 1755 ι

2080 1719 2095 1757 r
2124 1743 2139 1757 .
2180 1722 2198 1755 ι

2080 1701 2244 1850 «)Rex
2271 1795 2532 1867 insipiens
2558 1800 2750 1868 perdet
2778 1805 3031 1873 populum
3086 1824 3262 1866 suum.
3296 1834 3314 1865 ι
3346 1815 3440 1872 llle
3485 1821 3591 1877 uti-

2001 1901 2107 1976 que
2142 1901 2254 1950 rex,
2289 1889 2355 1944 de
2387 1905 2495 1959 quo
2543 1893 2795 1961 superius
2841 1895 3096 1964 diximus,
3123 1902 3213 1970 qui
3245 1919 3380 1973 puer
3409 1918 3514 1976 est,
3534 1921 3590 1968 et

1999 1975 2152 2045 cujus
2173 1979 2446 2050 principes
2473 1997 2633 2036 mane
2662 1985 2970 2053 comedunt,
2997 1990 3087 2058 qui
3124 1994 3309 2060 perdet
3332 2001 3589 2068 populum

1997 2084 2180 2135 suum,
2204 2070 2309 2126 hoc
2345 2081 2452 2137 est,
2482 2088 2671 2128 omnes
2703 2076 2805 2131 sibi
2835 2078 3150 2136 obedientes
3179 2083 3232 2138 in
3273 2086 3591 2152 barathrum

1997 2174 2183 2216 secum
2204 2163 2508 2232 praecipitat
2531 2164 2750 2227 inferni.
3535 2167 3542 2173 ’

2073 2269 2093 2302 ι
2129 2251 2196 2305 Et
2237 2252 2486 2308 civitates
2513 2254 2962 2313 iuhabitabuntur
3008 2276 3107 2330 per
3137 2279 3352 2321 sensum
3397 2279 3591 2339 poten-

2003 2359 2022 2393 t
2057 2342 2210 2396 tium.
2243 2363 2262 2395 ι
2289 2343 2546 2399 Ecclesiae
2571 2347 2820 2403 videlicet
2842 2349 3142 2410 Salvatoris
3184 2357 3469 2416 ﬁrmantur
3488 2379 3586 2434 per

1996 2431 2297 2486 doctrinam
2326 2442 2636 2489 sanctorum
2658 2438 3092 2507 praedicatorum.

2071 2539 2091 2572 ‹
2137 2521 2404 2589 Quoniam
2437 2525 2490 2578 in
2516 2541 2677 2580 manu
2713 2529 2802 2582 Dei
2829 2539 3072 2598 potestas
3093 2544 3270 2591 terra.
3299 2559 3318 2590 ι
3363 2539 3477 2596 Ηοε
3498 2551 3582 2598 εει

1994 2612 2094 2668 sub
2125 2614 2517 2684 gubernatione
2558 2617 2759 2674 Christi
2797 2629 2970 2676 status
2997 2625 3144 2696 viget
3181 2627 3456 2686 Ecclesiae.
3509 2634 3583 2690 De

1993 2719 2099 2774 qua
2130 2713 2274 2760 terra
2323 2705 2596 2776 Propheta
2637 2710 2715 2764 ait
2744 2729 2758 2764 :
2797 2729 2817 2762 ι
2893 2713 3037 2769 Deus
3064 2726 3244 2773 autem
3277 2737 3371 2776 rex
3400 2732 3586 2780 noster

1998 2811 2017 2844 ι
2062 2803 2188 2849 ante
2219 2795 2416 2850 saecula
2465 2808 2721 2866 operatus
2747 2808 2832 2854 est
2879 2803 3106 2860 salutem
3135 2806 3188 2861 in
3218 2811 3392 2865 medio
3423 2820 3583 2869 terrae

1998 2902 2016 2935 ι
2065 2883 2238 2955 (Psal.
2279 2887 2496 2960 Lxxtlt).
2532 2909 2550 2942 ι
2594 2889 2698 2946 Ubi
2733 2890 2849 2960 ejus
2899 2894 3146 2952 voluntas
3191 2901 3431 2968 quotidie
3480 2904 3582 2958 itu-

1988 2975 2187 3045 pletur.
2235 2976 2291 3032 ln
2321 2995 2427 3049 qua
2453 2989 2507 3035 et
2537 2997 2660 3036 cum
2688 2998 2794 3052 qua
2820 2984 2934 3053 ipse
2960 3001 3018 3041 se
3055 2991 3307 3057 promisit
3331 3008 3584 3062 perman-

1988 3083 2179 3124 surum
2206 3087 2378 3141 usque
2405 3075 2470 3128 ad
2499 3079 3042 3135 consummationem.
3075 3083 3342 3141 Caeterum
3454 3091 3578 3145 data

1915 3199 1961 3262 ϐ
1997 3177 2018 3212 ι
2061 3168 2147 3216 εει
2169 3161 2246 3216 illi
2277 3165 2455 3219 omnis
2479 3174 2718 3234 potestas
2744 3168 2798 3222 in
2827 3171 2969 3226 coelo
3001 3181 3055 3226 et
3090 3174 3142 3227 in
3167 3183 3334 3243 terra,
3388 3187 3442 3233 et
3471 3197 3578 3236 non

1999 3267 2018 3301 ι
2063 3260 2149 3306 εει
2177 3255 2266 3322 qui
2301 3256 2470 3323 possit
2507 3257 2763 3312 resistere
2806 3260 3068 3317 voluntati
3109 3263 3246 3333 ejus.
3354 3267 3580 3339 Oportet

1992 3341 2136 3396 enim
2177 3358 2300 3398 eum
2344 3361 2572 3417 regnare
2619 3348 2790 3404 donec
2829 3350 3078 3419 subjiciat
3109 3369 3297 3411 omnes
3330 3358 3578 3416 inimicos

1993 3430 2108 3500 ejus
2149 3436 2249 3490 sub
2279 3436 2505 3506 pedibus
2539 3439 2670 3493 suis.
2729 3439 2806 3494 De
2846 3456 2955 3511 quo
2997 3444 3378 3516 subjungitur:

2066 3541 2085 3574 ι
2127 3524 2195 3579 Ει
2243 3527 2599 3582 exsecrabilis
2645 3530 2824 3584 omnis
2873 3531 3129 3602 iniquitas
3174 3539 3469 3606 gentium.»
3522 3540 3579 3594 ld

1987 3620 2090 3680 est,
2124 3614 2464 3682 damnabilis,
2495 3618 2751 3687 quoniam
2775 3619 2890 3688 ipse
2911 3621 3074 3692 judex
3091 3623 3270 3693 justus
3297 3627 3350 3680 in
3373 3627 3577 3696 judicio

1987 3720 2087 3760 suo
2131 3706 2353 3761 damnat
2382 3723 2570 3763 omnes
2610 3719 2923 3779 peccatores
2977 3719 3157 3778 terrae,
3201 3722 3254 3770 et
3304 3716 3576 3786 disperdet

1987 3797 2054 3851 de
2104 3797 2323 3852 civitate
2362 3813 2458 3852 sua
2509 3814 2698 3855 omnes
2736 3801 2827 3874 qui
2867 3811 3164 3877 operantur
3206 3803 3570 3880 iniquitatem.

1983 3887 2155 3947 Aliter
2185 3888 2535 3949 exsecrabilis
2555 3897 2640 3949 est
2669 3897 2848 3951 Omnis
2883 3897 3142 3968 iniquitas
3167 3902 3427 3970 gentium,
3446 3906 3572 3974 quia

1982 3998 2080 4053 per
2105 3983 2544 4052 praedicationem
2587 3986 2956 4054 apostolorum
3004 3991 3291 4058 reprobata
3318 4001 3404 4048 est
3451 3994 3573 4050 inﬁ-

1983 4072 2176 4127 delitas
2202 4080 2259 4128 et
2286 4088 2440 4128 error
2468 4075 2773 4145 gentilium,
2813 4093 2949 4147 quos
2979 4078 3227 4136 Salvator
3247 4084 3314 4137 ad
3343 4085 3447 4141 hoc
3472 4088 3575 4142 mi-

1982 4161 2053 4214 sit
2077 4161 2131 4214 in
2161 4162 2442 4228 mundum,
2471 4171 2532 4217 ut
2561 4172 2906 4221 contumaces
2939 4168 3342 4238 redarguerem.
3368 4173 3570 4232 inscios

1982 4253 2260 4319 docerent,
2285 4260 2340 4308 et
2366 4254 2610 4311 inﬁrmos
2632 4266 2906 4312 sanarent.
2933 4257 3085 4314 Unde
3107 4271 3161 4314 et
3183 4264 3456 4332 sequitur:

2057 4363 2075 4395 ι
2123 4345 2190 4399 Et
2213 4345 2398 4400 utilem
2429 4355 2694 4402 rectorem
2741 4349 2797 4402 in
2823 4356 3038 4419 tempus
3067 4350 3350 4405 suscitabit
3405 4369 3568 4424 super

1987 4449 2006 4484 ‹
2052 4432 2216 4496 illam,
2265 4434 2321 4488 in
2370 4449 2536 4488 manu
2589 4435 2684 4491 Dei
2729 4444 2970 4506 potestas
2999 4437 3254 4503 hominis,
3307 4448 3362 4495 et
3404 4457 3568 4512 super

1989 4542 2009 4576 ‹
2050 4523 2243 4579 faciem
2267 4524 2458 4580 scribae
2488 4526 2726 4594 imponet
2749 4527 3007 4581 honorem
3029 4543 3205 4581 suum.
3261 4548 3279 4579 ι
3318 4528 3566 4587 Potestas

1983 4614 2129 4669 cnim
2161 4623 2472 4670 sanctorum
2522 4617 2800 4671 doctorum
2846 4618 3246 4687 dispensatione
3287 4619 3378 4674 Dei
3414 4621 3562 4674 ordi-

1983 4715 2111 4759 nata
2151 4713 2254 4772 est,
2319 4707 2619 4777 quibus‘et
2656 4708 3014 4764 ministerium
3070 4710 3292 4766 honoris
3347 4712 3492 4766 dedit
3545 4732 3559 4767 :

1981 4796 2197 4864 quando
2220 4811 2314 4850 eos
2335 4797 2453 4850 vice
2467 4812 2568 4851 sua
2610 4800 2793 4868 generi
2827 4801 3060 4855 humano
3081 4805 3400 4872 praeposuit.
3459 4805 3562 4874 Ipsi

1980 4897 2106 4944 sunt
2129 4889 2275 4943 enim
2304 4890 2515 4955 scribae,
2572 4890 2639 4945 de
2667 4891 2863 4960 quibus
2907 4893 3020 4962 ipsa
3047 4895 3262 4950 Veritas
3300 4896 3351 4950 in
3387 4895 3562 4950 Evan-

1978 4979 2118 5050 gelio
2151 4979 2228 5033 ait
2255 4996 2270 5035 :
2301 4999 2320 5031 ‹
2366 4979 2569 5034 Similis
2614 4991 2698 5036 est
2743 4983 2946 5036 homini
3001 4985 3400 5054 patrifamilias,
3467 4989 3559 5058 qui

1981 5087 1999 5119 ί
2044 5067 2251 5138 profert
2297 5069 2362 5124 de
2411 5069 2667 5125 thesauro
2712 5085 2812 5126 suo
2861 5087 2997 5127 nova
3041 5083 3096 5128 et
3120 5084 3302 5131 vetera
3343 5077 3556 5150 (Matth.

1978 5177 1997 5210 ‹
2044 5158 2153 5230 xv).
2194 5177 2212 5210 ι
2266 5159 2344 5213 De
2393 5174 2501 5229 quo
2539 5168 2596 5214 et
2630 5159 2914 5215 Psalmista
2951 5179 2965 5216 :
3020 5181 3040 5215 ι
3082 5163 3309 5237 Lingua,
3363 5166 3554 5236 inquit,

1975 5269 1994 5302 ι
2039 5267 2158 5306 mea
2208 5250 2449 5306 calamus
2493 5253 2685 5307 scribae
2740 5254 2999 5310 velociter
3041 5259 3326 5315 scribentis
3379 5258 3550 5329 (Psal.

1979 5359 1998 5394 ς
2037 5341 2210 5411 mv).
2246 5361 2266 5394 ι
2311 5340 2426 5397 Ηοε
2469 5350 2574 5408 εει,
2611 5342 2867 5414 Mysteria
2919 5346 3098 5400 divina
3148 5350 3247 5402 sub
3290 5347 3553 5400 velamine

1971 5433 2269 5502 prOpbetia:
2294 5432 2530 5487 breviter
2558 5435 2795 5489 notantis
2821 5454 2832 5488 :
2863 5436 2986 5504 quia
3015 5437 3124 5490 Lex
3177 5446 3232 5491 et
3273 5436 3552 5504 Propheta}

1975 5539 2141 5592 usque
2181 5524 2246 5578 ad
2278 5521 2565 5588 Joannem,
2619 5533 2673 5578 et
2711 5523 2835 5580 ﬁnis
2863 5526 2995 5596 legis
3022 5525 3271 5580 Christus
3301 5525 3366 5576 ad
3391 5521 3558 5589 justi~

1970 5613 2102 5666 tium
2144 5613 2292 5666 omni
2326 5613 2608 5668 credenti:
2644 5632 2662 5663 ι
2707 5615 2826 5684 Ipse
2872 5623 2955 5669 est
2996 5614 3138 5667 enim
3191 5628 3296 5680 pax
3338 5619 3548 5676 nostra,

1977 5721 1996 5755 ‹
2041 5705 2134 5774 qui
2171 5703 2300 5759 fecit
2328 5713 2559 5775 utraque
2581 5721 2746 5761 unum
2771 5722 2784 5772 ;
2828 5721 2928 5761 nec
2947 5704 3092 5760 aliud
3122 5718 3316 5758 nomen
3343 5711 3426 5759 est
3457 5702 3554 5768 da-
