3928 6182
358 204 463 262 891

992 205 1055 261 B.
1094 200 1350 260 RABANI
1389 198 1609 260 MAURI
1644 198 1964 260 ARCHIEP.
2007 198 2323 261 IOGUNT.
2360 196 2655 258 OPERUI
2685 198 2868 256 PARS
2903 199 2946 257 l.

3514 205 3623 268 829

365 337 389 371 ι
432 329 545 373 tum
564 317 870 376 hominibus
905 331 1067 389 super
1091 325 1317 383 terram,
1347 316 1405 372 in
1433 328 1541 386 quo
1563 323 1937 387 oporteat-nos
1966 317 2019 378 Α
2043 320 2099 370 et
2139 321 2338 370 eatera
2372 311 2532 378 vitia,
2576 311 2703 368 ideo
2743 309 2945 367 Paulus
2991 312 3061 370 ad
3104 313 3455 375 '1'in
3497 320 3639 377 ωτι.

365 426 389 462 ‹
431 409 613 466 salvos
640 408 777 464 ﬂeri.
820 425 842 461 ι

2045 407 2181 463 bene
2218 406 2334 461 ait:
2369 422 2389 457 ι
2441 404 2685 475 Praecipe
2716 402 2976 459 divitibus
3002 402 3164 473 hujus
3183 405 3368 463 seculi
3394 424 3519 466 ,που
3542 423 3634 468 sa-

422 484 459 553 ’(
501 500 689 557 Omnis
725 498 935 571 injuriae
968 498 1202 569 proximi
1243 512 1317 554 ne
1345 497 1681 564 memineris,
1714 507 1773 554 et
1805 497 1944 553 nihil
2049 514 2069 552 ι
2112 498 2280 555 hlime
2298 511 2495 568 sapere
2516 511 2693 567 neque
2711 510 2935 566 sperare
2959 495 3016 551 in
3047 496 3259 554 incerto
3280 498 3631 573 divitiarum;

365 611 387 644 ι
429 607 559 662 agas
588 591 643 646 in
669 591 922 661 operibus
962 590 1189 661 injuriae.
1229 608 1249 642 ο
1292 589 1429 644 Huic
1457 589 1742 644 sententia
1765 588 1941 644 simile

358 692 440 739 est
465 682 593 737 illud
622 682 763 752 quod
794 683 846 737 in
868 681 1108 736 Levitico
1133 681 1393 750 scriptum
1424 688 1545 735 est:
1585 698 1605 731 ‹
1649 679 1765 735 Non
1792 695 1940 750 qutu-

363 793 382 827 ι
423 788 513 828 ras
531 773 807 837 ultionem,
831 786 1150 827 necmemor
1162 771 1274 826 eris
1283 770 1493 841 injuria:
1512 770 1710 827 civium
1724 777 1939 827 tuorum

362 883 381 915 ι
427 864 613 935 (Leuit.
657 863 793 936 xu).
831 883 850 917 ι
904 863 963 919 Si
1022 863 1436 919 meminerimus
1472 862 1619 918 illius
1653 864 1937 919 sententia:

357 955 668 1018 Dominicae,
715 969 837 1023 quae
859 954 1114 1024 praecepit
1145 953 1299 1008 nobis
1326 953 1549 1023 diligere
1573 952 1822 1019 inimicos
1844 969 1937 1009 no-

354 1057 517 1110 stros,
569 1053 622 1101 et
655 1044 974 1101 benefacere
1021 1045 1111 1100 his
1135 1046 1228 1114 qui
1255 1044 1485 1100 oderunt
1522 1060 1639 1109 nos,
1678 1053 1734 1100 et
1775 1060 1935 1101 orare

353 1149 452 1203 pro
476 1134 924 1204 persequentibus
968 1143 1023 1189 et
1046 1134 1504 1189 calumniantibus
1532 1134 1711 1197 nobis.
1743 1138 1799 1188 et
1831 1148 1931 1188 au-

352 1225 549 1281 fereuti
587 1224 743 1281 nobis
778 1225 1039 1292 tunicam,
1089 1223 1416 1280 dimittimus
1435 1233 1492 1281 et
1518 1225 1762 1295 pallium,
1803 1240 1933 1295 per-

349 1317 575 1374 cutienti
615 1318 887 1373 maxillam
921 1317 1223 1387 praebemus
1259 1324 1314 1372 ct
1345 1317 1593 1383 alteram,
1633 1316 1777 1372 hanc
1796 1332 1933 1373 seno

351 1408 574 1463 tentiam
621 1408 888 1463 veraciter
933 1407 1306 1477 adimplemus.
1345 1407 1440 1461 llle
1477 1407 1623 1462 enim
1656 1407 1797 1462 bene
1842 1407 1930 1461 in-

342 1500 542 1569 juriam
567 1502 797 1571 proximi
824 1516 930 1557 non
958 1502 1224 1566 meminit,
1248 1501 1340 1571 qui
1367 1501 1708 1556 dilectionem
1737 1508 1928 1555 contra

348 1584 552 1656 odium,
579 1599 634 1646 et
661 1592 1091 1647 benedictionem
1123 1600 1311 1647 contra
1334 1590 1654 1647 calumniam
1679 1590 1928 1660 proximo

348 1679 627 1751 impendit.

424 1791 443 1823 ι
480 1773 707 1829 Odibilis
753 1789 938 1829 coram
976 1773 1087 1828 Deo
1114 1782 1200 1829 est
1226 1780 1281 1828 et
1306 1773 1616 1830 hominibus
1647 1774 1921 1846 superbia,

352 1883 372 1916 ι
413 1875 469 1921 et
497 1865 844 1920 exsecrabilis
875 1867 1051 1920 omnis
1074 1866 1328 1936 iniquitas
1366 1867 1622 1938 gentium.
1654 1886 1674 1919 ι
1702 1866 1840 1923 Hinc
1869 1867 1923 1921 in

342 1954 650 2011 Proverbiis
698 1957 959 2025 scriptum
988 1965 1109 2011 est:
1149 1974 1169 2007 ι
1204 1955 1550 2012 Abominatio
1584 1958 1796 2012 Domini
1839 1965 1924 2013 est

349 2064 368 2097 ι
412 2046 588 2100 omnis
617 2060 898 2116 arrogans,
947 2054 1003 2100 et
1037 2046 1253 2100 domum
1282 2047 1637 2104 superborum
1666 2046 1925 2103 demolie-

354 2151 376 2185 ο
425 2133 798 2188 tur-Dominus
840 2131 1026 2205 (Prov.
1062 2132 1195 2207 xvi).
1239 2154 1257 2185 ι
1321 2134 1461 2189 Hinc
1495 2143 1549 2190 et
1572 2133 1766 2189 Petrus
1790 2134 1871 2189 ait
1903 2152 1917 2188 :

347 2242 366 2276 ι
412 2224 674 2294 Superbia
712 2224 853 2280 Deus
882 2225 1104 2289 resistit,
1136 2224 1430 2279 humilibus
1458 2234 1637 2280 autem
1668 2226 1760 2280 dat
1796 2240 1921 2296 gra-

343 2334 365 2367 r
408 2315 538 2369 tiam
569 2314 620 2387 (I
655 2314 769 2369 Pet.
795 2314 871 2388 v).
915 2333 935 2366 ι
983 2315 1119 2369 Hinc
1151 2324 1203 2370 et
1226 2316 1510 2371 Psalmista
1542 2333 1556 2369 :
1590 2335 1608 2367 ι
1654 2317 1918 2387 Populum

345 2423 364 2457 ι
418 2407 616 2476 inquit,
658 2406 915 2461 humilem
947 2406 1152 2461 salvum
1191 2406 1377 2472 facies,
1434 2415 1487 2462 et
1516 2407 1702 2464 oculos
1731 2424 1919 2479 super-

343 2516 363 2549 ς
404 2498 601 2553 horum
629 2497 941 2552 bumiliabis
968 2497 1142 2569 (Psal.
1172 2497 1328 2569 xvn).
1369 2519 1387 2551 ι
1423 2499 1490 2553 Et
1518 2500 1644 2553 item
1677 2520 1689 2554 :
1729 2518 1748 2551 ί
1785 2500 1916 2556 Odi-

343 2609 364 2645 t
412 2592 506 2654 sti,
560 2590 803 2655 Domine,
832 2593 922 2662 qui
973 2601 1267 2663 operantur
1310 2594 1690 2664 iniquitatem;
1718 2595 1913 2664 perdes

341 2700 361 2733 ‹
403 2694 592 2737 omnes
622 2682 713 2752 qui
743 2683 1035 2753 loquuntur
1062 2685 1397 2739 mendacium
1432 2683 1603 2756 (Psal.
1654 2687 1730 2757 v).
1772 2704 1791 2738 ι

430 2792 450 2825 ι
488 2773 733 2843 Regnum
782 2789 813 2827 a
845 2782 1004 2845 gente
1046 2775 1099 2829 in
1130 2786 1339 2845 gentem
1385 2774 1724 2841 transfertur,
1781 2792 1913 2846 pro-

296 2896 299 2897 ν
340 2881 359 2916 t
401 2872 521 2934 pter
548 2864 857 2934 injustitias,
902 2872 957 2919 et
983 2865 1225 2935 injurias,
1258 2873 1311 2919 et
1338 2866 1713 2931 contumelias,
1750 2874 1806 2921 et
1838 2866 1915 2921 di-

338 2978 358 3011 (
404 2973 589 3015 versos
638 2959 807 3015 dolos.
859 2979 878 3012 ι
925 2959 1096 3029 Hujus
1150 2964 1429 3017 sententia:
1456 2964 1740 3017 veritatem
1785 2978 1907 3019 om-

332 3051 481 3106 nium
507 3066 645 3122 pene
673 3052 911 3117 gentium
938 3061 1125 3106 notant
1148 3053 1403 3118 historiae,
1436 3064 1489 3107 ct
1518 3069 1708 3109 causas
1738 3056 1911 3110 diver-

333 3163 519 3205 sorum
569 3150 889 3221 populorum
961 3144 1270 3198 ostendunt.
1318 3143 1426 3198 Nec
1485 3144 1587 3199 hoc
1655 3146 1907 3216 ignorare

332 3248 528 3310 potest,
578 3240 668 3308 qui
693 3237 1065 3292 Chaldaeorum
1090 3244 1143 3290 et
1176 3234 1460 3290 Persarum
1490 3233 1909 3307 Graecorumque

331 3328 705 3400 potentissima
740 3340 904 3395 regna
957 3323 1215 3379 subversa
1267 3322 1414 3394 legit,
1456 3332 1511 3378 et
1536 3324 1906 3381 Romanorum

330 3436 556 3493 regnum
585 3418 835 3475 vacillare
865 3417 1148 3488 conspicit,
1208 3430 1308 3470 nec
1344 3416 1539 3470 stabile
1590 3416 1790 3486 aliquid
1850 3418 1904 3472 in

329 3513 532 3569 mundo
554 3525 671 3565 esse
697 3508 994 3580 perpendit.
1025 3507 1216 3571 Aliter,
1249 3507 1350 3562 hoc
1378 3505 1685 3577 signiﬁcare
1707 3515 1902 3577 potest,

327 3606 470 3678 quod
505 3614 728 3676 propter
766 3603 1238 3673 prmvaricationes
1283 3609 1338 3656 et
1370 3602 1666 3657 creeitatem
1706 3601 1905 3672 prioris

329 3695 511 3767 populi
538 3694 855 3750 translatum
881 3701 964 3748 est
992 3694 1060 3748 ad
1091 3699 1278 3763 gentes
1303 3691 1650 3763 Evangelium
1672 3692 1898 3747 Christi.

325 3787 479 3855 Quod
506 3794 560 3841 et
580 3787 695 3857 ipsa
719 3785 934 3840 Veritas
961 3784 1013 3838 in
1038 3783 1326 3855 Evangelia
1360 3783 1564 3838 eisdem
1592 3780 1793 3838 Iudaeis
1822 3784 1905 3837 in-

2048 603 2068 639 s
2108 588 2204 643 sed
2241 588 2296 642 in
2334 587 2593 643 Deavivo
2634 584 2748 658 (qui
2788 592 3013 657 prastat
3033 586 3191 643 nobis
3226 588 3417 643 omnia
3460 590 3636 646 abim-

2047 694 2069 728 s
2112 678 2309 733 denter
2358 677 2428 733 ad
2454 675 2769 748 fruendum)
2798 677 2941 733 bene
2970 692 3154 749 agere,
3174 680 3386 737 divites
3406 681 3532 737 ﬁeri
3578 682 3635 741 in

2045 786 2065 821 t
2110 768 2367 838 operibus
2409 767 2590 833 bonis,
2650 766 2808 822 facile
2865 767 3130 836 tribuere,
3196 771 3637 839 communicare,

2044 874 2064 909 ι
2109 857 2484 913 thesaurizare
2520 857 2622 912 sibi
2670 855 3085 914 fundamentum
3135 859 3338 914 bonum
3394 861 3450 915 in
3488 860 3633 916 lutu—

2038 966 2061 1001 ι
2105 963 2250 1016 rum,
2290 955 2354 1003 ut
2402 947 2818 1018 apprehendant
2870 962 3055 1003 veram
3105 949 3273 1005 vitam
3315 950 3507 1023 (Ibid.
3532 952 3577 1023 ).
3604 970 3629 1004 ι

2034 1037 2173 1093 Nam
2203 1038 2330 1108 quia
2359 1038 2586 1092 avaritia
2615 1045 2699 1093 est
2741 1038 3009 1093 idolorum
3035 1039 3295 1107 servitus,
3348 1044 3447 1112 qui
3480 1043 3629 1098 illam

2034 1138 2297 1197 sectatur,
2320 1137 2665 1199 contemptor
2692 1128 2788 1185 Dei
2813 1144 2936 1185 esse
2964 1132 3253 1201 probatur,
3284 1141 3341 1189 et
3378 1134 3505 1190 ideo
3530 1150 3630 1192 nec

2032 1239 2214 1279 rerum
2236 1224 2487 1279 dominus
2511 1223 2558 1278 is
2575 1223 2684 1278 rite
2708 1222 2827 1279 fieri
2847 1237 3009 1294 posse
3022 1226 3388 1291 convincitur,
3409 1227 3629 1296 quando

2030 1321 2273 1369 extrema
2290 1313 2500 1384 prinis,
2524 1322 2582 1369 et
2600 1313 2859 1370 vilissima
2881 1316 3163 1385 anteponit

2027 1404 2283 1460 Animam
2308 1405 2454 1460 enim
2474 1419 2633 1460 suam
2654 1403 2901 1461 venalem
2925 1405 3111 1472 habet,
3154 1413 3211 1461 et
3238 1420 3339 1476 pro
3366 1405 3509 1462 lucri
3539 1421 3628 1462 ac-

2028 1494 2321 1566 quisitionc
2348 1494 2405 1549 in
2443 1494 2555 1549 vita
2577 1510 2674 1550 sua
2721 1494 2952 1565 projccit
3002 1495 3194 1550 intima
3252 1510 3374 1552 sua.
3421 1514 3442 1549 ι
3485 1496 3628 1563 Quid

2033 1602 2055 1638 ‹
2096 1586 2263 1651 enim,
2302 1584 2462 1654 juxta
2496 1585 2757 1643 Veritatis
2794 1587 3191 1654 testimonium,
3242 1589 3497 1658 proderit
3528 1589 3625 1645 bo-

1954 1665 2001 1725 Β
2038 1696 2057 1730 σ
2100 1678 2256 1744 mini,
2282 1679 2327 1733 si
2359 1679 2672 1734 universum
2693 1678 2955 1734 mundum
2982 1678 3246 1747 lucretur,
3275 1680 3478 1736 animae
3496 1695 3626 1736 vero

2032 1788 2053 1822 ε
2095 1784 2209 1825 suat
2232 1770 2617 1826 detrimentum
2652 1771 2925 1840 patiatur?
2958 1790 2977 1823 ι

2098 1880 2119 1913 ι
2163 1861 2351 1918 Omnis
2373 1870 2687 1931 potentatus
2713 1862 2896 1917 brevis
2923 1862 3060 1918 vita.
3102 1881 3122 1916 ι
3187 1881 3207 1913 α
3244 1862 3456 1918 Fenum
3505 1862 3621 1934 agri

2029 1973 2049 2006 ι
2092 1954 2255 2010 hodie
2296 1964 2410 2020 est,
2463 1966 2520 2009 et
2547 1970 2673 2010 eras
2727 1955 2782 2008 in
2823 1954 3095 2010 clibanum
3149 1955 3427 2010 mittitur:
3478 1954 3624 2010 ﬁlius

2027 2066 2049 2100 ι
2092 2048 2238 2102 enim
2289 2047 2529 2103 hominis
2575 2055 2839 2102 venturus
2874 2058 2962 2102 est
2998 2047 3053 2101 in
3091 2047 3263 2118 gloria
3317 2047 3505 2104 Patris
3536 2047 3619 2103 sui

2026 2156 2048 2191 ο
2090 2153 2215 2193 cum
2254 2137 2462 2209 angelis
2501 2138 2652 2203 suis;
2706 2145 2760 2193 et
2786 2146 2916 2193 tunc
2964 2138 3156 2193 reddet
3198 2138 3497 2207 unicuique
3529 2153 3619 2195 se-

2029 2247 2049 2281 c
2095 2228 2332 2284 cundum
2362 2243 2530 2299 opera
2569 2244 2665 2284 sua
2697 2246 2711 2282 :
2742 2236 2797 2284 et
2824 2229 2982 2284 ibunt
3015 2229 3164 2300 impii
3200 2230 3255 2285 in
3286 2230 3619 2301 supplicium

2025 2338 2045 2373 ι
2087 2329 2373 2385 aeternum,
2395 2318 2528 2387 justi
2550 2327 2737 2374 autem
2768 2318 2822 2373 in
2846 2319 3013 2373 vitam
3047 2327 3330 2375 aeternam.
3368 2341 3389 2374 ι

2095 2427 2115 2461 α
2159 2409 2417 2479 Languor
2441 2408 2706 2478 prolixior
2723 2417 2915 2477 gravat
2944 2410 3233 2476 medicum,
3260 2411 3485 2467 brevem
3510 2412 3617 2467 Ian-

2023 2520 2043 2555 ι
2085 2516 2305 2574 guorem
2336 2500 2583 2571 praecidit
2604 2501 2868 2556 medicus.
2910 2519 2929 2553 ι
2965 2500 3117 2558 Hanc
3144 2504 3615 2572 comparationem

2016 2592 2138 2647 ideo
2180 2592 2326 2656 facit,
2367 2598 2427 2645 ut
2452 2591 2703 2646 ostendat
2736 2590 2881 2659 quod
2908 2592 3154 2647 avaritia:
3183 2594 3376 2663 pestis,
3430 2596 3482 2649 si
3523 2595 3613 2649 diu

2014 2691 2255 2739 mentem
2280 2683 2603 2754 possederit,
2631 2680 2846 2738 difficile
2865 2684 3180 2748 curabitur;
3212 2684 3257 2739 si
3287 2695 3475 2740 autem
3511 2694 3617 2741 stac

2014 2774 2111 2828 tim
2140 2775 2200 2827 in
2228 2775 2402 2843 prima
2439 2770 2619 2828 fronte
2645 2788 2679 2827 a
2705 2773 2930 2843 spiritus
2956 2766 3165 2829 ratione
3202 2775 3279 2829 illi
3309 2778 3613 2844 resistitur,

2013 2873 2068 2920 et
2085 2881 2183 2937 per
2208 2865 2302 2920 Dei
2328 2867 2577 2920 timorem
2608 2880 2674 2920 ac
2701 2879 2986 2935 pmnarum
3014 2877 3219 2922 metum
3246 2869 3296 2937 ei
3328 2870 3611 2941 ingressus

2013 2972 2079 3015 ex
2108 2958 2438 3029 cogitatione
2463 2958 2625 3012 noxia
2661 2958 2988 3023 occluditur,
3039 2958 3253 3015 facilius
3272 2961 3394 3030 ejus
3424 2963 3601 3018 virtus

2009 3050 2388 3120 exstinguitur.
2421 3047 2527 3104 Sed
2563 3057 2617 3102 et
2648 3048 2757 3103 hoc
2804 3049 3039 3105 multum
3092 3049 3313 3119 adjuvat
3348 3056 3422 3108 ad
3469 3057 3609 3111 resi-

2009 3140 2257 3194 stendum
2280 3139 2546 3205 avaritiae,
2595 3139 2640 3193 si
2675 3137 2916 3199 brevitas
2969 3143 3306 3197 transeuntis
3351 3145 3502 3209 vitae,
3554 3154 3612 3201 et

2007 3229 2188 3287 futura
2229 3229 2460 3287 defectio
2489 3232 2545 3286 in
2581 3245 2747 3286 carne
2786 3246 2850 3287 ac
2878 3234 3142 3303 gehennae
3167 3234 3363 3291 horror
3384 3237 3442 3291 in
3490 3238 3613 3292 ani-

2007 3338 2096 3377 ma
2143 3331 2646 3388 commemoretur;
2690 3323 2810 3377 ideo
2856 3320 3177 3395 subjungit:
3444 3395 3452 3401 _

2083 3430 2104 3465 σ
2151 3412 2242 3468 Sic
2284 3422 2341 3468 et
2371 3429 2466 3468 rex
2505 3412 2666 3469 hodie
2698 3424 2802 3478 est,
2853 3422 2910 3468 et
2945 3430 3071 3469 cras
3120 3417 3434 3485 morietur;
3478 3435 3603 3475 cum

2012 3522 2033 3556 ε
2070 3506 2216 3559 enim
2261 3505 2526 3560 morietur
2577 3505 2763 3568 homo,
2818 3504 3163 3561 luereditabit
3195 3518 3506 3578 serpentes,
3548 3521 3606 3565 et

2010 3616 2029 3650 ι
2072 3596 2292 3658 bestias,
2317 3605 2373 3651 et
2398 3610 2631 3650 vermes.
2674 3614 2693 3648 ι
2736 3595 2987 3651 Potestas
3017 3598 3291 3652 mundana
3317 3609 3375 3654 et
3396 3602 3603 3657 divitia:

2005 3688 2186 3745 seculi
2233 3687 2449 3757 longam
2497 3699 2602 3740 nou
2667 3693 2895 3755 possunt
2939 3687 3182 3743 tribuere
3223 3689 3417 3754 vitam,
3474 3692 3602 3762 quia

2002 3778 2237 3834 hut-ana
2261 3778 2526 3850 fragilitas
2557 3794 2750 3835 cursus
2779 3780 2861 3835 sui
2894 3781 3187 3837 terminum
3220 3783 3467 3840 tramite
3493 3799 3602 3840 non

323 3876 579 3942 sinuavit,
628 3875 813 3931 dicens
839 3893 853 3928 :
890 3892 910 3926 ι
952 3870 1077 3929 Ideo
1108 3873 1383 3928 auferetur
1409 3889 1438 3927 a
1464 3873 1618 3928 vobis
1676 3888 1901 3944 regnum
2000 3876 2195 3938 potest.
2226 3869 2487 3926 Morietur
2504 3871 2688 3937 homo,
2708 3879 2766 3926 et
2787 3872 2965 3942 [miris
2985 3881 3286 3929 revertetur
3303 3874 3364 3930 in
3393 3884 3601 3932 terram

329 3985 349 4019 ι
394 3967 509 4033 Dei,
538 3974 594 4022 et
614 3966 832 4021 dabitur
854 3964 995 4036 genti
1025 3963 1247 4019 facienti
1280 3962 1491 4020 fructus
1526 3961 1643 4033 ejus
1671 3962 1897 4035 (Matth.

328 4072 350 4107 ι
392 4054 529 4130 χχι).
567 4073 588 4109 ι

932 4141 1160 4199 CAPUT
1197 4141 1260 4196 ll.

818 4234 909 4289 De
932 4234 1167 4288 avaritiae
1197 4232 1355 4289 malo.

2002 3972 2189 4024 suam;
2222 3974 2325 4016 nec
2350 3974 2500 4024 caro,
2533 3976 2654 4031 qum
2684 3961 2981 4032 aliquando
3020 3961 3247 4019 ﬂorebat
3283 3962 3599 4033 iuventute,

2001 4049 2267 4104 vermium
2308 4051 2655 4119 putredinem
2685 4051 2952 4122 effugiet;
2992 4056 3089 4110 sed
3116 4062 3239 4113 tota
3277 4056 3605 4127 jucundius

2001 4136 2121 4207 ejus
2154 4138 2329 4194 fetore
2372 4149 2746 4197 consumatur.
2792 4141 3019 4214 Mystiee
3056 4153 3260 4211 autem,
3305 4146 3479 4203 homo
3501 4148 3598 4217 qui

1998 4230 2236 4298 peccatis
2261 4229 2496 4295 vivebat,
2538 4233 2583 4287 si
2609 4247 2671 4287 se
2710 4233 2782 4288 ab
2807 4233 2890 4289 eis
2921 4249 3029 4290 non
3054 4237 3310 4299 correxit,
3352 4245 3525 4309 atque
3561 4254 3597 4294 a

400 4346 420 4381 ι
460 4325 637 4382 Avaro
663 4334 840 4381 autem
865 4324 1000 4379 nihil
1036 4332 1120 4379 est
1149 4324 1449 4381 scelestius.
1490 4324 1629 4393 Quid
1655 4327 1899 4396 superbit
1923 4354 1976 4414 Ι)
2001 4318 2214 4375 idiotis
2249 4334 2358 4375 non
2377 4322 2703 4389 nobibuerit,
2743 4331 2919 4380 morte
2947 4326 3207 4381 multatur
3244 4335 3478 4392 aeterna,
3499 4328 3595 4384 ubi

324 4434 346 4472 ι
392 4428 537 4474 terra
566 4428 621 4473 et
650 4417 831 4473 cinis?
877 4415 1020 4470 Nihil
1048 4425 1133 4471 est
1153 4416 1386 4487 iniquius
1410 4432 1572 4486 quam
1601 4432 1785 4473 amare
1805 4432 1898 4488 pe-

324 4529 345 4564 ι
386 4512 621 4567 cuniam.
678 4508 773 4563 llic
814 4508 957 4563 enim
1002 4515 1056 4561 et
1082 4508 1315 4561 animam
1338 4524 1489 4563 suam
1524 4510 1768 4565 venalem
1802 4512 1899 4565 ba-

321 4616 343 4655 t
384 4604 497 4669 bet,
542 4599 795 4671 quoniam
824 4600 877 4653 in
910 4598 1019 4651 vita
1058 4611 1151 4652 sua
1198 4597 1428 4667 projecit
1463 4598 1651 4653 intima
1707 4615 1821 4655 sua.
1870 4620 1890 4653 δ

315 4693 609 4763 Postquam
641 4692 706 4747 de
731 4691 881 4762 regni
911 4689 1207 4744 mutatione
1236 4688 1495 4755 narravit,
1526 4698 1649 4759 apte
1679 4690 1748 4747 de
1770 4706 1898 4747 ava-

318 4784 440 4838 ritia
472 4783 768 4851 subjunxit,
814 4783 937 4851 quia
972 4789 1196 4851 propter
1220 4782 1501 4836 avaritiam
1532 4783 1617 4839 vis
1649 4786 1783 4840 recti
1815 4801 1895 4842 re-

314 4875 533 4946 giminis
556 4873 789 4928 maxime
823 4873 1131 4942 negligitur.
1182 4872 1317 4926 Dum
1352 4873 1496 4928 enim
1519 4872 1621 4929 sibi
1650 4882 1897 4931 terrenas

319 4979 407 5019 res
455 4979 552 5032 per
578 4964 924 5032 cupiditatem
951 4962 1091 5017 ultra
1128 4966 1344 5019 modum
1380 4965 1502 5035 quis
1529 4968 1794 5034 vendicat,
1840 4970 1895 5023 in

314 5055 626 5125 superbiam
662 5054 854 5120 elatus,
909 5054 1074 5109 alium
1124 5055 1192 5110 de.
1220 5054 1416 5113 ﬁnibus
1469 5058 1582 5113 suis
1607 5059 1897 5116 invidendo

312 5145 512 5214 ejicere
556 5151 752 5199 certat.
788 5160 807 5195 t
858 5145 1031 5199 Radix
1066 5144 1212 5199 enim
1247 5148 1490 5201 omnium
1519 5149 1785 5205 malorum
1810 5159 1895 5207 est

317 5253 338 5289 ι
381 5235 666 5308 cupiditas,
719 5251 879 5305 quam
907 5236 1123 5306 quidam
1163 5245 1475 5308 appetentes
1511 5250 1833 5298 erraverunt
1860 5258 1893 5298 a

319 5356 341 5390 ε
370 5336 494 5402 ﬁde,
526 5346 579 5391 et
605 5335 951 5391 inseruerunt
983 5351 1039 5392 se
1067 5337 1352 5393 doloribus
1386 5340 1568 5395 multis
1596 5351 1650 5395 et
1672 5341 1885 5397 deside-

317 5446 337 5479 ι
371 5429 472 5483 riis
524 5427 689 5481 variis
721 5435 776 5483 et
816 5429 1041 5495 nocivis,
1094 5445 1215 5498 qum
1270 5442 1518 5502 mergunt
1549 5432 1795 5487 homines
1823 5433 1877 5488 in

313 5510 585 5567 interitum
618 5523 671 5567 et
694 5513 1047 5582 perditionem
1073 5512 1123 5582 (I
1151 5512 1284 5569 Tim.
1309 5530 1441 5585 vn,»
1466 5526 1519 5570 et
1547 5518 1668 5585 quia
1703 5519 1884 5572 avari-

313 5594 443 5649 tiam
472 5609 694 5667 semper
725 5595 978 5667 superbia
1010 5596 1324 5665 comitatur,
1370 5597 1532 5654 simul
1561 5607 1617 5655 et
1649 5598 1874 5667 invidia,

2001 4420 2309 4485 serpentem
2350 4414 2656 4485 antiquum,
2698 4424 2759 4470 et
2807 4415 3015 4473 bestias
3059 4418 3380 4485 diabolicae,
3440 4429 3601 4475 atro-

2001 4503 2252 4560 cissimos
2274 4505 2474 4561 sentiet
2519 4520 2580 4563 se
2614 4508 2811 4576 punire
2844 4515 3080 4565 tortores
3107 4526 3124 4575 ;
3160 4524 3263 4564 nec
3285 4510 3403 4580 jam
3434 4525 3597 4580 spem

2000 4594 2162 4650 habet
2201 4598 2491 4665 evasionis,
2542 4614 2667 4655 eum
2701 4599 2848 4659 nulla
2896 4602 3111 4671 requies
3144 4601 3220 4656 illi
3250 4602 3414 4657 datur
3457 4618 3598 4659 con-

2000 4685 2140 4740 tinui
2177 4685 2398 4742 doloris.

2602 4797 2830 4855 CAPUT
2876 4797 2960 4853 lii.

1997 4884 2078 4940 De
2124 4886 2383 4955 superbia
2435 4883 2600 4953 male,
2651 4890 2790 5011 quo;
2838 4892 2951 4959 ipsa
3001 4889 3163 4959 fauet
3213 4897 3523 4959 apostatere
3558 4909 3598 4945 ι

2258 4978 2269 4982 ·
2783 4976 2863 5011 eo.

2258 4978 2269 4982 ’
2732 4976 2863 5013 υρο.

2077 5076 2094 5111 ι
2132 5058 2351 5113 initium
2406 5060 2672 5129 superbire
2718 5060 2975 5127 hominis,
3021 5070 3333 5134 apostatare
3384 5078 3418 5117 a
3474 5062 3599 5120 Deo

2003 5168 2023 5203 ι
2071 5149 2220 5217 facit,
2262 5151 2519 5221 quoniam
2549 5152 2620 5206 ab
2640 5166 2706 5207 eo
2730 5151 2822 5221 qui
2854 5150 2978 5207 fecit
3014 5152 3186 5219 illum,
3225 5154 3460 5208 recessit
3483 5168 3597 5209 cor

1999 5258 2019 5292 ο
2058 5239 2194 5310 ejus.
2242 5259 2263 5291 ι
2322 5241 2611 5310 Apostasia
2653 5240 2798 5295 enim
2830 5240 2977 5296 nulla
3034 5239 3206 5310 major
3256 5251 3364 5307 est,
3413 5257 3599 5313 quam

1994 5331 2205 5387 aversio
2252 5340 2521 5386 creaturae
2564 5345 2594 5385 a
2642 5338 2887 5388 creatore
2935 5346 3081 5397 suo;
3129 5340 3187 5388 et
3221 5332 3338 5387 haec
3382 5333 3597 5388 merito

1993 5424 2285 5480 ascribitur
2331 5424 2619 5494 superbiae,
2674 5426 2929 5494 quoniam
2979 5425 3231 5494 superbia
3280 5431 3387 5489 est,
3435 5425 3589 5493 quod

1993 5515 2266 5571 mediocre
2294 5515 2499 5571 bonum
2548 5515 2850 5572 assimilare
2896 5515 2983 5571 vel
3040 5516 3331 5584 aquuare
3375 5529 3438 5570 se
3467 5515 3591 5570 vult

1966 5618 2204 5665 .summo
2230 5606 2392 5663 bono.
2430 5605 2550 5662 Hoc
2577 5604 2682 5662 fuit
2702 5605 2915 5664 initium
2942 5605 3143 5663 diaboli
3167 5619 3347 5672 estus,
3386 5604 3493 5662 hoc
3520 5614 3587 5661 et
