3928 6182
260 315 362 374 829

1117 310 1470 369 COMMENT.
1509 311 1578 367 IN
1619 312 2234 371 ECCLESIASTICUM.
2269 346 2340 358 —
2377 316 2506 374 LIB.
2546 316 2638 374 Ill.

3424 323 3533 380 830

259 431 510 484 humanm
555 421 1022 498 praevaricationis
1063 423 1366 482 exordium.
1423 423 1578 481 Unde
1625 432 1681 480 et
1729 424 1855 479 sub-
1881 425 1931 486 A
1957 423 2143 480 clauso
2167 424 2346 483 cordis
2374 428 2552 495 oculo,
2593 427 2782 500 judicii
2815 429 3124 500 aequitatem
3155 431 3352 501 perdit.
3394 432 3530 490 Nam

248 523 268 594 j
281 519 512 589 ungitur

333 628 354 662 ε
397 607 668 675 Quoniam
700 604 914 660 initium
939 604 1150 675 peccati
1180 605 1360 660 omnis
1397 613 1484 660 est
1501 604 1782 674 superbia.
1821 624 1842 658 ι

257 700 532 768 Quaeritur
567 713 667 754 cur
699 696 898 751 Paulus
935 695 1210 766 apostolus
1235 696 1424 760 dicat,-
1457 697 1693 752 radicem
1727 712 1850 752 esse

255 791 504 846 omnium
534 787 802 846 malorum
827 786 1200 855 cupiditatem,
1241 801 1364 840 cum
1394 785 1486 840 hic
1511 787 1598 840 vir
1630 786 1847 854 sapiens

257 881 459 937 dixerit
472 879 686 936 initium
707 877 914 948 peccati
940 890 1061 932 esse
1083 875 1428 946 superbiam?
1451 875 1686 945 Spiritus
1702 876 1846 930 enim

258 978 482 1028 sanctus
501 984 599 1038 per
619 967 937 1037 prophetam
967 965 1022 1020 in
1055 963 1240 1020 Veteri
1274 964 1643 1029 Testamento,
1672 971 1734 1018 et
1749 978 1847 1033 per

250 1059 576 1130 Apostolum
614 1059 668 1112 in
697 1057 870 1122 Novo,
914 1056 1056 1111 idem
1096 1056 1306 1112 locutus
1339 1064 1444 1121 est,
1495 1069 1595 1110 nec
1631 1055 1846 1110 sibimet

259 1151 366 1207 ullo
393 1151 557 1206 modo
580 1156 759 1219 potest
788 1147 903 1218 ipse
927 1161 1050 1202 esse
1076 1147 1404 1202 contrarius.
1445 1146 1599 1202 Unde
1619 1145 1849 1201 sollicite

257 1241 605 1298 considerare
632 1239 912 1303 debemus,
949 1253 1119 1306 quare
1147 1238 1233 1292 ille
1267 1238 1480 1292 initium
1504 1238 1681 1292 omnis
1720 1251 1850 1306 pec-

255 1331 361 1386 cati
392 1327 724 1399 superbiam,
773 1327 863 1383 hic
890 1327 1126 1382 radicem
1152 1328 1394 1382 omnium
1439 1328 1706 1382 malorum
1744 1342 1844 1383 cu-

257 1421 542 1490 piditatem
593 1418 877 1474 nominare
926 1417 1200 1486 voluerit;
1247 1432 1316 1472 an
1356 1416 1496 1472 forte
1539 1432 1846 1473 sermonem

257 1511 636 1581 propheticum
679 1508 878 1564 Paulus
909 1507 1204 1577 apostolus,
1247 1517 1308 1562 ut
1342 1508 1504 1572 solet,
1551 1509 1846 1576 exposuit?

257 1602 730 1674 Quandoquidem,
793 1602 906 1657 sive
966 1601 1177 1656 initium
1222 1601 1399 1656 omnis
1448 1601 1681 1671 peccati,
1729 1599 1849 1655 sive

257 1694 502 1748 radicem
554 1691 800 1748 omnium
853 1689 1118 1745 malorum
1157 1689 1326 1754 dicas,
1377 1703 1544 1743 unum
1590 1688 1846 1757 idemque

1949 525 2143 572 cuncta
2189 533 2310 587 quae
2357 520 2552 576 abillis
2578 521 2663 576 vel
2699 522 2840 577 bene
2876 531 3156 593 geruntur,
3198 524 3529 596 displicent:

1947 604 2059 660 sola
2104 605 2156 661 ei
2203 623 2323 676 qua:
2357 609 2472 677 ipse
2513 609 2597 664 vel
2621 625 2786 681 prave
2827 611 3016 682 egerit,
3043 611 3288 682 placent;
3319 629 3534 684 semper

1947 693 2122 749 aliena
2149 710 2313 766 opera
2345 698 2598 768 despicit,
2657 715 2874 770 semper
2905 702 3134 756 miratur
3173 704 3317 772 quod
3346 703 3481 760 facit
3509 721 3524 760 :

1947 789 2070 857 quia
2097 797 2153 844 et
2175 789 2436 859 quidquid
2461 792 2650 860 egerit,
2676 806 2850 862 egisse
2874 807 2932 848 se
2959 792 3306 863 singulariter
3325 795 3526 861 credit;

1948 879 2188 947 atquein
2215 894 2281 934 eo
2302 881 2443 949 quod
2469 881 2688 936 exhibet
2730 897 2825 952 per
2848 882 3031 952 gloria:
3057 882 3430 952 cupiditatem,
3458 885 3532 940 si-

1947 968 2218 1040 bi-metipsi
2242 968 2388 1025 favet
2411 985 2509 1040 per
2531 972 2947 1041 cogitationem;
2980 979 3034 1026 ct
3058 987 3181 1026 cum
3211 986 3270 1026 se
3304 972 3357 1025 in
3394 989 3528 1028 cuu-

1947 1059 2051 1114 ctis
2090 1060 2476 1115 transcendere
2500 1068 2726 1115 caeteros
2754 1061 3006 1126 aestimat,
3055 1074 3153 1129 per
3177 1060 3285 1116 lata
3327 1063 3532 1133 cogita-

1948 1149 2155 1204 tionum
2179 1149 2356 1219 spatia
2376 1164 2559 1203 secum
2583 1149 2948 1212 deambulans,
2973 1150 3158 1206 laudes
3185 1166 3312 1205 suas
3336 1154 3531 1207 tacitus

1948 1239 2168 1294 clamat.
2236 1238 2633 1309 Nonnunquam
2676 1254 2807 1295 vero
2855 1240 2923 1294 ad
2973 1248 3176 1295 tantam
3240 1241 3532 1297 elationem

1947 1345 2102 1386 mens
2123 1331 2352 1396 ducitur,
2373 1342 2444 1391 ut
2481 1331 2533 1385 in
2557 1346 2622 1386 eo
2643 1331 2785 1401 quod
2814 1339 3006 1397 tumet,
3032 1331 3194 1386 etiam
3229 1347 3325 1401 per
3354 1340 3534 1388 osten-

1948 1423 2206 1478 tationem
2283 1422 2572 1479 locutiouis
2633 1423 2940 1479 etfrenetur.
3012 1422 3118 1478 Sed
3195 1432 3343 1478 tanto
3398 1423 3535 1478 faci-

1952 1512 2055 1570 lior
2085 1515 2239 1570 ruina
2267 1515 2534 1584 sequitur,
2583 1523 2786 1585 quanto
2807 1515 2947 1583 apud
2975 1527 3034 1568 se
3084 1516 3314 1585 quisque
3361 1515 3536 1584 impu-

1949 1604 2167 1660 dentius
2197 1603 2489 1658 exaltatur.
2535 1604 2672 1659 llinc
2701 1605 2847 1658 enim
2878 1604 3138 1673 scriptum
3167 1613 3292 1660 est:
3324 1623 3346 1656 ι
3395 1604 3537 1659 Ante

1956 1717 1974 1750 ι
2018 1698 2231 1751 ruinam
2266 1696 2523 1751 exaltavit
2549 1711 2665 1750 cor.
2704 1715 2723 1746 ι
2766 1695 2903 1750 Hinc
2954 1711 3051 1765 per
3090 1695 3366 1750 Danielem
3396 1696 3533 1750 dici-

257 1782 555 1854 signilicas.
603 1782 772 1836 Porro
797 1779 1064 1850 cupiditas
1085 1785 1247 1846 atque
1273 1777 1523 1847 Superbia
1551 1776 1603 1830 in
1631 1784 1839 1830 tantum
1872 1775 1919 1834 Β
1949 1793 2036 1841 tur
2067 1804 2081 1839 :
2118 1805 2136 1837 ι
2183 1788 2240 1841 In
2275 1786 2397 1840 aula
2427 1785 2715 1855 Babylonis
2745 1785 3150 1840 deambulabat.
3201 1785 3530 1856 Respondit-

257 1892 424 1932 unum
462 1883 549 1931 est
584 1873 809 1938 malum,
840 1882 900 1926 ut
943 1886 1041 1926 nec
1069 1869 1333 1939 superbus
1365 1869 1484 1924 sine
1517 1869 1839 1938 cupiditate,

256 1983 359 2023 nec
391 1967 512 2021 sine
539 1965 790 2035 superbia
834 1963 1006 2032 possit
1033 1960 1258 2031 cupidus
1287 1960 1537 2015 inveniri.
1564 1959 1842 2030 Siquidem

257 2068 313 2114 et
339 2056 607 2121 diabolus,
638 2055 692 2110 in
720 2069 826 2124 quo
857 2061 1003 2108 tenet
1025 2051 1276 2122 superbia
1303 2052 1686 2122 principatum,
1710 2067 1841 2122 pro—

255 2151 390 2220 pria:
421 2146 709 2219 potestatis
733 2161 798 2200 ac
823 2144 1140 2214 perditionis
1165 2143 1412 2196 humanm
1451 2141 1678 2212 cupidus
1720 2141 1842 2207 fuit,

256 2251 312 2295 et
359 2242 476 2309 ipse
509 2239 671 2293 homo
721 2251 818 2306 per
845 2233 1141 2304 appetitum
1188 2231 1398 2287 arboris
1435 2229 1738 2286 interdictae
1781 2246 1845 2286 ac

259 2331 456 2385 divina}
486 2326 860 2383 similitudinis
891 2324 1255 2387 all'ectionem,
1283 2321 1476 2376 morbo
1503 2335 1562 2376 se
1592 2320 1844 2376 allectum

263 2420 388 2490 cupi
415 2420 582 2474 .itatis
630 2415 888 2472 ostendit.
949 2413 1112 2467 Multa
1141 2414 1285 2469 enim
1316 2413 1458 2467 mala
1483 2412 1550 2467 de
1579 2411 1846 2482 superbiae

255 2523 411 2585 peste
440 2511 760 2580 procedunt,
800 2521 918 2578 qum
941 2507 1218 2560 interitum
1243 2514 1452 2560 certum
1478 2505 1591 2560 suis
1623 2519 1844 2574 posses-

258 2606 475 2660 soribus
495 2602 734 2672 pariunt,
777 2599 920 2655 sicut
947 2597 1228 2667 sequentia
1257 2596 1562 2651 testimonia
1583 2594 1843 2666 probant.

257 2693 368 2751 Sed
419 2692 576 2762 juvat
614 2691 894 2755 lectorem,
943 2688 990 2744 si
1021 2703 1088 2743 ex
1117 2687 1332 2756 scriptis
1379 2686 1553 2741 sancti
1599 2685 1846 2755 Gregorii

257 2782 434 2856 (cujus
482 2797 698 2838 sensum
754 2781 808 2835 in
839 2780 942 2834 hoc
977 2793 1143 2848 opere
1185 2778 1380 2848 saepius.
1415 2778 1586 2833 secuti
1638 2777 1847 2849 sumus)

255 2873 509 2942 quaedam
532 2871 713 2936 verba,
755 2870 830 2924 ita
860 2878 921 2924 ut
939 2869 1010 2924 ab
1044 2883 1110 2924 eo
1135 2867 1342 2938 prolata
1368 2875 1514 2934 sunt,
1561 2883 1845 2938 ponamus.

255 2965 358 3020 Hic
385 2979 518 3035 ergo
555 2963 610 3018 in
637 2961 776 3018 libro
806 2961 1090 3018 Moralium
1123 2976 1318 3025 xxxnt,
1361 2975 1485 3015 cum
1526 2961 1850 3015 sententiam

255 3057 493 3123 Domini,
547 3070 653 3126 qua
677 3057 746 3112 de
781 3054 1080 3110 Leviathan-
1124 3053 1337 3108 locutus
1361 3059 1446 3106 est
1486 3051 1554 3106 ad
1593 3050 1716 3118 Job,
1769 3052 1851 3107 di—

255 3165 390 3206 cens
419 3167 432 3204 :
467 3169 486 3201 ‹
529 3147 646 3219 Ipse
671 3157 755 3204 est
787 3163 884 3203 rex
909 3160 1073 3216 super
1102 3146 1386 3200 universos
1419 3143 1558 3200 filios
1581 3146 1848 3214 superbia:

259 3260 280 3293 ι
325 3241 472 3314 (Job.
499 3243 632 3308 xu),
673 3258 693 3292 ι
744 3237 1103 3307 exposuisset,
1170 3236 1313 3290 hanc
1347 3251 1565 3306 quoque
1622 3244 1847 3292 senten-

254 3332 390 3387 tiam
421 3328 713 3400 Sapientiae
737 3327 962 3394 addidit,
992 3327 1179 3383 dicens
1207 3345 1220 3382 :
1258 3345 1277 3379 ι
1315 3327 1594 3397 δοτίριιιηι
1614 3343 1850 3398 namque

261 3443 280 3476 ‹
324 3433 452 3478 est:
486 3421 701 3476 Initium
745 3421 922 3475 omnis
958 3419 1165 3490 peccati
1207 3419 1466 3490 superbia
1491 3418 1663 3491 (Eccl.
1707 3419 1784 3492 x).
1822 3439 1843 3473 ι

254 3513 326 3568 Ει
369 3511 532 3582 paulo
576 3521 698 3582 post
744 3511 985 3582 longiore
1025 3525 1276 3566 sermone
1319 3511 1386 3565 de
1419 3511 1550 3580 ipsa
1594 3511 1848 3581 superbia

255 3605 564 3674 disputans,
614 3602 689 3656 ita
717 3601 977 3672 loquitur,
1025 3602 1256 3657 dicens:
1301 3620 1320 3652 ι
1373 3600 1477 3655 Per
1515 3602 1656 3657 hanc
1701 3601 1846 3655 enim

260 3714 278 3746 ι
321 3696 437 3765 ipse
471 3693 776 3758 succubuit,
823 3707 920 3762 per
961 3692 1100 3748 hanc
1130 3708 1189 3748 se
1220 3701 1532 3761 sequentem
1573 3692 1846 3747 hominem

260 3805 278 3838 ι
323 3785 523 3840 stravit
549 3783 765 3855 (Ibid.).
801 3803 821 3836 ι
875 3783 953 3838 Eo
981 3783 1183 3838 etenim
1217 3782 1330 3838 telo
1379 3782 1606 3838 salutem
1646 3791 1848 3837 nostrai

253 3875 685 3934 immortalitatis
715 3874 965 3945 impetiit,
1011 3889 1120 3943 quo
1152 3874 1318 3930 vitam
1351 3889 1464 3930 sum
1495 3874 1846 3930 beatitudinis

251 3968 538 4025 exstinxit.
564 3967 672 4024 Sed
695 3968 823 4038 quia
851 3968 1069 4024 occasio
1094 3969 1160 4024 de
1181 3967 1450 4038 superbiae
1478 3967 1848 4037 disputatione

255 4075 316 4116 se
339 4062 564 4130 praebet,
584 4059 842 4116 debemus
877 4062 1019 4117 hanc
1038 4060 1292 4117 subtilius
1321 4059 1712 4129 sollicitiusque
1726 4059 1845 4114 dis-

253 4163 464 4216 cutere,
505 4161 670 4221 atque
692 4154 761 4208 ad
786 4153 1052 4208 humanas
1089 4163 1296 4208 mentes
1324 4163 1526 4224 quanta
1552 4153 1638 4207 vel
1671 4153 1846 4222 qualis

252 4243 462 4308 veniat,
483 4251 542 4297 et
557 4242 754 4312 quibus
777 4243 1012 4313 qualiter
1031 4246 1286 4316 subrepat
1309 4246 1714 4310 demonstrare;
1739 4244 1845 4299 alia

252 4332 458 4402 quippe
495 4331 625 4386 vitia
660 4331 1116 4387 eas-solummodo
1137 4333 1370 4388 virtutes
1399 4334 1688 4404 impetunt,
1728 4334 1848 4403 qui-

1950 1895 1970 1929 ι
2013 1891 2119 1946 que
2163 1891 2256 1930 rex
2291 1883 2344 1931 et
2372 1875 2484 1930 ait:
2516 1873 2704 1930 Nonne
2729 1873 2846 1928 haec
2888 1883 2972 1929 est
3014 1873 3254 1945 Babylon
3306 1889 3528 1945 magna,

1949 1987 1969 2020 ι
2013 1983 2174 2038 quam
2204 1982 2303 2038 ego
2331 1965 2594 2021 aediﬁcavi
2616 1965 2670 2020 in
2703 1964 2921 2022 domum
2946 1964 3098 2035 regni
3127 1964 3180 2018 in
3213 1963 3407 2019 robore
3428 1963 3538 2018 for-

1953 2079 1972 2112 t
2019 2059 2267 2115 titudinis
2299 2073 2460 2122 mete,
2507 2057 2562 2111 in
2587 2057 2754 2128 gloria
2784 2056 2993 2112 decoris
3013 2055 3120 2111 mei
3149 2055 3313 2126 (Dan.
3361 2055 3472 2124 tv)?
3510 2074 3532 2108 ›

1945 2150 2052 2207 Sed
2077 2152 2222 2207 hunc
2242 2158 2507 2206 tumorem
2529 2163 2690 2218 quam
2713 2147 2925 2204 concita
2940 2147 3174 2202 vindicta
3195 2147 3534 2217 represserit,

1945 2242 2090 2298 illico
2111 2240 2374 2311 adjunxit,
2406 2240 2630 2295 dicens:
2663 2258 2682 2289 ι
2725 2238 2967 2308 Cumque
2985 2237 3160 2291 adhuc
3186 2251 3373 2291 sermo
3389 2245 3535 2291 esset

1952 2353 1970 2387 ι
2016 2334 2069 2389 in
2091 2348 2188 2389 ore
2207 2333 2371 2403 regis,
2398 2347 2504 2386 vox
2526 2332 2591 2387 de
2620 2329 2757 2386 coelo
2787 2331 2897 2384 ruit
2925 2347 2938 2383 :
2969 2329 3089 2383 Tibi
3117 2328 3333 2392 dicitur,
3351 2326 3536 2382 Nabu-

1953 2443 1972 2478 ι
2012 2426 2356 2481 cbodonosor
2386 2438 2481 2478 rex
2513 2441 2526 2476 :
2557 2421 2802 2492 Regnum
2831 2429 2980 2476 tuum
3009 2418 3262 2474 transibit
3287 2433 3317 2473 a
3351 2426 3424 2483 te,
3481 2427 3538 2474 et

1953 2533 1972 2567 ‹
2016 2515 2084 2569 ab
2111 2513 2420 2568 hominibus
2453 2520 2507 2566 te
2531 2511 2772 2581 ejicient,
2823 2519 3029 2565 etcum
3067 2509 3256 2564 bestiis
3299 2507 3538 2578 ferisque

1953 2625 1972 2658 ι
2016 2606 2121 2662 erit
2167 2605 2432 2660 habitatio
2463 2611 2574 2669 tua,
2618 2602 2802 2657 fenum
2835 2601 2991 2672 quasi
3021 2602 3120 2656 bos
3148 2600 3424 2662 comedes,
3479 2607 3537 2653 et

1954 2713 1972 2746 ι
2019 2705 2227 2765 septem
2274 2702 2516 2763 tempora
2573 2693 2929 2748 mutabuntur
2967 2704 3129 2758 super
3177 2697 3248 2744 te.
3308 2707 3327 2740 ι
3384 2688 3527 2744 Ecce

1949 2786 2076 2854 quia
2119 2793 2298 2838 tumor
2328 2784 2526 2837 mentis
2552 2797 2724 2852 usque
2755 2782 2822 2837 ad
2855 2789 3043 2851 aperta
3065 2780 3229 2835 verba
3259 2794 3318 2835 se
3342 2788 3532 2849 protu-

1948 2873 2031 2939 lit,
2082 2873 2339 2943 patientia
2379 2872 2581 2941 judicis
2619 2871 2866 2941 protinus
2901 2885 3072 2940 usque
3107 2869 3174 2922 ad
3203 2868 3530 2924 sententiam

1949 2965 2163 3034 erupit;
2203 2973 2460 3034 tantoque
2509 2964 2652 3017 hunc
2696 2961 2995 3017 districtius
3024 2959 3274 3029 perculit,
3319 2966 3524 3028 quanto

1951 3053 2067 3122 ejus
2097 3069 2154 3109 se
2180 3053 2430 3123 superbia
2460 3051 2868 3107 immoderatius
2893 3051 3101 3115 erexit;
3131 3058 3186 3104 et
3213 3064 3340 3118 quta
3390 3063 3530 3102 enu-

1875 3125 1920 3188 C
1951 3145 2211 3200 merendo
2243 3145 2382 3200 bona
2411 3143 2548 3198 dixit
2597 3143 2652 3197 in
2675 3142 2872 3211 quibus
2917 3141 3020 3195 sibi
3051 3140 3271 3210 placuit,
3314 3152 3539 3192 enume-

1949 3242 2067 3290 rata
2095 3235 2258 3299 mala,
2310 3234 2362 3288 in
2391 3233 2588 3302 quibus
2633 3231 2908 3295 feriretur,
2965 3231 3192 3285 audivit.
3235 3227 3530 3286 Sciendum

1947 3337 2076 3378 vero
2097 3330 2181 3377 est
2197 3323 2340 3391 quod
2366 3320 2482 3390 ipsa
2495 3321 2630 3385 hmo,
2647 3319 2712 3374 de
2735 3334 2842 3388 qua
2859 3326 3176 3384 tractamus,
3200 3316 3381 3380 elatio,
3405 3314 3540 3368 alios

1948 3428 2015 3468 ex
2053 3413 2214 3468 rebus
2269 3411 2634 3473 maculat-ibus,
2687 3410 2823 3464 alios
2872 3424 3000 3463 vero
3051 3423 3118 3463 ex
3164 3406 3540 3478 spiritualibus

1946 3506 2206 3574 possidet.
2250 3503 2403 3558 Alter
2434 3517 2666 3573 namque
2692 3502 3003 3556 intumescit
3045 3516 3220 3564 auro;
3263 3500 3399 3554 alter
3428 3499 3539 3554 elo-

1946 3598 2106 3666 quio;
2131 3597 2268 3652 alter
2300 3596 2502 3651 intimis
2547 3603 2602 3648 ct
2638 3595 2868 3649 terrenis
2903 3594 3092 3656 rebus;
3122 3593 3261 3645 alter
3309 3591 3536 3646 summis

1946 3697 2366 3767 cwlestibusque
2388 3695 2680 3750 virtutibus
2706 3712 2720 3747 :
2747 3708 2852 3747 una
2883 3703 3065 3746 tamen
3089 3690 3386 3758 eademque
3411 3700 3538 3741 ante

1947 3788 2042 3843 Dei
2084 3787 2275 3842 oculos
2309 3788 2506 3856 agitur,
2549 3783 2809 3854 quamvis
2840 3782 2910 3836 ad
2957 3783 3190 3844 humana
3228 3780 3392 3834 corda
3441 3794 3533 3832 vc-

1951 3878 2126 3942 niens,
2181 3877 2238 3934 in
2267 3890 2455 3932 eorum
2483 3875 2761 3930 obtutibus
2783 3873 3000 3927 diverso
3031 3870 3228 3924 amictu
3257 3869 3528 3938 pallietur.

1945 3967 2081 4023 Nam
2127 3983 2250 4022 cum
2282 3967 2352 4031 is,
2393 3965 2488 4036 qui
2530 3973 2748 4018 terrena
2776 3962 2925 4033 prius
2950 3961 3119 4032 gloria
3167 3960 3534 4029 superbiebat,

1944 4057 2286 4126 postmodum
2314 4055 2382 4110 de
2401 4053 2690 4110 sanctitate
2716 4052 3017 4114 extollitur,
3065 4063 3410 4118 nequaquam
3435 4065 3535 4103 cor

1945 4147 2063 4218 ejus
2090 4146 2253 4214 elatio
2275 4145 2554 4210 deseruit;
2600 4143 2698 4198 sed
2744 4143 2811 4196 ad
2839 4157 2964 4196 eum
2987 4147 3246 4202 consueta
3295 4139 3533 4194 veniens

1943 4245 2007 4292 ut
2055 4237 2308 4308 cognosci
2350 4242 2602 4304 nequeat,
2659 4243 2864 4289 vestem
2921 4231 3169 4286 mutavit.
3239 4229 3533 4284 Sciendum

1945 4347 2159 4403 quoque
2185 4339 2290 4397 est,
2316 4331 2458 4400 quod
2478 4329 2635 4383 aliter
2670 4329 2786 4382 hac
2809 4326 3130 4396 propositos,
3185 4333 3348 4390 atque
3377 4321 3537 4374 aliter

253 4423 356 4478 bus
397 4423 515 4493 ipsa
561 4423 936 4489 destruantur,
991 4431 1050 4477 ut
1080 4423 1336 4479 videlicet
1381 4428 1464 4479 ira
1504 4425 1842 4495 patientiam,
1869 4459 1924 4518 Β
1949 4423 2194 4479 subditos
2220 4429 2432 4485 tentat;
2469 4419 2692 4490 prmlato
2735 4430 2968 4484 namque
3018 4415 3072 4469 in
3115 4411 3537 4483 cogitationibus

257 4511 641 4583 gastrimargia
678 4511 1084 4578 abstinentiam,
1117 4512 1285 4569 libido
1316 4514 1705 4568 continentiam
1749 4529 1847 4568 ex-
1869 4507 1918 4518 ”
1949 4513 2214 4584 suggerit,
2240 4511 2365 4581 quia
2396 4510 2513 4566 solo
2542 4510 2667 4563 vita:
2689 4507 2884 4562 merito
2904 4521 3066 4576 super
3091 4512 3316 4559 caeteros
3345 4519 3536 4556 excre-

251 4612 488 4675 pugnet;
514 4604 767 4672 superbia
792 4614 995 4671 autem,
1023 4619 1188 4674 quam
1209 4605 1466 4660 vitiorum
1492 4605 1732 4660 radicem
1762 4606 1846 4660 di—
1946 4603 2057 4670 vit;
2079 4612 2139 4658 et
2169 4602 2218 4659 si
2252 4617 2359 4671 qua
2389 4601 2456 4656 ab
2483 4615 2547 4655 eo
2577 4599 2714 4653 bene
2747 4598 3036 4666 aliquando
3068 4604 3219 4666 gesta
3247 4601 3392 4657 sunt,
3420 4593 3534 4646 hmo

256 4696 460 4758 ximus,
486 4708 827 4765 nequaquam
861 4697 1023 4750 unius
1051 4697 1272 4751 virtutis
1305 4695 1668 4751 exstinctione
1713 4711 1844 4751 con-

252 4792 433 4849 tenta,
477 4793 665 4838 contra
710 4794 904 4840 cuncta
950 4784 1145 4840 anima:
1186 4785 1431 4839 membra
1475 4798 1534 4839 se
1560 4783 1741 4854 erigit,
1791 4794 1847 4840 et

249 4875 411 4945 quasi
439 4874 707 4944 generalis
734 4889 800 4930 ac
827 4873 1050 4943 pestifer
1074 4875 1295 4930 morbus
1329 4889 1526 4944 corpus
1545 4889 1704 4930 omne
1732 4889 1860 4930 corr

253 4966 484 5034 rumpit,
512 4973 573 5020 ut
596 4965 855 5036 quidquid
871 4967 959 5020 illa
984 4967 1267 5021 invadente
1290 4966 1486 5036 agitur,
1516 4966 1729 5022 etiamsi
1758 4981 1844 5022 es-

253 5071 317 5111 se
343 5057 519 5110 virtus
536 5056 874 5121 ostendatur,
897 5071 1004 5111 non
1030 5071 1128 5126 per
1152 5057 1254 5111 hoc
1279 5056 1410 5120 Deo,
1447 5056 1542 5111 sed
1569 5056 1668 5110 soli
1690 5071 1843 5112 vanae

251 5147 445 5219 gloria:
466 5146 719 5201 servitur.
761 5146 922 5213 Quasi
948 5148 1090 5202 enim
1112 5155 1374 5218 tyrannus
1403 5146 1621 5214 quidam
1655 5147 1844 5202 obses-

251 5253 380 5293 sam
430 5236 708 5291 civitatem
763 5238 1080 5308 intercipit,
1121 5252 1244 5292 cum
1289 5243 1528 5290 mentem
1584 5237 1839 5305 superbia

250 5330 551 5399 irrumpit;
593 5338 778 5399 etquo
803 5330 1055 5386 ditiorem
1105 5344 1372 5400 quemque
1402 5329 1623 5399 ceperit,
1673 5344 1740 5384 eo
1783 5330 1836 5384 in

250 5421 500 5478 dominio
545 5423 730 5477 durior
755 5423 1016 5492 exsurgit,
1063 5423 1190 5492 quia
1221 5436 1328 5490 quo
1358 5421 1588 5490 amplius
1618 5437 1707 5477 res
1732 5421 1843 5475 vir--

251 5513 392 5566 tutis
419 5514 537 5568 sine
563 5513 866 5568 humilitate
887 5515 1081 5584 agitur,
1103 5528 1169 5568 eo
1193 5512 1356 5567 latius
1385 5513 1487 5567 ista
1510 5513 1840 5568 dominatur.

248 5603 516 5672 Quisquis
539 5619 667 5659 vero
712 5605 828 5674 ejus
866 5605 920 5658 in
951 5619 1008 5658 se
1036 5603 1372 5675 tyrannidem
1414 5605 1626 5673 captiva
1664 5612 1846 5658 mente

249 5697 582 5764 susceperit,
635 5696 740 5752 hoc
797 5696 1030 5765 primum
1081 5696 1340 5750 damnum
1388 5695 1615 5765 patitur,
1699 5693 1846 5764 quod

1949 4693 2257 4764 importune
2302 4693 2422 4762 ejus
2447 4691 2630 4744 animo
2659 4687 2867 4757 objicit,
2913 4695 2968 4740 et
3001 4700 3068 4740 eo
3094 4686 3238 4738 hunc
3277 4683 3384 4737 Deo
3422 4684 3536 4736 sin-

1946 4783 2208 4854 gulariter
2250 4781 2520 4852 placuisse
2559 4779 2800 4834 insinuat
2831 4794 2843 4830 :
2873 4791 2980 4844 quo
3024 4774 3234 4828 facilius
3280 4783 3530 4842 suggesta

1947 4878 2300 4950 persuadeat,
2331 4877 2502 4945 ipsam
2533 4873 2599 4927 ad
2628 4871 2995 4926 testimonium
3020 4867 3305 4938 potestatis
3321 4867 3536 4920 tradita!

1945 4971 2355 5028 retributionem
2381 4973 2555 5028 vocat,
2613 4963 2834 5018 dicens:
2873 4960 3012 5027 Quia
3040 4959 3145 5013 nisi
3185 4957 3548 5026 omnipotens-

1946 5067 2089 5120 Deus
2126 5071 2180 5118 te
2203 5061 2288 5117 his
2317 5059 2567 5115 omnibus
2591 5055 2868 5111 meliorem
2892 5061 3162 5117 cerneret,
3214 5066 3407 5106 omnes
3438 5051 3548 5104 hos

1945 5153 2046 5210 sub
2079 5161 2172 5207 tuo
2223 5150 2487 5220 regimine
2517 5163 2624 5202 non
2655 5147 2912 5209 dedisset,
2948 5141 3172 5212 ejusque
3220 5155 3347 5194 mox
3379 5156 3532 5193 men-

1942 5251 2050 5298 tem
2078 5242 2255 5311 erigit.
2284 5240 2430 5294 Viles
2454 5246 2618 5307 atque
2643 5235 2858 5291 inutiles
2881 5249 2993 5300 eos,
3016 5234 3108 5302 qui
3137 5230 3362 5300 subjecti
3386 5237 3533 5289 sunt,

1948 5332 2204 5394 ostendit,
2252 5330 2407 5384 itaut
2436 5328 2637 5381 nullum
2673 5327 2781 5396 jam
2806 5325 2961 5393 quasi
2991 5324 3212 5393 dignum
3261 5318 3540 5386 respiciat,

1950 5421 2036 5474 cui
2061 5418 2438 5488 aequanimiter
2461 5416 2728 5484 loquatur,
2762 5413 2902 5466 unde
2931 5421 2985 5466 et
3007 5426 3132 5465 mox
3162 5407 3356 5463 mentis
3387 5413 3536 5456 tran-

1949 5509 2188 5580 quillitas
2211 5509 2262 5562 in
2291 5508 2426 5562 iram
2453 5506 2698 5561 vertitur.
2725 5502 2858 5569 Quia
2882 5503 3007 5556 dum
3039 5506 3259 5554 cunctos
3282 5492 3542 5559 despicit,

1951 5602 2076 5656 dum
2117 5613 2332 5653 sensum
2378 5597 2650 5664 vitamque
2698 5591 2939 5647 omnium
2995 5589 3112 5642 sine
3162 5581 3542 5638 moderatione

1952 5691 2328 5762 reprehendit,
2388 5696 2540 5744 tanto
2593 5683 2970 5742 irrcfrenatius
3013 5694 3071 5736 se
3105 5678 3162 5733 in
3197 5672 3546 5731 iracundiam:
