3928 6182
401 330 498 387 851

1039 327 1100 382 Β.
1145 323 1394 380 RABANI
1429 321 1650 380 MAURI
1687 315 2010 374 ARCHIEP.
2053 310 2360 369 MOGU-NT.
2399 309 2686 368 OPERUM
2723 307 2904 365 PARS
2941 309 2982 364 l.

3545 304 3646 363 853

400 453 611 513 dilatat,
638 453 843 518 quanto
861 458 956 498 eos
983 443 1072 512 qui
1100 443 1200 497 sibi
1231 440 1508 496 commissi
1539 446 1666 494 sunt
1701 451 1821 492 esse
1851 432 1981 489 sibi-
2009 433 2056 492 Α
2083 429 2246 484 nullis
2272 427 2736 483 exhortationibus
2763 425 2998 481 flectitur
3025 441 3039 490 ;
3077 423 3142 479 ad
3177 423 3281 479 hoc
3309 431 3484 518 autem
3514 426 3647 518 quod

404 553 518 600 met
541 514 787 608 indignos
806 543 976 604 putat.
1008 532 1078 586 At
1109 542 1318 597 contra,
1350 546 1473 586 cum
1498 528 1863 598 subjectorum
1887 539 1986 579 eor
2086 521 2320 574 latenter
2368 520 2657 583 desiderat,
2709 518 2905 608 quaerit
2966 525 3026 571 ut
3066 524 3331 586 cogatur:
3359 514 3483 608 quia
3531 516 3648 608 dum

405 605 667 702 superbia
680 626 918 694 instigat,
969 624 1072 678 hoc
1100 636 1440 692 summopere
1479 633 1640 690 agere
1668 617 1883 680 nititur,
1927 621 1986 667 ut
2085 611 2279 667 metuit
2312 625 2378 664 ex
2406 609 2673 664 desiderio
2697 623 2794 663 suo
2824 605 3109 702 vilescere,
3155 613 3307 702 optat
3331 605 3438 658 vim
3468 605 3649 702 in-ipsa

407 737 506 779 sua
527 730 647 776 acta
690 717 1040 774 considerare
1063 713 1302 768 funditus
1333 712 1630 782 negligant,
1686 716 1742 762 et
1774 719 1989 775 semper

409 812 589 867 tacitis
636 807 1054 879 cogitationibus
1102 806 1331 860 rectoris
1353 804 1434 858 sui
1457 802 1670 870 judices
1692 800 1841 853 ﬁant.
1885 797 1988 864 Qui

409 906 536 960 dum
568 903 620 956 in
647 901 738 954 illo
768 897 910 969 quod
947 896 1344 966 reprehendere
1393 895 1626 948 debeant
1683 893 1989 959 importune

412 996 725 1065 respiciunt,
758 993 810 1045 in
861 990 1161 1060 semetipsis
1206 988 1348 1058 quod
1399 987 1674 1055 corrigant
1717 996 1990 1050 nunquam

413 1088 616 1140 vident.
661 1083 812 1139 Unde
831 1090 886 1135 et
907 1089 1055 1134 tanto
1086 1079 1324 1132 atrocius
1361 1083 1611 1147 pereunt,
1640 1079 1845 1143 quanto
1875 1086 1904 1124 a
1934 1083 1993 1124 se

415 1174 596 1230 oculos
627 1179 895 1226 avertunt.
929 1167 1064 1234 Quia
1098 1167 1150 1220 in
1180 1165 1338 1234 huius
1363 1165 1486 1218 vitae
1509 1164 1703 1217 itinere
1723 1158 1994 1214 oﬁ‘enden—

416 1274 496 1320 tes
541 1269 816 1326 corruunt,
869 1260 995 1314 dum
1020 1257 1142 1311 alibi
1174 1255 1474 1320 intendunt,
1523 1263 1575 1308 et
1605 1253 1820 1322 quidem
1863 1263 1993 1320 pec-

415 1363 630 1411 catores
664 1367 722 1406 se
749 1358 1016 1414 asserunt,
1049 1363 1148 1402 nec
1175 1357 1356 1401 tamen
1384 1353 1619 1410 tantum,
1666 1351 1729 1397 ιιι
1763 1351 1870 1396 tam
1900 1355 1996 1395 110*

417 1445 522 1499 xire
562 1443 616 1496 in
640 1441 899 1511 regimine
952 1453 1195 1508 personat
1235 1437 1593 1498 traderentur,
1637 1440 1693 1487 et
1717 1433 1845 1487 dum
1879 1429 1998 1500 ejus

418 1534 563 1587 facta
606 1529 923 1599 despiciunt,
983 1527 1109 1582 dum
1165 1534 1433 1595 praecepta
1479 1529 1852 1588 contemnunt,
1930 1519 1996 1575 ad

421 1633 625 1680 tantam
669 1636 839 1691 usque
880 1619 1144 1674 insaniam
1179 1617 1556 1680 devolvuntur,
1607 1625 1667 1668 ut
1705 1613 1875 1667 Deum
1911 1626 2000 1667 res

423 1717 687 1773 humanas
707 1727 896 1767 curare
920 1726 1025 1764 non
1049 1709 1336 1771 aestiment,
1362 1707 1488 1777 quia
1512 1707 1558 1761 ci
1589 1706 1678 1775 qui
1708 1706 1861 1778 quasi
1880 1705 2002 1774 jure

2089 717 2185 756 sua
2217 699 2492 754 voluntate
2524 698 2778 752 tolerare.
2826 696 2996 766 Igitur
3019 696 3144 765 quia
3173 696 3442 750 humanos
3461 694 3653 750 animos

2089 791 2248 844 aliter
2287 789 2485 844 tentari
2523 802 2591 842 ex
2627 789 2789 842 rebus
2812 785 3141 851 carnalibus,
3207 793 3370 854 atque
3413 783 3565 837 aliter
3595 798 3652 839 ex

2091 879 2422 950 spiritalibus
2454 876 2709 941 diximus,
2735 877 2959 931 audiant
2981 876 3056 930 illi
3097 895 3109 928 :
3143 895 3162 927 ‹
3202 874 3395 930 Omnis
3421 889 3549 928 caro
3582 873 3652 928 fe-

2098 987 2117 1021 ι
2159 985 2308 1033 num,
2341 977 2396 1023 et
2422 968 2590 1039 gloria
2613 966 2731 1035 ejus
2752 967 2895 1020 sicut
2921 965 3018 1020 llos
3041 964 3149 1020 feni
3175 963 3312 1036 (Isa.
3342 964 3454 1036 XL).
3498 982 3515 1014 ι
3559 963 3656 1016 Au-

2092 1060 2246 1115 diant
2283 1059 2373 1114 isti
2424 1059 2567 1128 quod
2612 1057 2931 1126 quibusdam
2974 1065 3097 1125 post
3127 1054 3387 1110 miracula
3428 1055 3653 1109 dicitur:

2099 1169 2120 1202 ‹
2162 1150 2354 1205 Nescio
2372 1165 2470 1205 vos
2503 1150 2644 1203 unde
2671 1148 2810 1203 sitis.
2835 1148 3105 1203 Discedite
3132 1162 3160 1201 a
3192 1161 3296 1208 me,
3321 1161 3510 1200 omnes
3543 1161 3658 1215 ope-

2099 1260 2119 1292 ι
2166 1240 2292 1294 rarii
2334 1239 2631 1308 iniquitatis
2658 1237 2810 1302 (Luc.
2843 1238 3006 1306 xm):
3040 1255 3058 1288 ι
3106 1235 3326 1289 audiant
3368 1235 3481 1288 illi:
3511 1255 3528 1285 ι
3577 1235 3657 1289 Di-

2099 1349 2120 1382 ‹
2163 1330 2309 1384 vitiae
2337 1329 2382 1384 si
2407 1327 2646 1388 aﬁluant,
2670 1327 2837 1382 nolite
2863 1342 2957 1381 cor
2985 1340 3256 1396 apponere
3284 1324 3460 1397 (Paul.
3491 1325 3611 1393 ut).
3637 1345 3652 1376 ι

2095 1421 2333 1476 Audiant
2361 1421 2448 1476 isti
2465 1417 2610 1489 quod
2627 1419 2787 1474 fatua:
2812 1419 3068 1489 virgines,
3101 1433 3221 1488 quze
3242 1419 3427 1472 vacuis
3450 1419 3658 1473 vasculis

2096 1513 2318 1568 veniunt
2345 1511 2652 1566 abinternis
2668 1511 2868 1579 nuptiis
2893 1510 3271 1564 excluduntur.
3295 1507 3528 1562 Rursum
3547 1509 3656 1576 quia

2099 1603 2256 1658 aliter
2283 1603 2476 1657 tentari
2500 1602 2771 1672 praelatos,
2816 1609 2978 1670 atque
3005 1599 3164 1654 aliter
3199 1599 3444 1654 subditos
3473 1599 3658 1667 praefati

2101 1709 2321 1758 sumus;
2351 1693 2575 1747 audiant
2601 1693 2697 1756 illi,
2744 1692 2887 1760 quod
2914 1706 3014 1760 per
3035 1691 3323 1761 quemdam
3375 1691 3656 1759 sapientem

424 1803 854 1876 reprehenditur,
884 1814 1006 1855 esse
1028 1813 1084 1854 se
1099 1799 1416 1852 commissos
1430 1796 1642 1861 dolent;
1667 1796 1854 1864 sicque
1876 1795 2000 1848 dum
2032 1784 2079 1842 Β
2107 1785 2340 1840 dicitur:
2391 1803 2409 1834 ι
2458 1784 2659 1838 Ducem
2730 1791 2784 1837 te
2827 1783 3117 1876 constitui,
3165 1783 3285 1876 noli
3317 1782 3524 1876 extolli,
3570 1781 3652 1876 sed

423 1901 616 1949 contra
671 1898 938 1946 rectorem
990 1887 1326 1957 superbiant,
1397 1885 1559 1939 etiam
1607 1893 1796 1938 contra
1855 1882 2002 1951 judi-

424 1986 512 2041 cia
550 1981 845 2038 conditoris
895 1980 1280 2033 intumescunt.
1332 1977 1398 2030 Et
1455 1976 1583 2030 dum
1626 1975 1862 2046 pastoris
1919 1976 2003 2029 sui

424 2077 592 2130 vitam
622 2071 935 2141 dijudicant,
980 2071 1150 2140 ipsam
1194 2083 1407 2138 quoque
1455 2057 1778 2138 sapientiam
1825 2068 2005 2122 omnia

427 2166 800 2234 disponentem
829 2163 1162 2230 impugnant,
1199 2172 1258 2213 se
1285 2167 1464 2214 autem
1486 2160 1712 2214 rectoris
1740 2159 1820 2214 sui
1847 2159 2007 2214 dictis

425 2263 675 2325 proterve
709 2249 997 2319 objiciunt,
1046 2259 1101 2304 et
1129 2250 1374 2305 eamdem
1407 2251 1557 2305 vocis
1602 2251 1909 2320 superbiam
1939 2250 2005 2303 li-

428 2347 692 2401 bertatem
737 2350 951 2397 vocant.
1013 2340 1107 2396 Sic
1148 2342 1347 2411 quippe
1384 2341 1547 2396 elatio
1593 2357 1652 2396 se
1705 2341 1857 2410 quasi
1908 2355 2008 2410 pro

428 2434 752 2491 rectitudine
781 2433 1048 2488 libertatis
1077 2431 1282 2498 objicit,
1317 2432 1457 2485 sicut
1485 2445 1627 2500 saepe
1680 2446 1738 2486 se
1764 2440 1821 2485 et
1849 2432 2009 2485 timor

428 2543 527 2600 pro
564 2526 868 2582 humilitate
915 2523 1188 2592 supponit.
1237 2521 1373 2575 Nam
1423 2522 1563 2576 sicut
1598 2521 1840 2590 plerique
1883 2522 2010 2576 reti-

431 2625 556 2673 cent
591 2632 656 2671 ex
683 2617 897 2680 timore,
927 2621 983 2666 et
1016 2621 1195 2668 tamen
1222 2620 1402 2668 tacere
1427 2627 1485 2667 se
1525 2612 1793 2666 uastimant
1815 2627 1883 2667 ex
1912 2612 2012 2665 bu-

431 2707 681 2770 militate,
731 2705 807 2759 ita
861 2702 1100 2758 nonnulli
1145 2702 1435 2772 loquuntur
1484 2717 1581 2772 per
1623 2701 2012 2771 impatientiam

429 2796 698 2862 elationis,
748 2803 803 2850 et
830 2803 1008 2849 tamen
1065 2793 1207 2864 loqui
1234 2809 1291 2848 se
1314 2793 1544 2848 credunt
1588 2808 1684 2863 per
1708 2793 2010 2846 libertatem

434 2887 792 2944 rectitudinis.
838 2885 1141 2955 Aliquando
1175 2894 1354 2939 autem
1385 2885 1579 2940 subditi
1603 2895 1855 2954 proterva
1894 2900 2016 2956 quae

431 2979 675 3035 sentiunt
702 2991 1046 3046 nequaquam
1071 2975 1338 3044 produnt;
1395 2984 1450 3029 et
1472 2975 1526 3029 hi
1555 2991 1785 3046 quorum
1831 2976 2016 3045 loqua-

431 3070 570 3124 citas
596 3068 682 3122 vix
707 3066 1089 3135 compescitur,
1135 3081 1519 3134 nonnunquam
1559 3081 1626 3120 cx
1653 3067 1765 3120 sola
1807 3069 2009 3121 amari-

2111 1896 2130 1928 ι
2174 1883 2291 1931 esto
2347 1877 2399 1930 in
2430 1876 2537 1930 illis
2578 1876 2731 1945 quasi
2787 1891 2926 1930 unus
2961 1891 3028 1930 ex
3069 1875 3174 1929 illis
3218 1875 3387 1946 (Eccl.
3427 1875 3612 1944 xxxn).
3641 1893 3658 1925 ι

2103 1963 2341 2018 Audiant
2369 1965 2479 2029 isti,
2541 1982 2560 2015 ι
2621 1963 2846 2018 Ohedite
2892 1964 3197 2033 praepositis
3228 1964 3428 2018 vestris
3478 1965 3662 2018 ctsub—

2112 2071 2130 2104 ι
2170 2052 2345 2122 jacete
2395 2054 2495 2108 eis.
2553 2054 2653 2122 Ipsi
2703 2054 2848 2108 enim
2889 2053 3232 2124 pervigilant,
3299 2053 3456 2122 quasi
3527 2054 3664 2107 ratio-

2112 2163 2130 2195 ‹
2175 2157 2299 2198 nem
2378 2143 2637 2198 reddituri
2711 2159 2810 2213 pro
2888 2143 3178 2198 animabus
3244 2144 3445 2198 vestris
3521 2141 3660 2213 (ch.

2114 2252 2134 2284 ι
2175 2234 2319 2306 xm).
2371 2253 2390 2286 ι
2441 2235 2678 2289 Audiant
2727 2235 2826 2301 illi,
2877 2250 2998 2290 cum
3049 2236 3115 2290 de
3146 2245 3365 2306 accepta
3422 2245 3665 2306 potestate

2107 2325 2535 2398 gloriantur,hoc
2550 2327 2693 2395 quod
2734 2327 2966 2381 Abrahae
3004 2341 3137 2382 voce
3168 2327 3377 2381 ardenti
3414 2329 3556 2382 diviti
3594 2327 3664 2380 di-

2109 2417 2288 2470 citur:
2332 2434 2351 2466 ι
2387 2413 2675 2480 Memento,
2723 2415 2822 2480 ﬁli,
2854 2416 2978 2484 quia
3024 2416 3272 2484 recepisti
3311 2417 3456 2470 bona
3499 2417 3545 2470 in
3573 2417 3664 2470 vita

2109 2515 2201 2560 tua
2227 2505 2378 2578 (Luc.
2409 2505 2545 2578 1m).
2584 2524 2602 2555 ι
2633 2504 2869 2560 Audiant
2897 2507 3018 2572 isti,
3051 2521 3172 2561 cum
3221 2513 3412 2560 contra
3451 2515 3668 2561 rectores

2109 2611 2235 2651 suos
2264 2596 2317 2649 in
2341 2595 2556 2664 querela
2580 2595 2886 2664 prosiliunt,
2911 2596 3015 2650 hoc
3039 2596 3178 2666 quod
3203 2598 3560 2651 murmuranti
3587 2612 3670 2666 po—

2109 2688 2236 2759 pqu
2279 2687 2446 2758 Moysi
2488 2695 2545 2742 et
2587 2686 2766 2741 Aaron
2809 2687 3030 2741 vocibus
3073 2687 3470 2755 respondetur:
3517 2706 3534 2737 ι
3575 2686 3669 2741 Nec

2111 2789 2298 2836 contra
2325 2795 2424 2835 nos
2452 2790 2536 2834 est
2577 2795 2824 2834 murmur
2852 2787 3112 2843 vestrum,
3147 2779 3237 2833 sed
3281 2787 3476 2832 contra
3513 2777 3670 2832 Domi-

2111 2889 2239 2927 num
2266 2891 2280 2927 :
2318 2887 2418 2928 nos
2443 2872 2588 2926 enim
2622 2871 2752 2941 quid
2779 2885 2964 2925 sumus
2987 2870 3184 2943 (Exod.
3213 2869 3369 2942 xvi)?
3409 2889 3430 2921 ι
3461 2870 3670 2924 Audiam

2111 2962 2188 3017 illi
2218 2981 2231 3016 :
2268 2982 2286 3013 ι
2319 2960 2705 3016 Turbabuntur
2731 2959 2786 3014 in
2817 2969 3106 3029 conspectu
3136 2961 3252 3030 ejus
3277 2969 3466 3029 patres
3497 2960 3672 3028 orpha-

2113 3066 2304 3106 norum
2333 3057 2387 3104 et
2407 3049 2620 3118 iudices
2645 3049 2932 3104 viduarum
2973 3047 3144 3122 (Paul.
3180 3050 3367 3115 van).
3412 3070 3434 3102 ι
3464 3051 3674 3104 Audiant

430 3160 616 3215 tudine
645 3126 1095 3212 intimi-rancoris
1139 3126 1519 3210 obmutescunt
1547 3174 1558 3208 :
1589 3157 1682 3225 qui
1721 3171 1819 3226 per
1853 3157 2006 3213 dolo-
2039 3126 2083 3187 Ο
2116 3143 2234 3207 is“.
2277 3141 2420 3210 (11³οά
2448 3148 2634 3195 οοηιη
2666 3142 3058 3196 contumaciam
3088 3141 3430 3196 SUNilOﬂlm
3459 3143 3671 3197 dicitur:

433 3267 548 3307 rem
613 3249 812 3304 mentis
853 3246 1205 3318 procacitatis
1233 3262 1345 3300 sua:
1389 3247 1550 3301 verba
1608 3249 2007 3317 protrahenles,

432 3359 556 3397 cum
581 3341 722 3394 male
750 3339 894 3408 loqui
921 3337 1152 3402 soleant,
1188 3337 1340 3406 pejus
1360 3345 1558 3392 tacent.
1587 3337 1720 3404 Quia
1746 3354 1866 3394 cum
1888 3355 2014 3410 pec-

432 3441 620 3488 cantes
661 3431 861 3501 aliquid
904 3429 970 3484 de
995 3429 1334 3483 correctione
1381 3428 1624 3493 audiunt,
1669 3429 2013 3499 indignantes

431 3524 596 3578 etiam
662 3519 1028 3591 responsionis
1087 3517 1248 3573 verba
1301 3517 1657 3588 suspendunt.
1719 3517 1852 3572 Cum
1928 3518 2014 3573 his

431 3613 647 3683 quando
693 3624 882 3681 aspere
927 3609 1126 3682 agitur,
1174 3623 1316 3677 saepe
1364 3608 1433 3662 ad
1458 3609 1691 3677 querelae
1738 3624 1898 3664 voces
1948 3610 2013 3664 de

431 3707 534 3762 hac
558 3705 673 3774 ipsa
704 3703 997 3773 asperitate
1015 3699 1320 3770 prosiliunt.
1345 3697 1478 3754 Cum
1502 3715 1630 3754 vero
1658 3714 1750 3753 eos
1772 3699 2015 3770 magistri

430 3799 512 3853 sui
554 3797 748 3852 blande
788 3794 1144 3864 praeveniunt,
1193 3793 1259 3848 de
1289 3792 1390 3847 hac
1416 3793 1530 3862 ipsa
1558 3792 1861 3846 humilitate
1901 3807 2010 3861 qua

429 3888 688 3959 praeventi
722 3895 864 3950 sunt,
901 3885 1118 3956 gravius
1148 3885 1523 3956 indignantur;
1553 3893 1611 3938 et
1646 3892 1797 3938 tanto
1825 3900 2012 3939 eorum

432 3996 586 4035 mens
607 3979 797 4034 fortius
827 3977 1161 4042 accenditur,
1199 3983 1402 4045 quanto
1435 3973 1828 4030 consideratius
1860 3974 2012 4028 intlr—

431 4068 568 4122 mari
599 4068 814 4122 dicitur.
843 4065 908 4120 Hi
935 4065 1188 4129 nimirum
1210 4065 1335 4134 quia
1360 4063 1714 4118 humilitatem
1746 4061 1888 4135 (quae
1907 4063 2016 4118 vir-

437 4169 609 4215 tutum
640 4167 814 4213 mater
850 4158 954 4229 est)
1001 4157 1270 4220 nesciunt,
1326 4170 1481 4210 usum
1530 4155 1611 4209 sui
1650 4154 1849 4208 laboris
1887 4168 2015 4225 per-

433 4249 836 4316 dunt;etiamsi
895 4247 1168 4317 quaabona
1219 4247 1348 4309 sint,
1395 4259 1517 4314 qua
1544 4245 1757 4315 operari
1796 4246 2015 4300 videan-

434 4353 542 4407 tur,
599 4341 724 4409 quia
747 4339 1018 4408 surgentis
1059 4336 1276 4391 l'abricae
1330 4335 1550 4390 robusta
1587 4335 1848 4390 celsitudo
1904 4350 2012 4389 non

436 4431 640 4502 ﬁgitur,
680 4444 799 4500 qua:
849 4441 1186 4498 nequaquam
1233 4441 1330 4495 per
1358 4424 1695 4479 fundamenti
1742 4423 2014 4479 fortitudi-

435 4541 556 4580 nem
590 4524 642 4576 in
668 4529 816 4592 petra
845 4521 1135 4583 solidatur;
1169 4518 1266 4573 soli
1288 4533 1416 4588 ergo
1439 4518 1607 4572 ruinae
1631 4517 1850 4580 crescit,
1871 4515 2014 4584 quod

435 4613 727 4677 ardiﬁcant,
773 4610 864 4680 qui
893 4617 1017 4664 ante
1049 4609 1240 4663 molem
1271 4607 1509 4672 fabricat,
1538 4607 1858 4662 humilitatis
1893 4605 2012 4660 fun-

439 4707 690 4759 (lamenta
733 4717 838 4756 non
872 4706 1182 4768 procurant.
1224 4695 1368 4761 Quos
1394 4697 1530 4750 bene
1556 4697 1625 4750 ab
1653 4696 1856 4750 intimis
1883 4711 2014 4765 pro-

435 4795 631 4858 dimus,
665 4792 708 4847 si
739 4789 924 4859 paucis
941 4787 994 4841 in
1021 4785 1380 4840 exterioribus
1401 4784 1764 4839 ostendamus.
1795 4783 2016 4838 Cunctis

438 4893 670 4948 namque
708 4878 956 4948 superbia
996 4877 1136 4947 apud
1183 4890 1243 4930 se
1287 4873 1611 4944 cogitatione
1663 4871 2013 4936 tumentibus,

438 4968 579 5022 inest
625 4969 831 5024 clamor
882 4970 934 5022 in
974 4969 1263 5033 locutione,
1319 4966 1626 5022 amaritudo
1674 4967 1727 5020 in
1777 4965 2013 5030 silentio,

437 5061 720 5116 dissolutio
748 5063 800 5115 in
831 5061 1127 5124 hilaritate,
1156 5059 1307 5114 furor
1335 5062 1388 5115 in
1411 5061 1655 5124 tristitia,
1699 5061 2016 5130 improbitas

436 5151 490 5205 in
516 5151 750 5214 actione,
782 5151 1091 5205 inhonestas
1116 5151 1169 5204 in
1191 5150 1444 5220 imagine,
1465 5152 1670 5206 erectio
1699 5151 1755 5204 in
1778 5151 2014 5215 incessu,

437 5256 633 5296 rancor
655 5241 708 5294 in
744 5242 1119 5310 responsione;
1153 5242 1344 5296 horum
1371 5257 1520 5298 mens
1569 5258 1784 5311 semper
1820 5249 1906 5296 est
1949 5241 2017 5295 ad

437 5334 758 5405 irrogandas
815 5335 1166 5390 contumelias
1219 5335 1415 5402 valida,
1469 5336 1535 5388 ad
1579 5333 1886 5389 tolerandas
1932 5334 2015 5388 in-

435 5428 615 5492 ﬁrma,
677 5427 744 5481 ad
785 5426 1138 5481 obedientium
1169 5429 1340 5498 pigra,
1403 5428 1470 5482 ad
1511 5425 1854 5480 lacessendos
1885 5441 2015 5480 vero

434 5522 567 5576 alios
611 5521 937 5590 importuna,
985 5519 1051 5573 ad
1073 5536 1134 5574 ea
1161 5536 1280 5590 quae
1312 5520 1488 5576 facere
1537 5526 1590 5573 et
1613 5519 1773 5572 debet
1801 5527 1854 5579 et
1879 5533 2016 5588 prat-

434 5612 577 5665 valet
616 5613 827 5683 ignava,
862 5613 929 5668 ad
955 5627 1017 5666 ea
1048 5621 1224 5667 autem
1252 5627 1370 5681 quae
1404 5610 1582 5664 facere
1604 5625 1704 5664 nec
1733 5610 1890 5665 debet
1918 5627 2016 5666 nec

437 5703 690 5770 praevalet
720 5712 928 5774 parata.
964 5701 1089 5759 llaec
1121 5703 1173 5758 in
1203 5717 1270 5759 eo
1295 5701 1436 5770 quod
1461 5707 1650 5769 sponte
1676 5716 1782 5757 non
1811 5701 2012 5772 appetit

2117 3253 2135 3284 ι
2171 3231 2273 3299 Qui
2297 3232 2502 3288 resistit
2523 3232 2796 3301 potestati,
2823 3231 2916 3285 Dei
2939 3233 3263 3287 ordinationi
3293 3234 3502 3287 resistit
3520 3232 3670 3304 (Rom.

2112 3324 2253 3395 xm).
2294 3342 2312 3375 ι
2344 3323 2580 3377 Audiant
2606 3322 2766 3376 simul
2795 3336 3016 3378 omnes:
3055 3341 3074 3373 ι
3111 3325 3251 3378 Deus
3286 3325 3540 3393 superbis
3561 3324 3678 3378 resi-

2113 3413 2225 3478 stit,
2241 3411 2536 3466 humilibus
2558 3420 2739 3466 autem
2761 3411 2854 3465 dat
2873 3412 3100 3480 gratiam
3126 3411 3266 3483 (Jac.
3294 3412 3393 3483 tv).
3423 3434 3442 3465 ι
3468 3414 3678 3468 Audiam

2112 3521 2338 3560 omnes:
2383 3523 2403 3556 ί
2445 3505 2759 3561 lmmundus
2786 3513 2871 3560 est
2898 3508 3038 3576 apud
3069 3508 3234 3562 Deum
3270 3510 3454 3563 omnis
3483 3511 3568 3579 qui
3599 3525 3680 3563 ex-

2115 3600 2247 3654 altat
2271 3615 2365 3654 cor
2397 3599 2540 3671 (Job.
2567 3601 2678 3671 xv).
2721 3619 2738 3652 ι
2776 3600 3011 3655 Audiant
3030 3616 3255 3656 omnes:
3289 3621 3308 3652 ι
3340 3602 3486 3669 Quid
3517 3617 3680 3670 snper-

2112 3692 2193 3746 bit
2227 3691 2365 3746 cinis
2392 3700 2449 3745 et
2470 3700 2613 3747 terra
2642 3691 2812 3763 (Eccl.
2839 3692 2931 3762 x)?
2958 3712 2976 3744 ι
3013 3692 3210 3747 Contra
3236 3692 3398 3761 hujus
3427 3693 3680 3765 languoris

2113 3789 2340 3850 pestem,
2372 3781 2654 3835 audiamus
2678 3782 2879 3847 cuncti,
2913 3781 3057 3851 quod
3080 3782 3341 3851 magistra
3364 3781 3581 3838 Veritas
3600 3783 3682 3836 do-

2113 3877 2221 3934 cet,
2251 3870 2469 3924 dicens:
2509 3889 2528 3922 ‹
2564 3871 2764 3924 Discite
2807 3886 2837 3924 a
2884 3885 2999 3936 me,
3032 3872 3157 3940 quia
3188 3871 3334 3926 mitis
3362 3888 3488 3927 sum
3522 3883 3575 3927 et
3597 3875 3682 3926 hu-

2113 3959 2259 4013 milis
2285 3962 2448 4014 corde
2471 3959 2687 4029 (Matth.
2714 3960 2812 4029 x1).
2852 3979 2870 4012 ι
2899 3962 2980 4015 Ad
3005 3963 3106 4016 hoc
3131 3977 3363 4031 namque
3389 3963 3684 4033 unigenitus

2115 4047 2209 4103 Dei
2243 4048 2409 4102 Filius
2439 4048 2667 4102 formam
2707 4049 3040 4104 inﬁrmitatis
3077 4059 3276 4104 nostra:
3317 4051 3592 4121 suscepit;
3625 4048 3684 4102 ad

2116 4139 2219 4193 hoc
2244 4138 2526 4194 invisibilis
2555 4153 2662 4194 non
2691 4138 2861 4193 solum
2887 4139 3136 4202 visibilis,
3167 4139 3260 4193 sed
3298 4139 3466 4194 etiam
3510 4140 3687 4208 despe-

2117 4237 2236 4282 ctus
2265 4228 2550 4297 apparuit;
2591 4228 2658 4281 ad
2690 4229 2793 4282 hoc
2818 4230 3266 4283 contumeliarum
3296 4229 3555 4294 ludibria,
3579 4229 3689 4282 irri-

2116 4318 2327 4373 sionum
2357 4317 2667 4386 opprobria,
2687 4318 3001 4387 passionum
3037 4327 3302 4372 tormenta
3331 4318 3611 4377 toleravit.
3638 4327 3690 4370 ut

2117 4408 2408 4476 superbum
2435 4422 2541 4461 non
2576 4421 2695 4461 esse
2724 4407 2996 4462 hominem
3022 4409 3243 4462 doceret
3273 4408 3495 4462 humilis
3520 4408 3684 4466 Deus:

2119 4507 2318 4569 quanta
2341 4514 2472 4568 ergo
2501 4498 2822 4555 humilitatis
2846 4500 3020 4554 virtus
3045 4508 3147 4565 est,
3177 4511 3398 4570 propter
3424 4516 3587 4570 quam
3619 4514 3692 4554 so-

2119 4591 2224 4646 lam
2252 4592 2517 4646 veraciter
2561 4591 2889 4646 edocendam
2926 4592 3006 4656 is,
3050 4592 3142 4660 qui
3189 4592 3304 4645 sine
3342 4593 3692 4646 aestimatione

2119 4697 2346 4753 magnus
2377 4690 2479 4746 est,
2506 4697 2678 4751 usque
2714 4683 2779 4736 ad
2818 4683 3122 4751 passionem
3151 4681 3325 4737 factus
3353 4693 3440 4737 est
3467 4683 3687 4753 parvus!

2119 4772 2256 4841 Quia
2291 4773 2434 4828 enim
2479 4772 2744 4842 originem
2783 4773 3100 4842 perditionis
3135 4783 3332 4828 nostrze
3371 4790 3433 4828 se
3476 4774 3693 4844 praebuit

2120 4865 2370 4935 superbia
2403 4865 2624 4930 diaboli,
2651 4865 3070 4920 instrumentum
3093 4865 3479 4934 redemptionis
3505 4872 3693 4919 nostra:

2117 4957 2333 5011 inventa
2354 4965 2444 5012 est
2467 4957 2744 5012 humilitas
2771 4957 2885 5010 Dei.
2915 4957 3095 5011 Hostis
3120 4957 3317 5026 quippe
3340 4967 3533 5012 noster
3563 4958 3694 5010 inter

2119 5045 2298 5100 omnia
2335 5045 2613 5107 conditus,
2655 5044 2827 5098 videri
2871 5059 3032 5114 supra
3073 5044 3254 5098 omnia
3293 5043 3466 5098 voluit
3506 5043 3689 5097 elatus.

2123 5134 2448 5202 Redemptor
2468 5143 2646 5188 autem
2677 5141 2863 5188 noster
2883 5149 3109 5204 magnus
3141 5149 3362 5188 manens
3390 5149 3561 5203 supra
3586 5149 3692 5187 om-

2121 5224 2234 5287 nia,
2264 5222 2376 5276 ﬁeri
2405 5223 2546 5275 inter
2573 5221 2753 5276 omnia
2783 5222 3036 5292 dignatus
3071 5231 3155 5276 est
3179 5237 3395 5290 parvus.
3443 5221 3552 5276 Sed
3592 5236 3691 5274 me-

2120 5312 2224 5366 lius
2266 5320 2322 5366 et
2360 5311 2608 5366 elationis
2645 5325 2862 5365 causam
2909 5311 3230 5380 detegimus,
3259 5320 3314 5364 et
3349 5309 3690 5364 fundamenta

2121 5402 2441 5459 humilitatis
2465 5402 2758 5470 aperimus,
2789 5401 2832 5454 si
2864 5401 3012 5455 brevi
3041 5401 3556 5456 commemoratione
3577 5414 3686 5468 per-

2120 5496 2436 5566 stringimus
2475 5493 2604 5562 quid
2651 5493 2844 5546 mortis
2882 5501 3096 5557 auctor,
3145 5493 3275 5560 quid
3300 5492 3423 5545 vitae
3451 5491 3690 5546 conditor

2121 5587 2283 5642 dicat.
2309 5585 2399 5640 ille
2421 5599 2653 5653 namque
2671 5585 2775 5638 ait:
2810 5603 2826 5634 ι
2852 5584 2906 5636 ln
2929 5585 3124 5638 coelum
3147 5581 3540 5652 conscendam(
3561 5581 3672 5634 lsa.

2135 5685 2268 5746 xlv)
2317 5697 2331 5736 :
2397 5690 2419 5726 ι
2504 5674 2605 5729 iste
2643 5683 2820 5729 autem
2850 5689 2946 5744 per
2976 5674 3300 5744 Prophetam
3328 5672 3500 5727 dicit:
3539 5691 3556 5723 ι
3591 5669 3687 5725 Re-
