3928 6182
290 305 405 362 ’855

1140 299 1504 359 COMMENT.
1533 302 1600 360 IN
1650 290 2264 354 ECCLESIASTICUM.
2303 323 2374 335 --
2411 294 2540 352 LIB.
2580 295 2670 353 ΠΙ.

3455 303 3569 363 85δ

295 411 440 481 picta
470 414 557 464 est
585 405 748 462 malis
773 407 955 461 anima
993 420 1136 473 mea,
1163 416 1218 462 et
1247 409 1352 462 vita
1395 422 1512 463 mea
1546 406 1758 466 inferno
1781 424 1878 479 ap-
1901 407 1952 466 A
1979 403 2158 469 dictis,
2198 410 2254 458 et
2297 405 2576 460 subvertet
2613 421 2736 461 eum
2767 405 2821 462 in
2848 406 3007 464 ﬁnem
3034 427 3048 464 :
3085 419 3370 481 propterea
3401 417 3568 472 exho-

298 501 680 574 propinqnavit
712 498 879 569 (Psal.
902 498 1168 568 Lxxxvu).
1194 518 1213 551 ι
1241 500 1333 555 lllc
1351 501 1518 556 dicit:
1549 519 1567 552 ε
1597 500 1772 571 Supra
1791 517 1879 556 as-

298 602 382 646 tra
403 592 531 645 caeli
560 592 813 644 exaltabo
839 589 1038 642 solium
1084 603 1262 643 meum
1297 587 1438 659 (Isa.
1496 593 1638 659 xiv).
1699 608 1720 642 ι
1769 590 1876 646 iste

298 683 536 753 humano
576 680 760 749 generi
815 693 845 732 a
896 680 1128 748 paradisi
1181 679 1401 734 sedibus
1431 682 1654 750 expulso
1695 683 1870 739 dicit:

302 788 322 822 ι
359 771 503 825 Ecce
534 770 692 823 venio
723 779 779 823 et
809 768 1068 824 habitabo
1102 770 1155 822 in
1182 771 1360 825 medio
1397 771 1496 825 tni.
1532 789 1553 824 ι
1578 771 1671 828 llle
1694 772 1824 826 dicit
1851 786 1868 826 :

305 880 324 914 ι
355 861 569 916 Sedebo
593 862 644 916 in
670 869 856 915 monte
874 861 1207 928 testamenti,
1230 861 1283 914 in
1317 863 1579 919 lateribus
1600 862 1871 933 aquilonis

262 1017 267 1021 ,
297 955 318 1024 (
347 953 492 1010 Ibid.
523 954 568 1023 ).
604 970 624 1003 ι
668 951 775 1007 Iste
825 953 957 1007 dicit
991 968 1006 1005 :
1054 969 1072 1002 ι
1103 950 1215 1022 Ego
1241 963 1420 1007 autem
1489 969 1608 1009 sum
1673 953 1873 1008 vermis

264 1052 353 1098 ,et
403 1058 514 1096 non
553 1043 736 1107 homo,
777 1040 1128 1110 opprobrium
1191 1041 1472 1096 hominum
1535 1050 1592 1098 et
1639 1041 1873 1113 abjectio

300 1137 476 1206 plebis
509 1133 642 1204 (lca.
694 1137 840 1201 un).
881 1152 901 1186 ι
940 1131 1035 1188 ille
1066 1134 1197 1188 dicit
1230 1151 1244 1187 :
1292 1151 1311 1184 ‹
1370 1132 1675 1189 Ascendam
1717 1150 1878 1203 super

296 1227 638 1280 altitudinem
708 1225 956 1291 nubium,
1021 1227 1218 1282 similis
1250 1241 1348 1281 ero
1414 1225 1694 1282 Altissimo
1739 1227 1873 1299 (Isa.

298 1321 408 1376 xlvi
447 1337 463 1374 :
513 1338 534 1375 ι
575 1318 696 1385 Iste,
739 1336 758 1369 ι
788 1317 923 1374 Cum
953 1319 1006 1372 in
1055 1317 1230 1372 forma
1271 1317 1365 1372 Dei
1394 1327 1558 1383 esset,
1594 1334 1698 1373 non
1731 1319 1877 1389 rapi-

298 1412 766 1480 nam,jarbitratus
789 1421 870 1465 est
893 1425 1014 1465 esse
1027 1424 1089 1464 se
1109 1409 1370 1479 aequalem
1396 1409 1537 1475 Deo;
1570 1410 1662 1464 sed
1679 1418 1877 1464 semet-

298 1505 475 1574 ipsum
501 1502 825 1567 exinanivit,
853 1501 1084 1556 formam
1105 1502 1246 1556 servi
1275 1499 1728 1571 accipiens(P/ril.
1753 1499 1869 1572 11);»

301 1604 356 1650 et
388 1610 486 1664 per
523 1594 764 1650 membra
794 1608 890 1648 sua
914 1593 1174 1662 loquitur,
1201 1592 1391 1647 dicens
1417 1609 1431 1646 :
1459 1592 1876 1662 «Domine,qnis

302 1678 500 1734 similis
531 1678 624 1732 tibi
673 1674 846 1740 (Psal.
899 1680 1028 1747 ιιι)
1068 1677 1092 1730 i
1128 1695 1148 1730 ι
1176 1675 1265 1730 Ille
1291 1690 1386 1744 per
1407 1675 1643 1730 membra
1672 1689 1768 1730 sua
1793 1675 1876 1729 lo-

1981 494 2191 550 noravit
2219 493 2476 549 Dominus
2501 506 2798 552 conventus
2823 499 3084 555 malorum
3109 512 3163 556 et
3187 504 3450 560 destruxit
3471 522 3566 564 eos

1982 599 2152 653 usque
2200 585 2255 639 in
2305 583 2487 640 finem.
2526 607 2544 638 ι
2596 586 2672 640 De
2710 590 2959 657 superbia
3009 607 3240 660 namque
3273 608 3571 654 nascuntur

1980 676 2236 740 haereses,
2253 675 2567 740 schismata,
2589 677 2974 744 detractiones,
2992 681 3215 748 invidia,
3243 688 3567 756 verbositas,

1974 763 2258 834 jactantia,
2287 768 2684 832 contentiones,
2703 769 3094 838 animositates,
3117 775 3357 841 ambitio,
3383 779 3566 846 elatio,

1977 858 2349 926 prmsumptio,
2381 859 2616 924 vanitas,
2646 861 2978 930 inquietudo,
3008 867 3365 932 mendacium,
3395 873 3571 942 perjn-
3669 897 3688 914 ι

1981 948 2144 1012 rium.
2169 958 2223 1003 et
2256 958 2450 1004 caetera
2485 951 2770 1021 ejusmodi.
2812 954 2915 1009 Sed
2952 955 3065 1010 haec
3108 959 3227 1025 quis
3266 959 3474 1014 dubitet
3501 978 3566 1016 ex

1979 1041 2272 1107 cupiditate
2300 1057 2512 1111 quoque
2542 1045 2855 1112 procedere,
2883 1063 3003 1101 cum
3029 1064 3215 1103 omnes
3249 1051 3337 1118 qui
3372 1051 3571 1106 fuerint

1979 1131 2085 1187 illis
2112 1134 2363 1190 omnibus
2402 1137 2634 1201 morbis,
2675 1153 2811 1206 quos
2853 1140 3149 1204 nominavi,
3177 1144 3436 1212 corrupti,
3468 1144 3570 1198 ha-

1962 1223 2209 1294 beantur
2235 1233 2289 1279 et
2319 1225 2532 1295 cupidi?
2552 1227 2685 1282 Item
2711 1243 2832 1283 cum
2855 1230 3092 1297 gulosos,
3119 1232 3567 1302 intemperantes,

1979 1311 2243 1378 ebriosos,
2281 1314 2490 1380 avidos,
2514 1331 2759 1385 rapaces,
2781 1317 3120 1386 fomicarios,
3143 1323 3435 1387 adulteros,
3461 1333 3570 1379 stu-

1978 1406 2256 1466 pratores,
2308 1401 2582 1469 incestos,
2642 1403 2966 1476 ﬂagitiosos,
3019 1409 3286 1479 cupiditas
3341 1413 3568 1477 reddat:

1979 1489 2193 1558 quando
2229 1502 2456 1559 possunt
2497 1494 2615 1549 sine
2658 1499 2912 1565 superbia
2951 1499 3083 1554 tales
3115 1501 3276 1556 fieri?
3311 1502 3428 1557 sine
3464 1519 3572 1573 qua

1978 1580 2198 1634 omnino
2224 1597 2331 1635 non
2360 1594 2587 1652 possunt
2617 1587 2711 1640 Dei
2739 1597 3008 1658 praecepta
3034 1593 3349 1646 contemni?
3376 1595 3572 1662 quibus

1976 1671 2335 1740 prohibentur
2359 1673 2449 1727 illa
2477 1676 2658 1728 omnia
2686 1676 2828 1731 mala
2867 1695 2988 1748 qua:
3029 1681 3278 1750 superius
3319 1699 3571 1754 compre—

306 1761 496 1841 qpitur
515 1761 699 1815 dicens
729 1778 745 1814 :
781 1778 800 1812 ‹
837 1758 1032 1815 Nescio
1051 1759 1244 1824 Deum,
1269 1767 1322 1812 et
1343 1755 1508 1812 Israel
1529 1771 1634 1811 non
1662 1757 1874 1813 dimitto
1907 1753 1954 1812 B
1982 1763 2145 1818 bendi
2171 1781 2185 1830 ;
2228 1763 2455 1835 ideoque
2485 1767 2530 1822 si
2558 1767 2806 1822 volumus
2843 1785 3221 1828 consummare
3249 1776 3420 1829 ηοειιιί
3445 1753 3573 1831 reet-

305 1841 509 1920 (Exod.
548 1851 624 1919 v).
667 1868 686 1901 ι
711 1848 820 1904 lste
843 1863 939 1919 per
960 1849 1307 1918 semetipsum
1332 1847 1506 1900 dicit:
1543 1863 1564 1898 ι
1599 1845 1656 1901 Si
1684 1849 1872 1903 dixero

301 1944 426 2012 quia
457 1958 562 1996 non
592 1941 717 1995 novi
749 1956 894 2006 eum,
913 1955 1010 1996 ero
1043 1939 1236 1995 similis
1268 1938 1442 2004 vobis,
1474 1939 1744 1994 mendax:
1773 1939 1870 1995 sed

303 2025 433 2080 novi
460 2041 604 2088 eum,
627 2032 680 2079 et
705 2039 1010 2080 sermonem
1039 2023 1158 2094 ejus
1189 2035 1346 2076 servo
1363 2020 1546 2092 (Joan.
1579 2021 1696 2090 vn).
1727 2039 1746 2074 ι
1775 2021 1870 2078 Ille

297 2109 465 2164 dicit:
492 2128 510 2161 ι
524 2108 640 2163 Mea
657 2117 784 2164 sunt
798 2108 1096 2173 flumina,et
1110 2121 1207 2175 ego
1224 2105 1326 2161 feci
1345 2120 1410 2160 ea
1430 2104 1828 2177 (Ειεειωςικ).
1841 2123 1861 2160 ι

282 2210 392 2267 Iste
417 2213 585 2268 dicit:
629 2231 649 2264 ι
685 2211 803 2268 Non
830 2227 1048 2284 possum
1078 2226 1179 2282 ego
1213 2225 1245 2264 a
1272 2210 1481 2280 meipso
1510 2210 1693 2265 facere
1722 2209 1881 2280 quid-

285 2317 451 2372 quam
477 2302 660 2374 (Joan.
690 2303 768 2374 v).
806 2323 826 2354 ι
861 2303 928 2356 Et
955 2316 1209 2357 rursum:
1245 2318 1263 2351 ι
1297 2300 1462 2354 Pater
1501 2314 1656 2354 meus
1703 2301 1756 2353 in
1792 2315 1881 2356 me

277 2410 516 2450 manens
543 2396 657 2466 ipse
681 2394 812 2449 facit
832 2409 998 2464 Opera
1029 2393 1211 2463 (Joan.
1239 2391 1375 2463 xxv).
1413 2410 1432 2444 ι
1464 2390 1557 2446 Ille
1578 2407 1740 2460 regna
1763 2407 1882 2448 om-

285 2487 379 2541 nia
425 2487 718 2543 ostendens
755 2487 918 2541 dicit:
966 2502 986 2536 ‹
1035 2484 1155 2539 Tibi
1202 2482 1340 2538 dabo
1377 2490 1701 2552 potestatem
1742 2482 1881 2537 hanc

283 2580 629 2647 universam,
676 2587 732 2634 et
764 2577 992 2650 gloriam
1036 2575 1281 2639 illorum,
1334 2574 1460 2645 quia
1502 2573 1635 2628 mihi
1683 2573 1881 2628 tradita

281 2681 432 2735 sunt,
465 2679 521 2726 et
566 2670 652 2726 cui
695 2669 815 2724 volo
860 2669 928 2723 do
963 2668 1052 2722 illa
1101 2665 1317 2739 (Matth.
1367 2665 1466 2736 ιν).
1505 2685 1523 2718 ι
1556 2665 1661 2720 lste
1705 2665 1876 2719 dicit:

290 2780 311 2812 ι
344 2760 584 2816 Calicem
611 2760 828 2830 quidem
862 2773 1041 2813 meum
1067 2756 1304 2822 bibetis;
1356 2757 1547 2810 sedere
1585 2763 1764 2810 autem
1811 2754 1880 2808 ad

283 2850 569 2907 dexteram
599 2850 684 2906 vel
711 2850 779 2904 ad
807 2849 1084 2904 sinistram
1115 2862 1290 2901 meam
1314 2861 1419 2900 non
1442 2853 1527 2901 est
1549 2861 1727 2899 meum
1749 2845 1881 2899 dare

283 2943 460 3008 vobis,
490 2942 584 2997 sed
612 2941 810 3011 quibus
835 2948 1084 3010 paratum
1123 2945 1207 2993 est
1232 2952 1263 2990 a
1291 2937 1451 2990 Patre
1489 2949 1610 2990 meo
1641 2933 1876 3005 (Matth.

282 3033 414 3105 xx).
457 3053 478 3086 ι
509 3033 601 3088 llle
627 3033 799 3088 dicit:
843 3050 861 3082 ί
889 3031 1052 3086 Eritis
1093 3030 1234 3085 sicut
1273 3029 1369 3096 dii,
1415 3029 1649 3084 scientes
1677 3029 1878 3082 bonum

1982 1854 2202 1911 taminis
2230 1871 2472 1922 cursum,
2505 1873 2795 1915 caveamus
2826 1861 3091 1931 imprimis
3116 1866 3460 1935 cupiditatem
3491 1877 3574 1923 at-

1981 1961 2088 2016 que
2136 1948 2480 2017 superbiam,
2525 1965 2633 2005 non
2676 1952 2781 2007 duo
2809 1953 2983 2020 mala,
3014 1957 3109 2010 sed
3145 1974 3351 2024 unum;
3392 1975 3422 2014 a
3465 1976 3573 2032 quo

1981 2038 2206 2092 trahunt
2234 2054 2422 2095 omnes
2441 2042 2568 2096 mali
2591 2053 2742 2098 actus
2765 2043 2996 2100 initium.
3025 2045 3162 2104 Nam
3184 2050 3302 2106 sine
3321 2053 3575 2122 superbia

1981 2147 2101 2202 qua:
2129 2142 2359 2202 possunt
2385 2135 2575 2190 saltem
2601 2137 2844 2192 inchoari
2869 2143 3132 2209 peccata?
3165 2159 3288 2199 cum
3325 2146 3569 2202 dicatur:

1987 2241 2006 2274 ι
2038 2222 2255 2278 Initium
2281 2225 2459 2281 omnis
2483 2228 2691 2295 peccati
2719 2231 2968 2298 superbia
2995 2231 3164 2303 (Eccl.
3181 2233 3273 2306 x);
3299 2255 3317 2287 ι
3338 2243 3432 2289 aut
3453 2236 3574 2292 sine

1934 2345 1941 2353 -
1980 2317 2307 2386 cupiditate,
2349 2333 2470 2388 quae
2511 2327 2593 2374 est
2624 2320 2888 2376 malorum
2919 2325 3161 2380 omnium
3209 2327 3396 2392 radix,
3445 2342 3568 2396 quae

1979 2417 2207 2478 possunt
2235 2407 2352 2462 fieri
2380 2408 2541 2474 mala,
2575 2425 2696 2464 cum
2730 2412 2847 2466 sine
2875 2413 3059 2469 radice
3081 2415 3284 2482 omnia,
3307 2425 3400 2471 aut
3422 2416 3570 2472 nulla

1982 2497 2328 2566 deputentur,
2359 2506 2454 2553 aut
2477 2501 2732 2556 mortua?
2767 2503 2968 2558 Deinde
2999 2504 3042 2560 si
3072 2506 3347 2575 quodlibet
3371 2525 3570 2580 pecca-

1983 2593 2092 2640 tum
2136 2596 2451 2657 perpetrare
2478 2605 2586 2644 non
2627 2605 2869 2660 possum,
2915 2594 3019 2649 nisi
3048 2610 3183 2651 meae
3225 2597 3572 2655 delectationi

1983 2679 2319 2735 consentiam
2342 2720 2356 2744 ,
2395 2681 2538 2750 quod
2572 2683 2884 2752 cupiditatis
2913 2694 2996 2740 est
3039 2688 3349 2756 proprium,
3391 2698 3447 2744 et
3475 2689 3573 2746 Dei

1981 2781 2250 2843 praecepta
2294 2781 2670 2839 contemnam,
2719 2777 2860 2845 quod
2908 2787 2991 2832 est
3031 2780 3294 2849 superbia:
3330 2781 3566 2838 malum:

1982 2865 2253 2932 quomodo
2285 2879 2391 2920 non
2415 2880 2482 2919 ex
2505 2865 2817 2935 cupiditate,
2847 2883 2967 2936 quae
2995 2876 3080 2923 est
3119 2869 3268 2924 radix
3305 2870 3571 2926 malorum

1981 2953 2249 3018 omnium,
2278 2962 2331 3008 et
2357 2967 2421 3007 ex
2454 2954 2726 3022 superbia,
2764 2971 2882 3024 qua:
2917 2956 3128 3010 initium
3159 2957 3336 3012 omnis
3360 2960 3572 3027 peccati

1983 3045 2209 3108 dicitur,
2257 3045 2438 3099 omnia
2480 3044 2620 3098 mala
2653 3061 2757 3100 non
2802 3049 3142 3102 nascuntur?
3186 3057 3408 3119 pmptcr
3450 3065 3571 3120 qua:

280 3140 340 3185 et
369 3131 572 3185 malum
601 3127 753 3200 (Gen.
784 3128 891 3200 ιιι).
931 3147 950 3180 ι
984 3127 1092 3182 Iste
1117 3125 1284 3180 dicit:
1329 3142 1346 3175 ι
1379 3123 1496 3178 Νοιι
1523 3131 1604 3178 est
1637 3131 1876 3178 vestrum

1980 3136 2120 3192 mala
2148 3136 2507 3192 exhonorabit
2542 3136 2802 3194 Dominus
2841 3149 3140 3196 conventus
3181 3142 3474 3209 malorum,
3515 3151 3573 3200 et

280 3237 446 3276 nosse
480 3229 719 3291 tempora
739 3219 824 3274 vel
851 3225 1146 3282 momenta,
1177 3232 1295 3286 qua:
1324 3214 1488 3270 Pater
1508 3214 1688 3284 posuit
1708 3214 1762 3267 in
1780 3229 1876 3268 sua

279 3319 551 3381 potestate
579 3309 718 3382 (Act.
751 3309 813 3380 ι).
845 3328 863 3360 ι
898 3307 990 3362 llle
1021 3317 1080 3361 ut
1111 3306 1358 3361 voluntas
1393 3305 1575 3382 divina
1614 3303 1878 3373 despicia-

282 3410 396 3466 tur,
427 3409 562 3454 etut
589 3399 758 3470 possit
785 3399 1003 3468 pr0pria
1035 3397 1264 3452 suadere
1289 3396 1453 3451 dicit:
1491 3413 1508 3446 ι
1543 3394 1653 3450 Cur
1675 3409 1877 3464 praece—

279 3491 363 3561 pit
391 3489 545 3544 vobis
574 3491 744 3556 Deus,
788 3496 846 3542 ut
886 3503 994 3543 non
1043 3487 1400 3542 comederetis
1437 3501 1505 3541 ex
1540 3487 1687 3541 omni
1731 3485 1875 3557 ligno

278 3586 523 3656 paradisi
569 3583 721 3656 (Gen.
769 3584 897 3657 in)?
937 3604 956 3638 ι
1004 3583 1071 3638 Et
1119 3583 1278 3654 paulo
1307 3591 1464 3652 post:
1505 3600 1523 3633 ‹
1577 3581 1692 3637 Scit
1731 3583 1876 3638 enim

279 3677 451 3745 Deus,
480 3679 625 3749 quod
653 3679 705 3732 in
731 3692 1053 3747 quocunque
1075 3675 1161 3730 die
1187 3674 1530 3730 comederitis
1551 3690 1617 3729 ex
1640 3690 1726 3741 eo,
1749 3689 1874 3744 ape-

281 3770 498 3825 rientur
521 3768 662 3826 oculi
686 3769 852 3824 vestri
883 3765 1094 3840 (Ibid.).
1130 3786 1151 3820 ι
1178 3765 1283 3821 Iste
1307 3766 1468 3821 dicit:
1500 3783 1518 3817 ‹
1551 3765 1669 3821 Νοιι
1689 3781 1874 3835 quaero

279 3860 618 3915 voluntatem
662 3874 869 3924 meam,
922 3859 1015 3914 sed
1057 3857 1389 3913 voluntatem
1433 3855 1548 3924 ejus
1591 3856 1682 3926 qui
1726 3856 1874 3910 misit

279 3965 375 4005 me
403 3948 586 4022 (Joan.
608 3948 685 4022 v).
719 3970 738 4003 ι
762 3951 854 4006 llle
874 3965 971 4020 per
991 3949 1230 4004 membra
1251 3964 1347 4004 sua
1373 3947 1631 4017 loquitur,
1655 3948 1869 4003 dicens:

287 4062 307 4096 ι
339 4043 560 4098 Nullum
584 4052 798 4113 pratum
828 4043 918 4109 sit,
949 4042 1089 4112 quod
1128 4056 1235 4096 non
1275 4047 1620 4110 pertranseat
1657 4039 1872 4093 luxuria

282 4145 474 4190 nostra
494 4153 507 4188 ζ
531 4149 853 4190 coronemus
879 4147 978 4187 nos
1001 4131 1161 4196 I‘OSiS,
1191 4138 1478 4199 antequam
1508 4135 1867 4195 marcescant,

282 4225 486 4294 ubique
518 4223 884 4292 relinquamus
909 4223 1062 4292 signa
1095 4220 1295 4275 laetitiae
1323 4227 1521 4274 nostra:
1548 4217 1698 4290 (Sap.
1729 4216 1814 4288 ιι).
1845 4235 1864 4268 ι

279 4320 394 4374 Iste
415 4316 673 4372 membris
695 4316 806 4371 suis
829 4313 1176 4385 praenuntiat,
1195 4312 1411 4367 dicens:
1441 4331 1459 4362 ι
1489 4311 1555 4365 Et
1588 4310 1870 4381 plorabitis

281 4419 340 4464 et
372 4407 568 4463 ﬂebilis
596 4423 714 4473 vos,
738 4405 970 4461 mundus
989 4414 1169 4460 autem
1195 4405 1452 4474 gaudebit
1477 4403 1659 4474 (Joan.
1683 4403 1817 4475 xw).
1840 4423 1860 4457 ι

1978 3231 2222 3285 destruet
2249 3245 2343 3285 eos
2366 3243 2540 3300 usque
2568 3230 2621 3284 in
2646 3230 2834 3287 tinem.

2051 3350 2071 3384 ‹
2101 3331 2270 3388 Sedes
2300 3333 2495 3388 ducum
2521 3332 2876 3402 superborum
2905 3333 3172 3389 destruxit
3195 3335 3338 3392 Deus
3357 3376 3372 3401 ,
3400 3345 3455 3392 et
3479 3351 3570 3393 se-

1982 3439 2001 3474 :
2025 3422 2153 3478 dere
2179 3423 2306 3478 fecit
2332 3423 2492 3479 mites
2518 3438 2617 3492 pro
2646 3423 2768 3478 illis.
2792 3443 2811 3476 ι
2833 3423 3000 3492 Hujus
3025 3427 3306 3482 sententiae
3325 3427 3584 3484 similitu-

1975 3511 2156 3567 dinem
2181 3513 2351 3567 Maria
2385 3520 2560 3567 mater
2583 3513 2794 3568 Domini
2824 3514 2877 3567 in
2909 3516 3120 3570 cantico
3146 3518 3460 3586 evangelico
3483 3534 3575 3574 ex-

1974 3602 2194 3670 pressit,
2225 3602 2411 3658 dicens
2437 3620 2450 3656 :
2490 3621 2508 3652 ¢
2542 3603 2796 3672 Deposuit
2816 3610 3064 3672 potentes
3086 3607 3151 3661 de
3179 3607 3324 3670 sede,
3349 3616 3406 3662 et
3426 3608 3579 3664 exal-

1974 3693 2108 3748 tavit
2147 3694 2377 3749 humiles
2420 3693 2582 3766 (Luc.
2615 3694 2688 3764 ι).
2726 3715 2745 3747 ›
2787 3694 2940 3762 Quod
2983 3696 3106 3751 licet
3136 3698 3460 3768 generaliter
3501 3699 3571 3754 de

1973 3785 2225 3841 omnibus
2245 3786 2492 3854 superbis
2515 3793 2569 3839 et
2587 3787 2838 3842 omnibus
2859 3787 3152 3843 humilibus
3175 3789 3228 3842 in
3250 3789 3355 3843 fine
3376 3789 3564 3846 mundi

1971 3876 2143 3945 possit
2175 3875 2370 3944 acCipi,
2403 3875 2525 3944 quia
2561 3893 2579 3925 «
2613 3873 2802 3930 Omnis
2827 3877 2917 3946 qui
2961 3892 3020 3931 se
3048 3877 3279 3943 exaltat,
3314 3879 3569 3934 humilia-

1965 3963 2158 4028 .bitnr:
2191 3971 2245 4018 et
2269 3967 2359 4033 qui
2384 3979 2441 4018 se
2468 3964 2739 4030 humiliat,
2767 3966 3124 4031 exaltabitur,
3165 3985 3183 4018 ι
3219 3975 3401 4023 tamen
3439 3983 3566 4038 spe-

1971 4053 2182 4108 cialiter
2207 4053 2273 4107 ad
2304 4054 2554 4108 doctores
2577 4053 2710 4124 legis
2738 4054 2947 4124 priscae,
2985 4056 3087 4112 hoc
3115 4065 3199 4112 est
3243 4055 3466 4112 Scribas
3508 4065 3565 4112 et

1970 4141 2291 4207 Pharisaaos,
2322 4150 2377 4196 et
2403 4142 2784 4211 praedicatores
2816 4136 3122 4216 Evangelii,
3151 4145 3256 4201 hoc
3291 4154 3406 4213 est,
3437 4163 3572 4218 apo-

1971 4231 2139 4286 stolos
2158 4239 2212 4285 et
2233 4231 2588 4300 evangelistas
2609 4230 2894 4287 transferri
2919 4241 3114 4303 potest.
3136 4233 3414 4289 Destruxit
3435 4249 3562 4306 ergo

1970 4326 2112 4380 Deus
2133 4323 2418 4378 cathedras
2452 4331 2508 4376 et
2533 4323 2901 4393 magisterium
2935 4323 3249 4378 Scribarum
3279 4332 3334 4378 et
3367 4323 3563 4378 Phari—

1974 4425 2239 4474 sreorum,
2282 4409 2409 4479 quia
2450 4410 2755 4464 venientem
2800 4410 2993 4464 Filium
3024 4411 3116 4464 Dei
3151 4409 3563 4479 praesentialiter

281 4500 382 4554 llle
408 4497 541 4552 nihil
567 4495 707 4551 aliud
735 4504 942 4550 mentes
970 4495 1071 4550 sibi
1095 4494 1337 4549 subditas
1358 4495 1543 4559 docet,
1568 4509 1730 4563 quam
1763 4494 1871 4549 cel-
1896 4479 1948 4538 Ῑ)
1974 4503 2215 4572 recipere
2255 4499 2600 4572 reSpuebant,
2647 4511 2702 4557 et
2742 4501 3012 4572 apostolos
3039 4502 3296 4567 homines
3312 4502 3564 4557 videlicet

280 4587 539 4644 situdinis
575 4586 787 4641 culmen
833 4593 1117 4656 appetere,
1163 4593 1358 4639 cuncta
1404 4583 1633 4653 mqualia
1672 4587 1869 4642 mentis

282 4689 500 4733 tumore
529 4676 934 4742 transcendere,
976 4676 1288 4731 societatem
1323 4675 1563 4729 omnium
1591 4675 1869 4731 hominum

278 4769 395 4823 alta
417 4767 650 4822 elatione
678 4766 927 4830 transire,
961 4780 1026 4820 ac
1051 4780 1170 4821 sese
1199 4773 1386 4820 contra
1408 4766 1702 4834 potentiam
1734 4780 1866 4821 con-

278 4859 480 4914 ditoris
499 4860 726 4930 erigere.
757 4857 907 4912 Sicut
935 4857 1000 4913 de
1020 4857 1224 4912 eisdem
1248 4871 1344 4927 per
1367 4855 1711 4913 Psalmistam
1735 4858 1870 4915 dici-

280 4959 420 5009 tur:
464 4969 484 5004 ι
525 4951 884 5008 Transierunt
913 4951 969 5005 in
990 4949 1341 5020 dispositione
1364 4949 1563 5016 cordis,
1594 4952 1866 5023 cogitave-

291 5052 427 5099 runt
453 5051 504 5096 et
539 5041 700 5096 locuti
729 5046 859 5094 sunt
883 5037 1170 5105 nequitias.
1199 5032 1548 5103 Iniquitateln
1593 5033 1647 5087 in
1684 5032 1865 5088 excel-

290 5147 422 5190 sum
452 5133 614 5188 locuti
642 5139 768 5185 sunt
802 5127 971 5198 (Paul.
1007 5123 1204 5194 usu).
1265 5141 1285 5175 ι
1327 5123 1430 5180 Iste
1467 5123 1534 5178 ad
1574 5132 1758 5194 sputa,
1799 5125 1868 5181 ad

286 5228 528 5296 palmas,
560 5222 628 5276 ad
651 5220 929 5288 colaphos,
968 5219 1034 5273 ad
1068 5217 1311 5286 spineam
1343 5229 1622 5280 coronam,
1649 5214 1716 5270 ad
1744 5229 1869 5270 cru-

286 5331 440 5380 cem,
472 5315 539 5368 ad
567 5313 826 5374 lanceam,
853 5321 1016 5377 atque
1057 5308 1125 5362 ad
1159 5315 1386 5360 mortem
1417 5307 1659 5370 veniens,
1695 5321 1868 5362 mem-

285 5410 396 5464 bra
417 5420 513 5459 sua
545 5407 797 5459 admonet
819 5401 1003 5455 dicens
1044 5417 1057 5453 :
1090 5417 1108 5449 ι
1145 5396 1200 5450 Si
1231 5398 1350 5465 quis
1381 5398 1512 5451 mihi
1569 5398 1864 5464 ministrat,

278 5504 380 5546 me
407 5497 666 5559 sequatur
699 5487 880 5560 (han.
905 5484 1025 5557 ιιι).
1064 5503 1083 5538 ι
1116 5483 1406 5554 [lucusque
1429 5483 1738 5558 Gregorius.
1761 5488 1866 5544 De-

279 5583 421 5641 hinc
447 5597 567 5652 qua:
591 5588 886 5650 sequantur
911 5579 964 5633 in
993 5576 1220 5634 historia
1245 5577 1545 5632 videamus.

368 5693 387 5726 ι
418 5671 519 5739 Qui
549 5671 800 5738 tenuerit,
839 5669 1043 5740 inquit,
1080 5667 1254 5736 illam,
1286 5668 1662 5738 adimplebitur
1702 5668 1868 5725 maie-

1975 4591 2310 4656 mitissimos,
2337 4590 2527 4659 suique
2555 4591 2796 4662 magistri
2827 4592 3127 4646 imitatores
3156 4590 3480 4646 fortissimos
3505 4590 3561 4646 in

1974 4682 2179 4737 honore
2214 4681 2489 4752 dignitatis
2534 4680 2744 4735 illorum
2777 4681 3119 4748 sublimavit,
3152 4689 3213 4736 ut
3249 4695 3436 4735 eorum
3465 4680 3562 4735 do-

1975 4772 2166 4827 ctrinis
2192 4779 2353 4840 atque
2389 4771 2648 4839 exemplis
2691 4773 2937 4828 nationes
2975 4771 3121 4826 orbis
3156 4779 3420 4827 terrarum
3458 4771 3560 4826 im-

1973 4861 2288 4916 buerentur.
2321 4861 2474 4929 Quod
2507 4869 2560 4916 et
2583 4861 2850 4931 Propheta
2882 4863 2938 4916 in
2961 4861 3184 4932 psalmis
3211 4862 3556 4932 praecinebat,

1972 4953 2193 5008 dicens:
2233 4969 2252 5002 ‹
2285 4951 2391 5006 Pro
2414 4952 2659 5022 patribus
2685 4951 2792 5007 tuis
2817 4952 2929 5007 nati
2966 4961 3092 5008 sunt
3125 4952 3223 5007 tibi
3255 4951 3388 5006 filii:
3422 4967 3556 5007 con—

1969 5041 2164 5096 stitues
2192 5055 2286 5096 eos
2309 5040 2580 5111 principes
2609 5055 2770 5110 super
2795 5055 3010 5096 omnem
3039 5049 3261 5097 terram.
3290 5041 3558 5099 Memores

1969 5141 2131 5186 erunt
2153 5131 2387 5186 nominis
2415 5132 2511 5197 tui,
2545 5131 2792 5198 Domine,
2834 5132 2888 5186 in
2924 5133 3070 5187 omni
3112 5133 3457 5203 generatione
3500 5140 3558 5187 et

1970 5221 2229 5293 progenie
2253 5218 2425 5293 (Psal.
2454 5221 2623 5292 κων).
2662 5241 2680 5274 ι
2709 5220 2816 5276 Sed
2846 5222 2974 5292 quia
3012 5223 3155 5278 sicut
3188 5222 3433 5293 magistri
3461 5220 3557 5276 Ju-

1971 5312 2208 5366 dzeorum
2234 5321 2452 5382 propter
2478 5311 2759 5382 perfidiam
2787 5314 3056 5383 reprobati
3087 5323 3233 5379 sunt,
3262 5315 3336 5368 ita
3357 5321 3411 5367 et
3439 5311 3555 5380 ipse

1969 5402 2198 5472 populus
2219 5410 2440 5472 propter
2465 5402 2834 5458 infidelitatem
2863 5403 3136 5474 dispersus
3162 5411 3263 5467 est,
3291 5409 3345 5456 et
3367 5407 3554 5470 gentes

1971 5491 2026 5545 in
2073 5506 2260 5546 eorum
2304 5491 2482 5546 locum
2531 5493 2811 5547 credentes
2853 5491 3099 5556 Christo,
3143 5501 3198 5546 et
3237 5488 3552 5544 obedientcs

1971 5582 2262 5656 Evangelio
2287 5592 2684 5640 successerunt.
2712 5585 2838 5639 lnde
2867 5585 3156 5654 subjungit,
3184 5582 3403 5636 dicens:

2049 5696 2068 5731 ι
2098 5679 2327 5736 Radices
2351 5680 2589 5750 gentium
2630 5677 2981 5749 superbarum
3026 5673 3248 5730 arefecit
3279 5673 3452 5737 Deus,
3495 5678 3552 5726 et
