3928 6182
379 317 488 377 855

1037 309 1096 364 Β.
1135 301 1388 362 RABANI
1427 300 1650 360 MAURI
1681 295 2007 356 ARCHIEP.
2051 292 2364 353 MOGUNT.
2401 288 2693 351 OPER-UM
2727 289 2909 348 PARS
2947 288 2988 345 ι.

3559 290 3675 346 856

386 450 405 482 ι
437 427 701 501 plantavit
723 423 954 480 humiles
973 435 1038 476 ex
1060 418 1190 490 ipsis
1212 417 1479 489 gentibus.
1509 415 1709 470 Terras
1727 412 1969 486 gentium
1995 413 2049 475 Α
2145 427 2170 501 ι
2208 408 2409 464 Semen
2437 407 2734 479 .bominum
2778 403 3136 501 honorabimr
3177 404 3285 461 hoc
3503 405 3684 501 iunci

387 545 406 579 ι
442 522 636 580 evertit
664 518 940 580 Dominus,
973 523 1027 569 et
1063 512 1297 585 perdidit
1341 527 1435 566 eas
1471 523 1649 578 usque
1680 509 1745 563 ad
1784 505 1976 560 fundas

392 638 409 670 ι
451 623 729 678 ιιιειιιιιιη;
773 608 996 664 arefecit
1025 623 1092 662 ex
1121 605 1252 677 ipsis
1286 611 1342 660 et
1384 602 1700 674 disperdidit
1737 600 1858 655 illos
1879 639 1894 666 ,
1924 607 1980 654 et

391 730 409 762 ι
449 722 664 765 cessare
697 705 827 760 fecit
869 703 1184 758 memoriam
1211 716 1399 756 eorum
1441 715 1470 754 a
1521 708 1689 754 terra.
1739 697 1978 754 Perdidit

393 819 411 852 ε
450 801 591 855 Deus
616 791 931 853 memoriam
953 794 1325 865 superborum.
1345 799 1400 845 et
1422 789 1639 860 reliquit
1661 789 1979 844 memoriam

393 908 410 941 ι
447 888 730 944 humilium
763 901 944 941 sensu.
985 905 1002 937 ι
1037 883 1406 954 Superbarum
1450 897 1580 951 ergo
1619 880 1854 951 plebium
1886 895 1977 932 ra-

389 982 538 1038 dices
588 980 812 1036 arefecit
842 978 1120 1042 Dominus,
1166 976 1380 1045 quando
1413 983 1624 1045 gentem
1667 971 1980 1028 Judatorum

388 1088 511 1128 cum
558 1071 670 1126 suis
710 1069 1048 1125 caeremoniis
1087 1067 1330 1137 expulit;
1368 1077 1423 1120 et
1459 1066 1726 1136 plantavit
1750 1064 1982 1119 humiles

387 1178 452 1218 ex
475 1163 624 1232 ipsis,
655 1161 868 1230 quando
893 1175 960 1214 ex
989 1158 1176 1214 eadem
1205 1158 1552 1228 generatione
1575 1156 1846 1226 apostolos
1873 1155 1982 1210 ele-

388 1254 485 1325 git,
525 1265 581 1306 et
609 1251 938 1321 primitivam
968 1248 1264 1304 Ecclesiam
1303 1247 1354 1300 in
1398 1245 1700 1301 Jerusalem
1732 1253 1984 1300 constru-

387 1344 486 1397 xit.
527 1361 545 1395 ‹
579 1341 778 1397 Terras
822 1341 1063 1411 gentium
1093 1339 1290 1392 evertit
1321 1336 1611 1400 Dominus,
1654 1344 1710 1390 et
1751 1335 1985 1407 perdidit

389 1449 482 1488 eas
522 1447 693 1502 usque
737 1432 804 1485 ad
850 1430 1294 1494 fundamentum,
1341 1449 1357 1481 ›
1410 1431 1625 1498 quando
1655 1427 1982 1483 hdmicidam

389 1523 663 1576 civitatem
694 1536 789 1590 per
818 1522 983 1575 duces
1025 1519 1297 1574 Romanos
1327 1529 1380 1573 et
1410 1519 1804 1574 multitudinem
1849 1535 1983 1592 gen-

2083 518 2105 554 σ
2141 499 2459 567 Dominum,
2489 513 2675 554 semen
2716 507 2898 553 autem
2932 499 3040 553 hoc
3066 496 3482 553 inhonorabitur
3503 499 3682 554 homi-

2084 609 2104 644 ι
2137 605 2288 656 num,
2319 590 2462 660 quod
2486 589 2729 660 praeterit
2747 588 3004 644 mandata
3034 588 3268 643 Domini.
3306 607 3328 639 ι
3357 586 3558 644 Semen
3581 604 3683 659 po-

2081 685 2161 739 nit
2190 700 2288 754 pro
2314 684 2680 756 generatione,
2726 684 2850 754 quia
2894 683 3036 752 apud
3074 681 3401 753 Prophetam
3439 681 3677 752 legitur:

2085 797 2105 830 ι
2142 776 2432 832 Generatio
2485 777 2841 846 qumrentium
2894 776 3226 843 Dominum,
3282 778 3679 848 requirentium

2081 867 2276 923 faciem
2309 868 2401 922 Dei
2425 865 2591 922 Jacob
2621 865 2796 936 (Psal.
2827 865 3006 938 χχιιι).
3043 886 3062 918 ο
3089 866 3156 922 Et
3177 867 3230 921 in
3259 866 3552 938 Evangelia
3572 865 3679 920 alia

2082 963 2360 1033 generatio
2389 962 2736 1028 describitur,
2776 963 2880 1017 hoc
2905 970 3009 1025 est,
3038 975 3204 1032 prava
3233 969 3288 1015 et
3313 975 3591 1030 perversa,
3626 967 3682 1014 et

2083 1055 2352 1124 genimina
2379 1054 2686 1124 viperarum
2718 1051 2872 1123 (Luc.
2901 1051 3009 1124 ιιι).
3047 1051 3152 1107 Sed
3189 1051 3465 1123 generatio
3502 1059 3680 1106 recto-

2080 1161 2202 1200 rum
2234 1145 2619 1209 benedicetur;
2654 1159 2817 1214 super
2839 1157 3064 1213 pravam
3096 1144 3497 1214 generationem
3535 1161 3555 1193 ‹
3587 1157 3680 1197 ve-

2083 1235 2197 1290 niet
2226 1236 2402 1290 omnis
2428 1235 2649 1306 sanguis
2677 1233 2874 1304 justus,
2915 1236 3006 1305 qui
3035 1233 3236 1289 effusus
3265 1242 3348 1288 est
3372 1233 3438 1288 ab
3465 1233 3679 1304 origine

2086 1327 2307 1380 mundi:
2347 1346 2366 1378 »
2399 1327 2503 1381 hoc
2530 1334 2633 1390 εει,
2665 1346 2684 1378 ι
2727 1341 2756 1379 a
2793 1327 3055 1397 sanguine
3079 1325 3213 1380 Abel
3235 1324 3369 1395 justi
3397 1339 3572 1394 usque
3609 1322 3677 1376 ad

2086 1417 2400 1486 sanguinem
2432 1433 2452 1466 ›
2473 1415 2751 1471 novissimi
2776 1416 2973 1480 sancti,
2997 1416 3092 1485 qui
3126 1415 3181 1468 in
3208 1415 3314 1470 fine
3333 1413 3518 1468 mundi
3550 1427 3676 1469 ven-

2085 1515 2240 1562 turus
2271 1515 2355 1562 est
2380 1524 2394 1572 ;
2441 1526 2460 1559 ι
2494 1515 2551 1562 ει
2585 1508 2742 1562 ibunt
2773 1508 2922 1578 impii
2951 1508 3006 1561 in
3036 1507 3358 1577 supplicium
3385 1513 3675 1570 aeternum,

390 1613 526 1667 tium
559 1628 733 1681 usque
763 1613 829 1667 ad
853 1612 1261 1666 fundamentum
1301 1612 1514 1681 dejccit.
1542 1611 1822 1681 Templum
1851 1628 1971 1682 quo-

2080 1599 2211 1671 justi
2241 1607 2420 1654 autem
2447 1600 2499 1653 in
2530 1599 2692 1654 vitam
2721 1608 3000 1654 aeternam.
3040 1619 3059 1650 ι

377 1697 494 1772 que
527 1702 776 1758 inccndio
820 1703 1206 1768 concremavit,
1255 1703 1504 1772 ipsosque
1539 1703 1984 1772 praevaricatores

2165 1708 2184 1742 ‹
2221 1689 2276 1743 In
2307 1689 2486 1744 medio
2517 1689 2744 1744 fratrum
2776 1699 2956 1745 rector
2983 1689 3205 1745 illorum
3245 1690 3300 1744 in
3337 1689 3582 1752 honore,
3624 1696 3681 1743 et

389 1794 585 1864 partim
617 1793 787 1857 clade,
820 1794 1016 1862 partim
1053 1791 1359 1862 pestilentia
1402 1799 1454 1845 et
1487 1791 1645 1856 fame,
1678 1793 1982 1861 partimque
2011 1777 2057 1836 Β
2090 1799 2109 1832 t
2143 1780 2233 1848 qui
2265 1781 2455 1834 timent
2475 1779 2645 1835 Deum
2677 1789 2838 1835 erunt
2871 1781 2924 1835 ill
2947 1781 3116 1836 oculis
3145 1781 3308 1836 illius.
3340 1800 3358 1832 ι
3398 1779 3549 1836 Ordo
3582 1793 3679 1834 ec-

391 1885 706 1956 captivitate
732 1883 1082 1954 disperdidit;
1111 1890 1164 1937 et
1194 1898 1519 1952 synagogam
1543 1897 1728 1937 eorum
1750 1898 1847 1952 per
1869 1884 1984 1937 uni-

392 1990 578 2030 versas
609 1975 794 2029 mundi
821 1982 1005 2043 partes
1043 1973 1380 2043 dispergens,
1427 1972 1724 2028 Ecclesium
1760 1989 1857 2043 per
1902 1981 1985 2027 to-

392 2073 504 2120 tum
533 2064 718 2118 orbem
751 2073 1017 2118 terrarum
1045 2064 1112 2117 ad
1142 2063 1402 2117 honorem
1454 2071 1510 2117 et
1554 2063 1752 2118 cultum
1786 2063 1866 2119 sui
1893 2079 1982 2118 no-

377 2155 551 2210 minis
577 2154 838 2220 fundavit,
868 2163 1134 2224 quatenus
1164 2153 1425 2207 memoria
1477 2153 1693 2207 illorum
1738 2170 1860 2209 cum
1897 2167 1984 2208 so—

387 2245 501 2299 nitu
529 2245 750 2315 periret,
788 2253 840 2300 et
873 2245 1101 2299 istorutn
1145 2244 1348 2299 mentio
1391 2244 1444 2297 in
1487 2252 1752 2298 mtcrnum
1794 2259 1980 2300 coram

396 2339 568 2394 oculis
595 2337 689 2392 Dei
730 2345 1094 2408 permaneret.
1135 2335 1243 2390 Nec
1283 2335 1576 2408 incongrue
1618 2337 1705 2392 hic
1736 2337 1884 2391 locus
1914 2339 1982 2393 ad

387 2437 766 2498 persecutores
818 2425 1249 2481 Christianorum
1303 2433 1357 2480 et
1415 2433 1716 2496 martyrum
1779 2425 1980 2482 Christi

388 2517 562 2588 aptari
591 2524 807 2586 potest;
839 2515 959 2584 quis
986 2530 1116 2582 ergo
1140 2529 1248 2568 non
1279 2515 1607 2579 considerat,
1637 2516 1778 2585 quod
1807 2517 1982 2585 impe-

392 2613 604 2660 ratores
632 2604 815 2658 mundi
847 2619 1110 2674 regesque
1133 2610 1187 2657 et
1214 2605 1395 2669 duces,
1426 2604 1517 2672 qui
1547 2604 1845 2659 Ecclesiam
1883 2605 1979 2660 Dei

384 2707 604 2766 propter
625 2695 807 2749 odium
831 2695 1063 2751 nominis
1083 2695 1285 2750 Christi
1309 2695 1508 2751 dudum
1534 2696 1804 2766 persecuti
1831 2704 1976 2762 sunt,

383 2793 440 2839 et
463 2783 802 2839 confessores
831 2785 1068 2840 nominis
1111 2784 1228 2854 ejus
1272 2785 1446 2841 atroci
1487 2795 1660 2841 morte
1688 2785 1979 2841 intereme-

381 2883 530 2941 runt,
549 2877 708 2931 modo
734 2891 857 2931 cum
887 2892 982 2931 sua
1007 2878 1327 2947 posteritate
1350 2877 1509 2933 deleti
1528 2885 1675 2944 sunt,
1695 2885 1748 2931 et
1783 2886 1980 2949 marty-

381 2985 502 3024 rum
541 2971 714 3041 gloria
745 2972 798 3025 in
827 2972 1174 3026 veneratione
1213 2970 1451 3025 ﬁdelium
1488 2971 1690 3040 ubique
1723 2969 1979 3024 excellit?

378 3060 594 3116 Illorum
624 3062 822 3132 quippe
847 3063 1102 3116 memoria
1128 3061 1384 3116 oblivioni
1407 3070 1682 3132 perpetua:
1710 3063 1972 3126 tradetur,

380 3160 434 3208 et
457 3153 684 3208 istorum
709 3154 825 3207 laus
851 3161 905 3207 et
930 3153 1154 3207 victoria
1179 3152 1296 3206 sine
1321 3157 1623 3208 cessatione
1645 3153 1698 3207 in
1733 3153 1975 3210 Ecclesia

379 3242 583 3298 Christi
600 3243 1000 3313 praedicabitur.
1024 3241 1255 3312 ideoque
1270 3243 1631 3298 exsultatione
1658 3245 1973 3314 prephetica

379 3333 536 3386 nobis
573 3333 1016 3401 proclamandum
1059 3340 1269 3386 restat:
1318 3351 1338 3385 ι
1386 3331 1573 3388 Justus
1613 3335 1878 3390 Dominus
1916 3336 1972 3390 in

378 3425 631 3479 omnibus
658 3424 762 3478 viis
796 3424 944 3489 suis,
990 3431 1045 3478 et
1074 3431 1294 3480 sanctus
1339 3425 1395 3479 in
1438 3425 1690 3480 omnibus
1716 3425 1973 3495 operibus

379 3515 515 3570 suis.
538 3514 784 3571 Custodit
807 3515 1066 3571 Dominus
1092 3532 1281 3573 omnes
1301 3517 1582 3588 diligentes
1606 3534 1681 3584 se,
1707 3527 1763 3574 et
1783 3533 1973 3575 omnes

375 3614 689 3675 peccatores
721 3607 1000 3677 disperdit.
1044 3607 1366 3665 Benedictus
1409 3609 1670 3666 Dominus
1710 3611 1767 3665 in
1808 3618 1971 3667 aster-

376 3713 528 3762 num,
561 3697 656 3752 ﬁat
681 3697 794 3754 ﬁat.
830 3719 850 3752 ι

451 3812 472 3844 ι
508 3790 625 3846 Non
657 3801 742 3848 est
769 3802 950 3850 creata
990 3795 1299 3851 hominibus
1329 3795 1616 3868 superbia,
1650 3811 1826 3868 neque
1861 3796 1969 3852 ira-

374 3885 572 3940 cundia
627 3886 834 3940 nationi
883 3887 1190 3942 mulierum.
1244 3907 1263 3940 ›
1311 3887 1455 3942 Vitia
1507 3903 1637 3960 ergo
1687 3904 1796 3943 non
1841 3894 1969 3945 sunt

373 3983 557 4030 creata
591 3975 646 4031 in
677 3976 1014 4040 hominibus,
1057 3977 1152 4033 sed
1193 3979 1245 4033 in
1288 3993 1545 4048 perversa
1573 3978 1853 4034 voluntate
1882 3993 1968 4033 ra-

373 4065 646 4121 tionabilis
685 4067 852 4121 animi
899 4078 1132 4137 reperta.
1174 4067 1368 4124 Omnia
1406 4070 1553 4124 enim
1593 4076 1818 4139 peccata
1863 4069 1968 4124 hoc

372 4171 481 4210 uno
515 4171 714 4226 genere
745 4157 1112 4222 continentur,
1145 4173 1269 4213 cum
1294 4160 1523 4229 quisque
1547 4161 1812 4214 avertitur
1837 4175 1866 4213 a
1891 4159 1966 4214 di-

373 4247 516 4302 vinis
544 4263 777 4317 vereque
803 4250 1168 4314 manentibus,
1199 4257 1253 4306 et
1284 4251 1350 4305 ad
1391 4250 1669 4306 mutabilia
1694 4259 1856 4322 atque
1883 4250 1966 4305 in-

371 4347 524 4394 certa
546 4341 903 4407 convertitur,
925 4357 1044 4411 quae
1069 4357 1378 4412 quanquam
1405 4341 1458 4396 in
1480 4342 1668 4398 ordine
1693 4357 1792 4398 suo
1816 4350 1965 4398 recte

2083 1871 2421 1926 clesiasticus
2458 1873 2547 1927 hic
2573 1881 2654 1927 est
2682 1880 2741 1926 ut
2770 1873 3018 1927 doctores
3049 1882 3101 1926 et
3127 1873 3509 1942 praedicatores
3547 1869 3680 1924 fide-

2080 1963 2211 2019 lium
2243 1965 2352 2018 sint
2380 1953 2525 2033 apud
2549 1978 2641 2018 eos
2671 1965 2723 2018 in
2755 1963 2991 2028 honore,
3019 1971 3074 2017 et
3112 1963 3345 2017 maxime
3370 1961 3442 2016 illi
3483 1961 3583 2032 qui
3615 1962 3680 2014 ti-

2082 2071 2290 2114 morem
2337 2055 2432 2110 Dei
2481 2070 2666 2111 coram
2708 2054 2880 2110 oculis
2915 2053 3113 2109 habere
3158 2053 3469 2123 probantur.
3518 2051 3678 2108 Unde

2081 2151 2280 2206 Paulus
2306 2150 2568 2221 prrecipit,
2603 2158 2664 2203 ut
2689 2149 2780 2218 qui
2807 2149 2944 2204 bene
2970 2135 3208 2218 pmsunt
3228 2145 3552 2217 presbyteri,
3579 2145 3679 2200 du-

2080 2241 2206 2313 plici
2241 2243 2448 2296 honore
2475 2239 2622 2312 digni
2647 2239 2988 2295 habeantur:
3029 2237 3265 2291 maxime
3300 2236 3386 2306 qui
3416 2235 3676 2289 laborant

2087 2335 2140 2390 in
2170 2337 2334 2391 verbo
2366 2344 2420 2390 et
2461 2333 2706 2390 doctrina
2730 2328 2781 2401 (I
2812 2329 2949 2385 Tim.
2984 2330 3037 2399 v)
3075 2349 3088 2397 ;
3159 2343 3212 2385 et
3270 2331 3321 2386 in
3365 2327 3667 2397 Evangelio

2091 2428 2348 2483 Dominus
2368 2429 2433 2483 ad
2469 2426 2765 2494 discipulos
2789 2424 2902 2476 ait:
2945 2441 2966 2474 ‹
3004 2421 3102 2488 Qui
3135 2437 3231 2476 vos
3280 2422 3538 2484 honorat,
3577 2432 3668 2472 me

2088 2519 2320 2573 honorat
2349 2537 2362 2574 :
2397 2529 2449 2575 ct
2477 2518 2571 2586 qui
2600 2530 2698 2571 vos
2725 2514 2951 2584 spernit,
2983 2525 3068 2567 me
3091 2515 3297 2581 Spernit
3325 2510 3470 2582 (Luc.
3505 2509 3595 2580 χ),

2155 2623 2174 2655 ‹
2208 2603 2390 2660 Gloria
2424 2603 2648 2658 divitum
2686 2603 3073 2657 honoratorum
3095 2610 3150 2655 et
3184 2615 3476 2672 pauperum
3511 2600 3678 2652 timor

2086 2713 2106 2748 ι
2146 2694 2360 2749 Domini
2382 2701 2503 2759 est;
2545 2692 2655 2747 noli
2689 2693 2966 2762 despicere
3006 2688 3276 2745 hominem
3297 2687 3501 2757 justum
3532 2701 3676 2755 pau-

2087 2808 2104 2841 ι
2140 2803 2346 2858 perem,
2377 2795 2434 2842 et
2463 2770 2569 2840 noli
2597 2784 2944 2855 magnificare
2973 2784 3146 2837 virum
3172 2789 3508 2852 peccatorem
3540 2779 3679 2834 divi-

2082 2888 2210 2934 tem.
2253 2897 2272 2930 ι
2306 2878 2444 2933 Vera
2490 2886 2574 2931 est
2611 2876 2755 2931 enim
2799 2875 3003 2946 gloria,
3047 2888 3208 2943 quam
3256 2873 3412 2927 timor
3449 2869 3677 2925 Domini

2078 2969 2256 3040 parit:
2302 2969 2428 3039 quia
2457 2966 2723 3036 justitiam
2755 2976 2809 3021 et
2852 2968 3160 3038 aequitatem
3192 2974 3402 3032 servat;
3441 2979 3551 3020 nec
3587 2965 3677 3034 juo

2080 3074 2224 3118 stum
2253 3077 2544 3134 pauperem
2576 3062 2835 3131 despicit,
2879 3077 2978 3116 nec
3005 3060 3312 3132 magniﬁcat
3336 3059 3515 3114 virum
3547 3071 3678 3128 pec-

2003 3122 2046 3185 Ο
2078 3162 2318 3208 catorem
2343 3153 2585 3208 divitem.
2625 3151 2889 3208 Omnibus
2914 3152 3058 3207 enim
3096 3165 3384 3222 congruam
3413 3165 3678 3205 reveren-

2077 3244 2205 3298 tiam
2233 3243 2470 3308 exhibet,
2488 3259 2588 3299 nec
2614 3245 2666 3298 in
2693 3243 2917 3298 alteram
2932 3251 3142 3312 partem
3166 3242 3415 3308 declinat,
3446 3243 3678 3297 deserto

2077 3335 2295 3390 tramite
2321 3335 2586 3389 veritatis.
2619 3333 2772 3389 Unde
2804 3333 3037 3389 Iacobus
3070 3334 3126 3388 in
3153 3333 3388 3403 Epistola
3427 3348 3534 3388 sua
3576 3333 3677 3387 ad-

2073 3432 2278 3490 monet,
2310 3425 2496 3480 dicens
2523 3442 2535 3478 :
2581 3444 2599 3476 ι
2636 3423 2856 3479 Fratres
2883 3425 3010 3490 mei,
3043 3425 3207 3480 nolite
3233 3426 3284 3478 in
3308 3438 3675 3494 personarum

2072 3517 2388 3587 acceptione
2426 3517 2627 3572 habere
2669 3515 2827 3570 fidem
2857 3517 3072 3572 Domini
3104 3518 3273 3572 nostri
3305 3516 3428 3572 Jesu
3457 3516 3675 3571 Christi

2070 3607 2292 3678 gloriae;
2333 3609 2532 3662 etenim
2568 3607 2613 3662 si
2659 3609 2929 3663 introierit
2974 3609 3028 3662 in
3057 3617 3381 3663 conventum
3410 3617 3671 3663 vestrum

2068 3699 2154 3753 vir
2180 3715 2403 3754 aureum
2437 3699 2695 3754 annulum
2726 3700 2930 3755 habens
2958 3701 3011 3754 in
3038 3709 3187 3756 veste
3217 3699 3459 3762 candida,
3497 3700 3674 3754 intro-

2069 3789 2191 3845 ierit
2219 3798 2399 3845 autem
2427 3798 2481 3845 et
2505 3806 2709 3861 pauper
2731 3792 2782 3845 in
2809 3790 3028 3846 sordido
3053 3785 3338 3857 habitu,'ct
3362 3793 3675 3846 intendatis

2069 3881 2123 3936 in
2149 3895 2294 3947 eum,
2325 3881 2418 3950 qui
2445 3882 2664 3936 indutus
2693 3889 2777 3936 est
2806 3891 2953 3937 veste
2990 3881 3279 3952 praeclara,
3322 3892 3376 3937 et
3409 3881 3673 3937 dixeritis

2065 3973 2139 4038 ei,
2167 3973 2248 4027 Tu
2277 3973 2404 4029 sede
2432 3973 2519 4028 hic
2548 3974 2685 4030 bene
2716 3992 2728 4028 :
2761 3975 2985 4044 pauperi
3015 3985 3196 4032 autem
3223 3977 3428 4042 dicatis,
3463 3977 3552 4030 Tu
3581 3986 3671 4033 sta

2066 4061 2194 4128 illic,
2230 4070 2323 4116 aut
2365 4063 2492 4118 sede
2520 4064 2619 4118 sub
2648 4065 2883 4119 scabello
2925 4065 3122 4134 pedum
3158 4081 3428 4132 meorum,
3476 4081 3671 4121 nonne

2058 4152 2318 4224 judicatis
2353 4155 2492 4225 apud
2521 4157 2895 4226 vosmetipsos,
2925 4167 2978 4212 et
3013 4157 3139 4212 facti
3171 4159 3302 4214 estis
3325 4157 3544 4230 judices
3574 4173 3672 4214 co-

2066 4245 2384 4314 gitationum
2422 4245 2728 4316 iniquarum
2760 4246 2898 4320 (Jac.
2927 4248 3026 4320 1|)?
3053 4267 3070 4299 ι

2139 4355 2157 4386 ‹
2190 4335 2412 4406 Magnus
2433 4345 2516 4391 est
2532 4334 2694 4405 judex
2728 4347 2784 4393 εἰ
2809 4349 3001 4408 potens
3031 4347 3113 4394 est
3141 4340 3433 4403 inhonore,
3459 4350 3525 4396 et
3547 4357 3665 4396 non

372 4427 549 4485 locata
583 4431 710 4498 sint,
739 4439 792 4487 et
829 4447 981 4486 suam
1011 4435 1298 4502 quamdam
1339 4432 1796 4503 pulchritudinem
1838 4448 1961 4504 per-
1987 4466 2038 4526 Β
2071 4445 2090 4479 σ
2123 4437 2207 4483 εει
2237 4427 2410 4497 major
2449 4429 2538 4484 illo
2564 4430 2653 4499 qui
2687 4431 2838 4486 timet
2880 4429 3070 4487 Deum.
3100 4452 3118 4484 ι
3152 4431 3263 4488 Hoc
3287 4433 3482 4488 asserit
3507 4436 3666 4504 quod

372 4531 572 4594 agant,
609 4524 849 4593 perversi
879 4533 1058 4579 tamen
1101 4525 1267 4579 animi
1309 4532 1393 4579 est
1430 4532 1485 4580 et
1529 4523 1850 4590 inordinati,
1881 4525 1961 4580 eis

368 4615 659 4685 sequendis
683 4613 897 4682 subjici,
923 4615 1118 4684 quibus
1163 4615 1229 4668 ad
1271 4623 1460 4668 nutum
1505 4629 1660 4669 suum
1701 4615 1960 4671 ducendis

368 4706 547 4776 potius
575 4705 756 4782 divino
785 4705 978 4760 ordine
1005 4721 1068 4760 ac
1091 4705 1213 4776 jure
1243 4706 1494 4775 praelatus
1518 4714 1618 4760 est.
1662 4705 1774 4760 Nec
1803 4721 1958 4760 crea-

370 4803 455 4849 tor
478 4794 670 4862 bonus,
699 4796 790 4867 qui
814 4804 1008 4852 cuncta
1035 4813 1155 4866 quae
1184 4795 1310 4852 fecit
1335 4795 1489 4852 valde
1527 4796 1666 4852 bona
1696 4795 1955 4861 condidit,

369 4885 422 4938 in
450 4887 703 4956 operibus
736 4889 849 4943 suis
883 4888 1358 4958 reprehendendus
1395 4895 1509 4953 est,
1559 4886 1650 4943 sed
1696 4885 1960 4956 neglectio

367 4986 633 5033 creaturae
661 4993 691 5031 a
718 4993 930 5034 summo
949 4981 1090 5034 bono
1111 4995 1316 5034 aversa:
1335 4979 1491 5034 valde
1518 4977 1956 5050 reprehensibilis

367 5073 484 5130 est,
532 5082 652 5120 cum
697 5070 1010 5137 temporalia
1059 5071 1319 5140 pneponit
1366 5071 1600 5134 aeternis,
1653 5078 1709 5125 et
1753 5071 1955 5125 caduca

369 5155 660 5208 mansuris.
683 5155 897 5210 initium
916 5158 1059 5210 enim
1083 5159 1349 5228 superbia:
1372 5160 1618 5213 homines
1645 5167 1956 5228 apostatare

366 5261 398 5301 a
428 5243 538 5300 Deo
565 5242 722 5310 fecit,
762 5247 1012 5316 quoniam
1053 5248 1120 5300 ab
1145 5263 1210 5303 eo
1252 5249 1343 5319 qui
1391 5249 1520 5304 fecit
1551 5248 1698 5302 illum
1730 5249 1955 5304 recessit

367 5356 461 5395 cor
486 5339 641 5411 ejus;
681 5347 736 5395 et
775 5341 912 5395 bene
941 5341 1137 5395 dicitur
1173 5341 1508 5396 iracundiam
1537 5341 1739 5395 nationi
1769 5342 1956 5397 mulie-

367 5446 486 5485 rum
531 5444 640 5485 non
681 5445 801 5486 esse
841 5441 1112 5497 creatam,
1155 5432 1282 5502 quia
1324 5447 1422 5503 per
1457 5431 1738 5485 mollitiam
1766 5433 1952 5499 animi,

364 5538 527 5592 quam
555 5541 717 5581 sexus
746 5525 1020 5580 muliebris
1040 5525 1276 5593 denotat,
1307 5525 1600 5580 iracundiae
1623 5525 1813 5580 vitium
1837 5542 1955 5581 sur-

365 5615 443 5684 git
470 5631 485 5668 :
524 5617 667 5686 quod
699 5627 877 5674 tamen
904 5631 1000 5687 per
1021 5616 1339 5674 constantia:
1375 5616 1632 5672 virtutem
1666 5625 1952 5689 superatur

368 5717 430 5758 ac
456 5709 794 5778 opprimitur.

2063 4516 2188 4573 licet
2216 4527 2454 4588 potestas
2484 4529 2699 4574 terrena
2725 4521 2778 4574 in
2804 4520 3009 4575 honore
3033 4536 3091 4576 se
3119 4522 3317 4576 exaltet
3341 4524 3674 4592 temporali,

2063 4614 2242 4660 tamen
2266 4606 2573 4675 prtecellere
2596 4609 2870 4664 timentem
2891 4609 3062 4663 Deum
3085 4625 3192 4665 non
3214 4611 3375 4676 valet,
3391 4613 3666 4680 quoniam

2057 4698 2211 4768 juxta
2263 4700 2537 4770 propheta:
2587 4702 2907 4758 sententiam
2959 4702 3094 4756 nihil
3136 4704 3287 4758 deest
3335 4704 3666 4761 timentibus

2061 4788 2229 4844 Deum
2259 4808 2270 4844 :
2317 4809 2335 4841 ‹
2371 4791 2574 4846 Divites
2615 4801 2876 4862 eguerunt
2905 4801 2961 4847 et
2996 4793 3332 4860 esurierunt,
3367 4794 3665 4864 inquiren-

2061 4887 2144 4934 tes
2172 4889 2351 4935 autem
2380 4879 2666 4936 Dominum
2694 4898 2800 4938 non
2837 4883 3090 4940 deficient
3121 4885 3266 4940 omni
3293 4886 3435 4940 bono
3471 4885 3666 4958 (I’sal.

2063 4970 2279 5042 χχχιιι).

2138 5082 2156 5115 ι
2191 5061 2361 5117 Servo
2395 5071 2609 5117 sensato
2638 5062 2795 5118 liberi
2822 5063 3079 5120 servient.
3111 5083 3128 5116 ι
3161 5064 3276 5119 Ηοε
3295 5063 3448 5132 juxta
3479 5066 3661 5122 histo-

2061 5155 2196 5209 riam
2227 5169 2369 5224 smpe
2404 5154 2604 5217 evenit,
2634 5155 2775 5223 quod
2802 5153 2891 5209 ille
2914 5155 3006 5224 qui
3033 5155 3280 5226 ignobilis
3316 5163 3400 5210 est
3420 5170 3656 5226 genere,

2063 5245 2157 5300 sed
2184 5245 2377 5300 nobilis
2403 5244 2505 5301 fide
2532 5252 2586 5299 et
2605 5245 2830 5300 scientia
2859 5243 3286 5316 Scripturarum,
3311 5247 3433 5311 illis,
3463 5249 3558 5317 qui
3585 5257 3667 5310 de

2062 5338 2340 5393 nobilitate
2368 5341 2581 5410 generis
2616 5356 2673 5395 se
2699 5340 2969 5410 iactitant,
3006 5338 3360 5410 praeferatur,
3403 5340 3548 5394 sicut
3595 5341 3654 5394 in

2057 5432 2365 5489 Proverbiis
2391 5435 2650 5504 scriptum
2674 5443 2794 5490 est:
2842 5455 2860 5486 ι
2909 5433 3110 5490 Servus
3141 5434 3356 5504 sapiens
3401 5434 3653 5487 domina-

2057 5525 2203 5578 bitur
2231 5526 2354 5580 filiis
2376 5525 2577 5591 stultis,
2605 5537 2661 5580 et
2700 5526 2840 5580 inter
2871 5526 3066 5581 fratres
3096 5524 3466 5580 litereditatem
3507 5522 3651 5577 divi-

2055 5615 2145 5671 det
2175 5615 2355 5687 (Prov.
2383 5617 2516 5688 xvu)
2542 5634 2554 5669 :
2591 5635 2609 5667 ι
2636 5617 2761 5685 quia
2784 5626 2840 5671 ut
2863 5617 3216 5672 Ecclesiastes
3239 5622 3345 5671 ait:
3375 5637 3393 5668 ι
3425 5615 3648 5684 Sapien-

2054 5707 2128 5762 tia
2169 5707 2496 5764 conl'ortabit
2536 5708 2837 5777 sapientem
2879 5723 3043 5780 supra
3087 5711 3274 5766 decem
3315 5715 3645 5780 potestatem
