  <div class='ocr_page' id='page_1' title='image "/cluster/home/n/w/nwhite01/storage/ocr_20150623/109/hvd.32044054759741/424.png"; bbox 0 0 3904 6184; ppageno 0'>
   <div class='ocr_carea' id='block_1_1' title="bbox 283 312 390 371">
    <p class='ocr_par' dir='ltr' id='par_1_1' title="bbox 283 312 390 371">
     <span class='ocr_line' id='line_1_1' title="bbox 283 312 390 371; baseline -0.047 0"><span class='ocrx_word' id='word_1_1' title='bbox 283 312 390 371; x_wconf 77' lang='grc'><strong>837</strong></span> 
     </span>
    </p>
   </div>
   <div class='ocr_carea' id='block_1_2' title="bbox 1174 311 2683 375">
    <p class='ocr_par' dir='ltr' id='par_1_2' title="bbox 1174 311 2683 375">
     <span class='ocr_line' id='line_1_2' title="bbox 1174 311 2683 375; baseline 0.001 -4"><span class='ocrx_word' id='word_1_2' title='bbox 1174 311 1532 373; x_wconf 65' lang='grc' dir='ltr'><strong>ΟΟΜΙΕΝΤ.</strong></span> <span class='ocrx_word' id='word_1_3' title='bbox 1570 311 1643 373; x_wconf 74' lang='lat' dir='ltr'><strong>1N</strong></span> <span class='ocrx_word' id='word_1_4' title='bbox 1675 311 2286 375; x_wconf 64' lang='grc' dir='ltr'><strong>εοεωειλδτιουι.</strong></span> <span class='ocrx_word' id='word_1_5' title='bbox 2326 342 2392 359; x_wconf 87' lang='lat'><strong>--</strong></span> <span class='ocrx_word' id='word_1_6' title='bbox 2426 314 2557 373; x_wconf 84' lang='lat' dir='ltr'><strong>LIB.</strong></span> <span class='ocrx_word' id='word_1_7' title='bbox 2594 314 2683 372; x_wconf 74' lang='lat' dir='ltr'><strong>ill.</strong></span> 
     </span>
    </p>
   </div>
   <div class='ocr_carea' id='block_1_3' title="bbox 3449 320 3556 382">
    <p class='ocr_par' dir='ltr' id='par_1_3' title="bbox 3449 320 3556 382">
     <span class='ocr_line' id='line_1_3' title="bbox 3449 320 3556 382; baseline 0 0"><span class='ocrx_word' id='word_1_8' title='bbox 3449 320 3556 382; x_wconf 73' lang='lat'><strong>838</strong></span> 
     </span>
    </p>
   </div>
   <div class='ocr_carea' id='block_1_4' title="bbox 277 425 3560 507">
    <p class='ocr_par' dir='ltr' id='par_1_4' title="bbox 277 425 3560 507">
     <span class='ocr_line' id='line_1_4' title="bbox 277 425 3560 507; baseline 0.001 -20"><span class='ocrx_word' id='word_1_9' title='bbox 277 428 582 493; x_wconf 76' lang='lat' dir='ltr'><strong>habentes,</strong></span> <span class='ocrx_word' id='word_1_10' title='bbox 630 425 722 495; x_wconf 84' lang='lat' dir='ltr'><strong>qui</strong></span> <span class='ocrx_word' id='word_1_11' title='bbox 768 432 895 483; x_wconf 81' lang='lat' dir='ltr'><strong>sunt</strong></span> <span class='ocrx_word' id='word_1_12' title='bbox 933 425 993 481; x_wconf 88' lang='lat' dir='ltr'><strong>in</strong></span> <span class='ocrx_word' id='word_1_13' title='bbox 1036 425 1277 489; x_wconf 84' lang='lat' dir='ltr'><strong>civitate.</strong></span> <span class='ocrx_word' id='word_1_14' title='bbox 1307 445 1327 478; x_wconf 76' lang='grc' dir='ltr'>ι</span> <span class='ocrx_word' id='word_1_15' title='bbox 1356 426 1484 483; x_wconf 97' lang='lat' dir='ltr'><strong>Plus</strong></span> <span class='ocrx_word' id='word_1_16' title='bbox 1521 426 1667 483; x_wconf 82' lang='lat' dir='ltr'><strong>enim</strong></span> <span class='ocrx_word' id='word_1_17' title='bbox 1690 433 1871 496; x_wconf 78' lang='lat' dir='ltr'><strong>potest</strong></span> <span class='ocrx_word' id='word_1_18' title='bbox 1896 429 1947 493; x_wconf 79' lang='grc' dir='ltr'><strong>Α</strong></span> <span class='ocrx_word' id='word_1_19' title='bbox 1972 426 2172 485; x_wconf 80' lang='lat' dir='ltr'><strong>tiaram</strong></span> <span class='ocrx_word' id='word_1_20' title='bbox 2198 426 2472 500; x_wconf 67' lang='lat' dir='ltr'><strong>opulentia</strong></span> <span class='ocrx_word' id='word_1_21' title='bbox 2499 443 2561 484; x_wconf 84' lang='lat' dir='ltr'><strong>se</strong></span> <span class='ocrx_word' id='word_1_22' title='bbox 2581 429 2790 499; x_wconf 76' lang='lat' dir='ltr'><strong>jactat:</strong></span> <span class='ocrx_word' id='word_1_23' title='bbox 2823 426 2891 483; x_wconf 87' lang='lat' dir='ltr'><strong>de</strong></span> <span class='ocrx_word' id='word_1_24' title='bbox 2920 442 3029 499; x_wconf 82' lang='lat' dir='ltr'><strong>quo</strong></span> <span class='ocrx_word' id='word_1_25' title='bbox 3064 439 3394 489; x_wconf 75' lang='lat' dir='ltr'><strong>memoratus</strong></span> <span class='ocrx_word' id='word_1_26' title='bbox 3416 432 3560 507; x_wconf 69' lang='lat' dir='ltr'><strong>Ap».</strong></span> 
     </span>
    </p>
   </div>
   <div class='ocr_carea' id='block_1_5' title="bbox 278 517 1870 591">
    <p class='ocr_par' dir='ltr' id='par_1_5' title="bbox 278 517 1870 591">
     <span class='ocr_line' id='line_1_5' title="bbox 278 517 1870 591; baseline -0.003 -14"><span class='ocrx_word' id='word_1_27' title='bbox 278 521 461 591; x_wconf 89' lang='lat' dir='ltr'><strong>aliqna</strong></span> <span class='ocrx_word' id='word_1_28' title='bbox 483 517 831 573; x_wconf 71' lang='lat' dir='ltr'><strong>tribulatione</strong></span> <span class='ocrx_word' id='word_1_29' title='bbox 858 518 1070 573; x_wconf 81' lang='lat' dir='ltr'><strong>aillictis</strong></span> <span class='ocrx_word' id='word_1_30' title='bbox 1098 527 1358 589; x_wconf 58' lang='lat' dir='ltr'><strong>praestare</strong></span> <span class='ocrx_word' id='word_1_31' title='bbox 1385 519 1675 589; x_wconf 72' lang='lat' dir='ltr'><strong>sapientia,</strong></span> <span class='ocrx_word' id='word_1_32' title='bbox 1704 534 1870 590; x_wconf 82' lang='lat' dir='ltr'><strong>quam</strong></span> 
     </span>
    </p>
   </div>
   <div class='ocr_carea' id='block_1_6' title="bbox 276 607 1867 682">
    <p class='ocr_par' dir='ltr' id='par_1_6' title="bbox 276 607 1867 682">
     <span class='ocr_line' id='line_1_6' title="bbox 276 607 1867 682; baseline 0 -17"><span class='ocrx_word' id='word_1_33' title='bbox 276 608 534 682; x_wconf 59' lang='lat' dir='ltr'><strong>quaelibet</strong></span> <span class='ocrx_word' id='word_1_34' title='bbox 567 608 805 665; x_wconf 84' lang='lat' dir='ltr'><strong>maxima</strong></span> <span class='ocrx_word' id='word_1_35' title='bbox 838 615 1105 679; x_wconf 85' lang='lat' dir='ltr'><strong>potestas.</strong></span> <span class='ocrx_word' id='word_1_36' title='bbox 1150 607 1313 666; x_wconf 84' lang='lat' dir='ltr'><strong>Juxta</strong></span> <span class='ocrx_word' id='word_1_37' title='bbox 1352 609 1671 680; x_wconf 74' lang='lat' dir='ltr'><strong>allegoriam</strong></span> <span class='ocrx_word' id='word_1_38' title='bbox 1714 625 1867 676; x_wconf 82' lang='lat' dir='ltr'><strong>vero,</strong></span> 
     </span>
    </p>
   </div>
   <div class='ocr_carea' id='block_1_7' title="bbox 276 697 1868 769">
    <p class='ocr_par' dir='ltr' id='par_1_7' title="bbox 276 697 1868 769">
     <span class='ocr_line' id='line_1_7' title="bbox 276 697 1868 769; baseline 0.001 -11"><span class='ocrx_word' id='word_1_39' title='bbox 276 714 473 758; x_wconf 81' lang='lat' dir='ltr'><strong>servus</strong></span> <span class='ocrx_word' id='word_1_40' title='bbox 510 697 947 763; x_wconf 81' lang='lat' dir='ltr'><strong>ecclesiasticus,</strong></span> <span class='ocrx_word' id='word_1_41' title='bbox 977 698 1071 767; x_wconf 92' lang='lat' dir='ltr'><strong>qui</strong></span> <span class='ocrx_word' id='word_1_42' title='bbox 1113 698 1307 754; x_wconf 88' lang='lat' dir='ltr'><strong>devota</strong></span> <span class='ocrx_word' id='word_1_43' title='bbox 1334 706 1515 755; x_wconf 86' lang='lat' dir='ltr'><strong>mente</strong></span> <span class='ocrx_word' id='word_1_44' title='bbox 1551 699 1868 769; x_wconf 73' lang='lat' dir='ltr'><strong>religionem</strong></span> 
     </span>
    </p>
   </div>
   <div class='ocr_carea' id='block_1_8' title="bbox 277 788 1868 862">
    <p class='ocr_par' dir='ltr' id='par_1_8' title="bbox 277 788 1868 862">
     <span class='ocr_line' id='line_1_8' title="bbox 277 788 1868 862; baseline 0.009 -13"><span class='ocrx_word' id='word_1_45' title='bbox 277 797 464 849; x_wconf 78' lang='lat' dir='ltr'><strong>servat</strong></span> <span class='ocrx_word' id='word_1_46' title='bbox 492 788 892 859; x_wconf 79' lang='lat' dir='ltr'><strong>Christianam,</strong></span> <span class='ocrx_word' id='word_1_47' title='bbox 922 788 1252 859; x_wconf 72' lang='lat' dir='ltr'><strong>praeponitur</strong></span> <span class='ocrx_word' id='word_1_48' title='bbox 1284 789 1557 845; x_wconf 63' lang='lat' dir='ltr'><strong>nobilibus</strong></span> <span class='ocrx_word' id='word_1_49' title='bbox 1581 804 1868 862; x_wconf 63' lang='lat' dir='ltr'><strong>83W</strong></span> 
     </span>
    </p>
   </div>
   <div class='ocr_carea' id='block_1_9' title="bbox 278 879 1867 950">
    <p class='ocr_par' dir='ltr' id='par_1_9' title="bbox 278 879 1867 950">
     <span class='ocr_line' id='line_1_9' title="bbox 278 879 1867 950; baseline -0.004 -11"><span class='ocrx_word' id='word_1_50' title='bbox 278 882 438 948; x_wconf 81' lang='lat' dir='ltr'><strong>ﬁliis,</strong></span> <span class='ocrx_word' id='word_1_51' title='bbox 482 879 779 937; x_wconf 84' lang='lat' dir='ltr'><strong>secundum</strong></span> <span class='ocrx_word' id='word_1_52' title='bbox 820 879 950 935; x_wconf 77' lang='lat' dir='ltr'><strong>illud</strong></span> <span class='ocrx_word' id='word_1_53' title='bbox 990 879 1137 949; x_wconf 84' lang='lat' dir='ltr'><strong>quod</strong></span> <span class='ocrx_word' id='word_1_54' title='bbox 1177 880 1438 950; x_wconf 87' lang='lat' dir='ltr'><strong>scriptum</strong></span> <span class='ocrx_word' id='word_1_55' title='bbox 1476 888 1599 947; x_wconf 85' lang='lat' dir='ltr'><strong>est:</strong></span> <span class='ocrx_word' id='word_1_56' title='bbox 1642 898 1663 932; x_wconf 77' lang='grc' dir='ltr'>ι</span> <span class='ocrx_word' id='word_1_57' title='bbox 1696 880 1867 949; x_wconf 60' lang='lat' dir='ltr'><strong>Maior</strong></span> 
     </span>
    </p>
   </div>
   <div class='ocr_carea' id='block_1_10' title="bbox 277 968 1867 1043">
    <p class='ocr_par' dir='ltr' id='par_1_10' title="bbox 277 968 1867 1043">
     <span class='ocr_line' id='line_1_10' title="bbox 277 968 1867 1043; baseline -0.001 -13"><span class='ocrx_word' id='word_1_58' title='bbox 277 975 481 1032; x_wconf 86' lang='lat' dir='ltr'><strong>serviet</strong></span> <span class='ocrx_word' id='word_1_59' title='bbox 499 972 700 1028; x_wconf 84' lang='lat' dir='ltr'><strong>minori</strong></span> <span class='ocrx_word' id='word_1_60' title='bbox 725 968 879 1042; x_wconf 69' lang='lat' dir='ltr'><strong>(Gen.</strong></span> <span class='ocrx_word' id='word_1_61' title='bbox 908 970 1036 1043; x_wconf 79' lang='lat' dir='ltr'><strong>xxv)</strong></span> <span class='ocrx_word' id='word_1_62' title='bbox 1071 989 1091 1022; x_wconf 73' lang='grc' dir='ltr'>ι</span> <span class='ocrx_word' id='word_1_63' title='bbox 1116 978 1205 1037; x_wconf 86' lang='lat' dir='ltr'><strong>et,</strong></span> <span class='ocrx_word' id='word_1_64' title='bbox 1239 990 1257 1023; x_wconf 70' lang='grc' dir='ltr'>ι</span> <span class='ocrx_word' id='word_1_65' title='bbox 1293 971 1463 1028; x_wconf 70' lang='lat' dir='ltr'><strong>Iacob</strong></span> <span class='ocrx_word' id='word_1_66' title='bbox 1496 970 1695 1038; x_wconf 91' lang='lat' dir='ltr'><strong>dilexi,</strong></span> <span class='ocrx_word' id='word_1_67' title='bbox 1720 972 1867 1029; x_wconf 82' lang='lat' dir='ltr'><strong>Esau</strong></span> 
     </span>
    </p>
   </div>
   <div class='ocr_carea' id='block_1_11' title="bbox 278 1061 1435 1137">
    <p class='ocr_par' dir='ltr' id='par_1_11' title="bbox 278 1061 1435 1137">
     <span class='ocr_line' id='line_1_11' title="bbox 278 1061 1435 1137; baseline -0.003 -16"><span class='ocrx_word' id='word_1_68' title='bbox 278 1074 462 1133; x_wconf 75' lang='lat' dir='ltr'><strong>autem</strong></span> <span class='ocrx_word' id='word_1_69' title='bbox 490 1064 618 1121; x_wconf 85' lang='lat' dir='ltr'><strong>odio</strong></span> <span class='ocrx_word' id='word_1_70' title='bbox 640 1063 805 1119; x_wconf 83' lang='lat' dir='ltr'><strong>habui</strong></span> <span class='ocrx_word' id='word_1_71' title='bbox 833 1061 991 1134; x_wconf 66' lang='lat' dir='ltr'><strong>(Mal.</strong></span> <span class='ocrx_word' id='word_1_72' title='bbox 1022 1079 1073 1128; x_wconf 75' lang='grc' dir='ltr'><strong>ις</strong></span> <span class='ocrx_word' id='word_1_73' title='bbox 1102 1062 1257 1119; x_wconf 74' lang='lat' dir='ltr'><strong>Rom.</strong></span> <span class='ocrx_word' id='word_1_74' title='bbox 1280 1062 1381 1137; x_wconf 77' lang='lat' dir='ltr'><strong>ix).</strong></span> <span class='ocrx_word' id='word_1_75' title='bbox 1414 1084 1435 1118; x_wconf 77' lang='grc' dir='ltr'><strong><em>ι</em></strong></span> 
     </span>
    </p>
   </div>
   <div class='ocr_carea' id='block_1_12' title="bbox 353 1153 1868 1231">
    <p class='ocr_par' dir='ltr' id='par_1_12' title="bbox 353 1153 1868 1231">
     <span class='ocr_line' id='line_1_12' title="bbox 353 1153 1868 1231; baseline 0.004 -22"><span class='ocrx_word' id='word_1_76' title='bbox 353 1156 511 1212; x_wconf 78' lang='lat' dir='ltr'><strong>rVir</strong></span> <span class='ocrx_word' id='word_1_77' title='bbox 548 1154 790 1225; x_wconf 76' lang='lat' dir='ltr'><strong>prudens</strong></span> <span class='ocrx_word' id='word_1_78' title='bbox 835 1163 893 1210; x_wconf 82' lang='lat' dir='ltr'><strong>et</strong></span> <span class='ocrx_word' id='word_1_79' title='bbox 933 1153 1311 1224; x_wconf 82' lang='lat' dir='ltr'><strong>disciplinatus</strong></span> <span class='ocrx_word' id='word_1_80' title='bbox 1352 1170 1460 1231; x_wconf 80' lang='lat' dir='ltr'><strong>non</strong></span> <span class='ocrx_word' id='word_1_81' title='bbox 1504 1156 1868 1215; x_wconf 78' lang='lat' dir='ltr'><strong>murmurabit</strong></span> 
     </span>
    </p>
   </div>
   <div class='ocr_carea' id='block_1_13' title="bbox 280 1247 1867 1316">
    <p class='ocr_par' dir='ltr' id='par_1_13' title="bbox 280 1247 1867 1316">
     <span class='ocr_line' id='line_1_13' title="bbox 280 1247 1867 1316; baseline 0.004 -17"><span class='ocrx_word' id='word_1_82' title='bbox 280 1267 302 1299; x_wconf 74' lang='grc' dir='ltr'><strong><em>ο</em></strong></span> <span class='ocrx_word' id='word_1_83' title='bbox 338 1254 663 1316; x_wconf 69' lang='lat' dir='ltr'><strong>computa,</strong></span> <span class='ocrx_word' id='word_1_84' title='bbox 697 1254 754 1301; x_wconf 90' lang='lat' dir='ltr'><strong>et</strong></span> <span class='ocrx_word' id='word_1_85' title='bbox 780 1247 984 1303; x_wconf 83' lang='lat' dir='ltr'><strong>inscius</strong></span> <span class='ocrx_word' id='word_1_86' title='bbox 1011 1263 1119 1303; x_wconf 84' lang='lat' dir='ltr'><strong>non</strong></span> <span class='ocrx_word' id='word_1_87' title='bbox 1148 1248 1519 1305; x_wconf 74' lang='lat' dir='ltr'><strong>hariolabitur.</strong></span> <span class='ocrx_word' id='word_1_88' title='bbox 1566 1266 1589 1302; x_wconf 75' lang='grc' dir='ltr'>ι</span> <span class='ocrx_word' id='word_1_89' title='bbox 1626 1248 1766 1305; x_wconf 70' lang='lat' dir='ltr'><strong>Huic</strong></span> <span class='ocrx_word' id='word_1_90' title='bbox 1793 1249 1867 1304; x_wconf 81' lang='lat' dir='ltr'><strong>si-</strong></span> 
     </span>
    </p>
   </div>
   <div class='ocr_carea' id='block_1_14' title="bbox 276 1331 1868 1409">
    <p class='ocr_par' dir='ltr' id='par_1_14' title="bbox 276 1331 1868 1409">
     <span class='ocr_line' id='line_1_14' title="bbox 276 1331 1868 1409; baseline 0.001 -18"><span class='ocrx_word' id='word_1_91' title='bbox 276 1337 406 1392; x_wconf 82' lang='lat' dir='ltr'><strong>mile</strong></span> <span class='ocrx_word' id='word_1_92' title='bbox 432 1347 518 1392; x_wconf 83' lang='lat' dir='ltr'><strong>est</strong></span> <span class='ocrx_word' id='word_1_93' title='bbox 544 1336 707 1401; x_wconf 87' lang='lat' dir='ltr'><strong>illud,</strong></span> <span class='ocrx_word' id='word_1_94' title='bbox 733 1331 877 1406; x_wconf 83' lang='lat' dir='ltr'><strong>quod</strong></span> <span class='ocrx_word' id='word_1_95' title='bbox 910 1336 967 1391; x_wconf 87' lang='lat' dir='ltr'><strong>in</strong></span> <span class='ocrx_word' id='word_1_96' title='bbox 1001 1336 1310 1392; x_wconf 74' lang='lat' dir='ltr'><strong>Proverbiis</strong></span> <span class='ocrx_word' id='word_1_97' title='bbox 1352 1336 1586 1408; x_wconf 76' lang='lat' dir='ltr'><strong>legitur:</strong></span> <span class='ocrx_word' id='word_1_98' title='bbox 1634 1357 1661 1390; x_wconf 53' lang='grc' dir='ltr'><strong>εν</strong></span> <span class='ocrx_word' id='word_1_99' title='bbox 1687 1338 1868 1409; x_wconf 71' lang='lat' dir='ltr'><strong>Argue</strong></span> 
     </span>
    </p>
   </div>
   <div class='ocr_carea' id='block_1_15' title="bbox 275 1428 1868 1499">
    <p class='ocr_par' dir='ltr' id='par_1_15' title="bbox 275 1428 1868 1499">
     <span class='ocr_line' id='line_1_15' title="bbox 275 1428 1868 1499; baseline 0 -14"><span class='ocrx_word' id='word_1_100' title='bbox 275 1431 602 1499; x_wconf 77' lang='lat' dir='ltr'><strong>sapientem,</strong></span> <span class='ocrx_word' id='word_1_101' title='bbox 630 1437 688 1485; x_wconf 87' lang='lat' dir='ltr'><strong>et</strong></span> <span class='ocrx_word' id='word_1_102' title='bbox 712 1429 996 1499; x_wconf 80' lang='lat' dir='ltr'><strong>diligette.</strong></span> <span class='ocrx_word' id='word_1_103' title='bbox 1026 1428 1253 1499; x_wconf 79' lang='lat' dir='ltr'><strong>Corripe</strong></span> <span class='ocrx_word' id='word_1_104' title='bbox 1290 1430 1549 1494; x_wconf 76' lang='lat' dir='ltr'><strong>stultum,</strong></span> <span class='ocrx_word' id='word_1_105' title='bbox 1585 1439 1640 1485; x_wconf 90' lang='lat' dir='ltr'><strong>et</strong></span> <span class='ocrx_word' id='word_1_106' title='bbox 1665 1430 1791 1485; x_wconf 84' lang='lat' dir='ltr'><strong>odio</strong></span> <span class='ocrx_word' id='word_1_107' title='bbox 1813 1437 1868 1485; x_wconf 88' lang='lat' dir='ltr'><strong>te</strong></span> 
     </span>
    </p>
   </div>
   <div class='ocr_carea' id='block_1_16' title="bbox 275 1519 1862 1593">
    <p class='ocr_par' dir='ltr' id='par_1_16' title="bbox 275 1519 1862 1593">
     <span class='ocr_line' id='line_1_16' title="bbox 275 1519 1862 1593; baseline -0.001 -16"><span class='ocrx_word' id='word_1_108' title='bbox 275 1522 498 1578; x_wconf 89' lang='lat' dir='ltr'><strong>habebit</strong></span> <span class='ocrx_word' id='word_1_109' title='bbox 535 1519 718 1593; x_wconf 73' lang='lat' dir='ltr'><strong>(Prov.</strong></span> <span class='ocrx_word' id='word_1_110' title='bbox 757 1520 856 1592; x_wconf 79' lang='lat' dir='ltr'><strong>ix).</strong></span> <span class='ocrx_word' id='word_1_111' title='bbox 894 1540 914 1574; x_wconf 71' lang='grc' dir='ltr'><strong><em>ι</em></strong></span> <span class='ocrx_word' id='word_1_112' title='bbox 956 1520 1059 1589; x_wconf 85' lang='lat' dir='ltr'><strong>Qui</strong></span> <span class='ocrx_word' id='word_1_113' title='bbox 1103 1536 1235 1590; x_wconf 83' lang='lat' dir='ltr'><strong>ergo</strong></span> <span class='ocrx_word' id='word_1_114' title='bbox 1280 1519 1466 1589; x_wconf 77' lang='lat' dir='ltr'><strong>abiicit</strong></span> <span class='ocrx_word' id='word_1_115' title='bbox 1506 1521 1862 1590; x_wconf 82' lang='lat' dir='ltr'><strong>disciplinam,-</strong></span> 
     </span>
    </p>
   </div>
   <div class='ocr_carea' id='block_1_17' title="bbox 273 1611 1868 1683">
    <p class='ocr_par' dir='ltr' id='par_1_17' title="bbox 273 1611 1868 1683">
     <span class='ocr_line' id='line_1_17' title="bbox 273 1611 1868 1683; baseline -0.003 -14"><span class='ocrx_word' id='word_1_116' title='bbox 273 1613 505 1683; x_wconf 88' lang='lat' dir='ltr'><strong>despicit</strong></span> <span class='ocrx_word' id='word_1_117' title='bbox 528 1611 765 1666; x_wconf 88' lang='lat' dir='ltr'><strong>animam</strong></span> <span class='ocrx_word' id='word_1_118' title='bbox 794 1626 987 1678; x_wconf 87' lang='lat' dir='ltr'><strong>suam;</strong></span> <span class='ocrx_word' id='word_1_119' title='bbox 1027 1611 1120 1681; x_wconf 86' lang='lat' dir='ltr'><strong>qui</strong></span> <span class='ocrx_word' id='word_1_120' title='bbox 1145 1618 1327 1666; x_wconf 85' lang='lat' dir='ltr'><strong>autem</strong></span> <span class='ocrx_word' id='word_1_121' title='bbox 1363 1611 1663 1680; x_wconf 82' lang='lat' dir='ltr'><strong>acquiescit</strong></span> <span class='ocrx_word' id='word_1_122' title='bbox 1694 1612 1868 1673; x_wconf 80' lang='lat' dir='ltr'><strong>incre-</strong></span> 
     </span>
    </p>
   </div>
   <div class='ocr_carea' id='block_1_18' title="bbox 272 1699 1864 1774">
    <p class='ocr_par' dir='ltr' id='par_1_18' title="bbox 272 1699 1864 1774">
     <span class='ocr_line' id='line_1_18' title="bbox 272 1699 1864 1774; baseline -0.003 -15"><span class='ocrx_word' id='word_1_123' title='bbox 272 1703 613 1774; x_wconf 85' lang='lat' dir='ltr'><strong>pationibus,</strong></span> <span class='ocrx_word' id='word_1_124' title='bbox 654 1717 939 1772; x_wconf 82' lang='lat' dir='ltr'><strong>possessor</strong></span> <span class='ocrx_word' id='word_1_125' title='bbox 980 1711 1067 1761; x_wconf 76' lang='lat' dir='ltr'><strong>eat</strong></span> <span class='ocrx_word' id='word_1_126' title='bbox 1110 1702 1331 1767; x_wconf 88' lang='lat' dir='ltr'><strong>cordis;</strong></span> <span class='ocrx_word' id='word_1_127' title='bbox 1378 1708 1436 1755; x_wconf 82' lang='lat' dir='ltr'><strong>st</strong></span> <span class='ocrx_word' id='word_1_128' title='bbox 1480 1700 1644 1756; x_wconf 83' lang='lat' dir='ltr'><strong>alibi:</strong></span> <span class='ocrx_word' id='word_1_129' title='bbox 1688 1719 1710 1751; x_wconf 72' lang='grc' dir='ltr'><strong><em>ι</em></strong></span> <span class='ocrx_word' id='word_1_130' title='bbox 1761 1699 1864 1767; x_wconf 85' lang='lat' dir='ltr'><strong>Qui</strong></span> 
     </span>
    </p>
   </div>
   <div class='ocr_carea' id='block_1_19' title="bbox 1969 519 3559 593">
    <p class='ocr_par' dir='ltr' id='par_1_19' title="bbox 1969 519 3559 593">
     <span class='ocr_line' id='line_1_19' title="bbox 1969 519 3559 593; baseline 0.004 -18"><span class='ocrx_word' id='word_1_131' title='bbox 1969 520 2142 576; x_wconf 87' lang='lat' dir='ltr'><strong>stolus</strong></span> <span class='ocrx_word' id='word_1_132' title='bbox 2164 520 2235 576; x_wconf 90' lang='lat' dir='ltr'><strong>ad</strong></span> <span class='ocrx_word' id='word_1_133' title='bbox 2270 519 2594 591; x_wconf 82' lang='lat' dir='ltr'><strong>discipulum</strong></span> <span class='ocrx_word' id='word_1_134' title='bbox 2622 520 2870 577; x_wconf 83' lang='lat' dir='ltr'><strong>scribens</strong></span> <span class='ocrx_word' id='word_1_135' title='bbox 2899 521 3011 574; x_wconf 86' lang='lat' dir='ltr'><strong>ait:</strong></span> <span class='ocrx_word' id='word_1_136' title='bbox 3049 539 3069 572; x_wconf 73' lang='grc' dir='ltr'><strong><em>ι</em></strong></span> <span class='ocrx_word' id='word_1_137' title='bbox 3109 520 3351 593; x_wconf 72' lang='lat' dir='ltr'><strong>Praecipe</strong></span> <span class='ocrx_word' id='word_1_138' title='bbox 3386 523 3559 585; x_wconf 80' lang='lat' dir='ltr'><strong>diviti-</strong></span> 
     </span>
    </p>
   </div>
   <div class='ocr_carea' id='block_1_20' title="bbox 1969 607 3560 685">
    <p class='ocr_par' dir='ltr' id='par_1_20' title="bbox 1969 607 3560 685">
     <span class='ocr_line' id='line_1_20' title="bbox 1969 607 3560 685; baseline 0.006 -22"><span class='ocrx_word' id='word_1_139' title='bbox 1969 607 2071 665; x_wconf 89' lang='lat' dir='ltr'><strong>bus</strong></span> <span class='ocrx_word' id='word_1_140' title='bbox 2096 607 2256 677; x_wconf 89' lang='lat' dir='ltr'><strong>hujus</strong></span> <span class='ocrx_word' id='word_1_141' title='bbox 2282 611 2464 666; x_wconf 71' lang='lat' dir='ltr'><strong>steculi</strong></span> <span class='ocrx_word' id='word_1_142' title='bbox 2492 626 2598 665; x_wconf 90' lang='lat' dir='ltr'><strong>non</strong></span> <span class='ocrx_word' id='word_1_143' title='bbox 2628 611 2860 682; x_wconf 83' lang='lat' dir='ltr'><strong>superbe</strong></span> <span class='ocrx_word' id='word_1_144' title='bbox 2887 625 3099 681; x_wconf 82' lang='lat' dir='ltr'><strong>sapere,</strong></span> <span class='ocrx_word' id='word_1_145' title='bbox 3132 627 3310 683; x_wconf 84' lang='lat' dir='ltr'><strong>neque</strong></span> <span class='ocrx_word' id='word_1_146' title='bbox 3334 628 3560 685; x_wconf 80' lang='lat' dir='ltr'><strong>sperare</strong></span> 
     </span>
    </p>
   </div>
   <div class='ocr_carea' id='block_1_21' title="bbox 1969 697 3085 774">
    <p class='ocr_par' dir='ltr' id='par_1_21' title="bbox 1969 697 3085 774">
     <span class='ocr_line' id='line_1_21' title="bbox 1969 697 3085 774; baseline -0.002 -21"><span class='ocrx_word' id='word_1_147' title='bbox 1969 697 2027 755; x_wconf 90' lang='lat' dir='ltr'><strong>in</strong></span> <span class='ocrx_word' id='word_1_148' title='bbox 2053 699 2261 755; x_wconf 78' lang='lat' dir='ltr'><strong>incerto</strong></span> <span class='ocrx_word' id='word_1_149' title='bbox 2288 701 2596 756; x_wconf 83' lang='lat' dir='ltr'><strong>divitiarum</strong></span> <span class='ocrx_word' id='word_1_150' title='bbox 2626 701 2679 774; x_wconf 91' lang='grc' dir='ltr'><strong>(Ι</strong></span> <span class='ocrx_word' id='word_1_151' title='bbox 2708 701 2844 756; x_wconf 82' lang='lat' dir='ltr'><strong>Tim.</strong></span> <span class='ocrx_word' id='word_1_152' title='bbox 2876 700 2974 772; x_wconf 76' lang='lat' dir='ltr'><strong>vi).</strong></span> <span class='ocrx_word' id='word_1_153' title='bbox 3018 720 3036 753; x_wconf 74' lang='grc' dir='ltr'>ι</span> <span class='ocrx_word' id='word_1_154' title='bbox 3082 738 3085 751; x_wconf 52' lang='grc' dir='ltr'>λ</span> 
     </span>
    </p>
   </div>
   <div class='ocr_carea' id='block_1_22' title="bbox 2046 789 3558 866">
    <p class='ocr_par' dir='ltr' id='par_1_22' title="bbox 2046 789 3558 866">
     <span class='ocr_line' id='line_1_22' title="bbox 2046 789 3558 866; baseline 0.007 -24"><span class='ocrx_word' id='word_1_155' title='bbox 2046 808 2065 841; x_wconf 85' lang='grc'><strong><em>‹</em></strong></span> <span class='ocrx_word' id='word_1_156' title='bbox 2102 789 2204 857; x_wconf 86' lang='lat' dir='ltr'><strong>Qui</strong></span> <span class='ocrx_word' id='word_1_157' title='bbox 2233 800 2413 847; x_wconf 91' lang='lat' dir='ltr'><strong>autem</strong></span> <span class='ocrx_word' id='word_1_158' title='bbox 2444 793 2705 863; x_wconf 88' lang='lat' dir='ltr'><strong>gloriatur</strong></span> <span class='ocrx_word' id='word_1_159' title='bbox 2730 793 2784 847; x_wconf 93' lang='lat' dir='ltr'><strong>in</strong></span> <span class='ocrx_word' id='word_1_160' title='bbox 2814 801 3134 863; x_wconf 85' lang='lat' dir='ltr'><strong>paupertate</strong></span> <span class='ocrx_word' id='word_1_161' title='bbox 3176 808 3304 860; x_wconf 89' lang='lat' dir='ltr'><strong>sua,</strong></span> <span class='ocrx_word' id='word_1_162' title='bbox 3353 804 3558 866; x_wconf 83' lang='lat' dir='ltr'><strong>quanto</strong></span> 
     </span>
    </p>
   </div>
   <div class='ocr_carea' id='block_1_23' title="bbox 1972 883 3557 955">
    <p class='ocr_par' dir='ltr' id='par_1_23' title="bbox 1972 883 3557 955">
     <span class='ocr_line' id='line_1_23' title="bbox 1972 883 3557 955; baseline 0.005 -20"><span class='ocrx_word' id='word_1_163' title='bbox 1972 899 1993 934; x_wconf 75' lang='grc' dir='ltr'><strong><em>ι</em></strong></span> <span class='ocrx_word' id='word_1_164' title='bbox 2027 884 2198 954; x_wconf 88' lang='lat' dir='ltr'><strong>magis</strong></span> <span class='ocrx_word' id='word_1_165' title='bbox 2224 883 2276 938; x_wconf 92' lang='lat' dir='ltr'><strong>in</strong></span> <span class='ocrx_word' id='word_1_166' title='bbox 2299 884 2646 943; x_wconf 82' lang='lat' dir='ltr'><strong>substantia?</strong></span> <span class='ocrx_word' id='word_1_167' title='bbox 2687 904 2707 938; x_wconf 72' lang='grc' dir='ltr'><strong><em>ι</em></strong></span> <span class='ocrx_word' id='word_1_168' title='bbox 2754 884 2848 940; x_wconf 87' lang='lat' dir='ltr'><strong>Ille</strong></span> <span class='ocrx_word' id='word_1_169' title='bbox 2882 899 3013 955; x_wconf 88' lang='lat' dir='ltr'><strong>ergo</strong></span> <span class='ocrx_word' id='word_1_170' title='bbox 3044 885 3136 954; x_wconf 85' lang='lat' dir='ltr'><strong>qui</strong></span> <span class='ocrx_word' id='word_1_171' title='bbox 3167 885 3221 940; x_wconf 90' lang='lat' dir='ltr'><strong>in</strong></span> <span class='ocrx_word' id='word_1_172' title='bbox 3253 886 3557 943; x_wconf 91' lang='lat' dir='ltr'><strong>tribulatio-</strong></span> 
     </span>
    </p>
   </div>
   <div class='ocr_carea' id='block_1_24' title="bbox 1968 972 3558 1048">
    <p class='ocr_par' dir='ltr' id='par_1_24' title="bbox 1968 972 3558 1048">
     <span class='ocr_line' id='line_1_24' title="bbox 1968 972 3558 1048; baseline 0.004 -23"><span class='ocrx_word' id='word_1_173' title='bbox 1968 972 2127 1028; x_wconf 89' lang='lat' dir='ltr'><strong>nibus</strong></span> <span class='ocrx_word' id='word_1_174' title='bbox 2152 975 2366 1044; x_wconf 88' lang='lat' dir='ltr'><strong>gaudet,</strong></span> <span class='ocrx_word' id='word_1_175' title='bbox 2391 974 2446 1029; x_wconf 93' lang='lat' dir='ltr'><strong>in</strong></span> <span class='ocrx_word' id='word_1_176' title='bbox 2467 974 2917 1041; x_wconf 74' lang='lat' dir='ltr'><strong>necessitatibus,</strong></span> <span class='ocrx_word' id='word_1_177' title='bbox 2933 974 2987 1029; x_wconf 93' lang='lat' dir='ltr'><strong>in</strong></span> <span class='ocrx_word' id='word_1_178' title='bbox 3010 976 3275 1048; x_wconf 86' lang='lat' dir='ltr'><strong>angustiis</strong></span> <span class='ocrx_word' id='word_1_179' title='bbox 3294 992 3438 1033; x_wconf 86' lang='lat' dir='ltr'><strong>nunc</strong></span> <span class='ocrx_word' id='word_1_180' title='bbox 3458 992 3558 1046; x_wconf 85' lang='lat' dir='ltr'><strong>pro</strong></span> 
     </span>
    </p>
   </div>
   <div class='ocr_carea' id='block_1_25' title="bbox 1967 1059 3560 1138">
    <p class='ocr_par' dir='ltr' id='par_1_25' title="bbox 1967 1059 3560 1138">
     <span class='ocr_line' id='line_1_25' title="bbox 1967 1059 3560 1138; baseline 0.005 -22"><span class='ocrx_word' id='word_1_181' title='bbox 1967 1059 2206 1127; x_wconf 86' lang='lat' dir='ltr'><strong>Christo,</strong></span> <span class='ocrx_word' id='word_1_182' title='bbox 2234 1071 2437 1133; x_wconf 87' lang='lat' dir='ltr'><strong>quanto</strong></span> <span class='ocrx_word' id='word_1_183' title='bbox 2468 1066 2641 1136; x_wconf 87' lang='lat' dir='ltr'><strong>magis</strong></span> <span class='ocrx_word' id='word_1_184' title='bbox 2667 1063 2950 1134; x_wconf 83' lang='lat' dir='ltr'><strong>gaudebit,</strong></span> <span class='ocrx_word' id='word_1_185' title='bbox 2990 1067 3210 1135; x_wconf 86' lang='lat' dir='ltr'><strong>quando</strong></span> <span class='ocrx_word' id='word_1_186' title='bbox 3247 1069 3560 1138; x_wconf 79' lang='lat' dir='ltr'><strong>pervenerit</strong></span> 
     </span>
    </p>
   </div>
   <div class='ocr_carea' id='block_1_26' title="bbox 1969 1146 3559 1229">
    <p class='ocr_par' dir='ltr' id='par_1_26' title="bbox 1969 1146 3559 1229">
     <span class='ocr_line' id='line_1_26' title="bbox 1969 1146 3559 1229; baseline 0.008 -26"><span class='ocrx_word' id='word_1_187' title='bbox 1969 1149 2037 1203; x_wconf 90' lang='lat' dir='ltr'><strong>ad</strong></span> <span class='ocrx_word' id='word_1_188' title='bbox 2068 1146 2479 1208; x_wconf 86' lang='lat' dir='ltr'><strong>retributionem</strong></span> <span class='ocrx_word' id='word_1_189' title='bbox 2505 1154 2767 1219; x_wconf 81' lang='lat' dir='ltr'><strong>futuram,</strong></span> <span class='ocrx_word' id='word_1_190' title='bbox 2793 1162 2849 1211; x_wconf 92' lang='lat' dir='ltr'><strong>et</strong></span> <span class='ocrx_word' id='word_1_191' title='bbox 2876 1155 2944 1209; x_wconf 90' lang='lat' dir='ltr'><strong>ad</strong></span> <span class='ocrx_word' id='word_1_192' title='bbox 2979 1156 3195 1213; x_wconf 83' lang='lat' dir='ltr'><strong>divitias</strong></span> <span class='ocrx_word' id='word_1_193' title='bbox 3220 1172 3401 1224; x_wconf 89' lang='lat' dir='ltr'><strong>veras,</strong></span> <span class='ocrx_word' id='word_1_194' title='bbox 3437 1173 3559 1229; x_wconf 78' lang='lat' dir='ltr'><strong>qua:</strong></span> 
     </span>
    </p>
   </div>
   <div class='ocr_carea' id='block_1_27' title="bbox 1967 1239 3147 1315">
    <p class='ocr_par' dir='ltr' id='par_1_27' title="bbox 1967 1239 3147 1315">
     <span class='ocr_line' id='line_1_27' title="bbox 1967 1239 3147 1315; baseline 0.006 -20"><span class='ocrx_word' id='word_1_195' title='bbox 1967 1239 2154 1296; x_wconf 89' lang='lat' dir='ltr'><strong>electis</strong></span> <span class='ocrx_word' id='word_1_196' title='bbox 2182 1241 2276 1296; x_wconf 91' lang='lat' dir='ltr'><strong>Dei</strong></span> <span class='ocrx_word' id='word_1_197' title='bbox 2311 1251 2597 1297; x_wconf 81' lang='lat' dir='ltr'><strong>servantur</strong></span> <span class='ocrx_word' id='word_1_198' title='bbox 2620 1243 2674 1299; x_wconf 90' lang='lat' dir='ltr'><strong>in</strong></span> <span class='ocrx_word' id='word_1_199' title='bbox 2704 1258 2871 1315; x_wconf 85' lang='lat' dir='ltr'><strong>regno</strong></span> <span class='ocrx_word' id='word_1_200' title='bbox 2899 1244 3106 1301; x_wconf 73' lang='lat' dir='ltr'><strong>caelesti</strong></span> <span class='ocrx_word' id='word_1_201' title='bbox 3133 1249 3147 1302; x_wconf 87' lang='grc' dir='ltr'>ι</span> 
     </span>
    </p>
   </div>
   <div class='ocr_carea' id='block_1_28' title="bbox 2045 1327 3559 1406">
    <p class='ocr_par' dir='ltr' id='par_1_28' title="bbox 2045 1327 3559 1406">
     <span class='ocr_line' id='line_1_28' title="bbox 2045 1327 3559 1406; baseline 0.007 -26"><span class='ocrx_word' id='word_1_202' title='bbox 2045 1347 2064 1380; x_wconf 71' lang='grc' dir='ltr'><strong><em>ι</em></strong></span> <span class='ocrx_word' id='word_1_203' title='bbox 2100 1327 2202 1396; x_wconf 86' lang='lat' dir='ltr'><strong>Qui</strong></span> <span class='ocrx_word' id='word_1_204' title='bbox 2231 1338 2412 1384; x_wconf 88' lang='lat' dir='ltr'><strong>autem</strong></span> <span class='ocrx_word' id='word_1_205' title='bbox 2439 1330 2705 1402; x_wconf 86' lang='lat' dir='ltr'><strong>gloriatur</strong></span> <span class='ocrx_word' id='word_1_206' title='bbox 2738 1331 2792 1386; x_wconf 92' lang='lat' dir='ltr'><strong>in</strong></span> <span class='ocrx_word' id='word_1_207' title='bbox 2822 1331 3157 1400; x_wconf 87' lang='lat' dir='ltr'><strong>substantia,</strong></span> <span class='ocrx_word' id='word_1_208' title='bbox 3182 1344 3559 1406; x_wconf 85' lang='lat' dir='ltr'><strong>paupertatem</strong></span> 
     </span>
    </p>
   </div>
   <div class='ocr_carea' id='block_1_29' title="bbox 1966 1417 3559 1497">
    <p class='ocr_par' dir='ltr' id='par_1_29' title="bbox 1966 1417 3559 1497">
     <span class='ocr_line' id='line_1_29' title="bbox 1966 1417 3559 1497; baseline 0.006 -29"><span class='ocrx_word' id='word_1_209' title='bbox 1966 1427 2237 1472; x_wconf 83' lang='lat' dir='ltr'><strong>vereatur.</strong></span> <span class='ocrx_word' id='word_1_210' title='bbox 2280 1438 2299 1470; x_wconf 72' lang='grc' dir='ltr'><strong><em>ι</em></strong></span> <span class='ocrx_word' id='word_1_211' title='bbox 2342 1417 2457 1474; x_wconf 81' lang='lat' dir='ltr'><strong>Hoc</strong></span> <span class='ocrx_word' id='word_1_212' title='bbox 2485 1427 2597 1485; x_wconf 89' lang='lat' dir='ltr'><strong>est,</strong></span> <span class='ocrx_word' id='word_1_213' title='bbox 2624 1418 2733 1497; x_wconf 82' lang='lat' dir='ltr'><strong>ille</strong></span> <span class='ocrx_word' id='word_1_214' title='bbox 2775 1419 2867 1489; x_wconf 88' lang='lat' dir='ltr'><strong>qui</strong></span> <span class='ocrx_word' id='word_1_215' title='bbox 2904 1428 3071 1475; x_wconf 86' lang='lat' dir='ltr'><strong>totam</strong></span> <span class='ocrx_word' id='word_1_216' title='bbox 3115 1421 3368 1477; x_wconf 74' lang='lat' dir='ltr'><strong>ﬁduciam</strong></span> <span class='ocrx_word' id='word_1_217' title='bbox 3405 1439 3559 1478; x_wconf 89' lang='lat' dir='ltr'><strong>suam</strong></span> 
     </span>
    </p>
   </div>
   <div class='ocr_carea' id='block_1_30' title="bbox 1966 1506 3558 1583">
    <p class='ocr_par' dir='ltr' id='par_1_30' title="bbox 1966 1506 3558 1583">
     <span class='ocr_line' id='line_1_30' title="bbox 1966 1506 3558 1583; baseline 0.006 -24"><span class='ocrx_word' id='word_1_218' title='bbox 1966 1507 2119 1575; x_wconf 88' lang='lat' dir='ltr'><strong>ponit</strong></span> <span class='ocrx_word' id='word_1_219' title='bbox 2142 1506 2195 1561; x_wconf 89' lang='lat' dir='ltr'><strong>in</strong></span> <span class='ocrx_word' id='word_1_220' title='bbox 2230 1515 2571 1562; x_wconf 87' lang='lat' dir='ltr'><strong>terrenarum</strong></span> <span class='ocrx_word' id='word_1_221' title='bbox 2598 1525 2777 1563; x_wconf 87' lang='lat' dir='ltr'><strong>rerum</strong></span> <span class='ocrx_word' id='word_1_222' title='bbox 2802 1510 3151 1577; x_wconf 85' lang='lat' dir='ltr'><strong>abundantia,</strong></span> <span class='ocrx_word' id='word_1_223' title='bbox 3180 1521 3558 1583; x_wconf 88' lang='lat' dir='ltr'><strong>paupertatem</strong></span> 
     </span>
    </p>
   </div>
   <div class='ocr_carea' id='block_1_31' title="bbox 1967 1592 3557 1670">
    <p class='ocr_par' dir='ltr' id='par_1_31' title="bbox 1967 1592 3557 1670">
     <span class='ocr_line' id='line_1_31' title="bbox 1967 1592 3557 1670; baseline 0.005 -22"><span class='ocrx_word' id='word_1_224' title='bbox 1967 1592 2205 1651; x_wconf 81' lang='lat' dir='ltr'><strong>futuram</strong></span> <span class='ocrx_word' id='word_1_225' title='bbox 2230 1606 2501 1663; x_wconf 85' lang='lat' dir='ltr'><strong>vereatur,</strong></span> <span class='ocrx_word' id='word_1_226' title='bbox 2532 1609 2905 1668; x_wconf 89' lang='lat' dir='ltr'><strong>memoretque</strong></span> <span class='ocrx_word' id='word_1_227' title='bbox 2944 1615 3159 1670; x_wconf 87' lang='lat' dir='ltr'><strong>semper</strong></span> <span class='ocrx_word' id='word_1_228' title='bbox 3202 1601 3349 1657; x_wconf 88' lang='lat' dir='ltr'><strong>illam</strong></span> <span class='ocrx_word' id='word_1_229' title='bbox 3388 1618 3557 1658; x_wconf 86' lang='lat' dir='ltr'><strong>evan-</strong></span> 
     </span>
    </p>
   </div>
   <div class='ocr_carea' id='block_1_32' title="bbox 1967 1683 3583 1762">
    <p class='ocr_par' dir='ltr' id='par_1_32' title="bbox 1967 1683 3583 1762">
     <span class='ocr_line' id='line_1_32' title="bbox 1967 1683 3583 1762; baseline 0.006 -24"><span class='ocrx_word' id='word_1_230' title='bbox 1967 1683 2195 1752; x_wconf 76' lang='lat' dir='ltr'><strong>gelicum</strong></span> <span class='ocrx_word' id='word_1_231' title='bbox 2220 1685 2538 1755; x_wconf 86' lang='lat' dir='ltr'><strong>parabolam</strong></span> <span class='ocrx_word' id='word_1_232' title='bbox 2569 1686 2633 1741; x_wconf 88' lang='lat' dir='ltr'><strong>de</strong></span> <span class='ocrx_word' id='word_1_233' title='bbox 2664 1686 2828 1742; x_wconf 86' lang='lat' dir='ltr'><strong>divite</strong></span> <span class='ocrx_word' id='word_1_234' title='bbox 2855 1698 3187 1758; x_wconf 90' lang='lat' dir='ltr'><strong>purpurato,</strong></span> <span class='ocrx_word' id='word_1_235' title='bbox 3225 1699 3280 1745; x_wconf 93' lang='lat' dir='ltr'><strong>et</strong></span> <span class='ocrx_word' id='word_1_236' title='bbox 3318 1705 3583 1762; x_wconf 72' lang='lat' dir='ltr'><strong>paupere&quot;</strong></span> 
     </span>
    </p>
   </div>
   <div class='ocr_carea' id='block_1_33' title="bbox 273 1772 3558 1864">
    <p class='ocr_par' dir='ltr' id='par_1_33' title="bbox 273 1772 3558 1864">
     <span class='ocr_line' id='line_1_33' title="bbox 273 1772 3558 1864; baseline -0.003 -16"><span class='ocrx_word' id='word_1_237' title='bbox 273 1772 531 1863; x_wconf 61' lang='lat' dir='ltr'><strong>iytorat,</strong></span> <span class='ocrx_word' id='word_1_238' title='bbox 556 1791 894 1864; x_wconf 81' lang='lat' dir='ltr'><strong>ignorabitur</strong></span> <span class='ocrx_word' id='word_1_239' title='bbox 921 1790 967 1862; x_wconf 79' lang='grc' dir='ltr'><strong>(ι</strong></span> <span class='ocrx_word' id='word_1_240' title='bbox 1001 1788 1126 1846; x_wconf 86' lang='lat' dir='ltr'><strong>Cor.</strong></span> <span class='ocrx_word' id='word_1_241' title='bbox 1169 1789 1283 1864; x_wconf 77' lang='lat' dir='ltr'><strong>xiv)</strong></span> <span class='ocrx_word' id='word_1_242' title='bbox 1309 1807 1325 1844; x_wconf 96' lang='lat'><strong>:</strong></span> <span class='ocrx_word' id='word_1_243' title='bbox 1360 1808 1383 1843; x_wconf 85' lang='grc'><em>›</em></span> <span class='ocrx_word' id='word_1_244' title='bbox 1423 1788 1537 1846; x_wconf 82' lang='lat' dir='ltr'><strong>Hoc</strong></span> <span class='ocrx_word' id='word_1_245' title='bbox 1563 1797 1649 1849; x_wconf 77' lang='lat' dir='ltr'><strong>est</strong></span> <span class='ocrx_word' id='word_1_246' title='bbox 1684 1789 1862 1859; x_wconf 81' lang='lat' dir='ltr'><strong>despi-</strong></span> <span class='ocrx_word' id='word_1_247' title='bbox 1892 1777 1939 1837; x_wconf 89' lang='lat' dir='ltr'><strong>B</strong></span> <span class='ocrx_word' id='word_1_248' title='bbox 1966 1772 2192 1839; x_wconf 87' lang='lat' dir='ltr'><strong>Lazaro,</strong></span> <span class='ocrx_word' id='word_1_249' title='bbox 2210 1778 2481 1847; x_wconf 92' lang='lat' dir='ltr'><strong>quomodo</strong></span> <span class='ocrx_word' id='word_1_250' title='bbox 2504 1777 2591 1833; x_wconf 93' lang='lat' dir='ltr'><strong>ille</strong></span> <span class='ocrx_word' id='word_1_251' title='bbox 2612 1776 2678 1832; x_wconf 90' lang='lat' dir='ltr'><strong>de</strong></span> <span class='ocrx_word' id='word_1_252' title='bbox 2704 1780 2873 1847; x_wconf 85' lang='lat' dir='ltr'><strong>gloria</strong></span> <span class='ocrx_word' id='word_1_253' title='bbox 2900 1781 3180 1851; x_wconf 85' lang='lat' dir='ltr'><strong>temporali</strong></span> <span class='ocrx_word' id='word_1_254' title='bbox 3209 1782 3262 1839; x_wconf 92' lang='lat' dir='ltr'><strong>in</strong></span> <span class='ocrx_word' id='word_1_255' title='bbox 3289 1791 3558 1841; x_wconf 88' lang='lat' dir='ltr'><strong>tormenta</strong></span> 
     </span>
    </p>
   </div>
   <div class='ocr_carea' id='block_1_34' title="bbox 269 1880 1723 1952">
    <p class='ocr_par' dir='ltr' id='par_1_34' title="bbox 269 1880 1723 1952">
     <span class='ocr_line' id='line_1_34' title="bbox 269 1880 1723 1952; baseline -0.006 -12"><span class='ocrx_word' id='word_1_256' title='bbox 269 1884 470 1948; x_wconf 85' lang='lat' dir='ltr'><strong>cietur,</strong></span> <span class='ocrx_word' id='word_1_257' title='bbox 499 1897 607 1938; x_wconf 90' lang='lat' dir='ltr'><strong>non</strong></span> <span class='ocrx_word' id='word_1_258' title='bbox 635 1882 823 1952; x_wconf 89' lang='lat' dir='ltr'><strong>utique</strong></span> <span class='ocrx_word' id='word_1_259' title='bbox 859 1880 1235 1949; x_wconf 79' lang='lat' dir='ltr'><strong>honorabitur.</strong></span> <span class='ocrx_word' id='word_1_260' title='bbox 1714 1932 1723 1939; x_wconf 82' lang='grc'>,</span> 
     </span>
    </p>
   </div>
   <div class='ocr_carea' id='block_1_35' title="bbox 352 1970 1867 2042">
    <p class='ocr_par' dir='ltr' id='par_1_35' title="bbox 352 1970 1867 2042">
     <span class='ocr_line' id='line_1_35' title="bbox 352 1970 1867 2042; baseline 0.002 -14"><span class='ocrx_word' id='word_1_261' title='bbox 352 1995 373 2028; x_wconf 74' lang='grc' dir='ltr'>ι</span> <span class='ocrx_word' id='word_1_262' title='bbox 408 1974 527 2033; x_wconf 79' lang='lat' dir='ltr'><strong>Noli</strong></span> <span class='ocrx_word' id='word_1_263' title='bbox 570 1982 623 2029; x_wconf 90' lang='lat' dir='ltr'><strong>te</strong></span> <span class='ocrx_word' id='word_1_264' title='bbox 665 1973 927 2029; x_wconf 79' lang='lat' dir='ltr'><strong>extollere</strong></span> <span class='ocrx_word' id='word_1_265' title='bbox 950 1973 1005 2027; x_wconf 90' lang='lat' dir='ltr'><strong>in</strong></span> <span class='ocrx_word' id='word_1_266' title='bbox 1032 1970 1280 2027; x_wconf 81' lang='lat' dir='ltr'><strong>faciendo</strong></span> <span class='ocrx_word' id='word_1_267' title='bbox 1305 1985 1467 2042; x_wconf 81' lang='lat' dir='ltr'><strong>opere</strong></span> <span class='ocrx_word' id='word_1_268' title='bbox 1509 1979 1635 2037; x_wconf 89' lang='lat' dir='ltr'><strong>tuo,</strong></span> <span class='ocrx_word' id='word_1_269' title='bbox 1667 1979 1722 2031; x_wconf 90' lang='lat' dir='ltr'><strong>et</strong></span> <span class='ocrx_word' id='word_1_270' title='bbox 1757 1973 1867 2031; x_wconf 89' lang='lat' dir='ltr'><strong>noli</strong></span> 
     </span>
    </p>
   </div>
   <div class='ocr_carea' id='block_1_36' title="bbox 278 2060 1868 2133">
    <p class='ocr_par' dir='ltr' id='par_1_36' title="bbox 278 2060 1868 2133">
     <span class='ocr_line' id='line_1_36' title="bbox 278 2060 1868 2133; baseline -0.001 -13"><span class='ocrx_word' id='word_1_271' title='bbox 278 2085 298 2120; x_wconf 77' lang='grc' dir='ltr'>ι</span> <span class='ocrx_word' id='word_1_272' title='bbox 336 2063 579 2122; x_wconf 87' lang='lat' dir='ltr'><strong>cunctari</strong></span> <span class='ocrx_word' id='word_1_273' title='bbox 610 2064 665 2120; x_wconf 90' lang='lat' dir='ltr'><strong>in</strong></span> <span class='ocrx_word' id='word_1_274' title='bbox 696 2071 940 2132; x_wconf 90' lang='lat' dir='ltr'><strong>tempore</strong></span> <span class='ocrx_word' id='word_1_275' title='bbox 975 2062 1257 2132; x_wconf 83' lang='lat' dir='ltr'><strong>angustiae.</strong></span> <span class='ocrx_word' id='word_1_276' title='bbox 1300 2080 1319 2113; x_wconf 76' lang='grc' dir='ltr'><strong>ι</strong></span> <span class='ocrx_word' id='word_1_277' title='bbox 1362 2060 1621 2119; x_wconf 84' lang='lat' dir='ltr'><strong>Prohibet</strong></span> <span class='ocrx_word' id='word_1_278' title='bbox 1649 2077 1718 2118; x_wconf 91' lang='lat' dir='ltr'><strong>ne</strong></span> <span class='ocrx_word' id='word_1_279' title='bbox 1745 2063 1868 2133; x_wconf 86' lang='lat' dir='ltr'><strong>quis</strong></span> 
     </span>
    </p>
   </div>
   <div class='ocr_carea' id='block_1_37' title="bbox 270 2150 1867 2226">
    <p class='ocr_par' dir='ltr' id='par_1_37' title="bbox 270 2150 1867 2226">
     <span class='ocr_line' id='line_1_37' title="bbox 270 2150 1867 2226; baseline -0.001 -18"><span class='ocrx_word' id='word_1_280' title='bbox 270 2168 375 2226; x_wconf 87' lang='lat' dir='ltr'><strong>pro</strong></span> <span class='ocrx_word' id='word_1_281' title='bbox 402 2153 544 2208; x_wconf 91' lang='lat' dir='ltr'><strong>bona</strong></span> <span class='ocrx_word' id='word_1_282' title='bbox 586 2150 901 2220; x_wconf 87' lang='lat' dir='ltr'><strong>operatione</strong></span> <span class='ocrx_word' id='word_1_283' title='bbox 926 2166 1025 2206; x_wconf 90' lang='lat' dir='ltr'><strong>sua</strong></span> <span class='ocrx_word' id='word_1_284' title='bbox 1055 2166 1112 2219; x_wconf 86' lang='lat' dir='ltr'><strong>se</strong></span> <span class='ocrx_word' id='word_1_285' title='bbox 1137 2151 1381 2222; x_wconf 88' lang='lat' dir='ltr'><strong>jactitet,</strong></span> <span class='ocrx_word' id='word_1_286' title='bbox 1412 2151 1539 2220; x_wconf 88' lang='lat' dir='ltr'><strong>quia</strong></span> <span class='ocrx_word' id='word_1_287' title='bbox 1568 2153 1744 2207; x_wconf 88' lang='lat' dir='ltr'><strong>omnis</strong></span> <span class='ocrx_word' id='word_1_288' title='bbox 1777 2168 1867 2209; x_wconf 86' lang='lat' dir='ltr'><strong>ar-</strong></span> 
     </span>
    </p>
   </div>
   <div class='ocr_carea' id='block_1_38' title="bbox 271 2240 1865 2314">
    <p class='ocr_par' dir='ltr' id='par_1_38' title="bbox 271 2240 1865 2314">
     <span class='ocr_line' id='line_1_38' title="bbox 271 2240 1865 2314; baseline 0 -16"><span class='ocrx_word' id='word_1_289' title='bbox 271 2241 520 2314; x_wconf 90' lang='lat' dir='ltr'><strong>rogantia</strong></span> <span class='ocrx_word' id='word_1_290' title='bbox 551 2240 885 2297; x_wconf 88' lang='lat' dir='ltr'><strong>abominatio</strong></span> <span class='ocrx_word' id='word_1_291' title='bbox 905 2249 991 2296; x_wconf 90' lang='lat' dir='ltr'><strong>est</strong></span> <span class='ocrx_word' id='word_1_292' title='bbox 1020 2241 1161 2311; x_wconf 87' lang='lat' dir='ltr'><strong>apud</strong></span> <span class='ocrx_word' id='word_1_293' title='bbox 1201 2241 1413 2306; x_wconf 89' lang='lat' dir='ltr'><strong>Deum;</strong></span> <span class='ocrx_word' id='word_1_294' title='bbox 1453 2250 1510 2296; x_wconf 93' lang='lat' dir='ltr'><strong>et</strong></span> <span class='ocrx_word' id='word_1_295' title='bbox 1553 2257 1620 2297; x_wconf 92' lang='lat' dir='ltr'><strong>ne</strong></span> <span class='ocrx_word' id='word_1_296' title='bbox 1650 2243 1774 2311; x_wconf 86' lang='lat' dir='ltr'><strong>quis</strong></span> <span class='ocrx_word' id='word_1_297' title='bbox 1810 2243 1865 2299; x_wconf 91' lang='lat' dir='ltr'><strong>in</strong></span> 
     </span>
    </p>
   </div>
   <div class='ocr_carea' id='block_1_39' title="bbox 280 2331 1866 2405">
    <p class='ocr_par' dir='ltr' id='par_1_39' title="bbox 280 2331 1866 2405">
     <span class='ocr_line' id='line_1_39' title="bbox 280 2331 1866 2405; baseline 0.002 -19"><span class='ocrx_word' id='word_1_298' title='bbox 280 2331 702 2386; x_wconf 82' lang='lat' dir='ltr'><strong>adversitatibus</strong></span> <span class='ocrx_word' id='word_1_299' title='bbox 728 2347 758 2386; x_wconf 90' lang='lat' dir='ltr'><strong>a</strong></span> <span class='ocrx_word' id='word_1_300' title='bbox 786 2332 931 2386; x_wconf 87' lang='lat' dir='ltr'><strong>bono</strong></span> <span class='ocrx_word' id='word_1_301' title='bbox 973 2346 1137 2402; x_wconf 88' lang='lat' dir='ltr'><strong>opere</strong></span> <span class='ocrx_word' id='word_1_302' title='bbox 1164 2339 1375 2396; x_wconf 88' lang='lat' dir='ltr'><strong>cesset,</strong></span> <span class='ocrx_word' id='word_1_303' title='bbox 1419 2331 1545 2405; x_wconf 87' lang='lat' dir='ltr'><strong>quia</strong></span> <span class='ocrx_word' id='word_1_304' title='bbox 1588 2331 1866 2389; x_wconf 85' lang='lat' dir='ltr'><strong>tribulatio</strong></span> 
     </span>
    </p>
   </div>
   <div class='ocr_carea' id='block_1_40' title="bbox 269 2420 1861 2495">
    <p class='ocr_par' dir='ltr' id='par_1_40' title="bbox 269 2420 1861 2495">
     <span class='ocr_line' id='line_1_40' title="bbox 269 2420 1861 2495; baseline 0.002 -20"><span class='ocrx_word' id='word_1_305' title='bbox 269 2420 591 2493; x_wconf 83' lang='lat' dir='ltr'><strong>patientiam</strong></span> <span class='ocrx_word' id='word_1_306' title='bbox 613 2429 907 2493; x_wconf 88' lang='lat' dir='ltr'><strong>operatur;</strong></span> <span class='ocrx_word' id='word_1_307' title='bbox 946 2420 1206 2491; x_wconf 85' lang='lat' dir='ltr'><strong>patientia</strong></span> <span class='ocrx_word' id='word_1_308' title='bbox 1243 2430 1423 2476; x_wconf 88' lang='lat' dir='ltr'><strong>autem</strong></span> <span class='ocrx_word' id='word_1_309' title='bbox 1451 2422 1861 2495; x_wconf 84' lang='lat' dir='ltr'><strong>probationem;</strong></span> 
     </span>
    </p>
   </div>
   <div class='ocr_carea' id='block_1_41' title="bbox 266 2495 1722 2581">
    <p class='ocr_par' dir='ltr' id='par_1_41' title="bbox 266 2495 1722 2581">
     <span class='ocr_line' id='line_1_41' title="bbox 266 2495 1722 2581; baseline 0.003 -18"><span class='ocrx_word' id='word_1_310' title='bbox 266 2495 523 2581; x_wconf 70' lang='lat' dir='ltr'><strong>probatio</strong></span> <span class='ocrx_word' id='word_1_311' title='bbox 548 2524 680 2565; x_wconf 89' lang='lat' dir='ltr'><strong>vero</strong></span> <span class='ocrx_word' id='word_1_312' title='bbox 709 2525 896 2580; x_wconf 88' lang='lat' dir='ltr'><strong>spem:</strong></span> <span class='ocrx_word' id='word_1_313' title='bbox 927 2525 1050 2581; x_wconf 89' lang='lat' dir='ltr'><strong>spes</strong></span> <span class='ocrx_word' id='word_1_314' title='bbox 1076 2518 1256 2566; x_wconf 89' lang='lat' dir='ltr'><strong>autem</strong></span> <span class='ocrx_word' id='word_1_315' title='bbox 1285 2527 1391 2566; x_wconf 92' lang='lat' dir='ltr'><strong>non</strong></span> <span class='ocrx_word' id='word_1_316' title='bbox 1421 2510 1722 2567; x_wconf 83' lang='lat' dir='ltr'><strong>confundit.</strong></span> 
     </span>
    </p>
   </div>
   <div class='ocr_carea' id='block_1_42' title="bbox 402 2598 1862 2671">
    <p class='ocr_par' dir='ltr' id='par_1_42' title="bbox 402 2598 1862 2671">
     <span class='ocr_line' id='line_1_42' title="bbox 402 2598 1862 2671; baseline 0.003 -16"><span class='ocrx_word' id='word_1_317' title='bbox 402 2598 594 2655; x_wconf 74' lang='lat' dir='ltr'><strong>Melior</strong></span> <span class='ocrx_word' id='word_1_318' title='bbox 621 2610 706 2656; x_wconf 89' lang='lat' dir='ltr'><strong>est</strong></span> <span class='ocrx_word' id='word_1_319' title='bbox 727 2600 821 2671; x_wconf 86' lang='lat' dir='ltr'><strong>qui</strong></span> <span class='ocrx_word' id='word_1_320' title='bbox 850 2608 1108 2670; x_wconf 84' lang='lat' dir='ltr'><strong>operatur</strong></span> <span class='ocrx_word' id='word_1_321' title='bbox 1130 2607 1187 2655; x_wconf 91' lang='lat' dir='ltr'><strong>et</strong></span> <span class='ocrx_word' id='word_1_322' title='bbox 1225 2600 1463 2657; x_wconf 87' lang='lat' dir='ltr'><strong>abundat</strong></span> <span class='ocrx_word' id='word_1_323' title='bbox 1501 2603 1553 2657; x_wconf 93' lang='lat' dir='ltr'><strong>in</strong></span> <span class='ocrx_word' id='word_1_324' title='bbox 1579 2604 1862 2669; x_wconf 90' lang='lat' dir='ltr'><strong>omnibus,</strong></span> 
     </span>
    </p>
   </div>
   <div class='ocr_carea' id='block_1_43' title="bbox 271 2689 1863 2763">
    <p class='ocr_par' dir='ltr' id='par_1_43' title="bbox 271 2689 1863 2763">
     <span class='ocr_line' id='line_1_43' title="bbox 271 2689 1863 2763; baseline 0.003 -18"><span class='ocrx_word' id='word_1_325' title='bbox 271 2709 295 2745; x_wconf 77' lang='grc' dir='ltr'>ι</span> <span class='ocrx_word' id='word_1_326' title='bbox 333 2707 494 2761; x_wconf 88' lang='lat' dir='ltr'><strong>quam</strong></span> <span class='ocrx_word' id='word_1_327' title='bbox 522 2691 612 2762; x_wconf 92' lang='lat' dir='ltr'><strong>qui</strong></span> <span class='ocrx_word' id='word_1_328' title='bbox 642 2689 905 2762; x_wconf 86' lang='lat' dir='ltr'><strong>gloriatur</strong></span> <span class='ocrx_word' id='word_1_329' title='bbox 941 2698 995 2747; x_wconf 92' lang='lat' dir='ltr'><strong>et</strong></span> <span class='ocrx_word' id='word_1_330' title='bbox 1032 2698 1155 2762; x_wconf 82' lang='lat' dir='ltr'><strong>eget</strong></span> <span class='ocrx_word' id='word_1_331' title='bbox 1176 2706 1337 2763; x_wconf 89' lang='lat' dir='ltr'><strong>pane.</strong></span> <span class='ocrx_word' id='word_1_332' title='bbox 1372 2711 1391 2744; x_wconf 74' lang='grc' dir='ltr'><strong><em>ι</em></strong></span> <span class='ocrx_word' id='word_1_333' title='bbox 1428 2690 1618 2748; x_wconf 82' lang='lat' dir='ltr'><strong>Melius</strong></span> <span class='ocrx_word' id='word_1_334' title='bbox 1643 2701 1728 2748; x_wconf 89' lang='lat' dir='ltr'><strong>cst</strong></span> <span class='ocrx_word' id='word_1_335' title='bbox 1756 2693 1863 2749; x_wconf 88' lang='lat' dir='ltr'><strong>sei-</strong></span> 
     </span>
    </p>
   </div>
   <div class='ocr_carea' id='block_1_44' title="bbox 265 2782 1867 2855">
    <p class='ocr_par' dir='ltr' id='par_1_44' title="bbox 265 2782 1867 2855">
     <span class='ocr_line' id='line_1_44' title="bbox 265 2782 1867 2855; baseline -0.001 -15"><span class='ocrx_word' id='word_1_336' title='bbox 265 2782 401 2840; x_wconf 88' lang='lat' dir='ltr'><strong>licet</strong></span> <span class='ocrx_word' id='word_1_337' title='bbox 425 2793 485 2838; x_wconf 91' lang='lat' dir='ltr'><strong>ut</strong></span> <span class='ocrx_word' id='word_1_338' title='bbox 508 2784 737 2855; x_wconf 88' lang='lat' dir='ltr'><strong>quisque</strong></span> <span class='ocrx_word' id='word_1_339' title='bbox 762 2783 950 2839; x_wconf 91' lang='lat' dir='ltr'><strong>diebus</strong></span> <span class='ocrx_word' id='word_1_340' title='bbox 971 2782 1095 2838; x_wconf 72' lang='lat' dir='ltr'><strong>vitm</strong></span> <span class='ocrx_word' id='word_1_341' title='bbox 1121 2799 1231 2838; x_wconf 78' lang='lat' dir='ltr'><strong>sua:</strong></span> <span class='ocrx_word' id='word_1_342' title='bbox 1258 2782 1473 2839; x_wconf 87' lang='lat' dir='ltr'><strong>studeat</strong></span> <span class='ocrx_word' id='word_1_343' title='bbox 1495 2785 1549 2839; x_wconf 91' lang='lat' dir='ltr'><strong>in</strong></span> <span class='ocrx_word' id='word_1_344' title='bbox 1578 2785 1717 2841; x_wconf 82' lang='lat' dir='ltr'><strong>bona</strong></span> <span class='ocrx_word' id='word_1_345' title='bbox 1738 2799 1867 2855; x_wconf 89' lang='lat' dir='ltr'><strong>ope-</strong></span> 
     </span>
    </p>
   </div>
   <div class='ocr_carea' id='block_1_45' title="bbox 265 2871 1867 2940">
    <p class='ocr_par' dir='ltr' id='par_1_45' title="bbox 265 2871 1867 2940">
     <span class='ocr_line' id='line_1_45' title="bbox 265 2871 1867 2940; baseline 0.001 -11"><span class='ocrx_word' id='word_1_346' title='bbox 265 2874 485 2929; x_wconf 86' lang='lat' dir='ltr'><strong>ratione</strong></span> <span class='ocrx_word' id='word_1_347' title='bbox 517 2873 796 2940; x_wconf 85' lang='lat' dir='ltr'><strong>laborare,</strong></span> <span class='ocrx_word' id='word_1_348' title='bbox 829 2871 969 2928; x_wconf 91' lang='lat' dir='ltr'><strong>unde</strong></span> <span class='ocrx_word' id='word_1_349' title='bbox 1002 2882 1149 2929; x_wconf 90' lang='lat' dir='ltr'><strong>certa</strong></span> <span class='ocrx_word' id='word_1_350' title='bbox 1192 2872 1265 2928; x_wconf 92' lang='lat' dir='ltr'><strong>illi</strong></span> <span class='ocrx_word' id='word_1_351' title='bbox 1314 2882 1487 2939; x_wconf 78' lang='lat' dir='ltr'><strong>restat</strong></span> <span class='ocrx_word' id='word_1_352' title='bbox 1528 2889 1737 2930; x_wconf 88' lang='lat' dir='ltr'><strong>merces</strong></span> <span class='ocrx_word' id='word_1_353' title='bbox 1782 2889 1867 2930; x_wconf 89' lang='lat' dir='ltr'><strong>re-</strong></span> 
     </span>
    </p>
   </div>
   <div class='ocr_carea' id='block_1_46' title="bbox 264 2963 1866 3035">
    <p class='ocr_par' dir='ltr' id='par_1_46' title="bbox 264 2963 1866 3035">
     <span class='ocr_line' id='line_1_46' title="bbox 264 2963 1866 3035; baseline 0.001 -15"><span class='ocrx_word' id='word_1_354' title='bbox 264 2964 688 3031; x_wconf 84' lang='lat' dir='ltr'><strong>munerationis,</strong></span> <span class='ocrx_word' id='word_1_355' title='bbox 735 2979 896 3035; x_wconf 88' lang='lat' dir='ltr'><strong>quam</strong></span> <span class='ocrx_word' id='word_1_356' title='bbox 941 2972 1001 3018; x_wconf 92' lang='lat' dir='ltr'><strong>ut</strong></span> <span class='ocrx_word' id='word_1_357' title='bbox 1044 2963 1098 3018; x_wconf 91' lang='lat' dir='ltr'><strong>in</strong></span> <span class='ocrx_word' id='word_1_358' title='bbox 1134 2964 1374 3019; x_wconf 88' lang='lat' dir='ltr'><strong>vanitate</strong></span> <span class='ocrx_word' id='word_1_359' title='bbox 1419 2964 1536 3020; x_wconf 88' lang='lat' dir='ltr'><strong>dies</strong></span> <span class='ocrx_word' id='word_1_360' title='bbox 1566 2980 1693 3020; x_wconf 89' lang='lat' dir='ltr'><strong>suos</strong></span> <span class='ocrx_word' id='word_1_361' title='bbox 1732 2980 1866 3021; x_wconf 90' lang='lat' dir='ltr'><strong>con-</strong></span> 
     </span>
    </p>
   </div>
   <div class='ocr_carea' id='block_1_47' title="bbox 264 3055 1938 3134">
    <p class='ocr_par' dir='ltr' id='par_1_47' title="bbox 264 3055 1938 3134">
     <span class='ocr_line' id='line_1_47' title="bbox 264 3055 1938 3134; baseline -0.001 -22"><span class='ocrx_word' id='word_1_362' title='bbox 264 3066 472 3121; x_wconf 85' lang='lat' dir='ltr'><strong>sumat,</strong></span> <span class='ocrx_word' id='word_1_363' title='bbox 503 3062 562 3111; x_wconf 89' lang='lat' dir='ltr'><strong>et</strong></span> <span class='ocrx_word' id='word_1_364' title='bbox 585 3071 780 3127; x_wconf 78' lang='lat' dir='ltr'><strong>expers</strong></span> <span class='ocrx_word' id='word_1_365' title='bbox 823 3056 920 3110; x_wconf 86' lang='lat' dir='ltr'><strong>tiat</strong></span> <span class='ocrx_word' id='word_1_366' title='bbox 952 3070 1093 3126; x_wconf 90' lang='lat' dir='ltr'><strong>pane</strong></span> <span class='ocrx_word' id='word_1_367' title='bbox 1132 3055 1223 3110; x_wconf 91' lang='lat' dir='ltr'><strong>illo</strong></span> <span class='ocrx_word' id='word_1_368' title='bbox 1250 3056 1341 3124; x_wconf 91' lang='lat' dir='ltr'><strong>qui</strong></span> <span class='ocrx_word' id='word_1_369' title='bbox 1371 3055 1438 3111; x_wconf 89' lang='lat' dir='ltr'><strong>de</strong></span> <span class='ocrx_word' id='word_1_370' title='bbox 1463 3055 1605 3112; x_wconf 74' lang='lat' dir='ltr'><strong>cmlo</strong></span> <span class='ocrx_word' id='word_1_371' title='bbox 1633 3056 1832 3112; x_wconf 90' lang='lat' dir='ltr'><strong>descen</strong></span> <span class='ocrx_word' id='word_1_372' title='bbox 1897 3110 1938 3134; x_wconf 60' lang='grc' dir='ltr'>η</span> 
     </span>
    </p>
   </div>
   <div class='ocr_carea' id='block_1_48' title="bbox 265 3146 1863 3216">
    <p class='ocr_par' dir='ltr' id='par_1_48' title="bbox 265 3146 1863 3216">
     <span class='ocr_line' id='line_1_48' title="bbox 265 3146 1863 3216; baseline 0 -14"><span class='ocrx_word' id='word_1_373' title='bbox 265 3146 392 3213; x_wconf 87' lang='lat' dir='ltr'><strong>dit;</strong></span> <span class='ocrx_word' id='word_1_374' title='bbox 428 3162 586 3216; x_wconf 86' lang='lat' dir='ltr'><strong>quem</strong></span> <span class='ocrx_word' id='word_1_375' title='bbox 618 3147 708 3216; x_wconf 91' lang='lat' dir='ltr'><strong>qui</strong></span> <span class='ocrx_word' id='word_1_376' title='bbox 740 3146 1167 3212; x_wconf 85' lang='lat' dir='ltr'><strong>manducaverit,</strong></span> <span class='ocrx_word' id='word_1_377' title='bbox 1200 3162 1307 3201; x_wconf 91' lang='lat' dir='ltr'><strong>non</strong></span> <span class='ocrx_word' id='word_1_378' title='bbox 1338 3146 1599 3201; x_wconf 89' lang='lat' dir='ltr'><strong>morietur</strong></span> <span class='ocrx_word' id='word_1_379' title='bbox 1626 3146 1681 3202; x_wconf 92' lang='lat' dir='ltr'><strong>in</strong></span> <span class='ocrx_word' id='word_1_380' title='bbox 1705 3155 1863 3209; x_wconf 74' lang='lat' dir='ltr'><strong>teter-</strong></span> 
     </span>
    </p>
   </div>
   <div class='ocr_carea' id='block_1_49' title="bbox 263 3236 1863 3309">
    <p class='ocr_par' dir='ltr' id='par_1_49' title="bbox 263 3236 1863 3309">
     <span class='ocr_line' id='line_1_49' title="bbox 263 3236 1863 3309; baseline 0.001 -16"><span class='ocrx_word' id='word_1_381' title='bbox 263 3253 424 3293; x_wconf 82' lang='lat' dir='ltr'><strong>num.</strong></span> <span class='ocrx_word' id='word_1_382' title='bbox 455 3236 652 3293; x_wconf 84' lang='lat' dir='ltr'><strong>Beatus</strong></span> <span class='ocrx_word' id='word_1_383' title='bbox 680 3244 763 3292; x_wconf 91' lang='lat' dir='ltr'><strong>est</strong></span> <span class='ocrx_word' id='word_1_384' title='bbox 792 3237 933 3291; x_wconf 90' lang='lat' dir='ltr'><strong>enim</strong></span> <span class='ocrx_word' id='word_1_385' title='bbox 967 3236 1057 3308; x_wconf 91' lang='lat' dir='ltr'><strong>qui</strong></span> <span class='ocrx_word' id='word_1_386' title='bbox 1085 3237 1375 3292; x_wconf 75' lang='lat' dir='ltr'><strong>manducet</strong></span> <span class='ocrx_word' id='word_1_387' title='bbox 1398 3251 1593 3308; x_wconf 90' lang='lat' dir='ltr'><strong>panem</strong></span> <span class='ocrx_word' id='word_1_388' title='bbox 1621 3237 1674 3293; x_wconf 92' lang='lat' dir='ltr'><strong>in</strong></span> <span class='ocrx_word' id='word_1_389' title='bbox 1695 3253 1863 3309; x_wconf 85' lang='lat' dir='ltr'><strong>regno</strong></span> 
     </span>
    </p>
   </div>
   <div class='ocr_carea' id='block_1_50' title="bbox 267 3330 395 3386">
    <p class='ocr_par' dir='ltr' id='par_1_50' title="bbox 267 3330 395 3386">
     <span class='ocr_line' id='line_1_50' title="bbox 267 3330 395 3386; baseline -0.023 0"><span class='ocrx_word' id='word_1_390' title='bbox 267 3330 395 3386; x_wconf 84' lang='lat' dir='ltr'><strong>Dei.</strong></span> 
     </span>
    </p>
   </div>
   <div class='ocr_carea' id='block_1_51' title="bbox 349 3418 1862 3487">
    <p class='ocr_par' dir='ltr' id='par_1_51' title="bbox 349 3418 1862 3487">
     <span class='ocr_line' id='line_1_51' title="bbox 349 3418 1862 3487; baseline 0.003 -14"><span class='ocrx_word' id='word_1_391' title='bbox 349 3440 368 3473; x_wconf 76' lang='grc' dir='ltr'>ι</span> <span class='ocrx_word' id='word_1_392' title='bbox 406 3418 533 3487; x_wconf 83' lang='lat' dir='ltr'><strong>Fili,</strong></span> <span class='ocrx_word' id='word_1_393' title='bbox 555 3418 609 3475; x_wconf 93' lang='lat' dir='ltr'><strong>in</strong></span> <span class='ocrx_word' id='word_1_394' title='bbox 631 3419 1045 3475; x_wconf 90' lang='lat' dir='ltr'><strong>mansuetudine</strong></span> <span class='ocrx_word' id='word_1_395' title='bbox 1074 3434 1230 3476; x_wconf 87' lang='lat' dir='ltr'><strong>serva</strong></span> <span class='ocrx_word' id='word_1_396' title='bbox 1256 3419 1494 3475; x_wconf 85' lang='lat' dir='ltr'><strong>animam</strong></span> <span class='ocrx_word' id='word_1_397' title='bbox 1523 3428 1692 3485; x_wconf 89' lang='lat' dir='ltr'><strong>tuam,</strong></span> <span class='ocrx_word' id='word_1_398' title='bbox 1715 3429 1770 3476; x_wconf 93' lang='lat' dir='ltr'><strong>et</strong></span> <span class='ocrx_word' id='word_1_399' title='bbox 1794 3421 1862 3478; x_wconf 88' lang='lat' dir='ltr'><strong>da</strong></span> 
     </span>
    </p>
   </div>
   <div class='ocr_carea' id='block_1_52' title="bbox 271 3511 1863 3573">
    <p class='ocr_par' dir='ltr' id='par_1_52' title="bbox 271 3511 1863 3573">
     <span class='ocr_line' id='line_1_52' title="bbox 271 3511 1863 3573; baseline 0.001 -8"><span class='ocrx_word' id='word_1_400' title='bbox 271 3532 292 3565; x_wconf 75' lang='grc' dir='ltr'>ι</span> <span class='ocrx_word' id='word_1_401' title='bbox 324 3511 401 3568; x_wconf 91' lang='lat' dir='ltr'><strong>illi</strong></span> <span class='ocrx_word' id='word_1_402' title='bbox 428 3513 690 3567; x_wconf 80' lang='lat' dir='ltr'><strong>honorem</strong></span> <span class='ocrx_word' id='word_1_403' title='bbox 723 3511 1019 3568; x_wconf 88' lang='lat' dir='ltr'><strong>secundum</strong></span> <span class='ocrx_word' id='word_1_404' title='bbox 1049 3513 1302 3569; x_wconf 85' lang='lat' dir='ltr'><strong>meritum</strong></span> <span class='ocrx_word' id='word_1_405' title='bbox 1338 3528 1516 3569; x_wconf 89' lang='lat' dir='ltr'><strong>suum.</strong></span> <span class='ocrx_word' id='word_1_406' title='bbox 1561 3530 1580 3564; x_wconf 73' lang='grc' dir='ltr'><strong><em>ι</em></strong></span> <span class='ocrx_word' id='word_1_407' title='bbox 1622 3512 1680 3567; x_wconf 84' lang='grc' dir='ltr'><strong>1η</strong></span> <span class='ocrx_word' id='word_1_408' title='bbox 1709 3528 1863 3573; x_wconf 86' lang='lat' dir='ltr'><strong>man-</strong></span> 
     </span>
    </p>
   </div>
   <div class='ocr_carea' id='block_1_53' title="bbox 267 3601 1862 3676">
    <p class='ocr_par' dir='ltr' id='par_1_53' title="bbox 267 3601 1862 3676">
     <span class='ocr_line' id='line_1_53' title="bbox 267 3601 1862 3676; baseline -0.001 -16"><span class='ocrx_word' id='word_1_409' title='bbox 267 3603 562 3660; x_wconf 85' lang='lat' dir='ltr'><strong>suetudine</strong></span> <span class='ocrx_word' id='word_1_410' title='bbox 585 3604 821 3658; x_wconf 90' lang='lat' dir='ltr'><strong>animam</strong></span> <span class='ocrx_word' id='word_1_411' title='bbox 846 3613 1050 3670; x_wconf 90' lang='lat' dir='ltr'><strong>servat,</strong></span> <span class='ocrx_word' id='word_1_412' title='bbox 1076 3603 1168 3674; x_wconf 86' lang='lat' dir='ltr'><strong>qui</strong></span> <span class='ocrx_word' id='word_1_413' title='bbox 1190 3619 1286 3674; x_wconf 91' lang='lat' dir='ltr'><strong>per</strong></span> <span class='ocrx_word' id='word_1_414' title='bbox 1310 3601 1671 3659; x_wconf 88' lang='lat' dir='ltr'><strong>humilitatem</strong></span> <span class='ocrx_word' id='word_1_415' title='bbox 1697 3619 1862 3676; x_wconf 89' lang='lat' dir='ltr'><strong>opera</strong></span> 
     </span>
    </p>
   </div>
   <div class='ocr_carea' id='block_1_54' title="bbox 264 3694 1864 3766">
    <p class='ocr_par' dir='ltr' id='par_1_54' title="bbox 264 3694 1864 3766">
     <span class='ocr_line' id='line_1_54' title="bbox 264 3694 1864 3766; baseline 0.001 -16"><span class='ocrx_word' id='word_1_416' title='bbox 264 3704 491 3751; x_wconf 79' lang='lat' dir='ltr'><strong>exercet</strong></span> <span class='ocrx_word' id='word_1_417' title='bbox 518 3696 776 3766; x_wconf 85' lang='lat' dir='ltr'><strong>pietatis;</strong></span> <span class='ocrx_word' id='word_1_418' title='bbox 817 3704 871 3751; x_wconf 92' lang='lat' dir='ltr'><strong>et</strong></span> <span class='ocrx_word' id='word_1_419' title='bbox 902 3696 997 3751; x_wconf 85' lang='lat' dir='ltr'><strong>dat</strong></span> <span class='ocrx_word' id='word_1_420' title='bbox 1035 3695 1111 3751; x_wconf 91' lang='lat' dir='ltr'><strong>illi</strong></span> <span class='ocrx_word' id='word_1_421' title='bbox 1138 3696 1400 3751; x_wconf 89' lang='lat' dir='ltr'><strong>honorem</strong></span> <span class='ocrx_word' id='word_1_422' title='bbox 1427 3694 1722 3751; x_wconf 90' lang='lat' dir='ltr'><strong>secundum</strong></span> <span class='ocrx_word' id='word_1_423' title='bbox 1750 3711 1864 3752; x_wconf 88' lang='lat' dir='ltr'><strong>me-</strong></span> 
     </span>
    </p>
   </div>
   <div class='ocr_carea' id='block_1_55' title="bbox 265 3784 1863 3858">
    <p class='ocr_par' dir='ltr' id='par_1_55' title="bbox 265 3784 1863 3858">
     <span class='ocr_line' id='line_1_55' title="bbox 265 3784 1863 3858; baseline 0.003 -18"><span class='ocrx_word' id='word_1_424' title='bbox 265 3784 438 3840; x_wconf 85' lang='lat' dir='ltr'><strong>ritum</strong></span> <span class='ocrx_word' id='word_1_425' title='bbox 467 3799 647 3853; x_wconf 86' lang='lat' dir='ltr'><strong>suum,</strong></span> <span class='ocrx_word' id='word_1_426' title='bbox 676 3785 770 3855; x_wconf 91' lang='lat' dir='ltr'><strong>qui</strong></span> <span class='ocrx_word' id='word_1_427' title='bbox 809 3801 869 3842; x_wconf 91' lang='lat' dir='ltr'><strong>se</strong></span> <span class='ocrx_word' id='word_1_428' title='bbox 909 3801 1005 3856; x_wconf 90' lang='lat' dir='ltr'><strong>spe</strong></span> <span class='ocrx_word' id='word_1_429' title='bbox 1037 3784 1230 3840; x_wconf 71' lang='lat' dir='ltr'><strong>futurae</strong></span> <span class='ocrx_word' id='word_1_430' title='bbox 1258 3786 1522 3841; x_wconf 86' lang='lat' dir='ltr'><strong>mercedis</strong></span> <span class='ocrx_word' id='word_1_431' title='bbox 1548 3802 1648 3858; x_wconf 92' lang='lat' dir='ltr'><strong>pro</strong></span> <span class='ocrx_word' id='word_1_432' title='bbox 1682 3787 1863 3844; x_wconf 89' lang='lat' dir='ltr'><strong>studio</strong></span> 
     </span>
    </p>
   </div>
   <div class='ocr_carea' id='block_1_56' title="bbox 265 3873 1862 3949">
    <p class='ocr_par' dir='ltr' id='par_1_56' title="bbox 265 3873 1862 3949">
     <span class='ocr_line' id='line_1_56' title="bbox 265 3873 1862 3949; baseline 0.003 -18"><span class='ocrx_word' id='word_1_433' title='bbox 265 3874 583 3931; x_wconf 85' lang='lat' dir='ltr'><strong>consolatur</strong></span> <span class='ocrx_word' id='word_1_434' title='bbox 601 3875 733 3947; x_wconf 86' lang='lat' dir='ltr'><strong>justi</strong></span> <span class='ocrx_word' id='word_1_435' title='bbox 764 3876 1001 3932; x_wconf 89' lang='lat' dir='ltr'><strong>laboris:</strong></span> <span class='ocrx_word' id='word_1_436' title='bbox 1035 3876 1162 3947; x_wconf 89' lang='lat' dir='ltr'><strong>quia</strong></span> <span class='ocrx_word' id='word_1_437' title='bbox 1184 3873 1342 3944; x_wconf 81' lang='lat' dir='ltr'><strong>juxta</strong></span> <span class='ocrx_word' id='word_1_438' title='bbox 1370 3876 1695 3949; x_wconf 87' lang='lat' dir='ltr'><strong>Prophetam</strong></span> <span class='ocrx_word' id='word_1_439' title='bbox 1719 3877 1862 3935; x_wconf 87' lang='lat' dir='ltr'><strong>Deus</strong></span> 
     </span>
    </p>
   </div>
   <div class='ocr_carea' id='block_1_57' title="bbox 267 3965 1864 4041">
    <p class='ocr_par' dir='ltr' id='par_1_57' title="bbox 267 3965 1864 4041">
     <span class='ocr_line' id='line_1_57' title="bbox 267 3965 1864 4041; baseline 0.001 -19"><span class='ocrx_word' id='word_1_440' title='bbox 267 3967 463 4022; x_wconf 86' lang='lat' dir='ltr'><strong>reddet</strong></span> <span class='ocrx_word' id='word_1_441' title='bbox 503 3967 730 4041; x_wconf 86' lang='lat' dir='ltr'><strong>singulis</strong></span> <span class='ocrx_word' id='word_1_442' title='bbox 772 3967 1068 4023; x_wconf 90' lang='lat' dir='ltr'><strong>secundum</strong></span> <span class='ocrx_word' id='word_1_443' title='bbox 1108 3980 1272 4037; x_wconf 88' lang='lat' dir='ltr'><strong>opera</strong></span> <span class='ocrx_word' id='word_1_444' title='bbox 1301 3982 1398 4022; x_wconf 89' lang='lat' dir='ltr'><strong>sua</strong></span> <span class='ocrx_word' id='word_1_445' title='bbox 1429 3965 1614 4041; x_wconf 80' lang='lat' dir='ltr'><strong>(Psal.</strong></span> <span class='ocrx_word' id='word_1_446' title='bbox 1644 3967 1787 4040; x_wconf 77' lang='lat' dir='ltr'><strong>LXI).</strong></span> <span class='ocrx_word' id='word_1_447' title='bbox 1819 3967 1864 4024; x_wconf 87' lang='lat' dir='ltr'><strong>E</strong></span> 
     </span>
    </p>
   </div>
   <div class='ocr_carea' id='block_1_58' title="bbox 262 4058 1861 4137">
    <p class='ocr_par' dir='ltr' id='par_1_58' title="bbox 262 4058 1861 4137">
     <span class='ocr_line' id='line_1_58' title="bbox 262 4058 1861 4137; baseline 0.002 -23"><span class='ocrx_word' id='word_1_448' title='bbox 262 4060 545 4114; x_wconf 78' lang='lat' dir='ltr'><strong>contrario</strong></span> <span class='ocrx_word' id='word_1_449' title='bbox 588 4074 719 4116; x_wconf 86' lang='lat' dir='ltr'><strong>vero</strong></span> <span class='ocrx_word' id='word_1_450' title='bbox 758 4060 888 4137; x_wconf 86' lang='lat' dir='ltr'><strong>quid</strong></span> <span class='ocrx_word' id='word_1_451' title='bbox 934 4060 1002 4115; x_wconf 93' lang='lat' dir='ltr'><strong>de</strong></span> <span class='ocrx_word' id='word_1_452' title='bbox 1043 4059 1428 4130; x_wconf 89' lang='lat' dir='ltr'><strong>peccatoribus</strong></span> <span class='ocrx_word' id='word_1_453' title='bbox 1468 4058 1824 4133; x_wconf 85' lang='lat' dir='ltr'><strong>subjungatur</strong></span> <span class='ocrx_word' id='word_1_454' title='bbox 1841 4102 1861 4130; x_wconf 88' lang='lat'><strong>,</strong></span> 
     </span>
    </p>
   </div>
   <div class='ocr_carea' id='block_1_59' title="bbox 266 4152 602 4208">
    <p class='ocr_par' dir='ltr' id='par_1_59' title="bbox 266 4152 602 4208">
     <span class='ocr_line' id='line_1_59' title="bbox 266 4152 602 4208; baseline -0.003 -1"><span class='ocrx_word' id='word_1_455' title='bbox 266 4152 560 4208; x_wconf 86' lang='lat' dir='ltr'><strong>audiamus</strong></span> <span class='ocrx_word' id='word_1_456' title='bbox 586 4166 602 4206; x_wconf 89' lang='lat'><strong>:</strong></span> 
     </span>
    </p>
   </div>
   <div class='ocr_carea' id='block_1_60' title="bbox 345 4241 1867 4315">
    <p class='ocr_par' dir='ltr' id='par_1_60' title="bbox 345 4241 1867 4315">
     <span class='ocr_line' id='line_1_60' title="bbox 345 4241 1867 4315; baseline 0.004 -19"><span class='ocrx_word' id='word_1_457' title='bbox 345 4260 368 4296; x_wconf 78' lang='grc' dir='ltr'>ι</span> <span class='ocrx_word' id='word_1_458' title='bbox 403 4241 728 4305; x_wconf 85' lang='lat' dir='ltr'><strong>Peccantem</strong></span> <span class='ocrx_word' id='word_1_459' title='bbox 771 4244 826 4300; x_wconf 93' lang='lat' dir='ltr'><strong>in</strong></span> <span class='ocrx_word' id='word_1_460' title='bbox 861 4243 1101 4300; x_wconf 88' lang='lat' dir='ltr'><strong>animam</strong></span> <span class='ocrx_word' id='word_1_461' title='bbox 1147 4259 1305 4303; x_wconf 84' lang='lat' dir='ltr'><strong>suam</strong></span> <span class='ocrx_word' id='word_1_462' title='bbox 1342 4245 1466 4315; x_wconf 85' lang='lat' dir='ltr'><strong>quis</strong></span> <span class='ocrx_word' id='word_1_463' title='bbox 1499 4241 1867 4314; x_wconf 73' lang='lat' dir='ltr'><strong>justiilcabit?</strong></span> 
     </span>
    </p>
   </div>
   <div class='ocr_carea' id='block_1_61' title="bbox 272 4332 1856 4403">
    <p class='ocr_par' dir='ltr' id='par_1_61' title="bbox 272 4332 1856 4403">
     <span class='ocr_line' id='line_1_61' title="bbox 272 4332 1856 4403; baseline 0.001 -16"><span class='ocrx_word' id='word_1_464' title='bbox 272 4351 296 4387; x_wconf 76' lang='grc' dir='ltr'><strong>ι</strong></span> <span class='ocrx_word' id='word_1_465' title='bbox 312 4340 373 4389; x_wconf 87' lang='lat' dir='ltr'><strong>et</strong></span> <span class='ocrx_word' id='word_1_466' title='bbox 391 4332 515 4403; x_wconf 88' lang='lat' dir='ltr'><strong>quis</strong></span> <span class='ocrx_word' id='word_1_467' title='bbox 534 4332 912 4390; x_wconf 84' lang='lat' dir='ltr'><strong>honoriﬁcabit</strong></span> <span class='ocrx_word' id='word_1_468' title='bbox 931 4333 1361 4390; x_wconf 87' lang='lat' dir='ltr'><strong>exhonorantem</strong></span> <span class='ocrx_word' id='word_1_469' title='bbox 1380 4334 1616 4391; x_wconf 81' lang='lat' dir='ltr'><strong>animam</strong></span> <span class='ocrx_word' id='word_1_470' title='bbox 1637 4334 1856 4391; x_wconf 65' lang='lat' dir='ltr'><strong>suam?»</strong></span> 
     </span>
    </p>
   </div>
   <div class='ocr_carea' id='block_1_62' title="bbox 260 4422 1857 4497">
    <p class='ocr_par' dir='ltr' id='par_1_62' title="bbox 260 4422 1857 4497">
     <span class='ocr_line' id='line_1_62' title="bbox 260 4422 1857 4497; baseline 0 -17"><span class='ocrx_word' id='word_1_471' title='bbox 260 4422 591 4480; x_wconf 77' lang='lat' dir='ltr'><strong>Exhonorat</strong></span> <span class='ocrx_word' id='word_1_472' title='bbox 614 4425 852 4481; x_wconf 86' lang='lat' dir='ltr'><strong>animam</strong></span> <span class='ocrx_word' id='word_1_473' title='bbox 877 4440 1057 4490; x_wconf 86' lang='lat' dir='ltr'><strong>suam,</strong></span> <span class='ocrx_word' id='word_1_474' title='bbox 1082 4425 1175 4495; x_wconf 90' lang='lat' dir='ltr'><strong>qui</strong></span> <span class='ocrx_word' id='word_1_475' title='bbox 1200 4426 1439 4495; x_wconf 86' lang='lat' dir='ltr'><strong>peccatis</strong></span> <span class='ocrx_word' id='word_1_476' title='bbox 1463 4424 1610 4481; x_wconf 85' lang='lat' dir='ltr'><strong>illam</strong></span> <span class='ocrx_word' id='word_1_477' title='bbox 1637 4424 1857 4497; x_wconf 87' lang='lat' dir='ltr'><strong>polluit;</strong></span> 
     </span>
    </p>
   </div>
   <div class='ocr_carea' id='block_1_63' title="bbox 260 4516 1862 4588">
    <p class='ocr_par' dir='ltr' id='par_1_63' title="bbox 260 4516 1862 4588">
     <span class='ocr_line' id='line_1_63' title="bbox 260 4516 1862 4588; baseline 0.001 -16"><span class='ocrx_word' id='word_1_478' title='bbox 260 4525 321 4572; x_wconf 79' lang='lat' dir='ltr'><strong>ct</strong></span> <span class='ocrx_word' id='word_1_479' title='bbox 341 4517 470 4587; x_wconf 88' lang='lat' dir='ltr'><strong>quis</strong></span> <span class='ocrx_word' id='word_1_480' title='bbox 495 4516 719 4588; x_wconf 78' lang='lat' dir='ltr'><strong>justitiae</strong></span> <span class='ocrx_word' id='word_1_481' title='bbox 759 4517 835 4573; x_wconf 91' lang='lat' dir='ltr'><strong>illi</strong></span> <span class='ocrx_word' id='word_1_482' title='bbox 883 4517 1075 4573; x_wconf 88' lang='lat' dir='ltr'><strong>tribuit</strong></span> <span class='ocrx_word' id='word_1_483' title='bbox 1100 4517 1359 4573; x_wconf 86' lang='lat' dir='ltr'><strong>meritum</strong></span> <span class='ocrx_word' id='word_1_484' title='bbox 1378 4556 1396 4584; x_wconf 94' lang='lat'><strong>,</strong></span> <span class='ocrx_word' id='word_1_485' title='bbox 1444 4530 1609 4588; x_wconf 82' lang='lat' dir='ltr'><strong>quem</strong></span> <span class='ocrx_word' id='word_1_486' title='bbox 1645 4525 1862 4573; x_wconf 88' lang='lat' dir='ltr'><strong>constat</strong></span> 
     </span>
    </p>
   </div>
   <div class='ocr_carea' id='block_1_64' title="bbox 258 4605 1860 4678">
    <p class='ocr_par' dir='ltr' id='par_1_64' title="bbox 258 4605 1860 4678">
     <span class='ocr_line' id='line_1_64' title="bbox 258 4605 1860 4678; baseline -0.002 -14"><span class='ocrx_word' id='word_1_487' title='bbox 258 4623 381 4664; x_wconf 67' lang='lat' dir='ltr'><strong>sum</strong></span> <span class='ocrx_word' id='word_1_488' title='bbox 403 4606 597 4663; x_wconf 88' lang='lat' dir='ltr'><strong>salutis</strong></span> <span class='ocrx_word' id='word_1_489' title='bbox 624 4607 825 4664; x_wconf 80' lang='lat' dir='ltr'><strong>habere</strong></span> <span class='ocrx_word' id='word_1_490' title='bbox 845 4606 1202 4678; x_wconf 82' lang='lat' dir='ltr'><strong>neglectum?</strong></span> <span class='ocrx_word' id='word_1_491' title='bbox 1238 4626 1259 4660; x_wconf 70' lang='grc' dir='ltr'>ς</span> <span class='ocrx_word' id='word_1_492' title='bbox 1293 4605 1497 4665; x_wconf 83' lang='lat' dir='ltr'><strong>Omnes</strong></span> <span class='ocrx_word' id='word_1_493' title='bbox 1527 4606 1676 4662; x_wconf 88' lang='lat' dir='ltr'><strong>enim</strong></span> <span class='ocrx_word' id='word_1_494' title='bbox 1698 4621 1860 4677; x_wconf 78' lang='lat' dir='ltr'><strong>opor-</strong></span> 
     </span>
    </p>
   </div>
   <div class='ocr_carea' id='block_1_65' title="bbox 258 4696 1858 4766">
    <p class='ocr_par' dir='ltr' id='par_1_65' title="bbox 258 4696 1858 4766">
     <span class='ocr_line' id='line_1_65' title="bbox 258 4696 1858 4766; baseline -0.001 -10"><span class='ocrx_word' id='word_1_495' title='bbox 258 4708 344 4756; x_wconf 88' lang='lat' dir='ltr'><strong>tet</strong></span> <span class='ocrx_word' id='word_1_496' title='bbox 365 4714 467 4755; x_wconf 89' lang='lat' dir='ltr'><strong>nos</strong></span> <span class='ocrx_word' id='word_1_497' title='bbox 489 4708 638 4755; x_wconf 88' lang='lat' dir='ltr'><strong>stare</strong></span> <span class='ocrx_word' id='word_1_498' title='bbox 662 4708 791 4756; x_wconf 85' lang='lat' dir='ltr'><strong>ante</strong></span> <span class='ocrx_word' id='word_1_499' title='bbox 828 4700 1069 4757; x_wconf 85' lang='lat' dir='ltr'><strong>tribunal</strong></span> <span class='ocrx_word' id='word_1_500' title='bbox 1115 4699 1342 4766; x_wconf 85' lang='lat' dir='ltr'><strong>Christi,</strong></span> <span class='ocrx_word' id='word_1_501' title='bbox 1372 4707 1437 4755; x_wconf 90' lang='lat' dir='ltr'><strong>ut</strong></span> <span class='ocrx_word' id='word_1_502' title='bbox 1459 4696 1665 4755; x_wconf 80' lang='lat' dir='ltr'><strong>referat</strong></span> <span class='ocrx_word' id='word_1_503' title='bbox 1691 4714 1858 4755; x_wconf 84' lang='lat' dir='ltr'><strong>unus-</strong></span> 
     </span>
    </p>
   </div>
   <div class='ocr_carea' id='block_1_66' title="bbox 252 4790 1859 4864">
    <p class='ocr_par' dir='ltr' id='par_1_66' title="bbox 252 4790 1859 4864">
     <span class='ocr_line' id='line_1_66' title="bbox 252 4790 1859 4864; baseline 0.001 -17"><span class='ocrx_word' id='word_1_504' title='bbox 252 4791 498 4864; x_wconf 79' lang='lat' dir='ltr'><strong>quisque</strong></span> <span class='ocrx_word' id='word_1_505' title='bbox 521 4793 739 4863; x_wconf 85' lang='lat' dir='ltr'><strong>propria</strong></span> <span class='ocrx_word' id='word_1_506' title='bbox 758 4794 1004 4863; x_wconf 87' lang='lat' dir='ltr'><strong>corporis</strong></span> <span class='ocrx_word' id='word_1_507' title='bbox 1044 4794 1151 4859; x_wconf 91' lang='lat' dir='ltr'><strong>sui,</strong></span> <span class='ocrx_word' id='word_1_508' title='bbox 1187 4800 1352 4864; x_wconf 88' lang='lat' dir='ltr'><strong>prout</strong></span> <span class='ocrx_word' id='word_1_509' title='bbox 1382 4791 1579 4863; x_wconf 85' lang='lat' dir='ltr'><strong>gessit,</strong></span> <span class='ocrx_word' id='word_1_510' title='bbox 1621 4790 1736 4848; x_wconf 88' lang='lat' dir='ltr'><strong>sive</strong></span> <span class='ocrx_word' id='word_1_511' title='bbox 1760 4791 1859 4848; x_wconf 82' lang='lat' dir='ltr'><strong>bo-</strong></span> 
     </span>
    </p>
   </div>
   <div class='ocr_carea' id='block_1_67' title="bbox 255 4881 1214 4957">
    <p class='ocr_par' dir='ltr' id='par_1_67' title="bbox 255 4881 1214 4957">
     <span class='ocr_line' id='line_1_67' title="bbox 255 4881 1214 4957; baseline -0.001 -20"><span class='ocrx_word' id='word_1_512' title='bbox 255 4895 425 4946; x_wconf 83' lang='lat' dir='ltr'><strong>num,</strong></span> <span class='ocrx_word' id='word_1_513' title='bbox 450 4881 567 4938; x_wconf 87' lang='lat' dir='ltr'><strong>sive</strong></span> <span class='ocrx_word' id='word_1_514' title='bbox 587 4882 789 4938; x_wconf 86' lang='lat' dir='ltr'><strong>malum</strong></span> <span class='ocrx_word' id='word_1_515' title='bbox 815 4881 902 4956; x_wconf 82' lang='lat' dir='ltr'><strong>(II</strong></span> <span class='ocrx_word' id='word_1_516' title='bbox 929 4881 1053 4938; x_wconf 86' lang='lat' dir='ltr'><strong>Cor.</strong></span> <span class='ocrx_word' id='word_1_517' title='bbox 1077 4882 1154 4957; x_wconf 89' lang='lat' dir='ltr'><strong>v).</strong></span> <span class='ocrx_word' id='word_1_518' title='bbox 1192 4902 1214 4936; x_wconf 72' lang='grc' dir='ltr'><strong><em>ι</em></strong></span> 
     </span>
    </p>
   </div>
   <div class='ocr_carea' id='block_1_68' title="bbox 336 4972 1856 5047">
    <p class='ocr_par' dir='ltr' id='par_1_68' title="bbox 336 4972 1856 5047">
     <span class='ocr_line' id='line_1_68' title="bbox 336 4972 1856 5047; baseline 0.003 -19"><span class='ocrx_word' id='word_1_519' title='bbox 336 4993 362 5028; x_wconf 74' lang='grc' dir='ltr'>ι</span> <span class='ocrx_word' id='word_1_520' title='bbox 414 4972 631 5045; x_wconf 84' lang='lat' dir='ltr'><strong>Pauper</strong></span> <span class='ocrx_word' id='word_1_521' title='bbox 670 4975 935 5047; x_wconf 81' lang='lat' dir='ltr'><strong>gloriatur</strong></span> <span class='ocrx_word' id='word_1_522' title='bbox 977 4990 1077 5046; x_wconf 87' lang='lat' dir='ltr'><strong>per</strong></span> <span class='ocrx_word' id='word_1_523' title='bbox 1118 4975 1455 5047; x_wconf 84' lang='lat' dir='ltr'><strong>disciplinam</strong></span> <span class='ocrx_word' id='word_1_524' title='bbox 1501 4983 1558 5033; x_wconf 87' lang='lat' dir='ltr'><strong>et</strong></span> <span class='ocrx_word' id='word_1_525' title='bbox 1604 4975 1856 5032; x_wconf 86' lang='lat' dir='ltr'><strong>timorem</strong></span> 
     </span>
    </p>
   </div>
   <div class='ocr_carea' id='block_1_69' title="bbox 257 5068 1858 5141">
    <p class='ocr_par' dir='ltr' id='par_1_69' title="bbox 257 5068 1858 5141">
     <span class='ocr_line' id='line_1_69' title="bbox 257 5068 1858 5141; baseline 0.001 -19"><span class='ocrx_word' id='word_1_526' title='bbox 257 5086 285 5122; x_wconf 73' lang='grc' dir='ltr'>ι</span> <span class='ocrx_word' id='word_1_527' title='bbox 320 5082 523 5124; x_wconf 83' lang='lat' dir='ltr'><strong>suum:</strong></span> <span class='ocrx_word' id='word_1_528' title='bbox 564 5076 622 5125; x_wconf 90' lang='lat' dir='ltr'><strong>et</strong></span> <span class='ocrx_word' id='word_1_529' title='bbox 644 5078 728 5125; x_wconf 88' lang='lat' dir='ltr'><strong>est</strong></span> <span class='ocrx_word' id='word_1_530' title='bbox 754 5069 916 5125; x_wconf 87' lang='lat' dir='ltr'><strong>homo</strong></span> <span class='ocrx_word' id='word_1_531' title='bbox 940 5070 1035 5141; x_wconf 91' lang='lat' dir='ltr'><strong>qui</strong></span> <span class='ocrx_word' id='word_1_532' title='bbox 1072 5069 1460 5126; x_wconf 81' lang='lat' dir='ltr'><strong>honoriﬁcatur</strong></span> <span class='ocrx_word' id='word_1_533' title='bbox 1486 5076 1709 5139; x_wconf 88' lang='lat' dir='ltr'><strong>propter</strong></span> <span class='ocrx_word' id='word_1_534' title='bbox 1730 5068 1858 5124; x_wconf 90' lang='lat' dir='ltr'><strong>sub-</strong></span> 
     </span>
    </p>
   </div>
   <div class='ocr_carea' id='block_1_70' title="bbox 251 5161 1860 5235">
    <p class='ocr_par' dir='ltr' id='par_1_70' title="bbox 251 5161 1860 5235">
     <span class='ocr_line' id='line_1_70' title="bbox 251 5161 1860 5235; baseline 0 -18"><span class='ocrx_word' id='word_1_535' title='bbox 251 5183 281 5217; x_wconf 68' lang='grc' dir='ltr'><strong>ε</strong></span> <span class='ocrx_word' id='word_1_536' title='bbox 315 5162 584 5219; x_wconf 80' lang='lat' dir='ltr'><strong>stantiam</strong></span> <span class='ocrx_word' id='word_1_537' title='bbox 630 5178 809 5220; x_wconf 83' lang='lat' dir='ltr'><strong>suam.</strong></span> <span class='ocrx_word' id='word_1_538' title='bbox 858 5183 879 5216; x_wconf 74' lang='grc' dir='ltr'><strong><em>ι</em></strong></span> <span class='ocrx_word' id='word_1_539' title='bbox 924 5163 1220 5235; x_wconf 86' lang='lat' dir='ltr'><strong>Pauperem</strong></span> <span class='ocrx_word' id='word_1_540' title='bbox 1270 5163 1362 5219; x_wconf 89' lang='lat' dir='ltr'><strong>hic</strong></span> <span class='ocrx_word' id='word_1_541' title='bbox 1403 5161 1664 5218; x_wconf 87' lang='lat' dir='ltr'><strong>humilem</strong></span> <span class='ocrx_word' id='word_1_542' title='bbox 1692 5161 1860 5217; x_wconf 88' lang='lat' dir='ltr'><strong>debes</strong></span> 
     </span>
    </p>
   </div>
   <div class='ocr_carea' id='block_1_71' title="bbox 242 5251 1857 5326">
    <p class='ocr_par' dir='ltr' id='par_1_71' title="bbox 242 5251 1857 5326">
     <span class='ocr_line' id='line_1_71' title="bbox 242 5251 1857 5326; baseline -0.002 -16"><span class='ocrx_word' id='word_1_543' title='bbox 242 5251 573 5326; x_wconf 79' lang='lat' dir='ltr'><strong>intelligere</strong></span> <span class='ocrx_word' id='word_1_544' title='bbox 598 5255 692 5325; x_wconf 90' lang='lat' dir='ltr'><strong>qui</strong></span> <span class='ocrx_word' id='word_1_545' title='bbox 735 5254 791 5309; x_wconf 90' lang='lat' dir='ltr'><strong>in</strong></span> <span class='ocrx_word' id='word_1_546' title='bbox 831 5254 1027 5311; x_wconf 89' lang='lat' dir='ltr'><strong>timore</strong></span> <span class='ocrx_word' id='word_1_547' title='bbox 1065 5254 1276 5311; x_wconf 88' lang='lat' dir='ltr'><strong>Domini</strong></span> <span class='ocrx_word' id='word_1_548' title='bbox 1316 5262 1372 5309; x_wconf 89' lang='lat' dir='ltr'><strong>et</strong></span> <span class='ocrx_word' id='word_1_549' title='bbox 1412 5253 1469 5309; x_wconf 90' lang='lat' dir='ltr'><strong>in</strong></span> <span class='ocrx_word' id='word_1_550' title='bbox 1509 5251 1857 5310; x_wconf 85' lang='lat' dir='ltr'><strong>observantia</strong></span> 
     </span>
    </p>
   </div>
   <div class='ocr_carea' id='block_1_72' title="bbox 237 5342 1860 5417">
    <p class='ocr_par' dir='ltr' id='par_1_72' title="bbox 237 5342 1860 5417">
     <span class='ocr_line' id='line_1_72' title="bbox 237 5342 1860 5417; baseline -0.004 -14"><span class='ocrx_word' id='word_1_551' title='bbox 237 5359 413 5403; x_wconf 71' lang='lat' dir='ltr'><strong>vera:</strong></span> <span class='ocrx_word' id='word_1_552' title='bbox 434 5344 712 5417; x_wconf 85' lang='lat' dir='ltr'><strong>religionis</strong></span> <span class='ocrx_word' id='word_1_553' title='bbox 737 5353 906 5401; x_wconf 89' lang='lat' dir='ltr'><strong>totam</strong></span> <span class='ocrx_word' id='word_1_554' title='bbox 941 5345 1170 5417; x_wconf 86' lang='lat' dir='ltr'><strong>gloriam</strong></span> <span class='ocrx_word' id='word_1_555' title='bbox 1210 5360 1363 5401; x_wconf 87' lang='lat' dir='ltr'><strong>suam</strong></span> <span class='ocrx_word' id='word_1_556' title='bbox 1404 5344 1613 5399; x_wconf 86' lang='lat' dir='ltr'><strong>statuit.</strong></span> <span class='ocrx_word' id='word_1_557' title='bbox 1645 5342 1722 5398; x_wconf 92' lang='lat' dir='ltr'><strong>De</strong></span> <span class='ocrx_word' id='word_1_558' title='bbox 1751 5356 1860 5414; x_wconf 89' lang='lat' dir='ltr'><strong>quo</strong></span> 
     </span>
    </p>
   </div>
   <div class='ocr_carea' id='block_1_73' title="bbox 234 5433 1860 5511">
    <p class='ocr_par' dir='ltr' id='par_1_73' title="bbox 234 5433 1860 5511">
     <span class='ocr_line' id='line_1_73' title="bbox 234 5433 1860 5511; baseline -0.001 -19"><span class='ocrx_word' id='word_1_559' title='bbox 234 5454 362 5511; x_wconf 82' lang='lat' dir='ltr'><strong>per</strong></span> <span class='ocrx_word' id='word_1_560' title='bbox 390 5435 619 5493; x_wconf 80' lang='lat' dir='ltr'><strong>Paulum</strong></span> <span class='ocrx_word' id='word_1_561' title='bbox 647 5439 878 5495; x_wconf 89' lang='lat' dir='ltr'><strong>dicitur:</strong></span> <span class='ocrx_word' id='word_1_562' title='bbox 913 5456 934 5493; x_wconf 71' lang='grc' dir='ltr'>ι</span> <span class='ocrx_word' id='word_1_563' title='bbox 959 5437 1062 5507; x_wconf 90' lang='lat' dir='ltr'><strong>Qui</strong></span> <span class='ocrx_word' id='word_1_564' title='bbox 1094 5437 1375 5511; x_wconf 85' lang='lat' dir='ltr'><strong>gloriatur,</strong></span> <span class='ocrx_word' id='word_1_565' title='bbox 1404 5436 1459 5491; x_wconf 91' lang='lat' dir='ltr'><strong>in</strong></span> <span class='ocrx_word' id='word_1_566' title='bbox 1494 5435 1724 5490; x_wconf 89' lang='lat' dir='ltr'><strong>Domino</strong></span> <span class='ocrx_word' id='word_1_567' title='bbox 1743 5433 1860 5505; x_wconf 88' lang='lat' dir='ltr'><strong>glo-</strong></span> 
     </span>
    </p>
   </div>
   <div class='ocr_carea' id='block_1_74' title="bbox 234 5524 1859 5601">
    <p class='ocr_par' dir='ltr' id='par_1_74' title="bbox 234 5524 1859 5601">
     <span class='ocr_line' id='line_1_74' title="bbox 234 5524 1859 5601; baseline -0.006 -13"><span class='ocrx_word' id='word_1_568' title='bbox 234 5530 461 5588; x_wconf 78' lang='lat' dir='ltr'><strong>rietur.</strong></span> <span class='ocrx_word' id='word_1_569' title='bbox 508 5528 626 5586; x_wconf 86' lang='lat' dir='ltr'><strong>Non</strong></span> <span class='ocrx_word' id='word_1_570' title='bbox 666 5531 811 5586; x_wconf 88' lang='lat' dir='ltr'><strong>enim</strong></span> <span class='ocrx_word' id='word_1_571' title='bbox 837 5530 929 5601; x_wconf 90' lang='lat' dir='ltr'><strong>qui</strong></span> <span class='ocrx_word' id='word_1_572' title='bbox 966 5531 1201 5600; x_wconf 90' lang='lat' dir='ltr'><strong>seipsum</strong></span> <span class='ocrx_word' id='word_1_573' title='bbox 1232 5525 1578 5584; x_wconf 84' lang='lat' dir='ltr'><strong>commendat</strong></span> <span class='ocrx_word' id='word_1_574' title='bbox 1614 5524 1704 5580; x_wconf 90' lang='lat' dir='ltr'><strong>ille</strong></span> <span class='ocrx_word' id='word_1_575' title='bbox 1731 5539 1859 5594; x_wconf 84' lang='lat' dir='ltr'><strong>pro-</strong></span> 
     </span>
    </p>
   </div>
   <div class='ocr_carea' id='block_1_75' title="bbox 233 5614 1855 5691">
    <p class='ocr_par' dir='ltr' id='par_1_75' title="bbox 233 5614 1855 5691">
     <span class='ocr_line' id='line_1_75' title="bbox 233 5614 1855 5691; baseline -0.007 -12"><span class='ocrx_word' id='word_1_576' title='bbox 233 5623 430 5679; x_wconf 72' lang='lat' dir='ltr'><strong>Datus</strong></span> <span class='ocrx_word' id='word_1_577' title='bbox 452 5628 556 5685; x_wconf 85' lang='lat' dir='ltr'><strong>est,</strong></span> <span class='ocrx_word' id='word_1_578' title='bbox 581 5620 677 5676; x_wconf 83' lang='lat' dir='ltr'><strong>sed</strong></span> <span class='ocrx_word' id='word_1_579' title='bbox 699 5636 862 5691; x_wconf 88' lang='lat' dir='ltr'><strong>quem</strong></span> <span class='ocrx_word' id='word_1_580' title='bbox 890 5621 1033 5676; x_wconf 89' lang='lat' dir='ltr'><strong>Deus</strong></span> <span class='ocrx_word' id='word_1_581' title='bbox 1060 5616 1422 5680; x_wconf 89' lang='lat' dir='ltr'><strong>commendat,</strong></span> <span class='ocrx_word' id='word_1_582' title='bbox 1448 5614 1561 5685; x_wconf 91' lang='lat' dir='ltr'><strong>ipse</strong></span> <span class='ocrx_word' id='word_1_583' title='bbox 1591 5614 1855 5684; x_wconf 87' lang='lat' dir='ltr'><strong>probatus</strong></span> 
     </span>
    </p>
   </div>
   <div class='ocr_carea' id='block_1_76' title="bbox 231 5704 1858 5782">
    <p class='ocr_par' dir='ltr' id='par_1_76' title="bbox 231 5704 1858 5782">
     <span class='ocr_line' id='line_1_76' title="bbox 231 5704 1858 5782; baseline -0.008 -8"><span class='ocrx_word' id='word_1_584' title='bbox 231 5722 365 5773; x_wconf 64' lang='lat' dir='ltr'><strong>at.</strong></span> <span class='ocrx_word' id='word_1_585' title='bbox 403 5731 425 5766; x_wconf 74' lang='grc' dir='ltr'><strong><em>ι</em></strong></span> <span class='ocrx_word' id='word_1_586' title='bbox 455 5711 554 5770; x_wconf 81' lang='lat' dir='ltr'><strong>Est</strong></span> <span class='ocrx_word' id='word_1_587' title='bbox 578 5721 761 5770; x_wconf 79' lang='lat' dir='ltr'><strong>autem</strong></span> <span class='ocrx_word' id='word_1_588' title='bbox 787 5713 925 5770; x_wconf 90' lang='lat' dir='ltr'><strong>alius</strong></span> <span class='ocrx_word' id='word_1_589' title='bbox 947 5712 1042 5782; x_wconf 86' lang='lat' dir='ltr'><strong>qui</strong></span> <span class='ocrx_word' id='word_1_590' title='bbox 1062 5710 1295 5781; x_wconf 83' lang='lat' dir='ltr'><strong>superba</strong></span> <span class='ocrx_word' id='word_1_591' title='bbox 1315 5707 1616 5766; x_wconf 84' lang='lat' dir='ltr'><strong>intentione</strong></span> <span class='ocrx_word' id='word_1_592' title='bbox 1643 5705 1698 5763; x_wconf 89' lang='lat' dir='ltr'><strong>in</strong></span> <span class='ocrx_word' id='word_1_593' title='bbox 1717 5704 1858 5763; x_wconf 88' lang='lat' dir='ltr'><strong>divi-</strong></span> 
     </span>
    </p>
   </div>
   <div class='ocr_carea' id='block_1_77' title="bbox 1965 1864 3560 1943">
    <p class='ocr_par' dir='ltr' id='par_1_77' title="bbox 1965 1864 3560 1943">
     <span class='ocr_line' id='line_1_77' title="bbox 1965 1864 3560 1943; baseline 0.007 -23"><span class='ocrx_word' id='word_1_594' title='bbox 1965 1864 2242 1938; x_wconf 75' lang='lat' dir='ltr'><strong>proiectus</strong></span> <span class='ocrx_word' id='word_1_595' title='bbox 2272 1876 2356 1921; x_wconf 90' lang='lat' dir='ltr'><strong>est</strong></span> <span class='ocrx_word' id='word_1_596' title='bbox 2378 1876 2604 1933; x_wconf 72' lang='lat' dir='ltr'><strong>mterna,</strong></span> <span class='ocrx_word' id='word_1_597' title='bbox 2622 1868 2722 1924; x_wconf 90' lang='lat' dir='ltr'><strong>iste</strong></span> <span class='ocrx_word' id='word_1_598' title='bbox 2747 1877 2927 1925; x_wconf 89' lang='lat' dir='ltr'><strong>autem</strong></span> <span class='ocrx_word' id='word_1_599' title='bbox 2950 1870 3015 1926; x_wconf 89' lang='lat' dir='ltr'><strong>de</strong></span> <span class='ocrx_word' id='word_1_600' title='bbox 3038 1872 3254 1927; x_wconf 87' lang='lat' dir='ltr'><strong>miseria</strong></span> <span class='ocrx_word' id='word_1_601' title='bbox 3277 1875 3560 1943; x_wconf 82' lang='lat' dir='ltr'><strong>praesentis</strong></span> 
     </span>
    </p>
   </div>
   <div class='ocr_carea' id='block_1_78' title="bbox 1966 1957 3561 2038">
    <p class='ocr_par' dir='ltr' id='par_1_78' title="bbox 1966 1957 3561 2038">
     <span class='ocr_line' id='line_1_78' title="bbox 1966 1957 3561 2038; baseline 0.008 -27"><span class='ocrx_word' id='word_1_602' title='bbox 1966 1957 2092 2013; x_wconf 69' lang='lat' dir='ltr'><strong>vitae</strong></span> <span class='ocrx_word' id='word_1_603' title='bbox 2131 1959 2199 2014; x_wconf 90' lang='lat' dir='ltr'><strong>ad</strong></span> <span class='ocrx_word' id='word_1_604' title='bbox 2240 1958 2435 2030; x_wconf 85' lang='lat' dir='ltr'><strong>gaudia</strong></span> <span class='ocrx_word' id='word_1_605' title='bbox 2476 1961 2796 2016; x_wconf 88' lang='lat' dir='ltr'><strong>conscendit</strong></span> <span class='ocrx_word' id='word_1_606' title='bbox 2845 1964 3194 2034; x_wconf 89' lang='lat' dir='ltr'><strong>sempiterna.</strong></span> <span class='ocrx_word' id='word_1_607' title='bbox 3242 1965 3320 2021; x_wconf 88' lang='lat' dir='ltr'><strong>De</strong></span> <span class='ocrx_word' id='word_1_608' title='bbox 3357 1982 3466 2038; x_wconf 91' lang='lat' dir='ltr'><strong>quo</strong></span> <span class='ocrx_word' id='word_1_609' title='bbox 3506 1977 3561 2023; x_wconf 91' lang='lat' dir='ltr'><strong>et</strong></span> 
     </span>
    </p>
   </div>
   <div class='ocr_carea' id='block_1_79' title="bbox 1965 2050 3562 2121">
    <p class='ocr_par' dir='ltr' id='par_1_79' title="bbox 1965 2050 3562 2121">
     <span class='ocr_line' id='line_1_79' title="bbox 1965 2050 3562 2121; baseline 0.005 -15"><span class='ocrx_word' id='word_1_610' title='bbox 1965 2065 2065 2121; x_wconf 89' lang='lat' dir='ltr'><strong>per</strong></span> <span class='ocrx_word' id='word_1_611' title='bbox 2091 2050 2352 2106; x_wconf 85' lang='lat' dir='ltr'><strong>Jacobum</strong></span> <span class='ocrx_word' id='word_1_612' title='bbox 2397 2052 2627 2108; x_wconf 87' lang='lat' dir='ltr'><strong>dicitur:</strong></span> <span class='ocrx_word' id='word_1_613' title='bbox 2671 2074 2689 2106; x_wconf 74' lang='grc' dir='ltr'>ι</span> <span class='ocrx_word' id='word_1_614' title='bbox 2730 2052 3003 2109; x_wconf 87' lang='lat' dir='ltr'><strong>Glorietur</strong></span> <span class='ocrx_word' id='word_1_615' title='bbox 3034 2065 3213 2112; x_wconf 89' lang='lat' dir='ltr'><strong>autem</strong></span> <span class='ocrx_word' id='word_1_616' title='bbox 3252 2056 3426 2113; x_wconf 81' lang='lat' dir='ltr'><strong>frater</strong></span> <span class='ocrx_word' id='word_1_617' title='bbox 3460 2060 3562 2114; x_wconf 83' lang='lat' dir='ltr'><strong>hu-</strong></span> 
     </span>
    </p>
   </div>
   <div class='ocr_carea' id='block_1_80' title="bbox 1967 2132 3560 2219">
    <p class='ocr_par' dir='ltr' id='par_1_80' title="bbox 1967 2132 3560 2219">
     <span class='ocr_line' id='line_1_80' title="bbox 1967 2132 3560 2219; baseline 0.008 -26"><span class='ocrx_word' id='word_1_618' title='bbox 1967 2138 2110 2194; x_wconf 89' lang='lat' dir='ltr'><strong>milis</strong></span> <span class='ocrx_word' id='word_1_619' title='bbox 2134 2156 2189 2194; x_wconf 79' lang='lat' dir='ltr'><strong>in</strong></span> <span class='ocrx_word' id='word_1_620' title='bbox 2221 2139 2549 2219; x_wconf 80' lang='lat' dir='ltr'><strong>exultatione</strong></span> <span class='ocrx_word' id='word_1_621' title='bbox 2570 2132 2699 2207; x_wconf 2' lang='lat' dir='ltr'><strong>dsua,</strong></span> <span class='ocrx_word' id='word_1_622' title='bbox 2734 2143 2885 2198; x_wconf 79' lang='lat' dir='ltr'><strong>dives</strong></span> <span class='ocrx_word' id='word_1_623' title='bbox 2927 2153 3105 2198; x_wconf 84' lang='lat' dir='ltr'><strong>autem</strong></span> <span class='ocrx_word' id='word_1_624' title='bbox 3153 2146 3207 2201; x_wconf 92' lang='lat' dir='ltr'><strong>in</strong></span> <span class='ocrx_word' id='word_1_625' title='bbox 3254 2147 3560 2219; x_wconf 82' lang='lat' dir='ltr'><strong>humilitate</strong></span> 
     </span>
    </p>
   </div>
   <div class='ocr_carea' id='block_1_81' title="bbox 1966 2218 3557 2311">
    <p class='ocr_par' dir='ltr' id='par_1_81' title="bbox 1966 2218 3557 2311">
     <span class='ocr_line' id='line_1_81' title="bbox 1966 2218 3557 2311; baseline 0.007 -27"><span class='ocrx_word' id='word_1_626' title='bbox 1966 2246 2063 2285; x_wconf 86' lang='lat' dir='ltr'><strong>sua</strong></span> <span class='ocrx_word' id='word_1_627' title='bbox 2101 2230 2241 2303; x_wconf 85' lang='lat' dir='ltr'><strong>(Jac.</strong></span> <span class='ocrx_word' id='word_1_628' title='bbox 2272 2230 2347 2297; x_wconf 85' lang='lat' dir='ltr'><strong>t):</strong></span> <span class='ocrx_word' id='word_1_629' title='bbox 2384 2251 2402 2283; x_wconf 84' lang='grc'><strong>›</strong></span> <span class='ocrx_word' id='word_1_630' title='bbox 2436 2218 2562 2302; x_wconf 81' lang='lat' dir='ltr'><strong>quia</strong></span> <span class='ocrx_word' id='word_1_631' title='bbox 2593 2224 2769 2289; x_wconf 86' lang='lat' dir='ltr'><strong>omnis</strong></span> <span class='ocrx_word' id='word_1_632' title='bbox 2790 2235 2881 2304; x_wconf 93' lang='lat' dir='ltr'><strong>qui</strong></span> <span class='ocrx_word' id='word_1_633' title='bbox 2908 2236 3134 2291; x_wconf 88' lang='lat' dir='ltr'><strong>adversa</strong></span> <span class='ocrx_word' id='word_1_634' title='bbox 3163 2218 3438 2293; x_wconf 88' lang='lat' dir='ltr'><strong>humiliter</strong></span> <span class='ocrx_word' id='word_1_635' title='bbox 3458 2257 3557 2311; x_wconf 83' lang='lat' dir='ltr'><strong>pro</strong></span> 
     </span>
    </p>
   </div>
   <div class='ocr_carea' id='block_1_82' title="bbox 1967 2319 3559 2400">
    <p class='ocr_par' dir='ltr' id='par_1_82' title="bbox 1967 2319 3559 2400">
     <span class='ocr_line' id='line_1_82' title="bbox 1967 2319 3559 2400; baseline 0.007 -27"><span class='ocrx_word' id='word_1_636' title='bbox 1967 2319 2198 2375; x_wconf 90' lang='lat' dir='ltr'><strong>Domino</strong></span> <span class='ocrx_word' id='word_1_637' title='bbox 2227 2319 2434 2386; x_wconf 84' lang='lat' dir='ltr'><strong>suil&#39;ert,</strong></span> <span class='ocrx_word' id='word_1_638' title='bbox 2466 2322 2771 2377; x_wconf 88' lang='lat' dir='ltr'><strong>sublimiter</strong></span> <span class='ocrx_word' id='word_1_639' title='bbox 2799 2324 2866 2379; x_wconf 88' lang='lat' dir='ltr'><strong>ab</strong></span> <span class='ocrx_word' id='word_1_640' title='bbox 2894 2324 2983 2379; x_wconf 91' lang='lat' dir='ltr'><strong>illo</strong></span> <span class='ocrx_word' id='word_1_641' title='bbox 3008 2325 3158 2396; x_wconf 81' lang='lat' dir='ltr'><strong>regni</strong></span> <span class='ocrx_word' id='word_1_642' title='bbox 3184 2328 3407 2396; x_wconf 59' lang='lat' dir='ltr'><strong>praemia</strong></span> <span class='ocrx_word' id='word_1_643' title='bbox 3434 2344 3559 2400; x_wconf 88' lang='lat' dir='ltr'><strong>per-</strong></span> 
     </span>
    </p>
   </div>
   <div class='ocr_carea' id='block_1_83' title="bbox 1966 2409 3555 2479">
    <p class='ocr_par' dir='ltr' id='par_1_83' title="bbox 1966 2409 3555 2479">
     <span class='ocr_line' id='line_1_83' title="bbox 1966 2409 3555 2479; baseline 0.006 -16"><span class='ocrx_word' id='word_1_644' title='bbox 1966 2409 2148 2479; x_wconf 90' lang='lat' dir='ltr'><strong>cipiet.</strong></span> <span class='ocrx_word' id='word_1_645' title='bbox 2202 2409 2245 2465; x_wconf 84' lang='grc' dir='ltr'><strong>Ε</strong></span> <span class='ocrx_word' id='word_1_646' title='bbox 2286 2410 2561 2464; x_wconf 89' lang='lat' dir='ltr'><strong>contrario</strong></span> <span class='ocrx_word' id='word_1_647' title='bbox 2608 2421 2787 2467; x_wconf 90' lang='lat' dir='ltr'><strong>autem</strong></span> <span class='ocrx_word' id='word_1_648' title='bbox 2822 2414 2972 2469; x_wconf 84' lang='lat' dir='ltr'><strong>dives</strong></span> <span class='ocrx_word' id='word_1_649' title='bbox 3021 2415 3074 2469; x_wconf 92' lang='lat' dir='ltr'><strong>in</strong></span> <span class='ocrx_word' id='word_1_650' title='bbox 3114 2415 3415 2473; x_wconf 90' lang='lat' dir='ltr'><strong>humilitate</strong></span> <span class='ocrx_word' id='word_1_651' title='bbox 3458 2434 3555 2474; x_wconf 90' lang='lat' dir='ltr'><strong>sua</strong></span> 
     </span>
    </p>
   </div>
   <div class='ocr_carea' id='block_1_84' title="bbox 1966 2501 3554 2581">
    <p class='ocr_par' dir='ltr' id='par_1_84' title="bbox 1966 2501 3554 2581">
     <span class='ocr_line' id='line_1_84' title="bbox 1966 2501 3554 2581; baseline 0.007 -26"><span class='ocrx_word' id='word_1_652' title='bbox 1966 2501 2253 2572; x_wconf 80' lang='lat' dir='ltr'><strong>glorietur:</strong></span> <span class='ocrx_word' id='word_1_653' title='bbox 2285 2503 2427 2573; x_wconf 87' lang='lat' dir='ltr'><strong>quod</strong></span> <span class='ocrx_word' id='word_1_654' title='bbox 2457 2518 2556 2574; x_wconf 87' lang='lat' dir='ltr'><strong>per</strong></span> <span class='ocrx_word' id='word_1_655' title='bbox 2578 2505 2808 2559; x_wconf 89' lang='lat' dir='ltr'><strong>ironiam</strong></span> <span class='ocrx_word' id='word_1_656' title='bbox 2835 2505 3050 2574; x_wconf 88' lang='lat' dir='ltr'><strong>dicitur,</strong></span> <span class='ocrx_word' id='word_1_657' title='bbox 3086 2509 3302 2578; x_wconf 90' lang='lat' dir='ltr'><strong>quando</strong></span> <span class='ocrx_word' id='word_1_658' title='bbox 3326 2510 3554 2581; x_wconf 74' lang='lat' dir='ltr'><strong>gloriam</strong></span> 
     </span>
    </p>
   </div>
   <div class='ocr_carea' id='block_1_85' title="bbox 1966 2596 3558 2673">
    <p class='ocr_par' dir='ltr' id='par_1_85' title="bbox 1966 2596 3558 2673">
     <span class='ocr_line' id='line_1_85' title="bbox 1966 2596 3558 2673; baseline 0.005 -24"><span class='ocrx_word' id='word_1_659' title='bbox 1966 2609 2143 2661; x_wconf 85' lang='lat' dir='ltr'><strong>suam,</strong></span> <span class='ocrx_word' id='word_1_660' title='bbox 2175 2610 2279 2665; x_wconf 92' lang='lat' dir='ltr'><strong>qua</strong></span> <span class='ocrx_word' id='word_1_661' title='bbox 2310 2596 2377 2651; x_wconf 90' lang='lat' dir='ltr'><strong>de</strong></span> <span class='ocrx_word' id='word_1_662' title='bbox 2407 2596 2611 2652; x_wconf 88' lang='lat' dir='ltr'><strong>divitiis</strong></span> <span class='ocrx_word' id='word_1_663' title='bbox 2639 2597 2984 2667; x_wconf 86' lang='lat' dir='ltr'><strong>superbiebat</strong></span> <span class='ocrx_word' id='word_1_664' title='bbox 3009 2607 3063 2656; x_wconf 91' lang='lat' dir='ltr'><strong>et</strong></span> <span class='ocrx_word' id='word_1_665' title='bbox 3090 2615 3354 2672; x_wconf 88' lang='lat' dir='ltr'><strong>pauperes</strong></span> <span class='ocrx_word' id='word_1_666' title='bbox 3381 2604 3558 2673; x_wconf 83' lang='lat' dir='ltr'><strong>despi-</strong></span> 
     </span>
    </p>
   </div>
   <div class='ocr_carea' id='block_1_86' title="bbox 1966 2686 3556 2763">
    <p class='ocr_par' dir='ltr' id='par_1_86' title="bbox 1966 2686 3556 2763">
     <span class='ocr_line' id='line_1_86' title="bbox 1966 2686 3556 2763; baseline 0.004 -21"><span class='ocrx_word' id='word_1_667' title='bbox 1966 2686 2165 2751; x_wconf 87' lang='lat' dir='ltr'><strong>ciebat,</strong></span> <span class='ocrx_word' id='word_1_668' title='bbox 2194 2694 2286 2741; x_wconf 82' lang='lat' dir='ltr'><strong>aut</strong></span> <span class='ocrx_word' id='word_1_669' title='bbox 2311 2687 2476 2743; x_wconf 90' lang='lat' dir='ltr'><strong>etiam</strong></span> <span class='ocrx_word' id='word_1_670' title='bbox 2497 2688 2857 2759; x_wconf 85' lang='lat' dir='ltr'><strong>opprimebat,</strong></span> <span class='ocrx_word' id='word_1_671' title='bbox 2885 2700 3143 2761; x_wconf 89' lang='lat' dir='ltr'><strong>perpetua</strong></span> <span class='ocrx_word' id='word_1_672' title='bbox 3164 2707 3323 2763; x_wconf 68' lang='lat' dir='ltr'><strong>paena</strong></span> <span class='ocrx_word' id='word_1_673' title='bbox 3346 2693 3556 2749; x_wconf 80' lang='lat' dir='ltr'><strong>[initam</strong></span> 
     </span>
    </p>
   </div>
   <div class='ocr_carea' id='block_1_87' title="bbox 1967 2780 2479 2850">
    <p class='ocr_par' dir='ltr' id='par_1_87' title="bbox 1967 2780 2479 2850">
     <span class='ocr_line' id='line_1_87' title="bbox 1967 2780 2479 2850; baseline -0.002 -15"><span class='ocrx_word' id='word_1_674' title='bbox 1967 2793 2088 2835; x_wconf 87' lang='lat' dir='ltr'><strong>esse</strong></span> <span class='ocrx_word' id='word_1_675' title='bbox 2118 2780 2479 2850; x_wconf 84' lang='lat' dir='ltr'><strong>conspexerit.</strong></span> 
     </span>
    </p>
   </div>
   <div class='ocr_carea' id='block_1_88' title="bbox 2580 2870 2939 2928">
    <p class='ocr_par' dir='ltr' id='par_1_88' title="bbox 2580 2870 2939 2928">
     <span class='ocr_line' id='line_1_88' title="bbox 2580 2870 2939 2928; baseline 0.006 -2"><span class='ocrx_word' id='word_1_676' title='bbox 2580 2870 2809 2928; x_wconf 85' lang='lat' dir='ltr'><strong>CAPUT</strong></span> <span class='ocrx_word' id='word_1_677' title='bbox 2842 2870 2939 2928; x_wconf 66' lang='grc' dir='ltr'><strong>ιν.</strong></span> 
     </span>
    </p>
   </div>
   <div class='ocr_carea' id='block_1_89' title="bbox 1966 2963 3556 3045">
    <p class='ocr_par' dir='ltr' id='par_1_89' title="bbox 1966 2963 3556 3045">
     <span class='ocr_line' id='line_1_89' title="bbox 1966 2963 3556 3045; baseline 0.005 -25"><span class='ocrx_word' id='word_1_678' title='bbox 1966 2963 2246 3021; x_wconf 86' lang='lat' dir='ltr'><strong>Laudatur</strong></span> <span class='ocrx_word' id='word_1_679' title='bbox 2267 2967 2494 3030; x_wconf 77' lang='lat' dir='ltr'><strong>saniem,</strong></span> <span class='ocrx_word' id='word_1_680' title='bbox 2517 2969 2641 3039; x_wconf 80' lang='lat' dir='ltr'><strong>quia</strong></span> <span class='ocrx_word' id='word_1_681' title='bbox 2663 2967 2982 3045; x_wconf 55' lang='lat' dir='ltr'><strong>excitabitur</strong></span> <span class='ocrx_word' id='word_1_682' title='bbox 3001 2976 3050 3024; x_wconf 82' lang='lat' dir='ltr'><strong>et</strong></span> <span class='ocrx_word' id='word_1_683' title='bbox 3074 2971 3128 3024; x_wconf 83' lang='lat' dir='ltr'><strong>in</strong></span> <span class='ocrx_word' id='word_1_684' title='bbox 3151 2970 3321 3026; x_wconf 82' lang='lat' dir='ltr'><strong>medio</strong></span> <span class='ocrx_word' id='word_1_685' title='bbox 3343 2989 3556 3045; x_wconf 81' lang='lat' dir='ltr'><strong>magna-</strong></span> 
     </span>
    </p>
   </div>
   <div class='ocr_carea' id='block_1_90' title="bbox 2580 3039 2909 3094">
    <p class='ocr_par' dir='ltr' id='par_1_90' title="bbox 2580 3039 2909 3094">
     <span class='ocr_line' id='line_1_90' title="bbox 2580 3039 2909 3094; baseline 0.009 -4"><span class='ocrx_word' id='word_1_686' title='bbox 2580 3046 2691 3091; x_wconf 78' lang='lat' dir='ltr'><strong>tum</strong></span> <span class='ocrx_word' id='word_1_687' title='bbox 2716 3039 2909 3094; x_wconf 82' lang='lat' dir='ltr'><strong>sedebit</strong></span> 
     </span>
    </p>
   </div>
   <div class='ocr_carea' id='block_1_91' title="bbox 2042 3147 3557 3228">
    <p class='ocr_par' dir='ltr' id='par_1_91' title="bbox 2042 3147 3557 3228">
     <span class='ocr_line' id='line_1_91' title="bbox 2042 3147 3557 3228; baseline 0.007 -28"><span class='ocrx_word' id='word_1_688' title='bbox 2042 3164 2064 3200; x_wconf 69' lang='grc' dir='ltr'><strong><em>ι</em></strong></span> <span class='ocrx_word' id='word_1_689' title='bbox 2098 3147 2251 3221; x_wconf 77' lang='lat' dir='ltr'><strong>(CAP.</strong></span> <span class='ocrx_word' id='word_1_690' title='bbox 2282 3148 2385 3224; x_wconf 79' lang='lat' dir='ltr'><strong>xi.)</strong></span> <span class='ocrx_word' id='word_1_691' title='bbox 2413 3148 2690 3220; x_wconf 89' lang='lat' dir='ltr'><strong>Sapientia</strong></span> <span class='ocrx_word' id='word_1_692' title='bbox 2713 3151 2981 3208; x_wconf 89' lang='lat' dir='ltr'><strong>humiliati</strong></span> <span class='ocrx_word' id='word_1_693' title='bbox 3005 3152 3265 3212; x_wconf 82' lang='lat' dir='ltr'><strong>exaltabit</strong></span> <span class='ocrx_word' id='word_1_694' title='bbox 3288 3165 3452 3228; x_wconf 84' lang='lat' dir='ltr'><strong>caput</strong></span> <span class='ocrx_word' id='word_1_695' title='bbox 3477 3156 3557 3228; x_wconf 79' lang='lat' dir='ltr'><strong>ip-</strong></span> 
     </span>
    </p>
   </div>
   <div class='ocr_carea' id='block_1_92' title="bbox 1968 3236 3554 3311">
    <p class='ocr_par' dir='ltr' id='par_1_92' title="bbox 1968 3236 3554 3311">
     <span class='ocr_line' id='line_1_92' title="bbox 1968 3236 3554 3311; baseline 0.006 -21"><span class='ocrx_word' id='word_1_696' title='bbox 1968 3256 1988 3290; x_wconf 72' lang='grc' dir='ltr'><strong>ε</strong></span> <span class='ocrx_word' id='word_1_697' title='bbox 2033 3236 2170 3303; x_wconf 89' lang='lat' dir='ltr'><strong>sius,</strong></span> <span class='ocrx_word' id='word_1_698' title='bbox 2197 3246 2252 3294; x_wconf 91' lang='lat' dir='ltr'><strong>et</strong></span> <span class='ocrx_word' id='word_1_699' title='bbox 2278 3238 2333 3293; x_wconf 91' lang='lat' dir='ltr'><strong>in</strong></span> <span class='ocrx_word' id='word_1_700' title='bbox 2359 3239 2538 3294; x_wconf 84' lang='lat' dir='ltr'><strong>medio</strong></span> <span class='ocrx_word' id='word_1_701' title='bbox 2567 3249 2942 3311; x_wconf 80' lang='lat' dir='ltr'><strong>magnatorum</strong></span> <span class='ocrx_word' id='word_1_702' title='bbox 2974 3245 3268 3300; x_wconf 88' lang='lat' dir='ltr'><strong>consedere</strong></span> <span class='ocrx_word' id='word_1_703' title='bbox 3296 3245 3442 3300; x_wconf 91' lang='lat' dir='ltr'><strong>illum</strong></span> <span class='ocrx_word' id='word_1_704' title='bbox 3473 3245 3554 3300; x_wconf 87' lang='lat' dir='ltr'><strong>fa-</strong></span> 
     </span>
    </p>
   </div>
   <div class='ocr_carea' id='block_1_93' title="bbox 1969 3327 3552 3407">
    <p class='ocr_par' dir='ltr' id='par_1_93' title="bbox 1969 3327 3552 3407">
     <span class='ocr_line' id='line_1_93' title="bbox 1969 3327 3552 3407; baseline 0.006 -25"><span class='ocrx_word' id='word_1_705' title='bbox 1969 3346 1990 3382; x_wconf 74' lang='grc'><strong>(</strong></span> <span class='ocrx_word' id='word_1_706' title='bbox 2029 3329 2158 3386; x_wconf 88' lang='lat' dir='ltr'><strong>ciet.</strong></span> <span class='ocrx_word' id='word_1_707' title='bbox 2182 3350 2201 3383; x_wconf 73' lang='grc' dir='ltr'><strong><em>ι</em></strong></span> <span class='ocrx_word' id='word_1_708' title='bbox 2233 3327 2511 3401; x_wconf 85' lang='lat' dir='ltr'><strong>Sapientia</strong></span> <span class='ocrx_word' id='word_1_709' title='bbox 2526 3331 2797 3386; x_wconf 87' lang='lat' dir='ltr'><strong>humiliati</strong></span> <span class='ocrx_word' id='word_1_710' title='bbox 2823 3341 2908 3388; x_wconf 90' lang='lat' dir='ltr'><strong>est</strong></span> <span class='ocrx_word' id='word_1_711' title='bbox 2929 3332 3062 3389; x_wconf 84' lang='lat' dir='ltr'><strong>ﬁdes</strong></span> <span class='ocrx_word' id='word_1_712' title='bbox 3084 3332 3303 3403; x_wconf 89' lang='lat' dir='ltr'><strong>Christi,</strong></span> <span class='ocrx_word' id='word_1_713' title='bbox 3319 3351 3439 3406; x_wconf 62' lang='lat' dir='ltr'><strong>quat</strong></span> <span class='ocrx_word' id='word_1_714' title='bbox 3452 3351 3552 3407; x_wconf 92' lang='lat' dir='ltr'><strong>per</strong></span> 
     </span>
    </p>
   </div>
   <div class='ocr_carea' id='block_1_94' title="bbox 1965 3422 3554 3496">
    <p class='ocr_par' dir='ltr' id='par_1_94' title="bbox 1965 3422 3554 3496">
     <span class='ocr_line' id='line_1_94' title="bbox 1965 3422 3554 3496; baseline 0.001 -17"><span class='ocrx_word' id='word_1_715' title='bbox 1965 3422 2309 3479; x_wconf 87' lang='lat' dir='ltr'><strong>dilectionem</strong></span> <span class='ocrx_word' id='word_1_716' title='bbox 2334 3430 2607 3494; x_wconf 84' lang='lat' dir='ltr'><strong>operatur.</strong></span> <span class='ocrx_word' id='word_1_717' title='bbox 2648 3422 2775 3479; x_wconf 81' lang='lat' dir='ltr'><strong>Haec</strong></span> <span class='ocrx_word' id='word_1_718' title='bbox 2799 3439 2904 3479; x_wconf 88' lang='lat' dir='ltr'><strong>non</strong></span> <span class='ocrx_word' id='word_1_719' title='bbox 2931 3424 3328 3496; x_wconf 88' lang='lat' dir='ltr'><strong>philosophiam</strong></span> <span class='ocrx_word' id='word_1_720' title='bbox 3359 3427 3554 3481; x_wconf 86' lang='lat' dir='ltr'><strong>huma-</strong></span> 
     </span>
    </p>
   </div>
   <div class='ocr_carea' id='block_1_95' title="bbox 1963 3516 3547 3589">
    <p class='ocr_par' dir='ltr' id='par_1_95' title="bbox 1963 3516 3547 3589">
     <span class='ocr_line' id='line_1_95' title="bbox 1963 3516 3547 3589; baseline 0.001 -17"><span class='ocrx_word' id='word_1_721' title='bbox 1963 3532 2111 3582; x_wconf 88' lang='lat' dir='ltr'><strong>nam,</strong></span> <span class='ocrx_word' id='word_1_722' title='bbox 2145 3531 2246 3573; x_wconf 89' lang='lat' dir='ltr'><strong>nec</strong></span> <span class='ocrx_word' id='word_1_723' title='bbox 2275 3516 2594 3588; x_wconf 88' lang='lat' dir='ltr'><strong>jactantiam</strong></span> <span class='ocrx_word' id='word_1_724' title='bbox 2625 3532 2822 3572; x_wconf 87' lang='lat' dir='ltr'><strong>vanam</strong></span> <span class='ocrx_word' id='word_1_725' title='bbox 2857 3518 3018 3589; x_wconf 86' lang='lat' dir='ltr'><strong>hujus</strong></span> <span class='ocrx_word' id='word_1_726' title='bbox 3052 3519 3239 3574; x_wconf 90' lang='lat' dir='ltr'><strong>mundi</strong></span> <span class='ocrx_word' id='word_1_727' title='bbox 3270 3527 3547 3586; x_wconf 88' lang='lat' dir='ltr'><strong>sectatur;</strong></span> 
     </span>
    </p>
   </div>
   <div class='ocr_carea' id='block_1_96' title="bbox 1963 3609 3545 3681">
    <p class='ocr_par' dir='ltr' id='par_1_96' title="bbox 1963 3609 3545 3681">
     <span class='ocr_line' id='line_1_96' title="bbox 1963 3609 3545 3681; baseline 0.001 -17"><span class='ocrx_word' id='word_1_728' title='bbox 1963 3609 2057 3665; x_wconf 91' lang='lat' dir='ltr'><strong>sed</strong></span> <span class='ocrx_word' id='word_1_729' title='bbox 2080 3609 2546 3665; x_wconf 88' lang='lat' dir='ltr'><strong>mansuetudinem</strong></span> <span class='ocrx_word' id='word_1_730' title='bbox 2567 3617 2620 3663; x_wconf 90' lang='lat' dir='ltr'><strong>et</strong></span> <span class='ocrx_word' id='word_1_731' title='bbox 2645 3609 2966 3664; x_wconf 88' lang='lat' dir='ltr'><strong>modestiam</strong></span> <span class='ocrx_word' id='word_1_732' title='bbox 2992 3624 3207 3681; x_wconf 90' lang='lat' dir='ltr'><strong>semper</strong></span> <span class='ocrx_word' id='word_1_733' title='bbox 3223 3610 3307 3665; x_wconf 88' lang='lat' dir='ltr'><strong>sui</strong></span> <span class='ocrx_word' id='word_1_734' title='bbox 3337 3610 3545 3666; x_wconf 79' lang='lat' dir='ltr'><strong>demini</strong></span> 
     </span>
    </p>
   </div>
   <div class='ocr_carea' id='block_1_97' title="bbox 1962 3698 3550 3772">
    <p class='ocr_par' dir='ltr' id='par_1_97' title="bbox 1962 3698 3550 3772">
     <span class='ocr_line' id='line_1_97' title="bbox 1962 3698 3550 3772; baseline -0.001 -17"><span class='ocrx_word' id='word_1_735' title='bbox 1962 3701 2229 3767; x_wconf 90' lang='lat' dir='ltr'><strong>imitatur,</strong></span> <span class='ocrx_word' id='word_1_736' title='bbox 2252 3701 2345 3772; x_wconf 91' lang='lat' dir='ltr'><strong>qui</strong></span> <span class='ocrx_word' id='word_1_737' title='bbox 2371 3700 2538 3757; x_wconf 83' lang='lat' dir='ltr'><strong>dixit:</strong></span> <span class='ocrx_word' id='word_1_738' title='bbox 2569 3720 2587 3752; x_wconf 84' lang='grc'><em>‹</em></span> <span class='ocrx_word' id='word_1_739' title='bbox 2606 3698 2808 3757; x_wconf 87' lang='lat' dir='ltr'><strong>Discite</strong></span> <span class='ocrx_word' id='word_1_740' title='bbox 2829 3716 2860 3756; x_wconf 90' lang='lat' dir='ltr'><strong>a</strong></span> <span class='ocrx_word' id='word_1_741' title='bbox 2882 3715 2991 3767; x_wconf 91' lang='lat' dir='ltr'><strong>me,</strong></span> <span class='ocrx_word' id='word_1_742' title='bbox 3016 3700 3141 3772; x_wconf 87' lang='lat' dir='ltr'><strong>quia</strong></span> <span class='ocrx_word' id='word_1_743' title='bbox 3164 3701 3313 3756; x_wconf 90' lang='lat' dir='ltr'><strong>mitis</strong></span> <span class='ocrx_word' id='word_1_744' title='bbox 3335 3716 3476 3765; x_wconf 89' lang='lat' dir='ltr'><strong>sum,</strong></span> <span class='ocrx_word' id='word_1_745' title='bbox 3495 3708 3550 3754; x_wconf 91' lang='lat' dir='ltr'><strong>et</strong></span> 
     </span>
    </p>
   </div>
   <div class='ocr_carea' id='block_1_98' title="bbox 1962 3790 3547 3862">
    <p class='ocr_par' dir='ltr' id='par_1_98' title="bbox 1962 3790 3547 3862">
     <span class='ocr_line' id='line_1_98' title="bbox 1962 3790 3547 3862; baseline 0.001 -18"><span class='ocrx_word' id='word_1_746' title='bbox 1962 3790 2181 3846; x_wconf 90' lang='lat' dir='ltr'><strong>humilis</strong></span> <span class='ocrx_word' id='word_1_747' title='bbox 2209 3791 2371 3846; x_wconf 90' lang='lat' dir='ltr'><strong>corde</strong></span> <span class='ocrx_word' id='word_1_748' title='bbox 2410 3790 2625 3862; x_wconf 75' lang='lat' dir='ltr'><strong>(Matth.</strong></span> <span class='ocrx_word' id='word_1_749' title='bbox 2658 3790 2757 3862; x_wconf 82' lang='lat' dir='ltr'><strong>xi).</strong></span> <span class='ocrx_word' id='word_1_750' title='bbox 2796 3810 2816 3843; x_wconf 72' lang='grc' dir='ltr'><strong><em>ι</em></strong></span> <span class='ocrx_word' id='word_1_751' title='bbox 2856 3790 3010 3847; x_wconf 90' lang='lat' dir='ltr'><strong>Unde</strong></span> <span class='ocrx_word' id='word_1_752' title='bbox 3042 3791 3132 3846; x_wconf 79' lang='lat' dir='ltr'><strong>(iet</strong></span> <span class='ocrx_word' id='word_1_753' title='bbox 3154 3790 3297 3861; x_wconf 88' lang='lat' dir='ltr'><strong>quod</strong></span> <span class='ocrx_word' id='word_1_754' title='bbox 3323 3791 3547 3860; x_wconf 88' lang='lat' dir='ltr'><strong>subjun-</strong></span> 
     </span>
    </p>
   </div>
   <div class='ocr_carea' id='block_1_99' title="bbox 1963 3877 3542 3950">
    <p class='ocr_par' dir='ltr' id='par_1_99' title="bbox 1963 3877 3542 3950">
     <span class='ocr_line' id='line_1_99' title="bbox 1963 3877 3542 3950; baseline 0 -18"><span class='ocrx_word' id='word_1_755' title='bbox 1963 3877 2128 3950; x_wconf 88' lang='lat' dir='ltr'><strong>gitur,</strong></span> <span class='ocrx_word' id='word_1_756' title='bbox 2165 3896 2183 3930; x_wconf 72' lang='grc' dir='ltr'>ι</span> <span class='ocrx_word' id='word_1_757' title='bbox 2221 3890 2278 3934; x_wconf 90' lang='lat' dir='ltr'><strong>et</strong></span> <span class='ocrx_word' id='word_1_758' title='bbox 2318 3879 2605 3935; x_wconf 84' lang='lat' dir='ltr'><strong>invenietis</strong></span> <span class='ocrx_word' id='word_1_759' title='bbox 2642 3881 2884 3950; x_wconf 88' lang='lat' dir='ltr'><strong>requiem</strong></span> <span class='ocrx_word' id='word_1_760' title='bbox 2928 3880 3213 3934; x_wconf 89' lang='lat' dir='ltr'><strong>animabus</strong></span> <span class='ocrx_word' id='word_1_761' title='bbox 3254 3880 3470 3935; x_wconf 90' lang='lat' dir='ltr'><strong>vestris.</strong></span> <span class='ocrx_word' id='word_1_762' title='bbox 3522 3899 3542 3932; x_wconf 71' lang='grc' dir='ltr'><strong><em>ο</em></strong></span> 
     </span>
    </p>
   </div>
   <div class='ocr_carea' id='block_1_100' title="bbox 1960 3968 3547 4038">
    <p class='ocr_par' dir='ltr' id='par_1_100' title="bbox 1960 3968 3547 4038">
     <span class='ocr_line' id='line_1_100' title="bbox 1960 3968 3547 4038; baseline -0.002 -13"><span class='ocrx_word' id='word_1_763' title='bbox 1960 3968 2314 4026; x_wconf 87' lang='lat' dir='ltr'><strong>Possessores</strong></span> <span class='ocrx_word' id='word_1_764' title='bbox 2338 3968 2482 4024; x_wconf 89' lang='lat' dir='ltr'><strong>enim</strong></span> <span class='ocrx_word' id='word_1_765' title='bbox 2513 3984 2641 4024; x_wconf 90' lang='lat' dir='ltr'><strong>suos</strong></span> <span class='ocrx_word' id='word_1_766' title='bbox 2672 3969 2724 4023; x_wconf 91' lang='lat' dir='ltr'><strong>in</strong></span> <span class='ocrx_word' id='word_1_767' title='bbox 2755 3968 2933 4023; x_wconf 90' lang='lat' dir='ltr'><strong>medio</strong></span> <span class='ocrx_word' id='word_1_768' title='bbox 2956 3976 3332 4038; x_wconf 87' lang='lat' dir='ltr'><strong>magnatorum</strong></span> <span class='ocrx_word' id='word_1_769' title='bbox 3356 3981 3547 4022; x_wconf 84' lang='lat' dir='ltr'><strong>conse-</strong></span> 
     </span>
    </p>
   </div>
   <div class='ocr_carea' id='block_1_101' title="bbox 1964 4058 3548 4134">
    <p class='ocr_par' dir='ltr' id='par_1_101' title="bbox 1964 4058 3548 4134">
     <span class='ocr_line' id='line_1_101' title="bbox 1964 4058 3548 4134; baseline -0.004 -15"><span class='ocrx_word' id='word_1_770' title='bbox 1964 4062 2091 4119; x_wconf 91' lang='lat' dir='ltr'><strong>dere</strong></span> <span class='ocrx_word' id='word_1_771' title='bbox 2114 4061 2297 4128; x_wconf 78' lang='lat' dir='ltr'><strong>faciet,</strong></span> <span class='ocrx_word' id='word_1_772' title='bbox 2321 4063 2537 4134; x_wconf 87' lang='lat' dir='ltr'><strong>quando</strong></span> <span class='ocrx_word' id='word_1_773' title='bbox 2559 4077 2654 4118; x_wconf 90' lang='lat' dir='ltr'><strong>eos</strong></span> <span class='ocrx_word' id='word_1_774' title='bbox 2677 4076 2798 4116; x_wconf 91' lang='lat' dir='ltr'><strong>cum</strong></span> <span class='ocrx_word' id='word_1_775' title='bbox 2822 4059 3149 4130; x_wconf 88' lang='lat' dir='ltr'><strong>patriarchis</strong></span> <span class='ocrx_word' id='word_1_776' title='bbox 3170 4067 3225 4114; x_wconf 91' lang='lat' dir='ltr'><strong>et</strong></span> <span class='ocrx_word' id='word_1_777' title='bbox 3246 4058 3548 4131; x_wconf 90' lang='lat' dir='ltr'><strong>prophetis,</strong></span> 
     </span>
    </p>
   </div>
   <div class='ocr_carea' id='block_1_102' title="bbox 1963 4147 3551 4225">
    <p class='ocr_par' dir='ltr' id='par_1_102' title="bbox 1963 4147 3551 4225">
     <span class='ocr_line' id='line_1_102' title="bbox 1963 4147 3551 4225; baseline -0.005 -14"><span class='ocrx_word' id='word_1_778' title='bbox 1963 4170 2088 4211; x_wconf 89' lang='lat' dir='ltr'><strong>cum</strong></span> <span class='ocrx_word' id='word_1_779' title='bbox 2119 4153 2380 4225; x_wconf 90' lang='lat' dir='ltr'><strong>apostolis</strong></span> <span class='ocrx_word' id='word_1_780' title='bbox 2402 4163 2457 4210; x_wconf 92' lang='lat' dir='ltr'><strong>et</strong></span> <span class='ocrx_word' id='word_1_781' title='bbox 2487 4154 2821 4225; x_wconf 83' lang='lat' dir='ltr'><strong>martyribus</strong></span> <span class='ocrx_word' id='word_1_782' title='bbox 2847 4159 2903 4208; x_wconf 88' lang='lat' dir='ltr'><strong>et</strong></span> <span class='ocrx_word' id='word_1_783' title='bbox 2929 4150 3142 4207; x_wconf 67' lang='lat' dir='ltr'><strong>caeteris</strong></span> <span class='ocrx_word' id='word_1_784' title='bbox 3166 4149 3371 4206; x_wconf 86' lang='lat' dir='ltr'><strong>sanctis</strong></span> <span class='ocrx_word' id='word_1_785' title='bbox 3397 4147 3551 4221; x_wconf 87' lang='lat' dir='ltr'><strong>regni</strong></span> 
     </span>
    </p>
   </div>
   <div class='ocr_carea' id='block_1_103' title="bbox 1963 4244 2920 4317">
    <p class='ocr_par' dir='ltr' id='par_1_103' title="bbox 1963 4244 2920 4317">
     <span class='ocr_line' id='line_1_103' title="bbox 1963 4244 2920 4317; baseline -0.006 -12"><span class='ocrx_word' id='word_1_786' title='bbox 1963 4247 2202 4305; x_wconf 74' lang='lat' dir='ltr'><strong>caelestis</strong></span> <span class='ocrx_word' id='word_1_787' title='bbox 2230 4248 2432 4303; x_wconf 90' lang='lat' dir='ltr'><strong>tribuet</strong></span> <span class='ocrx_word' id='word_1_788' title='bbox 2461 4260 2581 4303; x_wconf 89' lang='lat' dir='ltr'><strong>esse</strong></span> <span class='ocrx_word' id='word_1_789' title='bbox 2610 4244 2920 4317; x_wconf 90' lang='lat' dir='ltr'><strong>participes.</strong></span> 
     </span>
    </p>
   </div>
   <div class='ocr_carea' id='block_1_104' title="bbox 2041 4336 3549 4407">
    <p class='ocr_par' dir='ltr' id='par_1_104' title="bbox 2041 4336 3549 4407">
     <span class='ocr_line' id='line_1_104' title="bbox 2041 4336 3549 4407; baseline -0.001 -15"><span class='ocrx_word' id='word_1_790' title='bbox 2041 4358 2060 4392; x_wconf 75' lang='grc' dir='ltr'>ι</span> <span class='ocrx_word' id='word_1_791' title='bbox 2104 4339 2222 4395; x_wconf 87' lang='lat' dir='ltr'><strong>Non</strong></span> <span class='ocrx_word' id='word_1_792' title='bbox 2251 4338 2442 4394; x_wconf 89' lang='lat' dir='ltr'><strong>laudes</strong></span> <span class='ocrx_word' id='word_1_793' title='bbox 2464 4337 2641 4393; x_wconf 90' lang='lat' dir='ltr'><strong>virum</strong></span> <span class='ocrx_word' id='word_1_794' title='bbox 2674 4336 2725 4391; x_wconf 93' lang='lat' dir='ltr'><strong>in</strong></span> <span class='ocrx_word' id='word_1_795' title='bbox 2748 4336 2929 4407; x_wconf 91' lang='lat' dir='ltr'><strong>specie</strong></span> <span class='ocrx_word' id='word_1_796' title='bbox 2960 4349 3075 4400; x_wconf 90' lang='lat' dir='ltr'><strong>sua,</strong></span> <span class='ocrx_word' id='word_1_797' title='bbox 3113 4348 3290 4404; x_wconf 91' lang='lat' dir='ltr'><strong>neque</strong></span> <span class='ocrx_word' id='word_1_798' title='bbox 3320 4348 3549 4404; x_wconf 85' lang='lat' dir='ltr'><strong>spernas</strong></span> 
     </span>
    </p>
   </div>
   <div class='ocr_carea' id='block_1_105' title="bbox 1968 4422 3545 4493">
    <p class='ocr_par' dir='ltr' id='par_1_105' title="bbox 1968 4422 3545 4493">
     <span class='ocr_line' id='line_1_105' title="bbox 1968 4422 3545 4493; baseline -0.002 -12"><span class='ocrx_word' id='word_1_799' title='bbox 1968 4447 1988 4481; x_wconf 73' lang='grc' dir='ltr'>ι</span> <span class='ocrx_word' id='word_1_800' title='bbox 2027 4428 2303 4485; x_wconf 90' lang='lat' dir='ltr'><strong>hominem</strong></span> <span class='ocrx_word' id='word_1_801' title='bbox 2319 4428 2372 4482; x_wconf 93' lang='lat' dir='ltr'><strong>in</strong></span> <span class='ocrx_word' id='word_1_802' title='bbox 2397 4427 2517 4482; x_wconf 91' lang='lat' dir='ltr'><strong>visu</strong></span> <span class='ocrx_word' id='word_1_803' title='bbox 2539 4441 2657 4481; x_wconf 90' lang='lat' dir='ltr'><strong>suo.</strong></span> <span class='ocrx_word' id='word_1_804' title='bbox 2673 4423 2861 4480; x_wconf 82' lang='lat' dir='ltr'><strong>Brevis</strong></span> <span class='ocrx_word' id='word_1_805' title='bbox 2889 4424 2942 4479; x_wconf 93' lang='lat' dir='ltr'><strong>in</strong></span> <span class='ocrx_word' id='word_1_806' title='bbox 2970 4422 3277 4479; x_wconf 89' lang='lat' dir='ltr'><strong>volatilibus</strong></span> <span class='ocrx_word' id='word_1_807' title='bbox 3298 4429 3383 4479; x_wconf 90' lang='lat' dir='ltr'><strong>est</strong></span> <span class='ocrx_word' id='word_1_808' title='bbox 3404 4422 3545 4493; x_wconf 90' lang='lat' dir='ltr'><strong>apis,</strong></span> 
     </span>
    </p>
   </div>
   <div class='ocr_carea' id='block_1_106' title="bbox 1970 4513 3543 4575">
    <p class='ocr_par' dir='ltr' id='par_1_106' title="bbox 1970 4513 3543 4575">
     <span class='ocr_line' id='line_1_106' title="bbox 1970 4513 3543 4575; baseline -0.003 -2"><span class='ocrx_word' id='word_1_809' title='bbox 1970 4538 1990 4573; x_wconf 71' lang='grc' dir='ltr'>ι</span> <span class='ocrx_word' id='word_1_810' title='bbox 2033 4527 2092 4575; x_wconf 90' lang='lat' dir='ltr'><strong>et</strong></span> <span class='ocrx_word' id='word_1_811' title='bbox 2137 4518 2355 4575; x_wconf 87' lang='lat' dir='ltr'><strong>initium</strong></span> <span class='ocrx_word' id='word_1_812' title='bbox 2400 4517 2636 4574; x_wconf 85' lang='lat' dir='ltr'><strong>dulcoris</strong></span> <span class='ocrx_word' id='word_1_813' title='bbox 2673 4515 2838 4572; x_wconf 89' lang='lat' dir='ltr'><strong>habet</strong></span> <span class='ocrx_word' id='word_1_814' title='bbox 2871 4514 3082 4571; x_wconf 79' lang='lat' dir='ltr'><strong>fructus</strong></span> <span class='ocrx_word' id='word_1_815' title='bbox 3136 4513 3301 4569; x_wconf 90' lang='lat' dir='ltr'><strong>illius.</strong></span> <span class='ocrx_word' id='word_1_816' title='bbox 3337 4533 3358 4567; x_wconf 74' lang='grc' dir='ltr'><strong><em>ι</em></strong></span> <span class='ocrx_word' id='word_1_817' title='bbox 3407 4513 3543 4569; x_wconf 89' lang='lat' dir='ltr'><strong>Pro-</strong></span> 
     </span>
    </p>
   </div>
   <div class='ocr_carea' id='block_1_107' title="bbox 1963 4605 3549 4681">
    <p class='ocr_par' dir='ltr' id='par_1_107' title="bbox 1963 4605 3549 4681">
     <span class='ocr_line' id='line_1_107' title="bbox 1963 4605 3549 4681; baseline -0.004 -15"><span class='ocrx_word' id='word_1_818' title='bbox 1963 4610 2117 4667; x_wconf 84' lang='lat' dir='ltr'><strong>hibet</strong></span> <span class='ocrx_word' id='word_1_819' title='bbox 2147 4625 2218 4666; x_wconf 88' lang='lat' dir='ltr'><strong>ne</strong></span> <span class='ocrx_word' id='word_1_820' title='bbox 2257 4608 2382 4681; x_wconf 87' lang='lat' dir='ltr'><strong>quis</strong></span> <span class='ocrx_word' id='word_1_821' title='bbox 2403 4608 2559 4680; x_wconf 84' lang='lat' dir='ltr'><strong>juxta</strong></span> <span class='ocrx_word' id='word_1_822' title='bbox 2600 4608 2839 4678; x_wconf 80' lang='lat' dir='ltr'><strong>speciem</strong></span> <span class='ocrx_word' id='word_1_823' title='bbox 2866 4607 3113 4679; x_wconf 89' lang='lat' dir='ltr'><strong>corporis</strong></span> <span class='ocrx_word' id='word_1_824' title='bbox 3154 4605 3387 4662; x_wconf 63' lang='lat' dir='ltr'><strong>aestimet</strong></span> <span class='ocrx_word' id='word_1_825' title='bbox 3407 4620 3549 4675; x_wconf 86' lang='lat' dir='ltr'><strong>qua-</strong></span> 
     </span>
    </p>
   </div>
   <div class='ocr_carea' id='block_1_108' title="bbox 1962 4697 3551 4772">
    <p class='ocr_par' dir='ltr' id='par_1_108' title="bbox 1962 4697 3551 4772">
     <span class='ocr_line' id='line_1_108' title="bbox 1962 4697 3551 4772; baseline -0.003 -14"><span class='ocrx_word' id='word_1_826' title='bbox 1962 4703 2176 4760; x_wconf 89' lang='lat' dir='ltr'><strong>litatem</strong></span> <span class='ocrx_word' id='word_1_827' title='bbox 2211 4703 2412 4759; x_wconf 89' lang='lat' dir='ltr'><strong>mentis</strong></span> <span class='ocrx_word' id='word_1_828' title='bbox 2445 4719 2460 4757; x_wconf 92' lang='lat'><strong>:</strong></span> <span class='ocrx_word' id='word_1_829' title='bbox 2491 4701 2621 4772; x_wconf 88' lang='lat' dir='ltr'><strong>quia</strong></span> <span class='ocrx_word' id='word_1_830' title='bbox 2648 4701 2793 4757; x_wconf 87' lang='lat' dir='ltr'><strong>sicut</strong></span> <span class='ocrx_word' id='word_1_831' title='bbox 2816 4699 2987 4757; x_wconf 86' lang='lat' dir='ltr'><strong>divisa</strong></span> <span class='ocrx_word' id='word_1_832' title='bbox 3019 4706 3103 4755; x_wconf 90' lang='lat' dir='ltr'><strong>est</strong></span> <span class='ocrx_word' id='word_1_833' title='bbox 3128 4706 3325 4754; x_wconf 76' lang='lat' dir='ltr'><strong>natura</strong></span> <span class='ocrx_word' id='word_1_834' title='bbox 3352 4697 3551 4753; x_wconf 72' lang='lat' dir='ltr'><strong>animm</strong></span> 
     </span>
    </p>
   </div>
   <div class='ocr_carea' id='block_1_109' title="bbox 1964 4785 3547 4866">
    <p class='ocr_par' dir='ltr' id='par_1_109' title="bbox 1964 4785 3547 4866">
     <span class='ocr_line' id='line_1_109' title="bbox 1964 4785 3547 4866; baseline -0.006 -16"><span class='ocrx_word' id='word_1_835' title='bbox 1964 4803 2021 4850; x_wconf 92' lang='lat' dir='ltr'><strong>et</strong></span> <span class='ocrx_word' id='word_1_836' title='bbox 2064 4793 2343 4866; x_wconf 85' lang='lat' dir='ltr'><strong>corporis,</strong></span> <span class='ocrx_word' id='word_1_837' title='bbox 2397 4792 2471 4847; x_wconf 89' lang='lat' dir='ltr'><strong>ita</strong></span> <span class='ocrx_word' id='word_1_838' title='bbox 2516 4800 2574 4847; x_wconf 92' lang='lat' dir='ltr'><strong>et</strong></span> <span class='ocrx_word' id='word_1_839' title='bbox 2617 4791 2853 4863; x_wconf 89' lang='lat' dir='ltr'><strong>dignitas</strong></span> <span class='ocrx_word' id='word_1_840' title='bbox 2904 4803 3095 4844; x_wconf 89' lang='lat' dir='ltr'><strong>eorum</strong></span> <span class='ocrx_word' id='word_1_841' title='bbox 3148 4796 3232 4844; x_wconf 89' lang='lat' dir='ltr'><strong>est</strong></span> <span class='ocrx_word' id='word_1_842' title='bbox 3282 4785 3497 4842; x_wconf 88' lang='lat' dir='ltr'><strong>diversa</strong></span> <span class='ocrx_word' id='word_1_843' title='bbox 3528 4823 3547 4853; x_wconf 87' lang='lat'><strong>,</strong></span> 
     </span>
    </p>
   </div>
   <div class='ocr_carea' id='block_1_110' title="bbox 1964 4878 3552 4953">
    <p class='ocr_par' dir='ltr' id='par_1_110' title="bbox 1964 4878 3552 4953">
     <span class='ocr_line' id='line_1_110' title="bbox 1964 4878 3552 4953; baseline -0.007 -12"><span class='ocrx_word' id='word_1_844' title='bbox 1964 4900 2066 4941; x_wconf 91' lang='lat' dir='ltr'><strong>nec</strong></span> <span class='ocrx_word' id='word_1_845' title='bbox 2115 4896 2457 4953; x_wconf 85' lang='lat' dir='ltr'><strong>consequens</strong></span> <span class='ocrx_word' id='word_1_846' title='bbox 2507 4888 2593 4937; x_wconf 86' lang='lat' dir='ltr'><strong>est</strong></span> <span class='ocrx_word' id='word_1_847' title='bbox 2642 4889 2703 4935; x_wconf 92' lang='lat' dir='ltr'><strong>ut</strong></span> <span class='ocrx_word' id='word_1_848' title='bbox 2763 4878 3124 4949; x_wconf 84' lang='lat' dir='ltr'><strong>quantitatem</strong></span> <span class='ocrx_word' id='word_1_849' title='bbox 3183 4883 3406 4931; x_wconf 65' lang='lat' dir='ltr'><strong>stature</strong></span> <span class='ocrx_word' id='word_1_850' title='bbox 3463 4889 3552 4931; x_wconf 90' lang='lat' dir='ltr'><strong>se-</strong></span> 
     </span>
    </p>
   </div>
   <div class='ocr_carea' id='block_1_111' title="bbox 1963 4966 3553 5049">
    <p class='ocr_par' dir='ltr' id='par_1_111' title="bbox 1963 4966 3553 5049">
     <span class='ocr_line' id='line_1_111' title="bbox 1963 4966 3553 5049; baseline -0.006 -17"><span class='ocrx_word' id='word_1_851' title='bbox 1963 4985 2162 5049; x_wconf 89' lang='lat' dir='ltr'><strong>quatur</strong></span> <span class='ocrx_word' id='word_1_852' title='bbox 2199 4974 2391 5030; x_wconf 87' lang='lat' dir='ltr'><strong>modus</strong></span> <span class='ocrx_word' id='word_1_853' title='bbox 2431 4973 2729 5045; x_wconf 66' lang='lat' dir='ltr'><strong>sapientiae.</strong></span> <span class='ocrx_word' id='word_1_854' title='bbox 2763 4971 2916 5029; x_wconf 84' lang='lat' dir='ltr'><strong>Unde</strong></span> <span class='ocrx_word' id='word_1_855' title='bbox 2946 4979 3003 5027; x_wconf 89' lang='lat' dir='ltr'><strong>et</strong></span> <span class='ocrx_word' id='word_1_856' title='bbox 3041 4970 3095 5025; x_wconf 92' lang='lat' dir='ltr'><strong>in</strong></span> <span class='ocrx_word' id='word_1_857' title='bbox 3121 4968 3144 5025; x_wconf 86' lang='grc' dir='ltr'><strong>Ι</strong></span> <span class='ocrx_word' id='word_1_858' title='bbox 3168 4968 3376 5041; x_wconf 77' lang='lat' dir='ltr'><strong>Regum</strong></span> <span class='ocrx_word' id='word_1_859' title='bbox 3400 5008 3419 5035; x_wconf 93' lang='lat'><strong>,</strong></span> <span class='ocrx_word' id='word_1_860' title='bbox 3452 4966 3553 5023; x_wconf 88' lang='lat' dir='ltr'><strong>ubi</strong></span> 
     </span>
    </p>
   </div>
   <div class='ocr_carea' id='block_1_112' title="bbox 1966 5058 3549 5127">
    <p class='ocr_par' dir='ltr' id='par_1_112' title="bbox 1966 5058 3549 5127">
     <span class='ocr_line' id='line_1_112' title="bbox 1966 5058 3549 5127; baseline -0.005 -5"><span class='ocrx_word' id='word_1_861' title='bbox 1966 5064 2274 5122; x_wconf 88' lang='lat' dir='ltr'><strong>Samuelem</strong></span> <span class='ocrx_word' id='word_1_862' title='bbox 2320 5064 2581 5120; x_wconf 89' lang='lat' dir='ltr'><strong>Dominus</strong></span> <span class='ocrx_word' id='word_1_863' title='bbox 2618 5063 2797 5127; x_wconf 87' lang='lat' dir='ltr'><strong>misit,</strong></span> <span class='ocrx_word' id='word_1_864' title='bbox 2831 5069 2895 5117; x_wconf 88' lang='lat' dir='ltr'><strong>ut</strong></span> <span class='ocrx_word' id='word_1_865' title='bbox 2919 5077 3086 5116; x_wconf 90' lang='lat' dir='ltr'><strong>unum</strong></span> <span class='ocrx_word' id='word_1_866' title='bbox 3139 5062 3208 5116; x_wconf 87' lang='lat' dir='ltr'><strong>de</strong></span> <span class='ocrx_word' id='word_1_867' title='bbox 3257 5059 3385 5116; x_wconf 82' lang='lat' dir='ltr'><strong>ﬁliis</strong></span> <span class='ocrx_word' id='word_1_868' title='bbox 3437 5058 3549 5116; x_wconf 89' lang='lat' dir='ltr'><strong>lsai</strong></span> 
     </span>
    </p>
   </div>
   <div class='ocr_carea' id='block_1_113' title="bbox 1962 5149 3551 5230">
    <p class='ocr_par' dir='ltr' id='par_1_113' title="bbox 1962 5149 3551 5230">
     <span class='ocr_line' id='line_1_113' title="bbox 1962 5149 3551 5230; baseline -0.006 -18"><span class='ocrx_word' id='word_1_869' title='bbox 1962 5163 2191 5230; x_wconf 87' lang='lat' dir='ltr'><strong>ungeret</strong></span> <span class='ocrx_word' id='word_1_870' title='bbox 2235 5157 2289 5211; x_wconf 93' lang='lat' dir='ltr'><strong>in</strong></span> <span class='ocrx_word' id='word_1_871' title='bbox 2338 5169 2522 5226; x_wconf 87' lang='lat' dir='ltr'><strong>regem</strong></span> <span class='ocrx_word' id='word_1_872' title='bbox 2564 5169 2727 5224; x_wconf 87' lang='lat' dir='ltr'><strong>super</strong></span> <span class='ocrx_word' id='word_1_873' title='bbox 2762 5152 2949 5219; x_wconf 85' lang='lat' dir='ltr'><strong>Israel,</strong></span> <span class='ocrx_word' id='word_1_874' title='bbox 2997 5167 3120 5208; x_wconf 90' lang='lat' dir='ltr'><strong>cum</strong></span> <span class='ocrx_word' id='word_1_875' title='bbox 3158 5149 3551 5222; x_wconf 75' lang='lat' dir='ltr'><strong>primogenitae</strong></span> 
     </span>
    </p>
   </div>
   <div class='ocr_carea' id='block_1_114' title="bbox 1963 5242 3553 5318">
    <p class='ocr_par' dir='ltr' id='par_1_114' title="bbox 1963 5242 3553 5318">
     <span class='ocr_line' id='line_1_114' title="bbox 1963 5242 3553 5318; baseline -0.006 -12"><span class='ocrx_word' id='word_1_876' title='bbox 1963 5247 2080 5318; x_wconf 85' lang='lat' dir='ltr'><strong>ejus</strong></span> <span class='ocrx_word' id='word_1_877' title='bbox 2114 5249 2266 5305; x_wconf 84' lang='lat' dir='ltr'><strong>Eliab</strong></span> <span class='ocrx_word' id='word_1_878' title='bbox 2310 5247 2648 5303; x_wconf 88' lang='lat' dir='ltr'><strong>introductus</strong></span> <span class='ocrx_word' id='word_1_879' title='bbox 2685 5253 2832 5302; x_wconf 89' lang='lat' dir='ltr'><strong>esset</strong></span> <span class='ocrx_word' id='word_1_880' title='bbox 2871 5261 3055 5301; x_wconf 85' lang='lat' dir='ltr'><strong>coram</strong></span> <span class='ocrx_word' id='word_1_881' title='bbox 3088 5245 3381 5316; x_wconf 87' lang='lat' dir='ltr'><strong>propheta,</strong></span> <span class='ocrx_word' id='word_1_882' title='bbox 3411 5242 3553 5297; x_wconf 89' lang='lat' dir='ltr'><strong>dixit</strong></span> 
     </span>
    </p>
   </div>
   <div class='ocr_carea' id='block_1_115' title="bbox 1964 5333 3551 5408">
    <p class='ocr_par' dir='ltr' id='par_1_115' title="bbox 1964 5333 3551 5408">
     <span class='ocr_line' id='line_1_115' title="bbox 1964 5333 3551 5408; baseline -0.006 -11"><span class='ocrx_word' id='word_1_883' title='bbox 1964 5340 2224 5397; x_wconf 80' lang='lat' dir='ltr'><strong>Dominus</strong></span> <span class='ocrx_word' id='word_1_884' title='bbox 2250 5338 2322 5395; x_wconf 89' lang='lat' dir='ltr'><strong>ad</strong></span> <span class='ocrx_word' id='word_1_885' title='bbox 2350 5354 2474 5395; x_wconf 90' lang='lat' dir='ltr'><strong>eum</strong></span> <span class='ocrx_word' id='word_1_886' title='bbox 2498 5357 2512 5393; x_wconf 90' lang='lat'><strong>:</strong></span> <span class='ocrx_word' id='word_1_887' title='bbox 2544 5356 2563 5391; x_wconf 75' lang='grc' dir='ltr'>ι</span> <span class='ocrx_word' id='word_1_888' title='bbox 2595 5336 2674 5393; x_wconf 83' lang='lat' dir='ltr'><strong>Ne</strong></span> <span class='ocrx_word' id='word_1_889' title='bbox 2699 5337 2959 5408; x_wconf 86' lang='lat' dir='ltr'><strong>respicias</strong></span> <span class='ocrx_word' id='word_1_890' title='bbox 2981 5336 3187 5391; x_wconf 89' lang='lat' dir='ltr'><strong>vultum</strong></span> <span class='ocrx_word' id='word_1_891' title='bbox 3207 5333 3343 5403; x_wconf 82' lang='lat' dir='ltr'><strong>ejus,</strong></span> <span class='ocrx_word' id='word_1_892' title='bbox 3370 5344 3551 5401; x_wconf 77' lang='lat' dir='ltr'><strong>neque</strong></span> 
     </span>
    </p>
   </div>
   <div class='ocr_carea' id='block_1_116' title="bbox 1961 5425 3546 5499">
    <p class='ocr_par' dir='ltr' id='par_1_116' title="bbox 1961 5425 3546 5499">
     <span class='ocr_line' id='line_1_116' title="bbox 1961 5425 3546 5499; baseline -0.009 -11"><span class='ocrx_word' id='word_1_893' title='bbox 1961 5432 2302 5489; x_wconf 85' lang='lat' dir='ltr'><strong>altitudinem</strong></span> <span class='ocrx_word' id='word_1_894' title='bbox 2331 5439 2556 5488; x_wconf 80' lang='lat' dir='ltr'><strong>statura:</strong></span> <span class='ocrx_word' id='word_1_895' title='bbox 2598 5427 2736 5498; x_wconf 86' lang='lat' dir='ltr'><strong>ejus,</strong></span> <span class='ocrx_word' id='word_1_896' title='bbox 2769 5428 3026 5499; x_wconf 89' lang='lat' dir='ltr'><strong>quoniam</strong></span> <span class='ocrx_word' id='word_1_897' title='bbox 3062 5425 3233 5495; x_wconf 88' lang='lat' dir='ltr'><strong>abjeci</strong></span> <span class='ocrx_word' id='word_1_898' title='bbox 3263 5437 3410 5483; x_wconf 87' lang='lat' dir='ltr'><strong>eum,</strong></span> <span class='ocrx_word' id='word_1_899' title='bbox 3440 5432 3546 5475; x_wconf 87' lang='lat' dir='ltr'><strong>nec</strong></span> 
     </span>
    </p>
   </div>
   <div class='ocr_carea' id='block_1_117' title="bbox 1953 5507 3549 5593">
    <p class='ocr_par' dir='ltr' id='par_1_117' title="bbox 1953 5507 3549 5593">
     <span class='ocr_line' id='line_1_117' title="bbox 1953 5507 3549 5593; baseline -0.01 -15"><span class='ocrx_word' id='word_1_900' title='bbox 1953 5521 2108 5593; x_wconf 84' lang='lat' dir='ltr'><strong>juxta</strong></span> <span class='ocrx_word' id='word_1_901' title='bbox 2143 5521 2400 5578; x_wconf 89' lang='lat' dir='ltr'><strong>intuitum</strong></span> <span class='ocrx_word' id='word_1_902' title='bbox 2440 5518 2675 5575; x_wconf 90' lang='lat' dir='ltr'><strong>hominis</strong></span> <span class='ocrx_word' id='word_1_903' title='bbox 2711 5518 2897 5589; x_wconf 89' lang='lat' dir='ltr'><strong>judico</strong></span> <span class='ocrx_word' id='word_1_904' title='bbox 2929 5514 2980 5588; x_wconf 90' lang='grc' dir='ltr'><strong>(Ι</strong></span> <span class='ocrx_word' id='word_1_905' title='bbox 3013 5514 3142 5583; x_wconf 76' lang='lat' dir='ltr'><strong>Reg.</strong></span> <span class='ocrx_word' id='word_1_906' title='bbox 3174 5509 3308 5581; x_wconf 73' lang='lat' dir='ltr'><strong>xvu).</strong></span> <span class='ocrx_word' id='word_1_907' title='bbox 3331 5530 3351 5562; x_wconf 74' lang='grc' dir='ltr'><strong>ι</strong></span> <span class='ocrx_word' id='word_1_908' title='bbox 3371 5507 3549 5562; x_wconf 80' lang='lat' dir='ltr'><strong>Homo</strong></span> 
     </span>
    </p>
   </div>
   <div class='ocr_carea' id='block_1_118' title="bbox 1961 5599 3542 5681">
    <p class='ocr_par' dir='ltr' id='par_1_118' title="bbox 1961 5599 3542 5681">
     <span class='ocr_line' id='line_1_118' title="bbox 1961 5599 3542 5681; baseline -0.011 -13"><span class='ocrx_word' id='word_1_909' title='bbox 1961 5613 2104 5668; x_wconf 85' lang='lat' dir='ltr'><strong>enim</strong></span> <span class='ocrx_word' id='word_1_910' title='bbox 2127 5612 2275 5667; x_wconf 87' lang='lat' dir='ltr'><strong>videt</strong></span> <span class='ocrx_word' id='word_1_911' title='bbox 2295 5625 2359 5666; x_wconf 89' lang='lat' dir='ltr'><strong>ea</strong></span> <span class='ocrx_word' id='word_1_912' title='bbox 2382 5624 2505 5681; x_wconf 72' lang='lat' dir='ltr'><strong>qua:</strong></span> <span class='ocrx_word' id='word_1_913' title='bbox 2524 5616 2788 5680; x_wconf 89' lang='lat' dir='ltr'><strong>apparent</strong></span> <span class='ocrx_word' id='word_1_914' title='bbox 2814 5625 2827 5662; x_wconf 91' lang='lat'><strong>:</strong></span> <span class='ocrx_word' id='word_1_915' title='bbox 2861 5605 3121 5661; x_wconf 87' lang='lat' dir='ltr'><strong>Dominus</strong></span> <span class='ocrx_word' id='word_1_916' title='bbox 3149 5610 3329 5655; x_wconf 86' lang='lat' dir='ltr'><strong>autem</strong></span> <span class='ocrx_word' id='word_1_917' title='bbox 3361 5599 3542 5655; x_wconf 85' lang='lat' dir='ltr'><strong>intue-</strong></span> 
     </span>
    </p>
   </div>
   <div class='ocr_carea' id='block_1_119' title="bbox 1958 5686 3550 5772">
    <p class='ocr_par' dir='ltr' id='par_1_119' title="bbox 1958 5686 3550 5772">
     <span class='ocr_line' id='line_1_119' title="bbox 1958 5686 3550 5772; baseline -0.008 -12"><span class='ocrx_word' id='word_1_918' title='bbox 1958 5711 2049 5760; x_wconf 84' lang='lat' dir='ltr'><strong>tur</strong></span> <span class='ocrx_word' id='word_1_919' title='bbox 2072 5717 2201 5769; x_wconf 88' lang='lat' dir='ltr'><strong>cor;</strong></span> <span class='ocrx_word' id='word_1_920' title='bbox 2240 5712 2299 5759; x_wconf 89' lang='lat' dir='ltr'><strong>et</strong></span> <span class='ocrx_word' id='word_1_921' title='bbox 2325 5702 2465 5760; x_wconf 86' lang='lat' dir='ltr'><strong>bene</strong></span> <span class='ocrx_word' id='word_1_922' title='bbox 2496 5700 2706 5772; x_wconf 88' lang='lat' dir='ltr'><strong>species</strong></span> <span class='ocrx_word' id='word_1_923' title='bbox 2739 5698 2858 5772; x_wconf 87' lang='lat' dir='ltr'><strong>apis</strong></span> <span class='ocrx_word' id='word_1_924' title='bbox 2891 5697 3034 5753; x_wconf 88' lang='lat' dir='ltr'><strong>inter</strong></span> <span class='ocrx_word' id='word_1_925' title='bbox 3077 5699 3274 5751; x_wconf 59' lang='lat' dir='ltr'><strong>cetera</strong></span> <span class='ocrx_word' id='word_1_926' title='bbox 3304 5686 3550 5748; x_wconf 72' lang='lat' dir='ltr'><strong>volatilia</strong></span> 
     </span>
    </p>
   </div>
  </div>
