3928 6182
331 310 436 368 859

979 311 1040 366 B.
1080 309 1338 366 RABANI
1371 309 1593 368 MAURI
1629 307 1947 368 ARCHIEP.
2012 314 2319 376 HOGUNT.
2351 318 2634 378 OPERUM
2663 317 2839 374 PARS
2875 319 2920 375 ῐ.

3489 315 3594 370 8ιο

329 427 399 482 ad
422 423 874 496 comparationem
901 437 1152 489 sumitur,
1181 439 1303 494 quae
1331 434 1386 480 et
1411 425 1600 480 aculeo
1621 425 1828 494 pungit,
1857 433 1910 480 et
1937 429 1989 490 Α
2018 427 2384 485 hereditatem
2406 437 2744 498 perpetuam,
2769 424 2986 481 Christo
3015 421 3316 487 tribuente,
3348 433 3600 494 percepit

329 530 496 587 opera
517 513 691 569 mellis
716 512 950 568 conficit.
975 512 1066 567 Sic
1091 521 1147 568 et
1167 514 1222 567 in
1249 514 1399 569 brevi
1429 515 1751 584 corpusculo
1772 528 1917 585 saepe

332 611 609 682 ingeniosa
639 607 903 663 inhabitat
927 609 1132 674 anima,
1159 623 1278 676 qua:
1303 617 1360 663 et
1390 611 1640 665 acumine
1665 610 1832 680 viget,
1863 617 1918 666 et

334 699 390 753 in
424 699 666 754 doctrina
716 711 812 752 sua
859 697 1010 752 novit
1058 697 1305 767 proferre
1347 698 1669 754 suavitatem
1707 700 1892 768 sapien

335 791 424 846 tiae

411 921 429 954 ‹
473 903 532 958 In
558 903 755 958 vestitu
782 919 849 958 ne
877 903 1124 975 glorieris
1149 921 1408 976 unquam,
1435 921 1536 962 nec
1559 907 1611 961 in
1639 907 1726 962 die
1750 908 1919 963 hono-

341 1013 361 1047 r
402 996 479 1050 ris
497 997 571 1049 tui
597 995 889 1050 extollaris.
921 1017 939 1049 ›
971 996 1123 1063 Quod
1148 1008 1327 1053 autem
1354 1001 1566 1054 vanitas
1586 1001 1817 1055 vestium
1838 1000 1920 1055 fu-

335 1087 524 1158 gienda
555 1088 646 1152 sit,
671 1086 929 1142 Dominus
957 1089 1194 1142 insinuat
1219 1091 1272 1142 in
1305 1091 1616 1160 Evangelio,
1643 1091 1733 1146 ubi
1762 1090 1921 1146 Joan-

334 1194 458 1233 nem
479 1179 779 1248 Baptistam
808 1194 908 1248 pro
935 1180 1228 1249 asperitate
1267 1181 1568 1236 indumenti
1597 1182 1918 1238 laudabilem

335 1269 590 1332 ostendit,
641 1269 709 1322 ad
760 1269 944 1323 turbas
981 1269 1207 1324 dicens:
1249 1288 1267 1320 ‹
1314 1271 1452 1338 Quid
1489 1273 1678 1326 existis
1706 1274 1920 1328 videre?

337 1362 614 1418 hominem
646 1363 896 1416 mollibus
926 1363 1210 1418 vestitum?
1235 1364 1391 1428 Ecce,
1431 1366 1521 1433 qui
1551 1367 1802 1420 mollibus
1831 1381 1922 1419 ve-

338 1455 598 1517 stiuntur,
646 1453 700 1506 in
747 1453 994 1508 domibus
1041 1470 1228 1525 regum
1261 1465 1401 1509 sunt
1435 1454 1584 1527 (Luc.
1605 1453 1766 1525 vn).i
1805 1455 1923 1525 Ipse

339 1551 522 1596 autem
552 1541 788 1597 Joannes
827 1543 1056 1598 habebat
1083 1544 1464 1598 vestimentum
1499 1545 1564 1599 de
1593 1544 1715 1614 pilis
1740 1560 1922 1599 cameo

340 1631 536 1697 lorum,
567 1640 623 1687 et
645 1648 834 1688 zonam
877 1635 1158 1703 pelliceam
1184 1636 1328 1689 circa
1355 1635 1567 1691 lumbos
1594 1652 1722 1692 suos
1755 1655 1766 1690 :
1801 1651 1924 1693 esca

340 1733 524 1778 autem
558 1733 677 1779 erat
700 1725 905 1780 locusta
933 1736 988 1780 et
1017 1727 1119 1781 mel
1159 1727 1426 1782 silvestre.
1467 1729 1532 1782 Et
1573 1730 1766 1785 Petrus
1799 1745 1926 1798 apo-

2017 523 2200 594 (Hebr.
2233 519 2332 592 ιχ).

2093 633 2113 668 t
2141 616 2299 671 Prius
2318 628 2482 684 quam
2510 615 2834 684 interroges,
2853 626 2924 669 ne
2944 613 3212 682 vituperes
3233 623 3594 681 quemquam;

2025 717 2044 752 ι
2073 709 2127 755 et
2152 715 2273 756 cum
2299 701 3145 770 interrogaveris,corripejuste.
3173 719 3194 752 ι
3218 698 3599 753 Temerarium

2024 790 2279 861 judicium
2305 806 2408 846 nos
2439 791 2619 845 facere
2671 793 2948 861 prohibet.
2989 792 3129 847 Hinc
3164 791 3298 845 etin
3340 791 3461 860 lege
3496 789 3601 844 Do-

2023 881 2203 934 minus
2217 883 2467 950 praecepit
2498 896 2564 935 ne
2583 883 2866 952 quisquam
2890 883 3170 952 puniretur
3187 881 3476 945 innocens,
3499 895 3600 935 nec

2022 985 2134 1026 uno
2161 981 2347 1027 contra
2375 987 2434 1028 se
2463 973 2679 1028 dicente
2700 974 3099 1038 testimonium,
3125 975 3219 1028 sed
3247 974 3299 1026 in
3331 987 3431 1028 ore
3459 973 3602 1026 duo-

2021 1077 2143 1117 rum
2174 1064 2257 1118 vel
2306 1064 2467 1118 trium
2493 1066 2711 1119 testium
2739 1075 2908 1121 staret
2957 1080 3119 1121 omne
3152 1065 3376 1120 verbum
3410 1063 3597 1133 (Dent.

2022 1168 2160 1216 xvtt,
2189 1169 2280 1208 xu
2310 1171 2326 1220 ;
2361 1153 2554 1210 Matth.
2585 1155 2766 1218 xvttt).
2807 1156 3072 1211 Similiter
3101 1165 3155 1210 et
3182 1155 3461 1222 apostolus
3497 1153 3597 1208 Τέ-

2024 1236 2240 1291 metheo
2249 1237 2404 1306 jubet
2420 1248 2477 1293 ut
2490 1239 2774 1294 adversum
2797 1241 3166 1309 presbyterum
3183 1239 3594 1293 accusationem

2025 1332 2131 1374 non
2166 1321 2408 1388 recipiat,
2444 1323 2546 1376 nisi
2593 1322 2694 1378 sub
2747 1321 2959 1377 duobus
2981 1332 3074 1376 aut
3107 1323 3282 1378 tribus
3311 1322 3546 1377 testibus
3581 1337 3597 1378 :

2026 1419 2313 1477 peccantes
2334 1421 2510 1466 autem
2542 1426 2726 1467 coram
2753 1411 3010 1468 omnibus
3054 1419 3268 1483 arguat,
3312 1421 3375 1466 ut
3407 1410 3598 1468 caeteri

2026 1506 2228 1552 metum
2272 1499 2507 1556 habeant
2536 1498 2584 1567 (1
2616 1498 2753 1555 Tim.
2776 1501 2854 1570 ν).

2102 1629 2120 1662 t
2163 1611 2322 1665 Prius
2349 1626 2509 1680 quam
2539 1613 2728 1666 audias
2747 1653 2761 1677 ,
2809 1627 2877 1667 ne
2916 1615 3245 1681 respondeas
3273 1617 3501 1669 verbum
3525 1657 3538 1681 ,
3569 1624 3623 1670 et

2035 1720 2054 1753 ι
2097 1702 2152 1756 in
2199 1702 2378 1756 medio
2408 1717 2720 1757 sermonum
2754 1717 2824 1758 ne
2868 1704 3093 1776 adjicias
3123 1704 3290 1775 loqui.
3327 1724 3347 1759 ι
3404 1706 3484 1762 De
3515 1724 3622 1777 quo

342 1813 512 1869 stolus
539 1815 590 1868 in
634 1815 872 1885 Epistola
898 1833 992 1870 sua
1017 1817 1168 1885 jubet
1195 1819 1448 1873 mulieres
1476 1835 1582 1874 non
1605 1820 1753 1874 indui
1781 1792 1926 1875 veste
1954 1802 2000 1860 Β
2027 1801 2081 1849 εί
2105 1794 2159 1847 in
2183 1792 2490 1848 Proverbiis
2519 1793 2780 1864 scriptum
2809 1803 2895 1850 θδί
2925 1812 2940 1849 ⁵
2977 1814 2996 1847 ⁶
3029 1795 3130 1862 Qui
3154 1797 3304 1866 Prius
3327 1800 3626 1868 τθδροηάει

344 1903 580 1972 pretiosa
601 1944 616 1968 ,
644 1920 819 1973 neque
856 1907 1163 1977 margaritis
1194 1915 1288 1960 aut
1315 1908 1742 1964 circumdatione
1776 1909 1926 1975 auri;

345 1995 440 2049 sed
487 1996 658 2066 magis
721 2011 931 2050 morum
992 1998 1272 2052 honestate
1323 2007 1378 2052 et
1427 1999 1933 2069 incorruptibilitate

345 2086 511 2154 quieti
555 2095 610 2140 et
658 2087 886 2141 modesti
915 2087 1134 2157 spiritus
1163 2087 1214 2159 (1
1245 2087 1362 2141 Pet.
1406 2087 1512 2158 nt).
1553 2088 1784 2144 Proinde
1822 2105 1931 2145 non

346 2177 501 2232 decet
530 2178 825 2233 honoribus
853 2180 1138 2233 mundanis
1175 2179 1470 2248 quemlibet
1510 2180 1804 2246 extollere,
1837 2181 1932 2236 sed

348 2267 520 2336 magis
582 2268 844 2322 virtutum
905 2270 1188 2325 honestate
1235 2271 1586 2343 semetipsum
1645 2272 1931 2328 adornare.

351 2359 504 2415 Unde
530 2367 584 2416 et
610 2362 891 2430 sequitur:

425 2489 444 2522 ι
490 2471 753 2538 Quoniam
798 2473 1065 2528 mirabilia
1116 2489 1281 2543 opera
1313 2472 1580 2529 Altissimi
1633 2473 1830 2540 solius,
1881 2482 1937 2528 et

357 2580 375 2614 ι
418 2563 649 2632 gloriosa
673 2572 730 2617 et
755 2564 1020 2618 absconsa
1045 2570 1099 2618 et
1121 2564 1293 2619 invisa
1324 2579 1486 2633 opera
1511 2564 1673 2620 illius.
1708 2584 1726 2617 ›
1760 2563 1936 2634 Opera

351 2654 495 2709 enim
548 2653 641 2706 Dei
688 2654 812 2722 quia
856 2655 1150 2708 secundum
1198 2655 1480 2709 veritatem
1526 2663 1582 2709 et
1617 2655 1934 2724 mquitatem

351 2743 530 2799 omnia
561 2743 713 2810 fiunt,
747 2744 868 2798 ideo
894 2744 1160 2800 mirabilia
1197 2752 1253 2798 et
1278 2744 1511 2815 gloriosa
1535 2753 1682 2810 sunt,
1710 2759 1809 2798 nec
1829 2759 1936 2798 non

354 2843 411 2890 et
455 2835 716 2891 absconsa
745 2845 799 2891 et
825 2837 998 2891 invisa
1019 2878 1034 2903 ,
1063 2835 1194 2908 quia
1233 2837 1496 2891 rationem
1526 2836 1738 2891 illorum
1779 2849 1938 2890 nemo

353 2927 421 2979 ad
449 2925 716 2997 integrum
739 2925 1063 2997 investigare
1091 2927 1308 2996 poterit.
1337 2925 1468 2993 Quae
1496 2927 1609 2996 ipse
1633 2926 1937 2982 secundum

352 3018 636 3073 consilium
662 3034 816 3072 suum
851 3027 905 3073 et
930 3019 1253 3088 sapientiam
1280 3034 1430 3074 suam
1461 3019 1609 3074 solus
1629 3018 1755 3088 agit.
1783 3015 1937 3085 Quod

353 3109 657 3180 intelligens
674 3107 964 3178 Apostolus
985 3109 1317 3178 ohstupendo
1339 3109 1612 3164 admirans
1637 3109 1740 3162 ait:
1765 3128 1782 3160 ι
1802 3107 1847 3163 Ο
1863 3107 1936 3162 al-

354 3203 526 3258 titudo
548 3202 858 3258 divitiarum
886 3202 1160 3271 sapientiae
1183 3210 1238 3256 et
1259 3202 1501 3257 scientiae
1529 3203 1646 3267 Dei,
1669 3217 1830 3271 quam
1856 3201 1937 3254 in-

355 3294 861 3365 comprehensibilia
889 3302 1012 3348 sunt
1041 3292 1240 3361 judicia
1276 3291 1392 3361 ejus
1413 3333 1428 3358 ,
1460 3302 1515 3348 et
1543 3295 1939 3364 investigabiles

355 3387 455 3440 viae
475 3385 628 3454 ejus!
667 3386 798 3452 Quis
831 3384 975 3439 enim
1007 3385 1259 3455 cognovit
1294 3399 1513 3440 sensum
1551 3385 1799 3440 Domini?
1833 3385 1940 3442 Aut

357 3477 478 3546 quis
523 3475 866 3529 consiliarius
894 3473 1011 3542 ejus
1049 3475 1184 3542 fuit,
1217 3484 1311 3530 aut
1333 3476 1455 3546 quis
1489 3476 1640 3546 prior
1666 3476 1812 3532 dedit
1841 3477 1936 3544 illi,

357 3575 412 3620 et
435 3565 760 3620 retribuetur
784 3566 870 3619 ei?
901 3567 1157 3634 quoniam
1199 3581 1264 3621 ex
1291 3567 1426 3636 ipso,
1459 3574 1512 3621 et
1534 3582 1632 3637 per
1660 3566 1856 3636 ipsum,
1885 3575 1939 3621 et

357 3656 412 3710 in
449 3656 566 3725 ipso
607 3663 731 3710 sunt
781 3656 958 3710 omnia
1005 3655 1181 3726 (Rom.
1229 3655 1306 3729 χι)
1346 3675 1364 3708 ι
1419 3674 1433 3710 :
1479 3656 1571 3726 qui
1611 3657 1774 3711 etiam
1813 3656 1938 3712 facit

357 3761 553 3815 magna
607 3752 661 3800 et
706 3745 1097 3800 inscrutabilia.
1147 3744 1283 3801 Hinc
1325 3754 1379 3801 et
1427 3746 1780 3802 Ecclesiastes
1816 3748 1934 3802 ait:

363 3856 382 3889 t
419 3835 661 3890 Intellexi
692 3835 833 3905 quod
860 3835 1101 3890 omnium
1140 3850 1362 3904 operum
1398 3834 1488 3889 Dei
1531 3835 1733 3890 nullam
1769 3837 1941 3905 possit

358 3927 519 3981 homo
551 3927 792 3980 invenire
823 3927 1086 3980 rationem
1113 3941 1332 3990 eorum,
1377 3941 1498 3995 quae
1529 3925 1664 3980 fiunt
1699 3927 1800 3982 sub
1826 3928 1939 3982 sole

352 4028 409 4074 et
432 4029 632 4086 quanto
659 4019 894 4089 amplius
917 4019 1245 4074 laboraverit
1275 4019 1340 4072 ad
1370 4019 1741 4088 quaerendum,
1776 4027 1928 4074 tanto

355 4112 536 4165 minus
560 4111 797 4165 inveniet
838 4125 854 4163 :
888 4111 1047 4164 etiam
1089 4109 1134 4164 si
1159 4108 1354 4163 dixerit
1385 4110 1601 4178 sapiens
1647 4122 1708 4164 se
1741 4123 1926 4172 nosse,

354 4217 461 4257 non
529 4201 724 4269 poterit
765 4201 1010 4255 invenire
1060 4199 1260 4268 (Eccl.
1302 4214 1396 4254 vni
1423 4201 1467 4269 ).
1510 4218 1528 4252 ι
1581 4199 1734 4266 Quod
1784 4199 1928 4253 enim

347 4292 509 4344 alium
544 4292 685 4344 Deus
715 4289 962 4343 humiliat
991 4297 1044 4342 et
1073 4287 1236 4342 alium
1258 4287 1480 4353 exaltat,
1505 4302 1615 4341 sua:
1639 4285 1925 4356 potestatis

351 4391 510 4450 atque
535 4379 724 4450 judicii
748 4387 852 4444 est,
883 4379 1024 4433 sicut
1053 4377 1330 4447 sequentia
1357 4377 1589 4447 probant
1613 4395 1626 4430 :

2033 1896 2330 1956 antequam
2372 1887 2589 1952 audiat,
2639 1886 2864 1942 stultum
2907 1902 2968 1942 se
3013 1903 3135 1944 esse
3183 1890 3525 1944 demonstrat
3572 1900 3627 1946 et

2031 1979 2346 2036 confusione
2371 1980 2589 2050 dignum
2619 1977 2801 2051 (Prov.
2845 1977 3022 2050 mn).
3062 1999 3081 2032 ›
3125 1980 3180 2034 ld
3207 1987 3311 2045 est,
3343 1981 3437 2050 qui
3471 1982 3626 2052 prius

2033 2076 2223 2132 doctor
2250 2089 2369 2129 esse
2403 2073 2674 2127 desiderat
2707 2087 2868 2142 quam
2899 2072 3112 2138 discat,
3145 2073 3386 2128 stultitiae
3422 2089 3625 2128 noxam

2033 2181 2141 2222 non
2170 2165 2422 2220 declinat.
2455 2163 2556 2230 Qui
2588 2162 2836 2232 judicare
2867 2164 3237 2231 proximorum
3267 2164 3412 2219 facta
3443 2166 3626 2234 prius-

2034 2269 2197 2326 quam
2236 2254 2394 2324 plene
2430 2269 2654 2307 causam
2685 2253 2966 2322 utriusque
2999 2253 3169 2322 partis
3194 2254 3511 2324 dignoscat,
3545 2255 3625 2309 in-

2033 2346 2280 2402 ordinate
2316 2345 2556 2409 festinat,
2597 2351 2651 2398 et
2693 2343 2782 2402 ille
2817 2358 2874 2398 se
2910 2343 3227 2398 confusione
3267 2345 3492 2414 dignum
3535 2345 3626 2399 de-

2034 2443 2332 2503 monstrat,
2363 2436 2491 2507 quia
2521 2435 2691 2507 magis
2724 2437 3056 2506 pertinacem
3099 2451 3265 2506 quam
3298 2435 3626 2507 prudentem

2034 2542 2157 2582 esse
2182 2527 2394 2595 probat.

2113 2637 2130 2670 ι
2173 2618 2249 2672 De
2273 2632 2338 2673 ea
2368 2632 2429 2672 re
2456 2632 2576 2687 quae
2601 2625 2654 2672 te
2683 2633 2790 2672 non
2822 2616 3074 2672 molestat
3101 2631 3172 2671 ne
3197 2616 3457 2683 certeris;
3486 2627 3543 2672 et
3574 2634 3626 2672 .n

2046 2725 2063 2761 ι
2101 2706 2304 2776 judicio
2327 2709 2666 2777 peccantium
2695 2723 2763 2763 ne
2799 2709 3084 2763 consistas.
3123 2728 3142 2760 ι
3177 2707 3452 2762 Admonet
3479 2717 3541 2762 ut
3571 2709 3626 2762 in

2035 2802 2320 2874 superfluis
2350 2805 2514 2858 rebus
2538 2819 2645 2858 non
2675 2803 2836 2858 nimis
2855 2803 3025 2857 simus
3052 2802 3272 2868 curiosi,
3303 2809 3358 2857 et
3388 2817 3626 2871 peccan-

2037 2897 2170 2952 tium
2197 2895 2452 2966 pravitati
2496 2909 2602 2948 non
2640 2895 3062 2950 consentiamus.
3112 2894 3279 2948 Docet
3306 2894 3455 2947 enim
3485 2895 3628 2962 Apo-

2038 2989 2222 3053 stolus,
2258 3008 2276 3039 ι
2326 2995 2386 3043 ut
2431 2987 2692 3042 habentes
2731 2987 2984 3041 alimenta
3026 2994 3080 3041 et
3107 2987 3303 3055 quibus
3350 2993 3622 3054 tegamur,

2038 3081 2123 3136 his
2162 3082 2401 3136 contenti
2444 3083 2616 3136 simus
2663 3080 2716 3151 (Ι
2748 3080 2881 3134 Tim.
2912 3081 3012 3152 vr).
3039 3099 3057 3132 ι
3109 3081 3177 3134 Ει
3212 3079 3339 3135 alibi
3376 3099 3388 3134 :
3442 3098 3461 3130 ‹
3506 3077 3629 3135 Non

1963 3156 2007 3219 C
2039 3171 2231 3237 solum,
2267 3172 2460 3242 inquit,
2491 3172 2582 3242 qui
2613 3170 2819 3225 faciunt
2854 3171 3017 3236 mala,
3054 3171 3148 3225 sed
3177 3179 3231 3226 et
3259 3169 3352 3240 qui
3395 3186 3630 3226 consen-

2035 3262 2176 3316 tiunt
2201 3261 2541 3326 facientibus,
2567 3261 2712 3333 digni
2737 3271 2863 3315 sunt
2893 3271 3087 3316 morte.
3136 3260 3333 3315 Beatus
3367 3263 3518 3316 enim
3549 3263 3634 3315 vir

2036 3361 2121 3407 est
2167 3352 2261 3422 qui
2308 3368 2414 3407 non
2446 3353 2580 3407 abiit
2628 3353 2682 3406 in
2721 3352 2946 3408 consilio
2984 3351 3305 3422 impiorum,
3339 3360 3398 3406 et
3436 3352 3494 3405 in
3542 3351 3630 3404 via

2037 3452 2384 3498 peccatorum
2436 3457 2542 3497 non
2591 3443 2764 3507 stetit,
2812 3451 2866 3496 et
2905 3443 2959 3496 in
2995 3441 3252 3497 cathedra
3303 3441 3630 3509 pestilentia:

2036 3555 2145 3597 non
2172 3537 2503 3608 sedit(Rom.
2537 3536 2772 3604 i;Psal.
2809 3535 2870 3604 t).
2913 3556 2935 3591 ι

2113 3650 2133 3684 t
2163 3629 2288 3697 Fili,
2318 3645 2384 3685 ne
2414 3631 2468 3684 in
2507 3631 2691 3686 multis
2715 3632 2824 3684 sint
2849 3639 3002 3685 actus
3020 3629 3122 3695 tui,
3145 3635 3203 3683 ot
3234 3626 3279 3682 si
3306 3625 3460 3682 dives
3496 3622 3612 3678 fue-

2037 3723 2137 3791 ris,
2172 3738 2274 3777 non
2298 3723 2408 3778 eris
2439 3724 2692 3778 immunis
2728 3738 2756 3776 a
2790 3723 3013 3777 delicto.
3051 3739 3072 3775 υ
3114 3722 3278 3775 Docet
3335 3717 3612 3787 sapientia

2038 3814 2178 3871 filios
2206 3830 2331 3870 suos
2356 3829 2421 3869 ne
2458 3823 2665 3870 certent
2696 3815 2832 3869 ultra
2883 3817 3104 3869 modum
3139 3812 3194 3866 in
3231 3810 3607 3880 adipiscendis

2040 3908 2266 3964 terrenis
2303 3907 2635 3978 lucris,qnia
2679 3915 2883 3975 pestem
2931 3906 3177 3960 avaritia:
3213 3913 3267 3959 et
3300 3902 3525 3957 invidiae
3559 3908 3614 3954 et

2037 3991 2344 4061 huiusmodi
2377 4005 2481 4046 non
2505 3990 2764 4044 devitant.
2791 3988 2943 4044 Unde
2974 3999 3028 4043 et
3052 3988 3104 4040 in
3125 3985 3440 4042 Proverbiis
3471 3985 3618 4040 scri-

2040 4085 2188 4144 ptum
2217 4083 2344 4131 est:
2387 4091 2405 4124 ι
2445 4072 2541 4127 Vir
2567 4072 2902 4142 questinat
2944 4073 3104 4126 ditari
3141 4081 3193 4125 et
3231 4069 3354 4123 aliis
3382 4069 3615 4130 invidet,

2041 4159 2254 4229 ignorat
2275 4157 2418 4227 quod
2450 4167 2662 4226 egestas
2700 4157 3046 4223 superveniet
3067 4155 3116 4209 ei
3152 4153 3607 4224 (Prov.xxvtn).u

2043 4246 2110 4302 Et
2151 4250 2274 4302 item
2305 4265 2321 4301 :
2358 4263 2379 4297 t
2417 4245 2740 4309 Conturbat,
2777 4244 2970 4312 inquit,
3027 4245 3249 4298 domum
3307 4258 3484 4307 suam,
3523 4244 3616 4312 qui

2040 4347 2277 4396 sectatur
2307 4339 2590 4392 avaritiam
2627 4333 2807 4406 (Prov.
2844 4335 2957 4404 xv).
3013 4353 3033 4387 ι
3082 4333 3271 4389 Melius
3301 4344 3384 4387 est
3418 4347 3618 4402 parum

2042 4437 2161 4478 cum
2191 4424 2381 4476 timore
2403 4417 2638 4485 Domini,
2658 4434 2818 4488 quam
2845 4419 3087 4472 thesauri
3117 4417 3322 4486 argenti
3352 4417 3530 4482 magni
3549 4423 3612 4468 et

427 4531 445 4563 ι
485 4512 632 4566 Multi
661 4513 872 4584 tyranni
898 4513 1156 4567 sederunt
1184 4512 1238 4567 in
1274 4513 1504 4578 throno,
1539 4520 1596 4568 et
1626 4511 1927 4581 insuspica-
1951 4480 2006 4539 D
2040 4511 2340 4567 instabiles.
2378 4511 2442 4566 Et
2469 4512 2523 4564 in
2558 4480 2921 4564 Ecclesiaste:
2947 4525 2966 4560 t
3011 4480 3243 4571 Avarus,
3272 4480 3471 4575 inquit,
3507 4520 3617 4559 non

355 4623 372 4654 ε
415 4603 539 4659 bilis
584 4603 821 4673 portavit
867 4604 1143 4669 diadema;
1195 4603 1348 4656 multi
1395 4611 1643 4672 potentes
1689 4603 1934 4671 oppressi

356 4710 376 4744 ς
422 4701 548 4748 sunt
572 4693 783 4758 valide,
807 4701 861 4746 et
884 4691 1106 4762 gloriosi
1131 4691 1317 4745 traditi
1348 4699 1475 4745 sunt
1501 4691 1554 4744 in
1581 4707 1772 4744 manus
1801 4690 1935 4745 alte-

358 4803 377 4838 I
424 4802 629 4842 rorum.
687 4806 705 4839 ι
755 4784 881 4840 llam
925 4791 981 4840 et
1029 4783 1321 4839 secundum
1373 4781 1655 4836 historiam
1709 4781 1932 4850 intelligi

352 4886 600 4948 possunt,
628 4877 754 4947 quia
782 4890 924 4947 saepe
951 4889 1050 4945 per
1075 4873 1471 4929 ordinationem
1499 4871 1592 4927 Dei
1626 4870 1700 4926 illi
1723 4870 1792 4925 ad
1823 4869 1936 4925 cul-

354 4986 477 5025 men
507 4969 728 5024 honoris
756 4970 1086 5035 ascendunt,
1120 4969 1211 5038 qui
1244 4968 1444 5023 nullius
1472 4975 1631 5022 antea
1661 4965 1802 5037 apud
1827 4965 1929 5020 ho-

357 5060 531 5114 mines
555 5060 832 5128 dignitatis
866 5060 1103 5126 fuerunt,
1135 5067 1189 5114 et
1218 5075 1249 5115 e
1287 5060 1559 5116 contrario
1586 5060 1682 5124 illi,
1713 5060 1804 5129 qui
1831 5073 1930 5130 ρος

358 5161 537 5208 tentes
561 5150 798 5215 fuerunt,
818 5151 1020 5220 judicio
1052 5151 1145 5206 Dei
1173 5154 1345 5220 pressi
1386 5153 1452 5207 ad
1474 5159 1849 5222 paupertatem
1877 5157 1934 5205 et

359 5245 429 5300 ad
452 5244 765 5313 despectum
789 5243 1124 5311 perveniunt.
1161 5244 1422 5298 Similiter
1447 5253 1503 5298 et
1530 5245 1824 5298 secundum
1852 5242 1933 5295 al-

359 5334 636 5407 legoriam,
685 5332 914 5403 populus
946 5332 1095 5402 prior
1130 5332 1221 5401 qui
1246 5335 1311 5387 de
1337 5341 1621 5403 parentum
1658 5333 1937 5387 nobilitate

354 5427 613 5500 iactabat,
641 5433 696 5482 et
741 5426 793 5484 in
822 5425 1059 5496 potentia
1096 5425 1297 5480 carnali
1335 5425 1686 5496 gloriabatur,
1717 5435 1938 5496 propter

359 5521 640 5591 perﬁdiam
667 5519 850 5574 divino
869 5516 1074 5587 judicio
1103 5533 1130 5570 a
1160 5519 1393 5587 primatu
1420 5518 1659 5589 dejectus
1686 5527 1770 5573 est
1804 5534 1818 5573 :
1849 5534 1941 5588 po-

359 5611 516 5680 pulus
555 5627 684 5667 vero
724 5611 964 5683 gentium
1008 5618 1226 5680 propter
1266 5608 1422 5663 (idem
1468 5608 1561 5663 Dei
1612 5608 1664 5662 in
1705 5607 1938 5662 filiorum

360 5701 537 5760 locum
585 5705 927 5778 subrogatus,
957 5701 1386 5760 benedictionem
1413 5701 1850 5773 patriarcharum
1881 5699 1939 5756 in

2041 4603 2356 4694 implebltur
2381 4605 2628 4669 pecunia;
2647 4612 2700 4656 et
2733 4601 2824 4671 qui
2844 4610 2989 4655 altiat
3013 4600 3250 4666 divitias,
3270 4600 3482 4657 fructus
3505 4613 3622 4655 non

2034 4704 2212 4774 capiet
2235 4717 2298 4757 ex
2326 4702 2404 4756 eis
2431 4697 2599 4772 (Eccl.
2619 4697 2729 4769 Y).)
2745 4696 2909 4753 Juxta
2934 4695 3288 4767 tropologiam
3316 4710 3449 4750 vero
3477 4708 3628 4761 saepe

2035 4799 2280 4862 suscepta
2312 4806 2440 4846 cura
2486 4789 2767 4862 regiminis
2792 4803 2886 4844 cor
2911 4802 3012 4858 per
3037 4787 3249 4842 diversa
3275 4785 3625 4845 diverberat;

2036 4893 2091 4938 et
2113 4883 2288 4952 impar
2318 4881 2548 4951 quisque
2581 4879 2854 4933 invenitur
2879 4877 2944 4930 ad
2980 4874 3210 4944 singula,
3239 4874 3364 4927 dum
3394 4869 3630 4926 confusa

2033 4980 2215 5026 mente
2235 4970 2494 5024 dividitur
2519 4969 2585 5022 ad
2612 4966 2800 5021 multa.
2836 4965 2990 5020 Unde
3021 4964 3111 5018 hic
3137 4962 3383 5017 consulte
3407 4975 3507 5031 per
3531 4976 3625 5014 sa-

2034 5063 2291 5133 pientiam
2323 5060 2518 5116 dicitur
2544 5076 2557 5112 :
2589 5078 2605 5109 ‹
2627 5057 2750 5121 Fili,
2776 5070 2841 5110 ne
2864 5056 2918 5109 in
2939 5054 3121 5108 multis
3143 5053 3249 5108 sint
3269 5060 3427 5106 actus
3451 5050 3528 5104 tui
3554 5068 3567 5102 :
3602 5070 3623 5102 ι

2036 5155 2162 5225 quia
2203 5152 2486 5216 videlicet,
2537 5163 2874 5219 nequaquam
2911 5146 3068 5216 plene
3102 5146 3155 5199 in
3195 5141 3632 5210 uniuscujusque

2036 5246 2218 5315 operis
2244 5244 2453 5298 ratione
2477 5241 2769 5311 colligitur,
2793 5240 2918 5294 dum
2951 5252 3102 5292 mens
3130 5251 3228 5306 per
3255 5236 3473 5291 diversa
3506 5251 3630 5304 par-

2039 5336 2192 5389 titur.
2228 5332 2470 5401 Cumque
2496 5331 2641 5384 foras
2667 5345 2764 5399 per
2793 5328 3112 5383 insolentem
3147 5340 3334 5380 curam
3368 5325 3630 5388 trahitur,

2040 5442 2069 5480 a
2095 5425 2305 5479 timoris
2332 5423 2506 5477 intimi
2531 5423 2804 5477 soliditate
2824 5430 3104 5486 vacuatur,
3130 5417 3296 5488 ﬁtque
3317 5419 3374 5472 in
3395 5418 3636 5473 exteriu-

2041 5531 2161 5568 rum
2193 5513 2558 5583 disputatione
2584 5511 2836 5574 sollicita,
2864 5522 2919 5564 et
2937 5509 3021 5564 sui
3048 5507 3390 5564 solummodo
3420 5507 3633 5576 ignara.

2044 5607 2160 5662 Scit
2183 5605 2349 5660 multa
2372 5605 2550 5673 cogita
2561 5619 2636 5666 re,
2657 5618 2715 5657 se
2736 5601 3015 5668 nesciens;
3040 5617 3164 5655 nam
3187 5615 3311 5654 cum
3333 5597 3457 5668 plus
3470 5613 3636 5666 quam

2042 5712 2268 5756 necesse
2294 5707 2377 5754 est
2399 5712 2458 5753 se
2483 5695 2842 5753 exterioribus
2871 5693 3113 5765 implicat
3130 5733 3145 5760 ,
3170 5690 3327 5763 quasi
3365 5697 3635 5758 occupata
