3904 6184
268 293 377 383 sti
1171 321 1523 380 ()OMMBNT.
1569 322 1633 375 lN
1674 319 2287 377 ECCLESIASTICUM.
2332 353 2400 361 -
2440 322 2571 377 ue.
2612 324 2695 378 ιιι.

3462 333 3566 388 8-ίὲ

283 443 335 496 in
374 442 568 496 itinere
608 440 947 495 obliviscitur
970 455 1078 509 quo
1109 439 1393 501 tendebat,
1431 438 1504 492 ita
1540 445 1599 492 ut
1634 453 1661 490 a
1691 436 1870 491 studio
1901 439 1945 496 A
1976 436 2140 490 riunt.
2193 436 2332 502 Quid
2383 437 2528 492 enim
2581 436 2829 501 habeam,
2883 438 2979 508 qui
3026 438 3193 494 Deum
3248 446 3567 513 requirunt?

281 548 395 588 sua:
427 533 795 602 inquisitionis
831 532 1030 596 aliena,
1076 547 1143 585 ne
1172 532 1285 601 ipsa
1314 530 1530 600 quidem
1569 546 1689 600 qum
1732 529 1869 597 pati-

281 635 375 680 tur
420 624 615 679 damna
663 623 1003 678 consideret.
1064 629 1121 675 et
1185 636 1281 691 per
1334 628 1536 690 quanta
1591 619 1872 688 delinquat

279 719 514 790 ignoret.

356 829 375 862 ι
425 808 484 864 Si
523 811 666 864 enim
707 815 926 861 secutus
971 802 1173 865 fueris,
1216 820 1321 858 non
1364 801 1773 873 apprehendes;
1812 807 1867 853 et

284 920 305 953 ι
337 917 448 957 non
469 899 710 971 ell‘ugies,
728 897 770 952 si
793 897 1164 967 przecurreris.
1195 914 1213 947 ›
1238 893 1372 961 Quia
1393 909 1497 947 non
1528 900 1612 946 est
1642 892 1693 945 in
1716 900 1865 960 pote-

278 999 420 1047 state
451 987 765 1058 accipientis
796 985 889 1040 sed
920 983 1119 1038 dantis.
1150 982 1284 1036 Nam
1311 983 1354 1036 si
1383 996 1481 1052 per
1506 990 1699 1035 mstum
1734 995 1833 1032 ava
1852 1008 1866 1020 ο

278 1080 422 1135 vitia:
453 1078 707 1133 incitatus
735 1072 1042 1130 exardescit
1075 1073 1295 1127 divitias
1327 1084 1657 1143 aggregare,
1710 1084 1866 1123 veras

276 1170 499 1225 divitias
524 1183 629 1221 non
660 1165 1028 1236 apprehendet
1048 1205 1063 1227 ,
1105 1172 1161 1217 et
1185 1164 1228 1217 si
1263 1162 1383 1216 ﬁdei
1414 1162 1700 1216 devotione
1730 1176 1866 1230 prte-

276 1270 463 1314 currat
492 1259 752 1313 virtutum
794 1271 956 1325 opera
996 1269 1283 1319 exercere,
1321 1261 1714 1323 prosequentur
1739 1267 1863 1306 eum

275 1354 331 1407 in
359 1351 540 1406 futura
569 1349 1002 1405 remuneratione
1028 1362 1157 1418 opes
1188 1361 1453 1416 superum.
1484 1345 1643 1400 Juxta
1666 1345 1863 1415 allego-

275 1445 414 1498 riam
444 1451 621 1497 autem
646 1441 1026 1496 haereticorum
1056 1446 1209 1494 actus
1235 1439 1387 1493 multi
1414 1446 1560 1503 sunt,
1589 1438 1714 1507 quia
1744 1438 1864 1491 uni-

273 1543 442 1589 tatem
500 1533 622 1588 fidei
674 1540 725 1587 et
780 1531 1027 1586 veritatis
1070 1532 1337 1585 tramitem
1385 1545 1604 1585 servare
1650 1528 1857 1583 nolunt.

272 1625 433 1680 Unde
461 1633 607 1679 totus
643 1622 797 1677 labor
836 1637 1027 1677 eorum
1076 1638 1248 1678 vanus
1293 1632 1397 1686 est,
1431 1638 1589 1691 quem
1621 1621 1676 1675 in
1706 1622 1859 1690 copia

270 1714 561 1770 rhetoricae
586 1721 639 1769 et
675 1713 969 1768 dialectica:
1007 1713 1145 1768 artis
1170 1713 1451 1769 condendo
1485 1713 1668 1782 plures
1696 1713 1860 1767 libros

1975 524 2376 596 Subsequitur:
2416 546 2434 578 ι
2495 528 2837 597 lnquirentes
2881 537 3060 583 autem
3115 532 3401 588 Dominum
3451 553 3556 595 non

1973 620 2224 675 deﬁcient
2269 622 2417 674 omni
2469 622 2653 675 bono:
2697 641 2714 673 ι
2754 622 2879 692 quia
2925 623 3072 677 nullo
3117 625 3260 679 bono
3301 627 3562 686 deﬁciunt

1971 700 2060 782 qui
2086 714 2311 782 spiritali
2339 714 2718 783 perfruuntur;
2764 729 2887 768 nam
2916 730 3041 769 cum
3073 715 3345 785 diligimus
3376 721 3567 777 Domi-

1972 819 2133 868 num,
2160 804 2212 857 in
2241 804 2359 873 ipso
2390 805 2571 857 omnia
2604 805 2925 874 reperimus.
2960 805 3108 861 Unus
3139 816 3222 861 est
3246 811 3338 877 qui
3364 815 3565 880 qtneri-

1970 902 2076 957 tur,
2118 894 2210 947 sed
2240 895 2293 947 in
2323 909 2430 962 quo
2463 895 2646 949 omnia
2683 896 3047 951 continentur.
3087 896 3132 952 0
3158 898 3369 953 lucrum
3400 903 3563 957 mira-

1968 983 2104 1039 bile!
2150 984 2194 1039 Ο
2217 987 2597 1056 compendium
2630 987 2938 1056 singulare!
2964 989 3075 1045 Cur
3098 1006 3198 1046 nos
3227 1008 3324 1061 per
3343 994 3558 1051 diversa

1968 1075 2294 1146 fatigemus?
2335 1077 2401 1129 ad
2448 1078 2622 1147 ipsum
2667 1093 2797 1148 ergo
2841 1081 3172 1135 unanimiter
3217 1083 3559 1151 festinemus,

1965 1174 2089 1233 post
2128 1183 2288 1235 quem
2334 1177 2529 1222 cuncta
2574 1170 2716 1223 bona
2761 1171 2900 1225 ultra
2949 1188 3053 1225 non
3094 1176 3409 1243 qumrimus,
3463 1183 3559 1233 sed

1966 1264 2248 1323 tenemus,
2293 1260 2435 1313 sicut
2462 1261 2755 1330 Apostolus
2795 1264 2926 1319 dicit
2963 1284 2975 1319 :
3013 1286 3029 1316 ι
3063 1268 3274 1323 Scimus
3303 1274 3557 1340 quoniam

1963 1345 2312 1416 diligentibus
2362 1351 2528 1405 Deum
2585 1353 2764 1407 omnia
2827 1366 3190 1426 cooperantur
3251 1361 3304 1414 in
3360 1364 3560 1418 bonum

1965 1436 2141 1509 (Rom.
2174 1440 2316 1511 vm).
2365 1462 2384 1494 ι

2041 1547 2058 1579 ι
2104 1528 2251 1584 Bona
2282 1540 2334 1585 et
2376 1533 2517 1586 mala
2552 1534 2662 1588 vita
2687 1542 2741 1589 et
2772 1552 2948 1601 mors,
2988 1551 3281 1609 paupertas
3306 1552 3360 1596 et
3390 1545 3559 1599 hone-

1970 1637 1987 1669 ‹
2024 1623 2304 1676 stasaDeo
2318 1633 2462 1678 sunt.
2497 1645 2515 1677 ι
2537 1625 2826 1697 Legiturin
2849 1628 2988 1705 lsaia
3010 1631 3295 1687 Dominum
3323 1635 3556 1692 dixisse:

1969 1728 1986 1760 ‹
2024 1710 2136 1779 Ego
2178 1711 2468 1780 Dominus,
2499 1724 2554 1769 et
2584 1731 2689 1771 non
2728 1728 2811 1772 est
2843 1720 2982 1773 alter
3013 1721 3252 1779 formans
3284 1726 3458 1781 lucem
3501 1738 3557 1784 et

268 1806 613 1877 expendunt;
644 1820 744 1860 nec
783 1806 1052 1860 immunes
1081 1813 1206 1860 sunt
1241 1821 1270 1859 a
1317 1805 1535 1869 delicto,
1579 1805 1704 1873 quia
1746 1812 1856 1858 tota
1888 1788 1933 1845 Β
1960 1816 2155 1857 creans
2202 1806 2474 1870 tenebras,
2526 1807 2731 1863 faciens
2775 1824 2965 1879 pacem
3005 1822 3060 1868 et
3104 1829 3297 1871 crcans
3329 1820 3553 1874 malum.

268 1897 554 1953 meditatio
576 1911 763 1951 eorum
784 1904 868 1950 est
895 1896 948 1950 in
973 1895 1113 1950 dolo.
1141 1894 1279 1949 liinc
1300 1904 1354 1949 et
1384 1894 1741 1950 Ecclesiastes
1761 1910 1859 1949 nos

271 1992 565 2055 admonet,
600 1989 786 2043 dicens
830 2002 845 2042 :
888 2007 907 2040 ι
942 1988 1040 2043 Fili
1072 1988 1179 2054 mi,
1219 2003 1350 2042 eave
1376 2003 1442 2041 ne
1470 1987 1640 2043 facias
1663 1988 1860 2042 multos

268 2086 464 2150 libros,
489 2080 685 2153 quibus
706 2096 811 2137 non
837 2093 921 2136 est
964 2083 1089 2137 linis
1114 2124 1127 2145 ,
1164 2102 1181 2133 ι
1213 2090 1267 2137 et
1305 2070 1513 2151 reliqua
1539 2081 1869 2157 (Eccle.xn).

268 2175 439 2230 Moris
468 2184 553 2230 est
592 2174 994 2244 Scripturarum
1018 2213 1034 2239 ,
1065 2174 1312 2242 quamvis
1346 2173 1530 2243 plures
1570 2172 1766 2238 libros,
1811 2173 1857 2228 si

265 2268 412 2322 inter
438 2280 497 2321 se
535 2281 642 2321 non
683 2265 1036 2333 discrepent,
1078 2273 1132 2319 et
1160 2263 1227 2318 de
1253 2265 1444 2319 eadem
1489 2279 1547 2319 re
1591 2265 1853 2330 scribant,

264 2374 434 2413 unum
459 2357 711 2412 volumen
736 2356 939 2411 dicere.
970 2353 1104 2409 Nam
1132 2364 1187 2409 et
1211 2355 1459 2410 volumen
1487 2355 1542 2408 in
1564 2355 1718 2410 Isaia:
1740 2370 1857 2410 scr—

262 2464 427 2503 mone
454 2448 724 2519 signatum
762 2455 847 2501 est
876 2447 1052 2501 omnis
1077 2444 1362 2516 Scriptura
1391 2445 1517 2511 Dei;
1546 2454 1601 2500 et
1625 2462 1733 2500 uno
1760 2462 1853 2499 ca-

258 2536 438 2606 pitulo
464 2537 586 2591 libri
614 2536 865 2592 Ezechiel
888 2535 1220 2606 Joannisque
1242 2544 1555 2591 nectuntur.
1605 2535 1857 2591 Salvator

258 2644 481 2699 quoque
505 2628 745 2684 omnium
778 2637 925 2684 retro
949 2637 1263 2683 sanctorum
1305 2626 1531 2683 vocibus
1562 2630 1855 2697 propheta-

260 2727 355 2773 tus
383 2719 461 2772 ait
503 2737 516 2772 :
568 2737 587 2770 ‹
631 2720 689 2773 in
736 2719 914 2790 capite
958 2718 1081 2774 libri
1132 2719 1391 2788 scriptum
1436 2727 1519 2775 est
1556 2720 1623 2775 de
1670 2736 1776 2775 me.
1829 2740 1847 2771 ›

256 2808 424 2864 Juxta
451 2810 596 2865 hunc
624 2810 790 2881 igitur
825 2823 1043 2865 sensum
1083 2810 1317 2865 arbitror
1346 2826 1490 2865 nunc
1523 2820 1853 2881 praeceptum

259 2923 332 2962 ne
364 2907 546 2977 plures
574 2907 696 2962 libri
739 2906 889 2961 ﬁant.
920 2905 1189 2977 Quidquid
1243 2907 1387 2962 enim
1432 2907 1653 2974 dixeris,
1702 2907 1745 2963 si
1784 2906 1850 2962 ad

258 3015 388 3053 eum
430 2997 719 3065 referatur,
750 2998 841 3069 qui
886 2999 942 3053 in
1006 2998 1273 3068 principio
1323 3007 1441 3053 erat
1489 2998 1627 3068 apud
1680 2999 1848 3053 Deum

257 3090 406 3144 Deus
442 3086 700 3154 Verbum,
725 3105 893 3143 unum
917 3089 1166 3143 volumen
1197 3098 1300 3154 est,
1342 3098 1397 3143 et
1426 3088 1847 3144 innumerabiles

257 3180 421 3247 libri,
448 3196 554 3234 una
583 3180 667 3235 lex
694 3221 709 3245 ,
742 3196 907 3235 unum
945 3180 1318 3253 Evangelium.
1352 3182 1505 3248 Quod
1547 3183 1593 3238 si
1635 3183 1847 3238 diversa

256 3270 631 3341 discrepantia
678 3270 1059 3341 disputaveris,
1104 3279 1159 3327 et
1202 3273 1519 3327 curiositate
1549 3273 1715 3326 nimia
1743 3274 1849 3328 huc

255 3370 427 3429 atque
469 3359 596 3414 illuc
639 3360 876 3415 animum
917 3361 1237 3426 adduxeris,
1288 3362 1450 3416 etiam
1484 3362 1538 3417 in
1568 3379 1675 3418 uno
1710 3362 1850 3417 libro

256 3449 415 3504 multi
447 3449 570 3504 libri
623 3460 769 3505 sunt.
823 3449 975 3505 Unde
1018 3451 1220 3506 dictum
1246 3462 1331 3507 est
1374 3470 1387 3505 :
1425 3469 1443 3504 ε
1480 3451 1559 3506 Ex
1608 3453 1849 3507 multilo-

253 3541 389 3612 quio
418 3556 526 3596 non
555 3539 777 3614 effugies
810 3550 1089 3612 peccatum
1117 3540 1298 3614 (Prov.
1336 3540 1412 3615 χ).
1451 3563 1470 3595 ι
1511 3541 1731 3599 Talibus
1752 3545 1849 3615 igi-

255 3641 350 3685 tur
380 3631 536 3687 libris
561 3641 775 3687 nonest
802 3632 945 3687 ﬁnis.
979 3632 1184 3688 Bonum
1214 3634 1360 3688 enim
1401 3648 1562 3689 omne
1592 3643 1648 3690 et
1672 3635 1850 3689 omnis

254 3722 466 3777 veritas
493 3733 644 3777 certo
682 3723 787 3777 ﬁne
824 3722 1166 3777 concluditur
1196 3740 1210 3777 :
1243 3724 1450 3778 malitia
1490 3733 1653 3795 atque
1692 3741 1847 3780 men-

251 3815 475 3869 dacium
513 3816 631 3870 sine
666 3814 771 3870 ﬁne
800 3823 946 3879 sunt,
986 3823 1042 3870 et
1081 3823 1287 3884 quanto
1316 3815 1436 3885 plus
1474 3816 1847 3885 requiruntur,

250 3914 415 3961 tanto
441 3905 613 3977 major
639 3918 826 3961 eorum
857 3906 1025 3961 series
1052 3905 1318 3962 nascitur.

333 4014 355 4046 ι
395 3995 491 4049 Est
513 3996 673 4049 homo
704 3995 956 4050 laborans
974 4004 1028 4050 et
1054 3994 1318 4050 festinans
1342 4002 1397 4049 et
1420 3995 1606 4051 dolens
1631 3995 1847 4066 impios,

256 4108 276 4139 ι
317 4096 377 4142 et
409 4096 561 4141 tanto
600 4087 769 4156 magis
793 4102 898 4141 non
929 4087 1203 4153 abundat;
1247 4097 1330 4143 est
1359 4087 1523 4143 homo
1550 4088 1845 4153 marcidus,

257 4199 276 4231 ι
318 4193 488 4250 egens
533 4181 972 4249 recuperatione,
1023 4179 1143 4250 plus
1191 4179 1450 4236 deﬁciens
1503 4181 1739 4247 virtute,
1796 4190 1853 4237 et

256 4293 275 4322 ι
315 4270 604 4325 abundans
643 4279 957 4340 paupertate
989 4287 1002 4323 :
1033 4276 1089 4325 et
1127 4271 1316 4326 oculus
1356 4270 1567 4326 Domini
1609 4272 1851 4341 respexit

256 4382 276 4412 ι
320 4361 471 4415 illum
502 4361 556 4415 in
582 4362 756 4429 bono,
787 4371 842 4416 et
863 4362 1039 4417 erexit
1061 4360 1210 4416 illum
1233 4362 1300 4417 ab
1327 4362 1636 4417 humilitate
1655 4363 1848 4433 ipsius,

1962 1890 2075 1959 Ego
2106 1892 2371 1950 Dominus
2402 1896 2608 1953 faciens
2638 1901 2821 1954 omnia
2857 1902 2974 1957 lucc
3001 1902 3136 1974 (Isa.
3167 1906 3313 1974 XLv).
3352 1928 3370 1958 ι
3406 1908 3559 1965 Unde

1960 1982 2225 2048 qumritur
2254 1986 2525 2053 quomodo
2560 1987 2701 2041 bona
2730 2000 2785 2045 et
2811 1991 2951 2045 mala
2984 2008 3012 2045 a
3048 1995 3158 2049 Deo
3185 1997 3296 2050 sint
3321 2038 3335 2063 ,
3368 2007 3423 2053 et
3446 2000 3557 2053 vita

1959 2080 2013 2122 et
2046 2073 2226 2126 mors?
2255 2088 2375 2127 cum
2414 2074 2696 2146 Scriptura
2731 2080 2876 2134 dicat
2904 2098 2918 2133 :
2958 2100 2976 2133 ι
3017 2084 3161 2138 Vidit
3190 2086 3328 2141 Deus
3361 2097 3556 2144 cuncta

1958 2175 2078 2230 qua.
2102 2161 2258 2227 fecit,
2292 2173 2348 2218 et
2371 2174 2528 2219 erant
2557 2167 2711 2223 valde
2745 2168 2887 2223 bona
2915 2170 3066 2241 (Gen.
3110 2172 3171 2245 1).
3211 2194 3228 2225 ι
3278 2176 3347 2230 Ει
3376 2178 3500 2232 θιὶἓςὶ
3537 2196 3551 2231 :

1966 2273 1984 2305 ι
2026 2254 2168 2309 Deus
2201 2264 2436 2312 mortem
2468 2274 2576 2313 non
2607 2259 2755 2326 fecit,
2789 2277 2892 2317 nec
2920 2263 3136 2319 laetatur
3163 2267 3217 2320 in
3249 2269 3553 2337 perditione

1958 2348 2303 2403 morientium
2333 2348 2485 2420 (Sap.
2520 2351 2583 2422 ι).
2620 2351 2728 2408 Sed
2751 2356 2908 2424 juxta
2939 2360 3382 2427 consequentiam
3408 2363 3556 2431 prio-

1960 2453 2080 2493 rum
2109 2440 2197 2494 hie
2220 2440 2569 2512 intelligimus
2595 2444 2736 2498 bona
2762 2459 2861 2514 pro
2885 2450 3178 2515 prosperis.
3210 2459 3264 2503 et
3290 2452 3428 2505 mala
3452 2468 3552 2522 pro

1958 2532 2205 2587 adversis
2243 2535 2455 2602 posita;
2492 2536 2745 2591 similiter
2772 2538 2935 2591 vitam
2968 2539 3195 2594 salutem
3232 2552 3286 2596 et
3320 2553 3551 2598 mortem

1958 2624 2238 2679 interitum
2280 2627 2461 2681 carnis
2508 2628 2869 2698 signiﬁcasse.
2916 2631 3032 2686 Non
3069 2634 3213 2687 enim
3261 2635 3401 2690 Deus
3450 2637 3553 2691 alia

1956 2712 2214 2770 fecitnisi
2249 2717 2426 2783 bona;
2468 2719 2562 2771 sed
2604 2727 2779 2774 tamen
2806 2719 2951 2789 justo
2971 2723 3178 2792 judicio
3206 2740 3303 2779 suo
3326 2743 3553 2796 peccau-

1960 2808 2105 2863 tibus
2147 2809 2437 2877 provenire
2483 2813 2751 2880 permittit
2794 2815 3044 2869 adversa.
3081 2815 3236 2872 Facit
3273 2833 3403 2889 ergo
3441 2822 3554 2889 ipse

1959 2900 2101 2956 Deus
2130 2918 2217 2957 res
2253 2904 2395 2958 intra
2432 2920 2490 2957 se
2522 2907 2843 2970 contrarias,
2877 2908 3054 2963 lucem
3081 2919 3134 2963 et
3166 2913 3421 2967 tenebras
3446 2954 3459 2978 ,
3494 2915 3547 2967 id

1955 3002 2057 3058 est,
2113 2994 2253 3049 diem
2308 3003 2364 3049 et
2408 3004 2643 3061 noctem,
2694 3012 2883 3066 pacem
2923 3008 2977 3053 et
3024 3000 3246 3065 malum,
3295 3002 3396 3056 hoc
3441 3013 3545 3069 est,

1956 3085 2123 3140 otium
2152 3092 2209 3140 et
2234 3084 2453 3139 bellum.
2494 3084 2599 3139 Per
2625 3101 2745 3155 qua:
2772 3088 3043 3157 significat
3071 3090 3265 3144 iratum
3298 3108 3355 3146 se
3386 3092 3551 3147 fuisse

1877 3146 1922 3210 C
1958 3176 2154 3246 popqu
2198 3191 2315 3240 suo,
2359 3176 2576 3245 quando
2622 3146 2872 3232 tenebras
2910 3180 3259 3249 captivitatis,
3299 3182 3549 3252 malaque

1952 3266 2206 3321 sustinuit
2228 3266 2523 3331 servitutis,
2555 3275 2611 3320 et
2639 3283 2852 3322 rursum
2888 3268 3190 3334 miscrtum,
3216 3272 3434 3338 quando
3464 3287 3547 3327 re-

1951 3357 2100 3411 missi
2126 3357 2179 3411 in
2202 3356 2436 3427 patriam
2458 3372 2646 3427 pacem
2678 3365 2734 3412 et
2757 3358 3009 3428 gaudium
3035 3370 3371 3430 receperunt.
3401 3361 3546 3427 Quo-

1951 3449 2110 3503 modo
2136 3448 2241 3503 luei
2277 3449 2567 3503 contrariae
2600 3450 2836 3505 tenebrae
2867 3459 3012 3515 sunt,
3061 3451 3134 3505 ita
3173 3453 3290 3522 paci
3322 3460 3546 3508 contra-

1950 3539 2092 3593 rium
2122 3539 2451 3595 estbellum.
2484 3539 2638 3596 Unde
2672 3547 2725 3595 et
2751 3542 3102 3595 confunditur
3140 3542 3383 3606 hmresis,
3423 3558 3544 3611 qua:

1948 3632 2217 3688 malorum
2268 3632 2568 3687 arbitratur
2620 3632 2956 3687 conditorem
3001 3632 3170 3686 Deum
3222 3651 3235 3686 :
3293 3649 3416 3688 cum
3460 3634 3548 3688 hic

1952 3724 2153 3780 malum
2183 3740 2290 3780 non
2324 3724 2659 3781 contrarium
2688 3725 2851 3788 bono,
2875 3723 2969 3778 sed
2998 3739 3096 3794 pro
3121 3723 3409 3780 afﬂictione
3438 3740 3536 3794 po-

1953 3826 2115 3873 natur
2152 3826 2206 3872 et
2250 3816 2412 3882 bello,
2464 3818 2760 3872 secundum
2810 3816 2942 3870 illud
2970 3817 3113 3886 quod
3154 3816 3208 3870 in
3251 3816 3544 3888 Evangeiio

1951 3908 2212 3979 scriptum
2236 3914 2350 3962 est:
2378 3925 2396 3958 ι
2427 3906 2637 3961 Sufﬁcit
2662 3907 2767 3962 dici
2791 3905 2996 3961 malitia
3025 3922 3122 3962 sua
3141 3907 3356 3978 (Metili.
3388 3909 3482 3979 vi),
3520 3928 3540 3960 ι

1951 3998 2046 4056 sed
2094 4013 2219 4055 cum
2266 3997 2384 4052 lucc
2434 3997 2509 4052 ita
2561 4012 2620 4053 se
2654 3998 2921 4063 habeant,
2964 3997 3243 4053 videamus
3289 3999 3418 4068 quid
3463 4016 3549 4055 se-

1952 4087 2154 4158 quitur.
2904 4086 2911 4091 “

2027 4197 2046 4231 ι
2084 4178 2269 4245 Datio,
2297 4178 2495 4251 inquit,
2528 4179 2623 4233 Dei
2649 4187 2933 4248 permanet
2960 4177 3153 4246 justis,
3181 4189 3234 4234 et
3266 4179 3542 4249 profectus

1959 4289 1978 4322 ι
2015 4270 2158 4326 illius
2188 4285 2473 4326 successus
2512 4270 2739 4326 habebit
2766 4271 2820 4324 iu
2851 4278 3137 4325 aeternum.
3182 4289 3200 4322 ι
3236 4270 3377 4325 Solis
3409 4285 3541 4341 ergo

1946 4361 2129 4431 justis,
2161 4362 2266 4417 hoc
2290 4370 2394 4427 est,
2430 4360 2682 4416 ﬁdelibus
2714 4370 2769 4417 et
2799 4361 2970 4415 Deum
2998 4360 3317 4416 timentibus
3342 4361 3542 4416 donum

254 4471 275 4503 ι
316 4459 377 4506 et
398 4450 657 4506 exaltavit
682 4459 843 4522 caput
868 4451 1006 4523 ejus,
1030 4458 1085 4507 et
1111 4451 1294 4506 mirati
1318 4461 1444 4507 sunt
1468 4452 1522 4506 in
1554 4453 1643 4510 illo
1668 4454 1847 4521 multi,
1876 4495 1928 4555 Β
1954 4460 2227 4523 perpetua:
2276 4451 2412 4507 lueis
2457 4460 2736 4519 servatur,
2789 4456 2844 4507 et
2892 4451 2949 4505 in
2994 4449 3241 4523 profectu
3281 4451 3541 4506 virtutum

256 4566 275 4596 σ
318 4554 374 4599 et
405 4545 810 4600 honoraverunt
835 4545 1141 4599 Dominum.
1177 4564 1195 4596 ι
1230 4543 1336 4599 iste
1362 4544 1513 4601 locus
1541 4544 1848 4601 Christiana

247 4638 433 4710 magis
469 4637 725 4707 exprimit
756 4647 1031 4709 tempora,
1065 4637 1119 4691 in
1158 4636 1354 4707 quibus
1389 4636 1465 4691 illi
1502 4638 1593 4707 qui
1626 4654 1851 4708 pauper-

247 4738 426 4784 tatem
456 4727 814 4783 voluntariam
840 4736 1136 4794 sectantur,
1166 4727 1339 4798 magis
1362 4728 1639 4783 abundant
1668 4728 1845 4783 omni-

242 4821 357 4874 bus
385 4818 563 4880 bonis,
592 4832 751 4889 quam
786 4818 859 4873 illi
894 4819 983 4887 qui
1014 4828 1227 4873 certant
1257 4819 1309 4873 in
1341 4819 1685 4888 acquirendis
1714 4834 1846 4890 quo-

244 4910 386 4964 tidie
420 4910 651 4965 terrenis
675 4911 898 4965 divitiis.
928 4910 1083 4978 Quod
1108 4919 1160 4965 et
1187 4909 1475 4967 Psalmista
1508 4912 1562 4966 in
1587 4929 1693 4967 uno
1722 4928 1846 4967 ver-

240 5002 428 5059 siculo
453 5002 695 5058 breviter
718 5004 1005 5074 expressit,
1043 5004 1225 5059 dicens
1255 5023 1266 5058 :
1306 5024 1323 5055 ‹
1357 5003 1561 5060 Divites
1585 5017 1851 5075 eguerunt

238 5103 305 5149 et
326 5094 658 5157 esurierunt,
689 5093 1023 5165 inquirentcs
1051 5104 1228 5150 autem
1253 5095 1541 5150 Dominum
1576 5111 1682 5149 non
1716 5095 1846 5151 deﬁ-

1956 4544 2297 4600 ambulantes
2338 4543 2623 4613 multiplici
2666 4543 2919 4599 mercede
2954 4543 3009 4598 in
3053 4552 3321 4598 aeternum
3362 4557 3545 4597 remu-

1956 4646 2240 4691 iterantur.

2033 4747 2050 4778 ι
2087 4727 2180 4782 Est
2215 4726 2307 4797 qui
2334 4726 2694 4796 locupletatur
2719 4740 2884 4797 parce
2914 4725 3153 4796 agendo,
3183 4734 3238 4779 et
3271 4725 3388 4779 haec
3415 4739 3540 4794 pars

1961 4841 1977 4872 ‹
2015 4820 2282 4875 mercedis
2324 4818 2469 4873 illius
2509 4819 2563 4872 in
2609 4833 2676 4873 eo
2707 4816 2850 4887 quod
2878 4818 3044 4881 dicit,
3083 4816 3265 4871 Inveni
3295 4815 3538 4884 requiem

1960 4930 1978 4961 ‹
2016 4910 2146 4964 mihi
2173 4926 2187 4976 ;
2221 4917 2275 4962 et
2305 4925 2447 4963 nunc
2477 4907 2815 4963 mandueabo
2841 4909 2907 4963 de
2934 4906 3089 4962 bonis
3111 4908 3247 4961 meis
3268 4906 3433 4960 solus.
3472 4907 3539 4960 lit

1959 5018 1976 5049 ‹
2015 4999 2189 5054 nescit
2220 4999 2362 5068 quod
2387 5008 2597 5067 tempus
2629 5008 2937 5067 praetereat,
2978 5008 3032 5051 et
3064 5013 3211 5051 mors
3243 5000 3537 5068 appropin-

1958 5111 1974 5141 ι
2009 5099 2157 5159 quet,
2189 5098 2245 5143 et
2276 5089 2543 5159 relinquat
2562 5090 2744 5145 omnia
2771 5089 2909 5144 aliis.
2952 5109 2970 5142 ι
3006 5090 3103 5144 llis
3128 5089 3325 5143 similia
3350 5088 3537 5144 Salva-

238 5185 400 5238 cient
443 5183 590 5238 omni
623 5164 771 5240 bono
808 5184 981 5256 (Psal.
1027 5184 1243 5257 χχχιιι).
1299 5205 1317 5238 ι
1354 5185 1641 5239 Terrarum
1674 5185 1845 5254 siqni-
1866 5164 1920 5221 Ἦ
1954 5193 2036 5236 tor
2068 5182 2118 5235 in
2153 5181 2472 5253 Evangeliea
2506 5182 2764 5252 parabola
2789 5182 2856 5237 de
2884 5181 3050 5236 divite
3075 5184 3348 5248 narravit,
3386 5182 3538 5249 αξξυς»

239 5277 375 5331 dem
418 5273 636 5339 divites,
673 5282 727 5329 et
755 5290 1019 5346 pauperes
1051 5275 1277 5342 Christi,
1323 5277 1607 5347 magniﬁca
1636 5288 1848 5332 contra-

236 5369 450 5424 rie:ate
497 5367 765 5421 distinxit.
806 5368 892 5422 Ait
940 5370 1083 5423 enim
1119 5388 1129 5423 :
1168 5390 1185 5420 ι
1244 5368 1446 5424 Divites
1487 5378 1751 5441 eguerunt
1790 5379 1839 5425 et

233 5459 583 5516 csuricrunt.
642 5480 659 5511 ι
698 5459 921 5527 Quando
970 5469 1131 5532 egent
1173 5460 1406 5516 divites?
1443 5462 1659 5531 quando
1683 5461 1842 5516 ﬁdem

233 5568 357 5607 non
396 5551 600 5605 habent
626 5561 852 5605 rectam.
887 5553 1113 5618 Quando
1140 5553 1421 5607 esuriunt?
1448 5552 1663 5621 quando
1687 5562 1845 5623 pastu

231 5640 499 5710 corporis
528 5639 792 5694 Dominici
824 5642 1043 5696 minime
1083 5643 1372 5697 satiantur.
1413 5642 1570 5697 Tales
1596 5657 1724 5713 ergo
1756 5643 1841 5696 di-

230 5734 387 5788 vites
418 5738 601 5803 egent,
641 5740 695 5785 et
731 5732 959 5787 saturati
990 5741 1209 5799 ventre,
1242 5734 1433 5805 Spiritu
1466 5748 1679 5805 semper
1714 5748 1839 5789 esu-
1890 5801 1895 5804 4

499 5822 773 5883 Ρηιιοι..
820 5823 987 5885 CIX.

1952 5288 2081 5345 ager
2108 5275 2302 5331 uberes
2325 5274 2532 5331 fructus
2577 5275 2822 5345 protulit,
2865 5284 2919 5329 ct
2948 5275 3084 5330 dixit
3111 5285 3367 5345 reputans
3393 5276 3535 5342 apud

1949 5383 2044 5422 se:
2079 5386 2096 5417 ι
2144 5367 2428 5421 Destruam
2462 5366 2659 5421 horrea
2690 5381 2816 5421 mea
2843 5408 2855 5431 ,
2894 5377 2949 5421 et
2987 5366 3183 5421 faciam
3216 5381 3277 5420 ea
3311 5363 3530 5430 niajora,

1948 5467 2004 5511 ct
2030 5457 2205 5512 dicam
2245 5458 2438 5512 animm
2469 5473 2603 5512 mem
2636 5479 2646 5509 :
2678 5456 2871 5511 Anima
2895 5498 2908 5521 ,
2958 5458 3181 5511 comede
3226 5465 3278 5509 ct
3325 5455 3447 5507 bite
3479 5465 3534 5506 ct

1946 5551 2150 5614 luctare,
2184 5550 2352 5603 babes
2384 5549 2551 5602 multa
2582 5550 2721 5604 bona
2766 5550 2938 5618 posita
2977 5549 3029 5602 in
3057 5562 3229 5601 annos
3270 5545 3529 5614 plurimos

1948 5643 2097 5715 (Luc.
2134 5643 2254 5713 xu).
2296 5661 2313 5693 υ
2343 5642 2439 5720 Qui
2472 5642 2598 5695 talia
2631 5641 2890 5711 cogitanti
2919 5638 3197 5709 respondit
3219 5638 3479 5693 Dominus
3506 5651 3520 5690 :

1952 5753 1968 5784 ι
2006 5732 2200 5799 Stulte,
2234 5733 2335 5786 hac
2363 5740 2519 5788 nocte
2545 5732 2780 5786 animam
2817 5739 2960 5784 tuam
2988 5735 3544 5797 repetentate,etutute

3016 5822 3091 5879 Ξῖ
