3928 6182
372 338 478 395 8ιό3

1027 329 1086 382 Β.
1129 324 1381 380 RABANI
1422 323 1641 379 MAURI
1682 318 2000 375 ARCIIIEP.
2046 311 2356 370 MOGUNT.
2399 306 2685 365 OPERUM
2723 302 2902 360 PARS
2937 302 2975 356 l.

3543 295 3645 349 SM

376 464 554 506 autem
584 447 809 519 parasti,
840 444 994 514 cujus
1012 441 1204 496 erunt?
1240 460 1258 492 ο
1288 440 1363 494 De
1394 453 1502 508 quo
1531 444 1587 491 et
1608 434 1958 490 Ecclesiastes
1988 433 2033 493 Α
2065 426 2197 497 xvi).
2235 445 2253 476 ι
2283 422 2435 491 Quod
2454 428 2632 474 autem
2654 416 2786 471 dicit
2817 433 2828 466 :
2867 433 2885 464 ι
2923 409 3121 465 Malitia
3146 407 3296 463 hora:
3322 402 3650 459 oblivionem

2074 516 2089 519 ⁸
2156 517 2164 519 ⁴
2223 515 2235 519 “
2387 513 2397 519 ‘
2911 503 2986 519 "-'
3064 517 3074 519 Α
3107 499 3253 519 -Αηει
3288 511 3383 519 -ι-Α
3420 495 3625 519 ...μαι-Αἰ

377 546 637 617 loquitur,
669 542 853 595 dicens
886 557 899 592 :
937 557 957 588 α
998 536 1093 589 Est
1120 534 1349 604 languor
1372 530 1640 601 pessimus
1662 542 1823 597 quem
1850 523 1958 578 vidi

382 638 483 693 sub
513 636 645 692 sole.
673 630 889 687 divitias
904 627 1163 683 custodiri
1188 627 1241 680 in
1267 623 1465 679 malum
1496 617 1818 692 possidentis
1845 632 1958 679 eas,

381 735 437 783 ct
475 725 725 795 peribunt
765 721 962 776 divitim
993 719 1093 773 illa:
1131 719 1182 772 in
1224 714 1551 770 distentione
1578 710 1834 780 pessima,
1868 708 1964 761 ho-

380 832 578 885 nmque
600 823 890 870 extraneus
915 812 1124 866 vorabit
1148 810 1266 863 illas
1294 805 1582 879 (Eccle.v).
1608 823 1624 853 ο
1656 799 1961 856 Secundum

383 909 681 981 simplicem
738 921 953 961 sensum
1004 903 1224 958 divitem
1273 913 1499 953 avarum
1549 892 1827 955 describit,
1873 890 1965 959 qui

384 999 700 1055 stultissima
740 1014 798 1053 se
834 996 1099 1067 parcitate
1143 991 1439 1049 cruciando
1477 989 1598 1043 aliis
1630 984 1970 1040 devorandas

384 1099 670 1148 conservat
710 1090 944 1145 divitias.
985 1087 1254 1143 Caeterum
1280 1092 1341 1139 ut
1371 1082 1534 1137 altius
1567 1080 1862 1142 elevcmur,
1903 1077 1970 1130 de

381 1182 717 1255 philosophis
760 1181 893 1235 mihi
936 1179 1152 1232 videtur
1195 1184 1252 1231 et
1301 1172 1572 1229 ltzcretieis
1621 1170 1825 1229 dicere,
1878 1165 1969 1234 qui

384 1280 721 1346 congregant
754 1271 971 1327 divitias
1004 1270 1313 1339 dogmatum
1342 1266 1396 1319 in
1434 1261 1636 1318 malum
1661 1273 1838 1323 suum,
1874 1271 1972 1310 nec

387 1373 693 1435 repertores
718 1363 1003 1417 utilitatem
1030 1366 1256 1431 possunt
1282 1357 1518 1427 aliquam
1552 1350 1842 1420 consequi,
1873 1364 1973 1403 nec

388 1456 749 1512 sectatoribus
769 1455 880 1510 suis
906 1454 1140 1508 fructum
1165 1451 1471 1520 relinquere
1494 1455 1814 1519 perpetuum
1841 1460 1855 1509 ;
1881 1443 1974 1497 sed

389 1548 489 1616 ipsi
536 1556 590 1601 et
640 1544 888 1616 discipuli
928 1560 1116 1600 eorum
1166 1550 1510 1598 revertuntur
1552 1539 1608 1593 in
1652 1545 1875 1597 terram,
1922 1543 1977 1588 et

390 1637 621 1707 perdunt
667 1636 888 1691 divitias
925 1650 1072 1689 suas.
1110 1633 1288 1688 llomo
1317 1638 1495 1686 autem
1532 1626 1933 1685 ecclesiasticus
1958 1665 1972 1689 ,

390 1728 485 1798 qui
521 1728 574 1782 in
613 1725 913 1796 Scripturis
940 1724 1253 1781 ccelcstibus
1274 1737 1491 1777 omnem
1520 1720 1761 1773 laborem
1788 1716 1972 1776 habet,

392 1817 654 1889 quidquid
684 1818 740 1872 in
771 1817 1053 1888 sapientia:
1091 1814 1434 1887 dogmatibus
1476 1810 1762 1875 invenerit,
1806 1814 1974 1862 totum
2005 1799 2050 1857 B

394 1910 460 1964 ad
498 1926 653 1965 usum
688 1910 814 1965 boni
858 1909 1038 1979 operis
1075 1914 1390 1963 convertere
1420 1902 1635 1973 satagit.
1677 1900 1825 1956 Unde
1865 1913 1974 1953 cce-

393 2000 582 2056 lestcm
627 2001 794 2055 vitam
843 1999 896 2053 in
944 1998 1381 2054 remuneratione
1421 1994 1600 2066 futura
1637 1989 1973 2061 possidebit:

394 2094 519 2149 hinc
539 2103 594 2148 et
620 2100 1017 2161 consequenter
1043 2090 1311 2161 sequitur.

474 2204 491 2236 ι
531 2184 628 2240 Sta
658 2185 713 2238 in
750 2191 1076 2239 testamento
1116 2192 1231 2247 tuo,
1268 2191 1323 2235 et
1359 2180 1410 2233 in
1451 2179 1543 2233 illo
1567 2177 1898 2246 colloquere,
1925 2180 1981 2227 et

402 2298 418 2329 ι
457 2278 508 2332 in
541 2292 705 2347 opere
736 2276 1116 2331 mandatorum
1146 2281 1361 2328 tuorum
1393 2277 1691 2326 veterasce.
1726 2266 1803 2321 Ne
1827 2280 1979 2319 man-

402 2391 420 2422 ι
455 2371 592 2426 seris
630 2371 685 2426 in
714 2370 969 2441 operibus
999 2370 1370 2439 peceatorum,
1404 2364 1509 2419 ﬁde
1539 2371 1720 2416 autem
1759 2360 1811 2413 in
1845 2357 1979 2419 Deo,

404 2482 423 2514 ι
456 2474 510 2519 et
539 2479 699 2519 mane
729 2464 783 2518 in
820 2463 938 2518 loco
963 2470 1054 2516 tuo
1087 2479 1099 2514 :
1134 2458 1292 2513 facile
1312 2465 1397 2512 est
1422 2456 1567 2512 enim
1597 2454 1651 2508 in
1685 2452 1857 2523 oculis
1888 2451 1979 2505 Dei

406 2576 423 2606 ι
459 2556 638 2612 subito
663 2553 942 2610 honestari
964 2566 1283 2623 pauperem.
1310 2548 1622 2604 Benedictio
1648 2546 1742 2600 Dei
1765 2546 1818 2599 in
1847 2559 1985 2597 mer-

407 2672 425 2700 ι
457 2648 646 2705 cedem
668 2646 805 2716 justi
835 2644 1078 2709 festinat,
1116 2652 1171 2697 et
1199 2642 1254 2696 in
1280 2643 1487 2696 honore
1509 2638 1679 2693 veloci
1699 2651 1985 2707 processus

407 2761 425 2791 ι
463 2739 604 2794 illius
631 2736 941 2793 fruetiﬁcat.
986 2756 1008 2789 ι
1050 2734 1172 2791 Stat
1196 2734 1255 2790 in
1297 2739 1622 2789 testamento
1664 2744 1793 2793 suo,
1842 2738 1897 2782 et
1931 2728 1983 2781 in

402 2830 495 2895 illo
521 2827 865 2898 colloquitur,
911 2827 1000 2897 qui
1035 2826 1088 2880 in
1117 2831 1388 2895 praecepto
1419 2821 1681 2878 divinitus
1707 2818 1810 2873 sibi
1840 2833 1988 2872 com-

405 2920 657 2977 mendato
699 2917 935 2974 ﬁdeliter
958 2924 1176 2982 manet,
1211 2922 1267 2970 et
1308 2915 1362 2969 in
1388 2913 1481 2969 illo
1510 2911 1726 2967 assidue
1757 2909 1987 2963 medita-

406 3022 511 3067 tur.
557 3011 615 3066 ln
656 3026 822 3081 opere
859 3009 1237 3065 mandatorum
1279 3005 1376 3061 Dei
1415 3002 1745 3066 veterascit,
1795 3002 1884 3070 qui
1934 2999 1987 3053 in

404 3103 562 3159 bonis
590 3103 844 3174 operibus
877 3114 1049 3170 usque
1085 3098 1154 3153 ad
1190 3097 1351 3152 ﬁnem
1395 3108 1746 3164 perseverare
1787 3091 1988 3153 studet,

406 3205 463 3250 et
492 3210 524 3249 a
562 3191 800 3263 peccatis
821 3189 1076 3246 omnibus
1104 3196 1366 3258 quantum
1394 3183 1651 3256 possibile
1679 3190 1764 3237 est
1796 3189 1988 3245 cavet;

409 3285 502 3356 qui
544 3284 689 3338 enim
719 3281 824 3336 ﬁde
845 3285 983 3345 stat,
1008 3276 1227 3346 etjuste
1249 3276 1433 3329 vivere
1462 3281 1654 3349 certat,
1690 3271 1995 3327 benedictio

380 3368 523 3431 “Dei
546 3363 602 3429 in
630 3381 835 3428 acterna
868 3368 1202 3425 beatitudine
1240 3366 1392 3421 illum
1416 3363 1809 3426 remunerahit,
1838 3370 1893 3415 et
1913 3376 1996 3415 re—

412 3466 617 3536 pletum
656 3464 835 3518 fructu
876 3462 1134 3515 virtutum
1167 3459 1224 3513 in
1269 3471 1506 3527 superna
1535 3470 1661 3511 arce
1690 3452 1995 3508 collocabit.

491 3579 510 3610 ι
562 3558 641 3614 Ne
690 3556 840 3614 dicas
871 3574 884 3609 :
915 3552 1054 3622 Quid
1079 3560 1164 3609 est
1205 3550 1339 3607 mihi
1384 3564 1542 3620 opus,
1594 3557 1646 3602 et
1687 3562 1808 3617 qua)
1844 3552 2003 3601 erunt

421 3671 440 3703 ι
478 3651 608 3707 mihi
634 3664 700 3706 ex
727 3650 832 3704 hoc
856 3645 1035 3703 bona?
1052 3659 1155 3700 nec
1175 3643 1325 3700 dicas
1349 3658 1363 3697 :
1388 3639 1674 3696 Sufﬁciens
1703 3638 1835 3692 mihi
1860 3651 1998 3702 sum,

422 3763 440 3793 ι
475 3752 532 3799 et
563 3743 656 3812 qui
734 3755 803 3796 ex
837 3739 944 3794 hoc
984 3734 1363 3807 pessimabor?
1403 3752 1423 3786 ι
1460 3729 1847 3801 Arrogantium
1891 3728 2006 3782 haec

415 3852 522 3893 vox
549 3842 652 3901 est,
678 3832 772 3904 qui
831 3829 996 3887 stulte
1025 3825 1305 3884 conﬁdunt
1332 3825 1388 3879 in
1413 3821 1657 3894 potentia
1688 3830 1925 3881 terrena,
1954 3823 2009 3870 et

420 3929 474 3983 in
498 3924 702 3982 divitiis
727 3920 949 3978 caducis
978 3926 1142 3988 atque
1163 3912 1530 3985 voluptatibus
1561 3908 1781 3973 saeculi,
1813 3905 2010 3976 quibus

423 4018 557 4074 nihil
575 4016 797 4087 prodest
821 4014 940 4069 haec
960 4008 1177 4073 ﬁducia,
1204 4006 1329 4077 quia
1352 4002 1623 4059 instabilis
1639 4009 1693 4057 et
1715 3998 2011 4053 transitura

422 4127 611 4168 eorum
638 4121 722 4167 est
742 4106 1068 4166 substantia.
1102 4102 1258 4159 Unde
1287 4095 1650 4167 subjungitur.

1052 4210 1282 4270 CAPUT
1321 4208 1386 4264 γ.

428 4318 493 4373 In
527 4317 707 4371 diebus
737 4313 904 4377 bonis,
937 4326 1042 4364 non
1065 4302 1528 4377 obliviscidierugn
1558 4295 1849 4355 malorum,
1881 4301 1929 4344 et
1960 4291 2016 4343 in

699 4369 1060 4439 diebus'malis
1087 4393 1193 4432 non
1214 4372 1445 4429 oblivisci
1471 4369 1746 4423 bonorum.

506 4500 524 4532 ι
563 4479 621 4533 In
652 4476 739 4531 die
758 4474 1025 4529 bonorum
1058 4482 1127 4524 ne
1154 4465 1442 4520 immemor
1469 4458 1546 4515 sis
1574 4455 1861 4518 malorum,
1889 4461 1943 4504 et
1964 4466 2019 4504 ιιι

437 4592 453 4622 ι
504 4570 589 4626 die
621 4565 886 4622 malorum
927 4574 996 4615 ne
1026 4559 1315 4612 immemor
1341 4551 1419 4607 sis
1446 4550 1735 4609 bonorum,
1758 4541 2014 4612 quoniam
2040 4532 2093 4592 D
2118 4525 2483 4601 perspicacior

438 4679 454 4710 ι
502 4656 657 4713 facile
684 4662 768 4711 est
802 4664 986 4708 coram
1010 4646 1123 4701 Deo
1150 4646 1204 4699 in
1233 4642 1322 4697 die
1356 4639 1537 4695 obitus
1572 4633 1873 4691 retribuere
1896 4630 2015 4684 uni-

440 4772 457 4804 ι
502 4751 698 4822 cuique
730 4741 1029 4802 secundum
1061 4737 1178 4792 vias
1206 4747 1352 4789 suas.
1383 4728 1585 4785 Malitla
1621 4726 1771 4780 horae
1794 4720 2017 4778 oblivio—

440 4865 459 4896 ι
506 4856 631 4897 nem
667 4837 801 4894 facit
836 4831 1061 4889 luxuria:
1098 4839 1328 4899 magna},
1361 4830 1416 4878 et
1456 4820 1512 4875 in
1536 4818 1643 4872 ﬁne
1666 4812 1902 4871 hominis
1929 4811 2019 4865 de-

441 4956 461 4985 ι
507 4930 727 4987 nudatio
752 4939 978 4997 operum
1005 4920 1169 4977 illius.
1205 4937 1225 4970 ι
1269 4914 1495 4984 Semper
1524 4909 1685 4967 debet
1705 4907 1869 4961 homo
1899 4915 2019 4955 esse

439 5029 722 5093 suspectus
742 5026 799 5073 et
824 5015 1086 5072 sollicitus
1109 5012 1177 5067 de
1203 5017 1346 5065 statu
1375 5005 1564 5069 salutis
1592 5016 1722 5071 suae,
1748 5007 1803 5054 et
1830 4998 2020 5051 timore

442 5113 537 5169 Dei
572 5108 931 5179 comprimere
973 5113 1240 5158 tumorem
1285 5098 1505 5161 mentis,
1551 5109 1617 5148 ne
1658 5092 1711 5146 in
1746 5088 2022 5159 prosperis

442 5208 711 5268 elevatur;
754 5209 810 5255 et
843 5212 938 5268 spe
976 5190 1361 5251 misericordiae
1387 5188 1483 5242 Dei
1516 5182 1817 5254 angustiam
1858 5176 2018 5230 animi

443 5300 526 5357 sui
559 5267 883 5355 sublevare,
907 5302 976 5343 ne
1005 5287 1058 5340 in
1096 5281 1437 5338 tribulatione
1474 5276 1687 5332 deﬁciat
1721 5289 1733 5324 :
1767 5267 2024 5339 quoniam

445 5389 600 5448 facile
630 5392 712 5441 est
736 5380 876 5453 apud
902 5378 1072 5432 Deum
1104 5371 1358 5429 humilem
1389 5367 1626 5423 exaltare
1653 5371 1705 5419 et
1739 5360 2027 5431 superbum

444 5479 749 5539 lzutniliarc.
788 5473 842 5528 lu
874 5469 981 5524 line
1006 5466 1149 5521 enim
1180 5460 1414 5517 hominis
1443 5467 1569 5512 tunc
1599 5450 2031 5508 manifestabitur

447 5576 592 5651 quali
640 5576 821 5626 mente
856 5574 981 5634 quts
1027 5559 1116 5614 hic
1156 5553 1370 5619 vixerit,
1413 5560 1468 5605 et
1505 5548 1657 5619 cujus
1697 5547 1766 5602 sit
1796 5542 1971 5598 meriti
2022 5556 2034 5589 :

450 5633 574 5739 quia
605 5686 623 5716 ι
644 5660 812 5717 Filius
829 5633 1066 5713 hominis
1084 5655 1344 5703 venturus
1365 5651 1447 5697 est
1468 5642 1520 5696 in
1544 5638 1711 5709 gloria
1735 5634 1909 5689 Patris
1932 5633 2040 5689 sui,

454 5727 511 5817 et
525 5770 652 5815 tunc
672 5753 860 5811 reddet
873 5744 1159 5814 unicuique
1175 5738 1469 5798 secundum
1491 5748 1654 5801 opera
1677 5731 1793 5797 eius
1818 5730 1834 5783 ί
1843 5727 2035 5782 Matth.

2065 516 2195 571 facit
2223 513 2449 568 luxuria:
2477 525 2686 579 magna:
2716 521 2730 560 :
2770 527 2789 559 ι
2818 503 3080 560 malitiam
3107 499 3262 569 ponit
3288 511 3387 567 pro
3420 495 3653 549 adversi—

2066 615 2175 660 tate
2199 614 2253 659 et
2281 600 2644 661 tribulatione,
2671 612 2793 667 qua:
2819 593 3003 649 subito
3026 591 3249 646 veniens
3273 595 3448 642 totum
3473 585 3655 640 luxum

2065 696 2324 768 praeteriti
2358 692 2615 763 temporis
2643 687 2909 752 dissolvit,
2939 693 2998 739 ut
3028 691 3112 738 est
3134 682 3264 737 illud
3284 676 3436 734 verbi
3461 678 3655 748 gratia,

2067 811 2188 848 cum
2215 790 2381 846 febris
2412 785 2609 849 valida,
2640 783 2727 837 vel
2755 789 3048 853 paupertas
3081 775 3304 848 grandis
3325 771 3629 842 arripuerit

2067 884 2339 938 hominem
2362 921 2377 945 ,
2406 893 2567 933 omne
2602 884 2814 943 tempus
2847 870 2990 941 quod
3025 868 3080 921 in
3107 866 3340 923 sanitate
3369 872 3427 916 et
3454 861 3661 916 deliciis

2070 985 2225 1032 antea
2285 971 2657 1033 consumebat,
2710 968 2764 1020 in
2812 964 3137 1020 oblivionem
3195 958 3382 1022 tradit,
3444 965 3503 1009 et
3550 954 3661 1008 sola

2070 1063 2291 1117 miseria
2318 1059 2400 1116 vel
2422 1056 2683 1128 aegritudo
2702 1058 3024 1121 occupatum
3056 1047 3205 1101 illum
3234 1052 3402 1109 tenet,
3434 1038 3661 1109 necjam

2072 1154 2218 1207 aliud
2242 1152 2483 1222 cogitare
2510 1145 2809 1217 permittit;
2845 1140 2930 1195 vel
2961 1139 3005 1193 si
3040 1136 3330 1204 aliquando
3370 1133 3419 1187 ei
3458 1132 3511 1184 in
3538 1147 3663 1184 cru-

2071 1246 2214 1299 ciatu
2251 1240 2547 1296 constituto
2585 1234 2839 1305 quiddam
2864 1229 3109 1301 pristinie
3146 1224 3424 1281 felicitatis
3450 1224 3506 1277 in
3551 1238 3663 1276 me-

2052 1335 2301 1391 moriam
2324 1331 2556 1395 venerit,
2583 1338 2926 1396 nequaquam
2949 1319 3025 1375 illi
3047 1317 3391 1390 refrigerium
3415 1321 3664 1383 pra-stat,

2074 1428 2169 1485 sed
2192 1437 2411 1495 pmnam
2439 1416 2764 1475 accumulat.

2151 1538 2169 1571 ι
2215 1518 2356 1572 Ante
2383 1521 2612 1569 mortem
2644 1525 2750 1563 non
2779 1506 2966 1560 laudes
2989 1501 3266 1558 hominem
3298 1510 3630 1567 quemquam
3650 1535 3665 1555 ,

2081 1629 2099 1662 ι
2143 1607 2399 1679 quoniam
2448 1603 2502 1657 in
2550 1600 2675 1654 filiis
2723 1597 2836 1652 suis
2883 1591 3196 1664 agnoscitur
3249 1590 3355 1642 vir.
3419 1608 3438 1639 ι
3498 1585 3671 1640 Nimis

2076 1697 2369 1755 absurdum
2395 1701 2479 1749 est
2507 1690 2732 1746 militem
2757 1687 2943 1741 adhuc
2973 1684 3028 1737 in
3050 1695 3223 1753 agone
3255 1679 3671 1739 consistentem,

2080 1788 2233 1859 quasi
2256 1785 2371 1855 jam
2395 1784 2657 1838 victorem
2680 1778 2922 1840 laudare,
2952 1790 3076 1829 cum
3108 1772 3374 1826 incertum
3400 1768 3472 1823 sit
3494 1776 3673 1822 utrmn

2076 1882 2286 1935 hostem
2332 1875 2533 1937 vincat,
2595 1878 2689 1924 aut
2737 1868 2806 1922 ab
2849 1882 2915 1921 eo
2965 1864 3257 1926 vincatur;
3310 1859 3404 1913 sed
3454 1867 3677 1929 peracto

2078 1968 2216 2023 bello
2253 1964 2367 2034 jam
2414 1961 2681 2031 condigna
2720 1955 2899 2026 palma
2936 1950 3289 2020 consequitur
3338 1946 3679 2015 triumphan—

2083 2070 2208 2114 tem.
2252 2056 2329 2111 Ita
2366 2062 2421 2109 et
2466 2052 2733 2106 incertum
2763 2055 2847 2101 est
2882 2057 3005 2099 cum
3051 2038 3347 2095 viderimus
3377 2034 3678 2104 quemlibet

2082 2152 2220 2206 bene
2248 2154 2496 2218 agentem
2522 2151 2578 2197 et
2600 2140 2745 2211 juste
2768 2138 3039 2192 viventem
3060 2174 3073 2196 ,
3109 2139 3291 2185 utrum
3318 2129 3371 2182 in
3408 2142 3475 2181 eo
3509 2140 3678 2194 usque

2085 2242 2154 2296 ad
2182 2241 2346 2294 tinem
2377 2241 2692 2308 perseverat
2721 2248 2788 2284 an
2828 2244 2955 2283 non.
2991 2225 3048 2280 Si
3075 2231 3257 2277 autem
3301 2222 3354 2275 in
3386 2229 3539 2274 recta
3582 2217 3681 2271 tida

2083 2341 2139 2387 et
2188 2329 2342 2385 lonis
2393 2325 2648 2397 operibus
2698 2315 3132 2392 perseveraverit
3181 2326 3357 2381 usque
3400 2311 3469 2364 ad
3520 2306 3680 2363 ﬁnem

2084 2426 2228 2491 vitat,
2266 2419 2526 2490 tuncjam
2550 2418 2709 2472 laude
2733 2416 2925 2484 dignus
2955 2419 3009 2466 et
3037 2411 3104 2463 ab
3139 2408 3395 2463 omnibus
3435 2414 3521 2459 cst
3543 2419 3681 2473 pne-

2089 2520 2371 2580 dicandus,
2397 2513 2651 2585 quoniam
2677 2511 2734 2564 in
2757 2508 2881 2562 ﬁliis
2905 2508 2987 2560 vir
3014 2502 3348 2576 agnoscitur,
3364 2501 3472 2553 hoc
3497 2505 3685 2561 est,ex

2086 2608 2243 2665 bonis
2272 2607 2482 2661 actibus
2522 2602 2759 2658 hominis
2785 2600 3037 2654 meritum
3070 2596 3213 2650 illius
3238 2593 3526 2664 probatur.

2166 2719 2183 2749 ι
2231 2697 2349 2752 Non
2380 2710 2597 2751 omnem
2625 2692 2901 2747 hominem
2930 2689 3154 2743 inducas
3182 2687 3234 2739 in
3258 2685 3481 2738 domum
3519 2690 3687 2739 tuam,

2099 2809 2116 2840 ι
2158 2789 2342 2845 multae
2369 2786 2493 2841 enin
2540 2784 2750 2839 insidia:
2794 2788 2921 2836 sunt
2958 2777 3150 2833 dolosi.
3181 2796 3200 2827 ι
3236 2773 3387 2828 Licet
3419 2772 3539 2825 haec
3573 2784 3692 2823 sen-

2092 2881 2261 2937 tentia
2322 2876 2653 2947 tropologice
2700 2872 2997 2925 admoneat
3046 2883 3122 2929 ne,
3173 2865 3343 2919 simus
3386 2859 3596 2915 incauti
3639 2867 3689 2910 ct

2094 2968 2383 3039 improvidi
2410 2981 2537 3037 erga
2564 2964 2776 3034 ignotos
2790 2969 2845 3015 et
2866 2960 3088 3019 alienos,
3115 2956 3242 3026 quia
3266 2968 3411 3022 saepe
3435 2949 3692 3006 simulata

2094 3060 2303 3131 species
2334 3056 2471 3110 fallit
2500 3056 2839 3118 innocentes,
2868 3059 3048 3103 tamen
3088 3045 3283 3100 altiore
3308 3058 3473 3097 sensu
3518 3038 3691 3094 socie-

2019 3178 2063 3238 C
2095 3159 2261 3205 tatem
2308 3146 2559 3217 prohibet
2605 3141 3001 3202 haereticorum,
3048 3152 3118 3191 ne
3146 3136 3225 3189 eis
3259 3148 3382 3188 cum
3408 3130 3615 3200 aliquid
3642 3129 3692 3181 in

2097 3239 2435 3299 sermonibus
2463 3235 2575 3291 suis
2603 3242 2696 3287 aut
2720 3231 2931 3286 actibus
2959 3228 3072 3282 veri
3102 3235 3156 3281 et
3182 3224 3309 3279 boni
3340 3219 3696 3276 assimulave-

2098 3334 2227 3398 rint,
2256 3330 2365 3385 cito
2390 3340 2671 3383 assensum
2712 3322 3087 3392 pralbeamus;
3137 3315 3231 3370 sed
3272 3312 3434 3382 juxta
3467 3311 3697 3379 Aposto-

2099 3429 2210 3482 lum
2235 3467 2250 3492 ,
2298 3424 2391 3496 qui
2443 3421 2552 3476 ait:
2609 3438 2627 3468 ι
2662 3417 2836 3473 Nolite
2866 3413 3012 3468 omni
3046 3408 3259 3480 spiritui
3301 3406 3531 3461 credere
3559 3444 3574 3466 ,
3610 3402 3701 3455 sed

2100 3520 2327 3592 probate
2350 3514 2574 3587 spiritus
2595 3510 2687 3580 qui
2714 3524 2780 3563 ex
2808 3507 2920 3563 Deo
2943 3511 3070 3559 sunt
3097 3501 3147 3573 (1
3173 3498 3334 3553 Joan.
3364 3496 3442 3565 tv)
3478 3512 3491 3549 :
3540 3514 3559 3545 ι
3591 3508 3701 3548 οιιι-

2103 3612 2194 3667 nia
2223 3609 2538 3680 probemus,
2567 3611 2623 3657 et
2648 3602 2727 3656 sic
2755 3598 2896 3668 quod
2933 3598 3133 3651 bonum
3178 3597 3263 3644 est
3292 3596 3603 3642 teneamus.
3630 3584 3704 3637 De

2105 3715 2212 3772 quo
2225 3677 2357 3769 ipsa
2391 3694 2601 3749 Veritas
2628 3688 2921 3759 discipulos
2945 3683 3159 3747 docuit,
3191 3680 3375 3735 dicens
3404 3697 3417 3730 :
3453 3696 3472 3727 ι
3514 3677 3705 3747 Atten-

2108 3764 2217 3846 dite
2246 3764 2426 3842 autem
2453 3782 2605 3837 vobis
2630 3797 2661 3834 a
2708 3778 2859 3833 falsis
2885 3772 3164 3845 prophetis
3184 3811 3199 3835 ,
3242 3768 3333 3838 qui
3380 3766 3618 3820 veniunt
3645 3764 3710 3817 ad

2108 3897 2204 3938 vos
2233 3881 2288 3936 in
2334 3872 2670 3932 vestimentis
2718 3870 2921 3933 ovium,
2972 3863 3302 3919 intrinsecus
3348 3865 3538 3911 autem
3586 3863 3710 3911 sunt

2110 3974 2221 4045 lupi
2262 3985 2486 4042 rapaces
2526 3986 2538 4020 :
2584 3980 2646 4020 ex
2687 3960 2957 4017 fructibus
2999 3970 3188 4011 eorum
3228 3948 3580 4021 cognoscetis
3623 3961 3714 4001 eos

2115 4065 2331 4139 (Matth.
2364 4060 2485 4133 vn).
2517 4080 2536 4111 ι

2190 4178 2208 4211 ι
2244 4158 2396 4213 Sicut
2423 4130 2568 4210 enim
2594 4137 3174 4214 eructant'prazeordia
3208 4134 3533 4197 fetantium,
3567 4141 3626 4186 et
3649 4130 3718 4185 si-

2121 4273 2139 4305 ς
2178 4260 2269 4310 cut
2309 4246 2500 4321 perdix
2543 4241 2818 4299 inducitur
2861 4237 2917 4291 in
2946 4248 3204 4294 caveam,
3239 4237 3295 4284 et
3328 4235 3387 4281 ut
3426 4238 3635 4293 caprea
3664 4223 3718 4275 in

2123 4368 2139 4398 ι
2180 4346 2453 4413 laqueum,
2482 4337 2561 4393 sic
2595 4343 2651 4390 et
2680 4347 2777 4389 cor
2808 4328 3185 4400 superborum.
3216 4342 3234 4373 ι
3271 4319 3425 4373 Hanc
3466 4313 3723 4371 similitu-

2120 4440 2299 4495 dinem
2350 4434 2415 4488 de
2458 4424 2825 4484 animantibus
2870 4432 3035 4474 sensu
3078 4410 3447 4486 sagacioribus
3495 4414 3557 4460 et
3600 4405 3721 4457 visu

2485 4522 2607 4576 ibus
2653 4517 2772 4572 ideo
2820 4511 3038 4584 posuit,
3087 4517 3149 4560 ut
3188 4502 3540 4559 oétenderet.
3576 4496 3725 4567 quod

2119 4635 2263 4689 saepe
2295 4616 2393 4681 illi,
2424 4612 2513 4683 qui
2550 4625 2610 4666 se
2636 4605 2929 4679 prudentes
2967 4598 3260 4660 aestimant,
3287 4606 3386 4662 per
3414 4588 3723 4643 versutiam

2122 4708 2499 4768 hiereticorum
2548 4699 2847 4770 capiantur.
2901 4691 3056 4748 Sicut
3095 4688 3238 4769 enim
3287 4682 3477 4751 plenus
3529 4685 3727 4732 venter

2122 4802 2262 4857 male
2293 4799 2557 4868 digestum
2587 4762 2768 4847 cibum
2797 4784 2962 4840 fetide
2987 4762 3214 4857 eructat,
3248 4775 3319 4828 ita
3346 4779 3402 4826 et
3422 4768 3726 4825 haeretico-

2126 4911 2245 4951 rum
2283 4890 2449 4947 corda
2486 4885 2659 4950 dolos,
2690 4894 2827 4950 quos
2871 4856 3333 4938 intusfmalitiose
3366 4867 3724 4919 construunt,

2127 4988 2274 5044 foras
2303 4981 2670 5039 fraudulenter
2693 4973 3019 5045 producunt,
3052 4972 3319 5035 quatenus
3363 4965 3727 5027 quoscunque

2127 5085 2353 5151 possunt
2382 5076 2434 5129 in
2465 5084 2686 5127 caveam
2718 5062 2920 5120 erroris
2949 5059 3031 5113 sui
3061 5063 3116 5111 et
3156 5054 3211 5107 in
3239 5052 3493 5119 laqueum
3525 5040 3729 5114 nequi-

2132 5174 2217 5226 tiae
2246 5167 2601 5241 praecipitent.
3524 5210 3529 5213 _

2207 5283 2225 5313 ε
2248 5225 2331 5315 Ἐι
2356 5225 2494 5314 sicut
2541 5258 2860 5323 prospector
2905 5243 3091 5298 videns
3135 5248 3321 5292 casum
3349 5226 3590 5314 proximi
3622 5225 3728 5280 sui.

2141 5375 2158 5405 ‹
2196 5353 2343 5407 Bona
2373 5349 2517 5404 enim
2563 5345 2616 5398 in
2655 5339 2791 5395 mala
2839 5340 3160 5391 convertens
3208 5324 3527 5385 insidiatur,
3578 5327 3639 5372 et
3678 5316 3730 5370 in

2144 5467 2162 5498 ‹
2200 5443 2387 5499 electis
2406 5446 2567 5512 ponet
2586 5431 2871 5489 maculam.
2901 5449 2919 5480 ι
2941 5420 3211 5493 Prospicit
3227 5406 3514 5472 hiereticus
3533 5420 3732 5466 casum

2140 5533 2389 5606 proximi,
2418 5539 2472 5584 ct
2498 5543 2602 5582 non
2630 5538 2752 5578 eum
2784 5520 3023 5590 adjuvat,
3057 5512 3184 5584 quia
3217 5515 3328 5562 tota
3342 5501 3592 5559 'intentio
3613 5494 3733 5564 ejus

2145 5589 2225 5683 est
2278 5625 2343 5680 ad
2389 5618 2691 5676 nocendum
2740 5620 2796 5665 et
2845 5609 2912 5663 ad
2958 5597 3379 5661 subvertendum
3426 5589 3731 5645 auditorem

2149 5734 2324 5776 suum.
2350 5715 2492 5768 Bona
2506 5710 2649 5765 enim
2666 5699 2972 5760 testimonia
2996 5701 3308 5753 sanctarum
3324 5685 3734 5741 Seriuturarum
