  <div class='ocr_page' id='page_1' title='image "/cluster/home/n/w/nwhite01/storage/ocr_20150623/109/hvd.32044054759741/428.png"; bbox 0 0 3904 6184; ppageno 0'>
   <div class='ocr_carea' id='block_1_1' title="bbox 363 321 470 383">
    <p class='ocr_par' dir='ltr' id='par_1_1' title="bbox 363 321 470 383">
     <span class='ocr_line' id='line_1_1' title="bbox 363 321 470 383; baseline -0.019 0"><span class='ocrx_word' id='word_1_1' title='bbox 363 321 470 383; x_wconf 65' lang='grc'><strong>846</strong></span> 
     </span>
    </p>
   </div>
   <div class='ocr_carea' id='block_1_2' title="bbox 1248 295 2762 369">
    <p class='ocr_par' dir='ltr' id='par_1_2' title="bbox 1248 295 2762 369">
     <span class='ocr_line' id='line_1_2' title="bbox 1248 295 2762 369; baseline -0.011 -1"><span class='ocrx_word' id='word_1_2' title='bbox 1248 310 1597 369; x_wconf 69' lang='lat' dir='ltr'><strong>COMMENT.</strong></span> <span class='ocrx_word' id='word_1_3' title='bbox 1643 307 1708 363; x_wconf 75' lang='lat' dir='ltr'><strong>l.\&quot;</strong></span> <span class='ocrx_word' id='word_1_4' title='bbox 1750 298 2363 361; x_wconf 67' lang='lat' dir='ltr'><strong>ECSLESlASTlCUM.</strong></span> <span class='ocrx_word' id='word_1_5' title='bbox 2402 330 2471 338; x_wconf 95' lang='lat'><strong>—</strong></span> <span class='ocrx_word' id='word_1_6' title='bbox 2510 297 2637 367; x_wconf 58' lang='grc' dir='ltr'><strong>υἷι.</strong></span> <span class='ocrx_word' id='word_1_7' title='bbox 2678 295 2762 351; x_wconf 82' lang='lat' dir='ltr'><strong>ill.</strong></span> 
     </span>
    </p>
   </div>
   <div class='ocr_carea' id='block_1_3' title="bbox 3522 294 3625 354">
    <p class='ocr_par' dir='ltr' id='par_1_3' title="bbox 3522 294 3625 354">
     <span class='ocr_line' id='line_1_3' title="bbox 3522 294 3625 354; baseline -0.019 0"><span class='ocrx_word' id='word_1_8' title='bbox 3522 294 3625 354; x_wconf 74' lang='lat' dir='ltr'><strong>an:</strong></span> 
     </span>
    </p>
   </div>
   <div class='ocr_carea' id='block_1_4' title="bbox 363 405 3629 503">
    <p class='ocr_par' dir='ltr' id='par_1_4' title="bbox 363 405 3629 503">
     <span class='ocr_line' id='line_1_4' title="bbox 363 405 3629 503; baseline -0.009 -10"><span class='ocrx_word' id='word_1_9' title='bbox 363 438 419 493; x_wconf 89' lang='lat' dir='ltr'><strong>in</strong></span> <span class='ocrx_word' id='word_1_10' title='bbox 451 433 593 491; x_wconf 72' lang='lat' dir='ltr'><strong>mala</strong></span> <span class='ocrx_word' id='word_1_11' title='bbox 639 434 889 503; x_wconf 75' lang='lat' dir='ltr'><strong>dogmata</strong></span> <span class='ocrx_word' id='word_1_12' title='bbox 937 427 1230 482; x_wconf 84' lang='lat' dir='ltr'><strong>secundum</strong></span> <span class='ocrx_word' id='word_1_13' title='bbox 1272 424 1595 495; x_wconf 89' lang='lat' dir='ltr'><strong>pravitatem</strong></span> <span class='ocrx_word' id='word_1_14' title='bbox 1642 432 1833 474; x_wconf 77' lang='lat' dir='ltr'><strong>sensus</strong></span> <span class='ocrx_word' id='word_1_15' title='bbox 1860 415 1941 470; x_wconf 89' lang='lat' dir='ltr'><strong>sui</strong></span> <span class='ocrx_word' id='word_1_16' title='bbox 1972 420 2019 477; x_wconf 78' lang='grc' dir='ltr'><strong>Α</strong></span> <span class='ocrx_word' id='word_1_17' title='bbox 2048 411 2265 466; x_wconf 90' lang='lat' dir='ltr'><strong>sinistra</strong></span> <span class='ocrx_word' id='word_1_18' title='bbox 2304 417 2415 503; x_wconf 84' lang='lat' dir='ltr'><strong>tua,</strong></span> <span class='ocrx_word' id='word_1_19' title='bbox 2446 408 2575 503; x_wconf 82' lang='lat' dir='ltr'><strong>quid</strong></span> <span class='ocrx_word' id='word_1_20' title='bbox 2608 407 2768 503; x_wconf 78' lang='lat' dir='ltr'><strong>faciat</strong></span> <span class='ocrx_word' id='word_1_21' title='bbox 2793 405 3014 503; x_wconf 74' lang='lat' dir='ltr'><strong>dextera</strong></span> <span class='ocrx_word' id='word_1_22' title='bbox 3055 414 3167 470; x_wconf 88' lang='lat' dir='ltr'><strong>tua,</strong></span> <span class='ocrx_word' id='word_1_23' title='bbox 3211 415 3271 460; x_wconf 92' lang='lat' dir='ltr'><strong>ut</strong></span> <span class='ocrx_word' id='word_1_24' title='bbox 3300 407 3371 503; x_wconf 77' lang='lat' dir='ltr'><strong>sit</strong></span> <span class='ocrx_word' id='word_1_25' title='bbox 3396 408 3629 503; x_wconf 79' lang='lat' dir='ltr'><strong>cleemo-</strong></span> 
     </span>
    </p>
   </div>
   <div class='ocr_carea' id='block_1_5' title="bbox 363 509 1944 590">
    <p class='ocr_par' dir='ltr' id='par_1_5' title="bbox 363 509 1944 590">
     <span class='ocr_line' id='line_1_5' title="bbox 363 509 1944 590; baseline -0.013 -7"><span class='ocrx_word' id='word_1_26' title='bbox 363 532 701 587; x_wconf 79' lang='lat' dir='ltr'><strong>eonvertens,</strong></span> <span class='ocrx_word' id='word_1_27' title='bbox 725 535 940 590; x_wconf 79' lang='lat' dir='ltr'><strong>semper</strong></span> <span class='ocrx_word' id='word_1_28' title='bbox 952 519 1019 572; x_wconf 88' lang='lat' dir='ltr'><strong>ad</strong></span> <span class='ocrx_word' id='word_1_29' title='bbox 1038 517 1409 586; x_wconf 80' lang='lat' dir='ltr'><strong>decipiendum</strong></span> <span class='ocrx_word' id='word_1_30' title='bbox 1430 530 1495 583; x_wconf 90' lang='lat' dir='ltr'><strong>pa</strong></span> <span class='ocrx_word' id='word_1_31' title='bbox 1504 522 1652 567; x_wconf 90' lang='lat' dir='ltr'><strong>ratus</strong></span> <span class='ocrx_word' id='word_1_32' title='bbox 1667 520 1768 565; x_wconf 91' lang='lat' dir='ltr'><strong>est.</strong></span> <span class='ocrx_word' id='word_1_33' title='bbox 1792 509 1944 564; x_wconf 82' lang='lat' dir='ltr'><strong>Unde</strong></span> 
     </span>
    </p>
   </div>
   <div class='ocr_carea' id='block_1_6' title="bbox 363 602 1946 686">
    <p class='ocr_par' dir='ltr' id='par_1_6' title="bbox 363 602 1946 686">
     <span class='ocr_line' id='line_1_6' title="bbox 363 602 1946 686; baseline -0.011 -14"><span class='ocrx_word' id='word_1_34' title='bbox 363 626 418 672; x_wconf 89' lang='lat' dir='ltr'><strong>et</strong></span> <span class='ocrx_word' id='word_1_35' title='bbox 437 630 581 686; x_wconf 80' lang='lat' dir='ltr'><strong>szepe</strong></span> <span class='ocrx_word' id='word_1_36' title='bbox 609 615 663 668; x_wconf 93' lang='lat' dir='ltr'><strong>in</strong></span> <span class='ocrx_word' id='word_1_37' title='bbox 695 612 822 677; x_wconf 86' lang='lat' dir='ltr'><strong>illis,</strong></span> <span class='ocrx_word' id='word_1_38' title='bbox 852 610 942 680; x_wconf 88' lang='lat' dir='ltr'><strong>qui</strong></span> <span class='ocrx_word' id='word_1_39' title='bbox 971 625 1066 680; x_wconf 86' lang='lat' dir='ltr'><strong>per</strong></span> <span class='ocrx_word' id='word_1_40' title='bbox 1092 609 1232 663; x_wconf 88' lang='lat' dir='ltr'><strong>bona</strong></span> <span class='ocrx_word' id='word_1_41' title='bbox 1257 619 1421 675; x_wconf 93' lang='lat' dir='ltr'><strong>opera</strong></span> <span class='ocrx_word' id='word_1_42' title='bbox 1451 605 1608 659; x_wconf 89' lang='lat' dir='ltr'><strong>electi</strong></span> <span class='ocrx_word' id='word_1_43' title='bbox 1649 618 1769 658; x_wconf 86' lang='lat' dir='ltr'><strong>esse</strong></span> <span class='ocrx_word' id='word_1_44' title='bbox 1797 602 1946 655; x_wconf 90' lang='lat' dir='ltr'><strong>vide-</strong></span> 
     </span>
    </p>
   </div>
   <div class='ocr_carea' id='block_1_7' title="bbox 362 695 1455 773">
    <p class='ocr_par' dir='ltr' id='par_1_7' title="bbox 362 695 1455 773">
     <span class='ocr_line' id='line_1_7' title="bbox 362 695 1455 773; baseline -0.012 -12"><span class='ocrx_word' id='word_1_45' title='bbox 362 706 584 770; x_wconf 90' lang='lat' dir='ltr'><strong>bantur,</strong></span> <span class='ocrx_word' id='word_1_46' title='bbox 614 702 813 773; x_wconf 87' lang='lat' dir='ltr'><strong>ingerit</strong></span> <span class='ocrx_word' id='word_1_47' title='bbox 835 700 1103 754; x_wconf 83' lang='lat' dir='ltr'><strong>maculam</strong></span> <span class='ocrx_word' id='word_1_48' title='bbox 1127 697 1330 751; x_wconf 90' lang='lat' dir='ltr'><strong>erroris</strong></span> <span class='ocrx_word' id='word_1_49' title='bbox 1352 695 1455 750; x_wconf 90' lang='lat' dir='ltr'><strong>sui.</strong></span> 
     </span>
    </p>
   </div>
   <div class='ocr_carea' id='block_1_8' title="bbox 441 781 1947 858">
    <p class='ocr_par' dir='ltr' id='par_1_8' title="bbox 441 781 1947 858">
     <span class='ocr_line' id='line_1_8' title="bbox 441 781 1947 858; baseline -0.009 -10"><span class='ocrx_word' id='word_1_50' title='bbox 441 816 461 848; x_wconf 77' lang='grc' dir='ltr'>ι</span> <span class='ocrx_word' id='word_1_51' title='bbox 501 795 582 850; x_wconf 90' lang='lat' dir='ltr'><strong>Ab</strong></span> <span class='ocrx_word' id='word_1_52' title='bbox 611 792 844 849; x_wconf 82' lang='lat' dir='ltr'><strong>scintilla</strong></span> <span class='ocrx_word' id='word_1_53' title='bbox 880 805 985 844; x_wconf 92' lang='lat' dir='ltr'><strong>una</strong></span> <span class='ocrx_word' id='word_1_54' title='bbox 1022 797 1248 858; x_wconf 82' lang='lat' dir='ltr'><strong>augetur</strong></span> <span class='ocrx_word' id='word_1_55' title='bbox 1274 788 1430 858; x_wconf 92' lang='lat' dir='ltr'><strong>ignis,</strong></span> <span class='ocrx_word' id='word_1_56' title='bbox 1454 794 1509 840; x_wconf 87' lang='lat' dir='ltr'><strong>et</strong></span> <span class='ocrx_word' id='word_1_57' title='bbox 1532 786 1600 839; x_wconf 87' lang='lat' dir='ltr'><strong>ab</strong></span> <span class='ocrx_word' id='word_1_58' title='bbox 1630 798 1738 837; x_wconf 92' lang='lat' dir='ltr'><strong>uno</strong></span> <span class='ocrx_word' id='word_1_59' title='bbox 1763 781 1947 837; x_wconf 90' lang='lat' dir='ltr'><strong>doloso</strong></span> 
     </span>
    </p>
   </div>
   <div class='ocr_carea' id='block_1_9' title="bbox 372 872 1951 954">
    <p class='ocr_par' dir='ltr' id='par_1_9' title="bbox 372 872 1951 954">
     <span class='ocr_line' id='line_1_9' title="bbox 372 872 1951 954; baseline -0.007 -19"><span class='ocrx_word' id='word_1_60' title='bbox 372 905 390 935; x_wconf 78' lang='grc' dir='ltr'>ι</span> <span class='ocrx_word' id='word_1_61' title='bbox 431 891 663 954; x_wconf 77' lang='lat' dir='ltr'><strong>augetur</strong></span> <span class='ocrx_word' id='word_1_62' title='bbox 688 879 907 949; x_wconf 79' lang='lat' dir='ltr'><strong>sanguis</strong></span> <span class='ocrx_word' id='word_1_63' title='bbox 930 893 945 932; x_wconf 88' lang='lat'><strong>:</strong></span> <span class='ocrx_word' id='word_1_64' title='bbox 973 879 1134 932; x_wconf 80' lang='lat' dir='ltr'><strong>homo</strong></span> <span class='ocrx_word' id='word_1_65' title='bbox 1164 891 1293 930; x_wconf 90' lang='lat' dir='ltr'><strong>vero</strong></span> <span class='ocrx_word' id='word_1_66' title='bbox 1316 882 1569 945; x_wconf 84' lang='lat' dir='ltr'><strong>peccator</strong></span> <span class='ocrx_word' id='word_1_67' title='bbox 1595 872 1841 943; x_wconf 79' lang='lat' dir='ltr'><strong>sanguini</strong></span> <span class='ocrx_word' id='word_1_68' title='bbox 1874 872 1951 924; x_wconf 89' lang='lat' dir='ltr'><strong>in-</strong></span> 
     </span>
    </p>
   </div>
   <div class='ocr_carea' id='block_1_10' title="bbox 371 964 1947 1036">
    <p class='ocr_par' dir='ltr' id='par_1_10' title="bbox 371 964 1947 1036">
     <span class='ocr_line' id='line_1_10' title="bbox 371 964 1947 1036; baseline -0.004 -11"><span class='ocrx_word' id='word_1_69' title='bbox 371 993 390 1025; x_wconf 75' lang='grc' dir='ltr'>ι</span> <span class='ocrx_word' id='word_1_70' title='bbox 433 974 678 1028; x_wconf 88' lang='lat' dir='ltr'><strong>sidiatur.</strong></span> <span class='ocrx_word' id='word_1_71' title='bbox 731 989 750 1022; x_wconf 76' lang='grc' dir='ltr'><strong><em>ι</em></strong></span> <span class='ocrx_word' id='word_1_72' title='bbox 806 969 960 1024; x_wconf 90' lang='lat' dir='ltr'><strong>Sicut</strong></span> <span class='ocrx_word' id='word_1_73' title='bbox 1007 969 1152 1023; x_wconf 93' lang='lat' dir='ltr'><strong>enim</strong></span> <span class='ocrx_word' id='word_1_74' title='bbox 1200 984 1231 1021; x_wconf 89' lang='lat' dir='ltr'><strong>a</strong></span> <span class='ocrx_word' id='word_1_75' title='bbox 1276 982 1440 1036; x_wconf 87' lang='lat' dir='ltr'><strong>parva</strong></span> <span class='ocrx_word' id='word_1_76' title='bbox 1486 964 1718 1020; x_wconf 86' lang='lat' dir='ltr'><strong>scintilla</strong></span> <span class='ocrx_word' id='word_1_77' title='bbox 1760 964 1947 1034; x_wconf 88' lang='lat' dir='ltr'><strong>ingens</strong></span> 
     </span>
    </p>
   </div>
   <div class='ocr_carea' id='block_1_11' title="bbox 367 1059 1946 1125">
    <p class='ocr_par' dir='ltr' id='par_1_11' title="bbox 367 1059 1946 1125">
     <span class='ocr_line' id='line_1_11' title="bbox 367 1059 1946 1125; baseline -0.004 -6"><span class='ocrx_word' id='word_1_78' title='bbox 367 1064 601 1119; x_wconf 86' lang='lat' dir='ltr'><strong>incendii</strong></span> <span class='ocrx_word' id='word_1_79' title='bbox 637 1063 907 1118; x_wconf 80' lang='lat' dir='ltr'><strong>excitatur</strong></span> <span class='ocrx_word' id='word_1_80' title='bbox 935 1060 1171 1125; x_wconf 83' lang='lat' dir='ltr'><strong>flamma,</strong></span> <span class='ocrx_word' id='word_1_81' title='bbox 1202 1061 1276 1115; x_wconf 88' lang='lat' dir='ltr'><strong>ita</strong></span> <span class='ocrx_word' id='word_1_82' title='bbox 1323 1069 1375 1115; x_wconf 86' lang='lat' dir='ltr'><strong>et</strong></span> <span class='ocrx_word' id='word_1_83' title='bbox 1405 1060 1473 1115; x_wconf 90' lang='lat' dir='ltr'><strong>ab</strong></span> <span class='ocrx_word' id='word_1_84' title='bbox 1517 1060 1677 1114; x_wconf 92' lang='lat' dir='ltr'><strong>unius</strong></span> <span class='ocrx_word' id='word_1_85' title='bbox 1708 1059 1946 1113; x_wconf 70' lang='lat' dir='ltr'><strong>bteretici</strong></span> 
     </span>
    </p>
   </div>
   <div class='ocr_carea' id='block_1_12' title="bbox 367 1148 1950 1222">
    <p class='ocr_par' dir='ltr' id='par_1_12' title="bbox 367 1148 1950 1222">
     <span class='ocr_line' id='line_1_12' title="bbox 367 1148 1950 1222; baseline -0.003 -14"><span class='ocrx_word' id='word_1_86' title='bbox 367 1155 576 1209; x_wconf 90' lang='lat' dir='ltr'><strong>malitia</strong></span> <span class='ocrx_word' id='word_1_87' title='bbox 606 1153 897 1207; x_wconf 89' lang='lat' dir='ltr'><strong>multorum</strong></span> <span class='ocrx_word' id='word_1_88' title='bbox 923 1151 1242 1222; x_wconf 89' lang='lat' dir='ltr'><strong>perditionis</strong></span> <span class='ocrx_word' id='word_1_89' title='bbox 1263 1150 1447 1206; x_wconf 77' lang='lat' dir='ltr'><strong>existit</strong></span> <span class='ocrx_word' id='word_1_90' title='bbox 1474 1164 1658 1204; x_wconf 85' lang='lat' dir='ltr'><strong>causa.</strong></span> <span class='ocrx_word' id='word_1_91' title='bbox 1693 1148 1950 1204; x_wconf 85' lang='lat' dir='ltr'><strong>Peccator</strong></span> 
     </span>
    </p>
   </div>
   <div class='ocr_carea' id='block_1_13' title="bbox 361 1239 1947 1316">
    <p class='ocr_par' dir='ltr' id='par_1_13' title="bbox 361 1239 1947 1316">
     <span class='ocr_line' id='line_1_13' title="bbox 361 1239 1947 1316; baseline -0.006 -15"><span class='ocrx_word' id='word_1_92' title='bbox 361 1245 615 1316; x_wconf 79' lang='lat' dir='ltr'><strong>sanguini</strong></span> <span class='ocrx_word' id='word_1_93' title='bbox 667 1244 971 1308; x_wconf 85' lang='lat' dir='ltr'><strong>insidiatur,</strong></span> <span class='ocrx_word' id='word_1_94' title='bbox 1012 1257 1136 1298; x_wconf 89' lang='lat' dir='ltr'><strong>cum</strong></span> <span class='ocrx_word' id='word_1_95' title='bbox 1186 1241 1477 1296; x_wconf 67' lang='lat' dir='ltr'><strong>haereticus</strong></span> <span class='ocrx_word' id='word_1_96' title='bbox 1502 1241 1626 1295; x_wconf 76' lang='lat' dir='ltr'><strong>vita:</strong></span> <span class='ocrx_word' id='word_1_97' title='bbox 1674 1239 1947 1294; x_wconf 80' lang='lat' dir='ltr'><strong>hominum</strong></span> 
     </span>
    </p>
   </div>
   <div class='ocr_carea' id='block_1_14' title="bbox 367 1329 1947 1405">
    <p class='ocr_par' dir='ltr' id='par_1_14' title="bbox 367 1329 1947 1405">
     <span class='ocr_line' id='line_1_14' title="bbox 367 1329 1947 1405; baseline -0.006 -15"><span class='ocrx_word' id='word_1_98' title='bbox 367 1345 599 1390; x_wconf 88' lang='lat' dir='ltr'><strong>mortem</strong></span> <span class='ocrx_word' id='word_1_99' title='bbox 648 1334 895 1405; x_wconf 73' lang='lat' dir='ltr'><strong>ingerere</strong></span> <span class='ocrx_word' id='word_1_100' title='bbox 935 1332 1174 1387; x_wconf 82' lang='lat' dir='ltr'><strong>molitur.</strong></span> <span class='ocrx_word' id='word_1_101' title='bbox 1222 1329 1454 1401; x_wconf 81' lang='lat' dir='ltr'><strong>Sanguis</strong></span> <span class='ocrx_word' id='word_1_102' title='bbox 1500 1330 1645 1385; x_wconf 89' lang='lat' dir='ltr'><strong>enim</strong></span> <span class='ocrx_word' id='word_1_103' title='bbox 1693 1346 1791 1399; x_wconf 92' lang='lat' dir='ltr'><strong>pro</strong></span> <span class='ocrx_word' id='word_1_104' title='bbox 1840 1330 1947 1382; x_wconf 85' lang='lat' dir='ltr'><strong>vita</strong></span> 
     </span>
    </p>
   </div>
   <div class='ocr_carea' id='block_1_15' title="bbox 368 1420 1948 1496">
    <p class='ocr_par' dir='ltr' id='par_1_15' title="bbox 368 1420 1948 1496">
     <span class='ocr_line' id='line_1_15' title="bbox 368 1420 1948 1496; baseline -0.007 -14"><span class='ocrx_word' id='word_1_105' title='bbox 368 1427 604 1483; x_wconf 85' lang='lat' dir='ltr'><strong>hominis</strong></span> <span class='ocrx_word' id='word_1_106' title='bbox 657 1426 747 1481; x_wconf 87' lang='lat' dir='ltr'><strong>hic</strong></span> <span class='ocrx_word' id='word_1_107' title='bbox 791 1424 1132 1496; x_wconf 79' lang='lat' dir='ltr'><strong>intelligitur.</strong></span> <span class='ocrx_word' id='word_1_108' title='bbox 1196 1422 1303 1478; x_wconf 89' lang='lat' dir='ltr'><strong>Sed</strong></span> <span class='ocrx_word' id='word_1_109' title='bbox 1340 1422 1470 1491; x_wconf 90' lang='lat' dir='ltr'><strong>quid</strong></span> <span class='ocrx_word' id='word_1_110' title='bbox 1515 1421 1640 1476; x_wconf 92' lang='lat' dir='ltr'><strong>inde</strong></span> <span class='ocrx_word' id='word_1_111' title='bbox 1686 1420 1948 1490; x_wconf 79' lang='lat' dir='ltr'><strong>sapientia</strong></span> 
     </span>
    </p>
   </div>
   <div class='ocr_carea' id='block_1_16' title="bbox 368 1516 1246 1588">
    <p class='ocr_par' dir='ltr' id='par_1_16' title="bbox 368 1516 1246 1588">
     <span class='ocr_line' id='line_1_16' title="bbox 368 1516 1246 1588; baseline -0.006 -15"><span class='ocrx_word' id='word_1_112' title='bbox 368 1519 549 1574; x_wconf 87' lang='lat' dir='ltr'><strong>facere</strong></span> <span class='ocrx_word' id='word_1_113' title='bbox 574 1516 921 1588; x_wconf 85' lang='lat' dir='ltr'><strong>persuadeat,</strong></span> <span class='ocrx_word' id='word_1_114' title='bbox 948 1516 1246 1570; x_wconf 78' lang='lat' dir='ltr'><strong>videamus.</strong></span> 
     </span>
    </p>
   </div>
   <div class='ocr_carea' id='block_1_17' title="bbox 443 1602 1950 1675">
    <p class='ocr_par' dir='ltr' id='par_1_17' title="bbox 443 1602 1950 1675">
     <span class='ocr_line' id='line_1_17' title="bbox 443 1602 1950 1675; baseline -0.003 -16"><span class='ocrx_word' id='word_1_115' title='bbox 443 1628 461 1659; x_wconf 76' lang='grc' dir='ltr'>ι</span> <span class='ocrx_word' id='word_1_116' title='bbox 495 1608 727 1662; x_wconf 79' lang='lat' dir='ltr'><strong>Attende</strong></span> <span class='ocrx_word' id='word_1_117' title='bbox 757 1606 871 1672; x_wconf 88' lang='lat' dir='ltr'><strong>tibi,</strong></span> <span class='ocrx_word' id='word_1_118' title='bbox 900 1605 1094 1675; x_wconf 86' lang='lat' dir='ltr'><strong>inquit,</strong></span> <span class='ocrx_word' id='word_1_119' title='bbox 1144 1620 1175 1659; x_wconf 89' lang='lat' dir='ltr'><strong>a</strong></span> <span class='ocrx_word' id='word_1_120' title='bbox 1214 1603 1505 1674; x_wconf 85' lang='lat' dir='ltr'><strong>pestifero;</strong></span> <span class='ocrx_word' id='word_1_121' title='bbox 1553 1602 1783 1657; x_wconf 81' lang='lat' dir='ltr'><strong>fabricat</strong></span> <span class='ocrx_word' id='word_1_122' title='bbox 1809 1603 1950 1656; x_wconf 92' lang='lat' dir='ltr'><strong>enim</strong></span> 
     </span>
    </p>
   </div>
   <div class='ocr_carea' id='block_1_18' title="bbox 372 1680 1949 1763">
    <p class='ocr_par' dir='ltr' id='par_1_18' title="bbox 372 1680 1949 1763">
     <span class='ocr_line' id='line_1_18' title="bbox 372 1680 1949 1763; baseline -0.003 -14"><span class='ocrx_word' id='word_1_123' title='bbox 372 1720 391 1748; x_wconf 75' lang='grc' dir='ltr'>ι</span> <span class='ocrx_word' id='word_1_124' title='bbox 437 1697 575 1751; x_wconf 88' lang='lat' dir='ltr'><strong>mala</strong></span> <span class='ocrx_word' id='word_1_125' title='bbox 607 1714 619 1750; x_wconf 88' lang='lat'><strong>:</strong></span> <span class='ocrx_word' id='word_1_126' title='bbox 663 1711 731 1752; x_wconf 90' lang='lat' dir='ltr'><strong>ne</strong></span> <span class='ocrx_word' id='word_1_127' title='bbox 773 1693 912 1750; x_wconf 87' lang='lat' dir='ltr'><strong>forte</strong></span> <span class='ocrx_word' id='word_1_128' title='bbox 951 1680 1173 1749; x_wconf 83' lang='lat' dir='ltr'><strong>inducat</strong></span> <span class='ocrx_word' id='word_1_129' title='bbox 1202 1709 1365 1763; x_wconf 88' lang='lat' dir='ltr'><strong>super</strong></span> <span class='ocrx_word' id='word_1_130' title='bbox 1392 1701 1446 1747; x_wconf 90' lang='lat' dir='ltr'><strong>te</strong></span> <span class='ocrx_word' id='word_1_131' title='bbox 1474 1692 1949 1750; x_wconf 85' lang='lat' dir='ltr'><strong>subsannationcm</strong></span> 
     </span>
    </p>
   </div>
   <div class='ocr_carea' id='block_1_19' title="bbox 366 1876 1951 1948">
    <p class='ocr_par' dir='ltr' id='par_1_19' title="bbox 366 1876 1951 1948">
     <span class='ocr_line' id='line_1_19' title="bbox 366 1876 1951 1948; baseline -0.002 -15"><span class='ocrx_word' id='word_1_132' title='bbox 366 1879 523 1945; x_wconf 84' lang='lat' dir='ltr'><strong>bolo,</strong></span> <span class='ocrx_word' id='word_1_133' title='bbox 555 1877 646 1947; x_wconf 89' lang='lat' dir='ltr'><strong>qui</strong></span> <span class='ocrx_word' id='word_1_134' title='bbox 693 1893 792 1948; x_wconf 87' lang='lat' dir='ltr'><strong>per</strong></span> <span class='ocrx_word' id='word_1_135' title='bbox 820 1876 925 1932; x_wconf 93' lang='lat' dir='ltr'><strong>doli</strong></span> <span class='ocrx_word' id='word_1_136' title='bbox 954 1876 1383 1932; x_wconf 86' lang='lat' dir='ltr'><strong>machinationes</strong></span> <span class='ocrx_word' id='word_1_137' title='bbox 1420 1890 1797 1945; x_wconf 88' lang='lat' dir='ltr'><strong>quemcunque</strong></span> <span class='ocrx_word' id='word_1_138' title='bbox 1823 1876 1951 1930; x_wconf 88' lang='lat' dir='ltr'><strong>sub-</strong></span> 
     </span>
    </p>
   </div>
   <div class='ocr_carea' id='block_1_20' title="bbox 367 1964 2007 2039">
    <p class='ocr_par' dir='ltr' id='par_1_20' title="bbox 367 1964 2007 2039">
     <span class='ocr_line' id='line_1_20' title="bbox 367 1964 2007 2039; baseline -0.002 -17"><span class='ocrx_word' id='word_1_139' title='bbox 367 1970 611 2034; x_wconf 84' lang='lat' dir='ltr'><strong>verterit,</strong></span> <span class='ocrx_word' id='word_1_140' title='bbox 657 1978 859 2023; x_wconf 62' lang='lat' dir='ltr'><strong>aeterna</strong></span> <span class='ocrx_word' id='word_1_141' title='bbox 910 1967 1227 2024; x_wconf 82' lang='lat' dir='ltr'><strong>confusione</strong></span> <span class='ocrx_word' id='word_1_142' title='bbox 1276 1968 1493 2039; x_wconf 88' lang='lat' dir='ltr'><strong>dignum</strong></span> <span class='ocrx_word' id='word_1_143' title='bbox 1542 1982 1663 2021; x_wconf 89' lang='lat' dir='ltr'><strong>esse</strong></span> <span class='ocrx_word' id='word_1_144' title='bbox 1696 1967 1951 2021; x_wconf 80' lang='lat' dir='ltr'><strong>ostendit.</strong></span> <span class='ocrx_word' id='word_1_145' title='bbox 1984 1964 2007 1977; x_wconf 90' lang='lat'><strong><em>&#39;</em></strong></span> 
     </span>
    </p>
   </div>
   <div class='ocr_carea' id='block_1_21' title="bbox 367 2057 1953 2130">
    <p class='ocr_par' dir='ltr' id='par_1_21' title="bbox 367 2057 1953 2130">
     <span class='ocr_line' id='line_1_21' title="bbox 367 2057 1953 2130; baseline -0.004 -14"><span class='ocrx_word' id='word_1_146' title='bbox 367 2060 525 2116; x_wconf 83' lang='lat' dir='ltr'><strong>Unde</strong></span> <span class='ocrx_word' id='word_1_147' title='bbox 572 2074 898 2130; x_wconf 76' lang='lat' dir='ltr'><strong>magnopere</strong></span> <span class='ocrx_word' id='word_1_148' title='bbox 941 2059 1238 2113; x_wconf 89' lang='lat' dir='ltr'><strong>curandum</strong></span> <span class='ocrx_word' id='word_1_149' title='bbox 1266 2066 1387 2120; x_wconf 85' lang='lat' dir='ltr'><strong>est,</strong></span> <span class='ocrx_word' id='word_1_150' title='bbox 1430 2067 1482 2113; x_wconf 91' lang='lat' dir='ltr'><strong>et</strong></span> <span class='ocrx_word' id='word_1_151' title='bbox 1512 2072 1674 2112; x_wconf 89' lang='lat' dir='ltr'><strong>omne</strong></span> <span class='ocrx_word' id='word_1_152' title='bbox 1717 2057 1953 2111; x_wconf 73' lang='lat' dir='ltr'><strong>studium</strong></span> 
     </span>
    </p>
   </div>
   <div class='ocr_carea' id='block_1_22' title="bbox 367 2147 1954 2219">
    <p class='ocr_par' dir='ltr' id='par_1_22' title="bbox 367 2147 1954 2219">
     <span class='ocr_line' id='line_1_22' title="bbox 367 2147 1954 2219; baseline -0.002 -16"><span class='ocrx_word' id='word_1_153' title='bbox 367 2150 805 2219; x_wconf 75' lang='lat' dir='ltr'><strong>impendentium,</strong></span> <span class='ocrx_word' id='word_1_154' title='bbox 833 2164 899 2204; x_wconf 90' lang='lat' dir='ltr'><strong>ne</strong></span> <span class='ocrx_word' id='word_1_155' title='bbox 925 2150 1250 2204; x_wconf 89' lang='lat' dir='ltr'><strong>seducamur</strong></span> <span class='ocrx_word' id='word_1_156' title='bbox 1274 2148 1341 2201; x_wconf 89' lang='lat' dir='ltr'><strong>ab</strong></span> <span class='ocrx_word' id='word_1_157' title='bbox 1376 2148 1683 2219; x_wconf 87' lang='lat' dir='ltr'><strong>hujnsmodi</strong></span> <span class='ocrx_word' id='word_1_158' title='bbox 1721 2147 1954 2201; x_wconf 88' lang='lat' dir='ltr'><strong>homini-</strong></span> 
     </span>
    </p>
   </div>
   <div class='ocr_carea' id='block_1_23' title="bbox 366 2240 1954 2310">
    <p class='ocr_par' dir='ltr' id='par_1_23' title="bbox 366 2240 1954 2310">
     <span class='ocr_line' id='line_1_23' title="bbox 366 2240 1954 2310; baseline 0 -15"><span class='ocrx_word' id='word_1_159' title='bbox 366 2243 487 2307; x_wconf 85' lang='lat' dir='ltr'><strong>bus,</strong></span> <span class='ocrx_word' id='word_1_160' title='bbox 519 2256 750 2309; x_wconf 86' lang='lat' dir='ltr'><strong>quorum</strong></span> <span class='ocrx_word' id='word_1_161' title='bbox 775 2241 1021 2296; x_wconf 84' lang='lat' dir='ltr'><strong>doctrina</strong></span> <span class='ocrx_word' id='word_1_162' title='bbox 1061 2248 1118 2295; x_wconf 90' lang='lat' dir='ltr'><strong>et</strong></span> <span class='ocrx_word' id='word_1_163' title='bbox 1137 2255 1301 2310; x_wconf 83' lang='lat' dir='ltr'><strong>Opera</strong></span> <span class='ocrx_word' id='word_1_164' title='bbox 1332 2240 1507 2294; x_wconf 88' lang='lat' dir='ltr'><strong>aliena</strong></span> <span class='ocrx_word' id='word_1_165' title='bbox 1539 2249 1664 2295; x_wconf 91' lang='lat' dir='ltr'><strong>sunt</strong></span> <span class='ocrx_word' id='word_1_166' title='bbox 1699 2256 1729 2294; x_wconf 91' lang='lat' dir='ltr'><strong>a</strong></span> <span class='ocrx_word' id='word_1_167' title='bbox 1753 2240 1954 2295; x_wconf 85' lang='lat' dir='ltr'><strong>Christi</strong></span> 
     </span>
    </p>
   </div>
   <div class='ocr_carea' id='block_1_24' title="bbox 366 2330 1930 2404">
    <p class='ocr_par' dir='ltr' id='par_1_24' title="bbox 366 2330 1930 2404">
     <span class='ocr_line' id='line_1_24' title="bbox 366 2330 1930 2404; baseline 0.003 -19"><span class='ocrx_word' id='word_1_168' title='bbox 366 2332 629 2387; x_wconf 83' lang='lat' dir='ltr'><strong>Ecclesia.</strong></span> <span class='ocrx_word' id='word_1_169' title='bbox 658 2333 809 2387; x_wconf 83' lang='lat' dir='ltr'><strong>Unde</strong></span> <span class='ocrx_word' id='word_1_170' title='bbox 853 2341 909 2386; x_wconf 91' lang='lat' dir='ltr'><strong>et</strong></span> <span class='ocrx_word' id='word_1_171' title='bbox 943 2332 1299 2404; x_wconf 89' lang='lat' dir='ltr'><strong>alienigenam</strong></span> <span class='ocrx_word' id='word_1_172' title='bbox 1329 2332 1383 2386; x_wconf 92' lang='lat' dir='ltr'><strong>in</strong></span> <span class='ocrx_word' id='word_1_173' title='bbox 1414 2333 1764 2402; x_wconf 87' lang='lat' dir='ltr'><strong>sequentibus</strong></span> <span class='ocrx_word' id='word_1_174' title='bbox 1794 2330 1930 2389; x_wconf 89' lang='lat' dir='ltr'><strong>tales</strong></span> 
     </span>
    </p>
   </div>
   <div class='ocr_carea' id='block_1_25' title="bbox 365 2424 1954 2494">
    <p class='ocr_par' dir='ltr' id='par_1_25' title="bbox 365 2424 1954 2494">
     <span class='ocr_line' id='line_1_25' title="bbox 365 2424 1954 2494; baseline 0.001 -18"><span class='ocrx_word' id='word_1_175' title='bbox 365 2425 631 2490; x_wconf 83' lang='lat' dir='ltr'><strong>nominat,</strong></span> <span class='ocrx_word' id='word_1_176' title='bbox 662 2426 785 2494; x_wconf 83' lang='lat' dir='ltr'><strong>quia</strong></span> <span class='ocrx_word' id='word_1_177' title='bbox 808 2425 1031 2480; x_wconf 86' lang='lat' dir='ltr'><strong>omnino</strong></span> <span class='ocrx_word' id='word_1_178' title='bbox 1056 2424 1216 2479; x_wconf 88' lang='lat' dir='ltr'><strong>alieni</strong></span> <span class='ocrx_word' id='word_1_179' title='bbox 1240 2433 1366 2479; x_wconf 92' lang='lat' dir='ltr'><strong>sunt</strong></span> <span class='ocrx_word' id='word_1_180' title='bbox 1389 2441 1418 2478; x_wconf 90' lang='lat' dir='ltr'><strong>a</strong></span> <span class='ocrx_word' id='word_1_181' title='bbox 1442 2425 1789 2494; x_wconf 87' lang='lat' dir='ltr'><strong>generatione</strong></span> <span class='ocrx_word' id='word_1_182' title='bbox 1809 2439 1954 2493; x_wconf 82' lang='lat' dir='ltr'><strong>quae-</strong></span> 
     </span>
    </p>
   </div>
   <div class='ocr_carea' id='block_1_26' title="bbox 367 2506 1950 2588">
    <p class='ocr_par' dir='ltr' id='par_1_26' title="bbox 367 2506 1950 2588">
     <span class='ocr_line' id='line_1_26' title="bbox 367 2506 1950 2588; baseline -0.001 -17"><span class='ocrx_word' id='word_1_183' title='bbox 367 2520 603 2572; x_wconf 81' lang='lat' dir='ltr'><strong>rentium</strong></span> <span class='ocrx_word' id='word_1_184' title='bbox 644 2518 952 2584; x_wconf 90' lang='lat' dir='ltr'><strong>Dominum,</strong></span> <span class='ocrx_word' id='word_1_185' title='bbox 981 2518 1370 2588; x_wconf 87' lang='lat' dir='ltr'><strong>requirentium</strong></span> <span class='ocrx_word' id='word_1_186' title='bbox 1406 2506 1595 2571; x_wconf 77' lang='lat' dir='ltr'><strong>faciem</strong></span> <span class='ocrx_word' id='word_1_187' title='bbox 1628 2517 1720 2570; x_wconf 77' lang='lat' dir='ltr'><strong>Dei</strong></span> <span class='ocrx_word' id='word_1_188' title='bbox 1762 2515 1950 2579; x_wconf 81' lang='lat' dir='ltr'><strong>Jacoh,</strong></span> 
     </span>
    </p>
   </div>
   <div class='ocr_carea' id='block_1_27' title="bbox 366 2608 1950 2681">
    <p class='ocr_par' dir='ltr' id='par_1_27' title="bbox 366 2608 1950 2681">
     <span class='ocr_line' id='line_1_27' title="bbox 366 2608 1950 2681; baseline -0.004 -16"><span class='ocrx_word' id='word_1_189' title='bbox 366 2618 423 2665; x_wconf 88' lang='lat' dir='ltr'><strong>et</strong></span> <span class='ocrx_word' id='word_1_190' title='bbox 444 2611 718 2681; x_wconf 88' lang='lat' dir='ltr'><strong>pertinent</strong></span> <span class='ocrx_word' id='word_1_191' title='bbox 740 2611 806 2664; x_wconf 90' lang='lat' dir='ltr'><strong>ad</strong></span> <span class='ocrx_word' id='word_1_192' title='bbox 837 2610 982 2665; x_wconf 89' lang='lat' dir='ltr'><strong>illam</strong></span> <span class='ocrx_word' id='word_1_193' title='bbox 1013 2609 1442 2678; x_wconf 79' lang='lat' dir='ltr'><strong>generationem,</strong></span> <span class='ocrx_word' id='word_1_194' title='bbox 1467 2612 1531 2663; x_wconf 90' lang='lat' dir='ltr'><strong>de</strong></span> <span class='ocrx_word' id='word_1_195' title='bbox 1557 2625 1658 2678; x_wconf 87' lang='lat' dir='ltr'><strong>qua</strong></span> <span class='ocrx_word' id='word_1_196' title='bbox 1691 2608 1950 2677; x_wconf 89' lang='lat' dir='ltr'><strong>scriptum</strong></span> 
     </span>
    </p>
   </div>
   <div class='ocr_carea' id='block_1_28' title="bbox 365 2702 1954 2774">
    <p class='ocr_par' dir='ltr' id='par_1_28' title="bbox 365 2702 1954 2774">
     <span class='ocr_line' id='line_1_28' title="bbox 365 2702 1954 2774; baseline 0 -17"><span class='ocrx_word' id='word_1_197' title='bbox 365 2713 485 2759; x_wconf 90' lang='lat' dir='ltr'><strong>cst:</strong></span> <span class='ocrx_word' id='word_1_198' title='bbox 534 2723 552 2754; x_wconf 76' lang='grc' dir='ltr'>ι</span> <span class='ocrx_word' id='word_1_199' title='bbox 588 2702 877 2759; x_wconf 89' lang='lat' dir='ltr'><strong>Generatio</strong></span> <span class='ocrx_word' id='word_1_200' title='bbox 922 2719 1088 2774; x_wconf 84' lang='lat' dir='ltr'><strong>prava</strong></span> <span class='ocrx_word' id='word_1_201' title='bbox 1134 2712 1189 2758; x_wconf 89' lang='lat' dir='ltr'><strong>et</strong></span> <span class='ocrx_word' id='word_1_202' title='bbox 1229 2718 1482 2773; x_wconf 89' lang='lat' dir='ltr'><strong>perversa</strong></span> <span class='ocrx_word' id='word_1_203' title='bbox 1508 2743 1523 2767; x_wconf 89' lang='lat'><strong>,</strong></span> <span class='ocrx_word' id='word_1_204' title='bbox 1580 2720 1610 2757; x_wconf 89' lang='lat' dir='ltr'><strong>a</strong></span> <span class='ocrx_word' id='word_1_205' title='bbox 1640 2719 1745 2772; x_wconf 88' lang='lat' dir='ltr'><strong>qua</strong></span> <span class='ocrx_word' id='word_1_206' title='bbox 1776 2702 1954 2757; x_wconf 85' lang='lat' dir='ltr'><strong>omnis</strong></span> 
     </span>
    </p>
   </div>
   <div class='ocr_carea' id='block_1_29' title="bbox 366 2797 1954 2868">
    <p class='ocr_par' dir='ltr' id='par_1_29' title="bbox 366 2797 1954 2868">
     <span class='ocr_line' id='line_1_29' title="bbox 366 2797 1954 2868; baseline -0.001 -16"><span class='ocrx_word' id='word_1_207' title='bbox 366 2797 881 2868; x_wconf 84' lang='lat' dir='ltr'><strong>sanguisjustorum</strong></span> <span class='ocrx_word' id='word_1_208' title='bbox 914 2798 1242 2867; x_wconf 87' lang='lat' dir='ltr'><strong>requirctur,</strong></span> <span class='ocrx_word' id='word_1_209' title='bbox 1287 2798 1378 2868; x_wconf 88' lang='lat' dir='ltr'><strong>qui</strong></span> <span class='ocrx_word' id='word_1_210' title='bbox 1404 2797 1607 2853; x_wconf 86' lang='lat' dir='ltr'><strong>effusus</strong></span> <span class='ocrx_word' id='word_1_211' title='bbox 1638 2809 1722 2852; x_wconf 91' lang='lat' dir='ltr'><strong>est</strong></span> <span class='ocrx_word' id='word_1_212' title='bbox 1753 2799 1822 2853; x_wconf 90' lang='lat' dir='ltr'><strong>ab</strong></span> <span class='ocrx_word' id='word_1_213' title='bbox 1853 2798 1954 2852; x_wconf 91' lang='lat' dir='ltr'><strong>ini-</strong></span> 
     </span>
    </p>
   </div>
   <div class='ocr_carea' id='block_1_30' title="bbox 367 2887 1952 2969">
    <p class='ocr_par' dir='ltr' id='par_1_30' title="bbox 367 2887 1952 2969">
     <span class='ocr_line' id='line_1_30' title="bbox 367 2887 1952 2969; baseline 0.001 -28"><span class='ocrx_word' id='word_1_214' title='bbox 367 2889 445 2969; x_wconf 81' lang='lat' dir='ltr'><strong>tio</strong></span> <span class='ocrx_word' id='word_1_215' title='bbox 473 2887 680 2952; x_wconf 87' lang='lat' dir='ltr'><strong>mundi,</strong></span> <span class='ocrx_word' id='word_1_216' title='bbox 711 2904 740 2942; x_wconf 89' lang='lat' dir='ltr'><strong>a</strong></span> <span class='ocrx_word' id='word_1_217' title='bbox 763 2889 1024 2960; x_wconf 87' lang='lat' dir='ltr'><strong>sanguine</strong></span> <span class='ocrx_word' id='word_1_218' title='bbox 1047 2888 1178 2944; x_wconf 80' lang='lat' dir='ltr'><strong>Abel</strong></span> <span class='ocrx_word' id='word_1_219' title='bbox 1189 2888 1342 2957; x_wconf 90' lang='lat' dir='ltr'><strong>justi,</strong></span> <span class='ocrx_word' id='word_1_220' title='bbox 1359 2904 1525 2958; x_wconf 88' lang='lat' dir='ltr'><strong>usque</strong></span> <span class='ocrx_word' id='word_1_221' title='bbox 1549 2888 1614 2943; x_wconf 91' lang='lat' dir='ltr'><strong>ad</strong></span> <span class='ocrx_word' id='word_1_222' title='bbox 1637 2889 1952 2960; x_wconf 86' lang='lat' dir='ltr'><strong>sanguinem</strong></span> 
     </span>
    </p>
   </div>
   <div class='ocr_carea' id='block_1_31' title="bbox 365 2976 1951 3052">
    <p class='ocr_par' dir='ltr' id='par_1_31' title="bbox 365 2976 1951 3052">
     <span class='ocr_line' id='line_1_31' title="bbox 365 2976 1951 3052; baseline 0.002 -20"><span class='ocrx_word' id='word_1_223' title='bbox 365 2976 648 3034; x_wconf 65' lang='lat' dir='ltr'><strong>Zachariae</strong></span> <span class='ocrx_word' id='word_1_224' title='bbox 683 2979 774 3033; x_wconf 74' lang='lat' dir='ltr'><strong>filii</strong></span> <span class='ocrx_word' id='word_1_225' title='bbox 820 2978 1099 3036; x_wconf 62' lang='lat' dir='ltr'><strong>Barachiaz</strong></span> <span class='ocrx_word' id='word_1_226' title='bbox 1121 3020 1135 3045; x_wconf 88' lang='lat'><strong>,</strong></span> <span class='ocrx_word' id='word_1_227' title='bbox 1166 2982 1256 3052; x_wconf 88' lang='lat' dir='ltr'><strong>qui</strong></span> <span class='ocrx_word' id='word_1_228' title='bbox 1280 2980 1494 3036; x_wconf 83' lang='lat' dir='ltr'><strong>occisus</strong></span> <span class='ocrx_word' id='word_1_229' title='bbox 1521 2990 1603 3035; x_wconf 89' lang='lat' dir='ltr'><strong>est</strong></span> <span class='ocrx_word' id='word_1_230' title='bbox 1643 2982 1785 3036; x_wconf 89' lang='lat' dir='ltr'><strong>inter</strong></span> <span class='ocrx_word' id='word_1_231' title='bbox 1812 2989 1951 3036; x_wconf 87' lang='lat' dir='ltr'><strong>tem-</strong></span> 
     </span>
    </p>
   </div>
   <div class='ocr_carea' id='block_1_32' title="bbox 367 3068 1950 3141">
    <p class='ocr_par' dir='ltr' id='par_1_32' title="bbox 367 3068 1950 3141">
     <span class='ocr_line' id='line_1_32' title="bbox 367 3068 1950 3141; baseline 0 -18"><span class='ocrx_word' id='word_1_232' title='bbox 367 3070 512 3140; x_wconf 83' lang='lat' dir='ltr'><strong>plum</strong></span> <span class='ocrx_word' id='word_1_233' title='bbox 569 3078 626 3123; x_wconf 91' lang='lat' dir='ltr'><strong>et</strong></span> <span class='ocrx_word' id='word_1_234' title='bbox 670 3068 843 3126; x_wconf 89' lang='lat' dir='ltr'><strong>altare</strong></span> <span class='ocrx_word' id='word_1_235' title='bbox 896 3069 1111 3141; x_wconf 82' lang='lat' dir='ltr'><strong>(Matth.</strong></span> <span class='ocrx_word' id='word_1_236' title='bbox 1149 3072 1327 3141; x_wconf 75' lang='lat' dir='ltr'><strong>mn).</strong></span> <span class='ocrx_word' id='word_1_237' title='bbox 1360 3091 1380 3123; x_wconf 73' lang='grc' dir='ltr'><strong><em>ι</em></strong></span> <span class='ocrx_word' id='word_1_238' title='bbox 1451 3071 1767 3126; x_wconf 86' lang='lat' dir='ltr'><strong>lnnocentes</strong></span> <span class='ocrx_word' id='word_1_239' title='bbox 1807 3070 1950 3126; x_wconf 89' lang='lat' dir='ltr'><strong>enim</strong></span> 
     </span>
    </p>
   </div>
   <div class='ocr_carea' id='block_1_33' title="bbox 2048 494 3632 573">
    <p class='ocr_par' dir='ltr' id='par_1_33' title="bbox 2048 494 3632 573">
     <span class='ocr_line' id='line_1_33' title="bbox 2048 494 3632 573; baseline 0 -19"><span class='ocrx_word' id='word_1_240' title='bbox 2048 516 2178 573; x_wconf 67' lang='lat' dir='ltr'><strong>syaa</strong></span> <span class='ocrx_word' id='word_1_241' title='bbox 2226 509 2315 553; x_wconf 91' lang='lat' dir='ltr'><strong>tua</strong></span> <span class='ocrx_word' id='word_1_242' title='bbox 2349 499 2403 553; x_wconf 90' lang='lat' dir='ltr'><strong>in</strong></span> <span class='ocrx_word' id='word_1_243' title='bbox 2448 497 2783 561; x_wconf 84' lang='lat' dir='ltr'><strong>abscondito,</strong></span> <span class='ocrx_word' id='word_1_244' title='bbox 2814 504 2868 549; x_wconf 90' lang='lat' dir='ltr'><strong>ct</strong></span> <span class='ocrx_word' id='word_1_245' title='bbox 2910 494 3069 549; x_wconf 83' lang='lat' dir='ltr'><strong>Pater</strong></span> <span class='ocrx_word' id='word_1_246' title='bbox 3093 505 3235 559; x_wconf 90' lang='lat' dir='ltr'><strong>tuus,</strong></span> <span class='ocrx_word' id='word_1_247' title='bbox 3263 498 3354 567; x_wconf 94' lang='lat' dir='ltr'><strong>qui</strong></span> <span class='ocrx_word' id='word_1_248' title='bbox 3391 498 3532 553; x_wconf 85' lang='lat' dir='ltr'><strong>videt</strong></span> <span class='ocrx_word' id='word_1_249' title='bbox 3580 501 3632 554; x_wconf 88' lang='lat' dir='ltr'><strong>in</strong></span> 
     </span>
    </p>
   </div>
   <div class='ocr_carea' id='block_1_34' title="bbox 2047 586 3636 657">
    <p class='ocr_par' dir='ltr' id='par_1_34' title="bbox 2047 586 3636 657">
     <span class='ocr_line' id='line_1_34' title="bbox 2047 586 3636 657; baseline -0.001 -11"><span class='ocrx_word' id='word_1_250' title='bbox 2047 590 2386 654; x_wconf 71' lang='lat' dir='ltr'><strong>absondito,</strong></span> <span class='ocrx_word' id='word_1_251' title='bbox 2412 590 2598 643; x_wconf 81' lang='lat' dir='ltr'><strong>reddet</strong></span> <span class='ocrx_word' id='word_1_252' title='bbox 2629 588 2744 641; x_wconf 89' lang='lat' dir='ltr'><strong>tihi.</strong></span> <span class='ocrx_word' id='word_1_253' title='bbox 2776 607 2793 639; x_wconf 72' lang='grc' dir='ltr'><strong>ι</strong></span> <span class='ocrx_word' id='word_1_254' title='bbox 2837 605 2854 637; x_wconf 76' lang='grc' dir='ltr'>ι</span> <span class='ocrx_word' id='word_1_255' title='bbox 2892 586 3139 648; x_wconf 85' lang='lat' dir='ltr'><strong>Benefac,</strong></span> <span class='ocrx_word' id='word_1_256' title='bbox 3175 589 3365 657; x_wconf 91' lang='lat' dir='ltr'><strong>inquit,</strong></span> <span class='ocrx_word' id='word_1_257' title='bbox 3386 587 3554 657; x_wconf 84' lang='lat' dir='ltr'><strong>justo,</strong></span> <span class='ocrx_word' id='word_1_258' title='bbox 3578 598 3636 644; x_wconf 83' lang='lat' dir='ltr'><strong>et</strong></span> 
     </span>
    </p>
   </div>
   <div class='ocr_carea' id='block_1_35' title="bbox 2054 677 3633 748">
    <p class='ocr_par' dir='ltr' id='par_1_35' title="bbox 2054 677 3633 748">
     <span class='ocr_line' id='line_1_35' title="bbox 2054 677 3633 748; baseline 0 -13"><span class='ocrx_word' id='word_1_259' title='bbox 2054 680 2291 735; x_wconf 74' lang='lat' dir='ltr'><strong>invenies</strong></span> <span class='ocrx_word' id='word_1_260' title='bbox 2334 679 2744 740; x_wconf 85' lang='lat' dir='ltr'><strong>retributionem</strong></span> <span class='ocrx_word' id='word_1_261' title='bbox 2793 693 3061 748; x_wconf 87' lang='lat' dir='ltr'><strong>magnam.</strong></span> <span class='ocrx_word' id='word_1_262' title='bbox 3092 697 3109 728; x_wconf 73' lang='grc' dir='ltr'><strong>ι</strong></span> <span class='ocrx_word' id='word_1_263' title='bbox 3142 677 3420 733; x_wconf 84' lang='lat' dir='ltr'><strong>Bencfacit</strong></span> <span class='ocrx_word' id='word_1_264' title='bbox 3460 679 3633 748; x_wconf 82' lang='lat' dir='ltr'><strong>justo,</strong></span> 
     </span>
    </p>
   </div>
   <div class='ocr_carea' id='block_1_36' title="bbox 2048 769 3632 842">
    <p class='ocr_par' dir='ltr' id='par_1_36' title="bbox 2048 769 3632 842">
     <span class='ocr_line' id='line_1_36' title="bbox 2048 769 3632 842; baseline 0.001 -17"><span class='ocrx_word' id='word_1_265' title='bbox 2048 773 2137 842; x_wconf 88' lang='lat' dir='ltr'><strong>qui</strong></span> <span class='ocrx_word' id='word_1_266' title='bbox 2162 773 2231 826; x_wconf 91' lang='lat' dir='ltr'><strong>ob</strong></span> <span class='ocrx_word' id='word_1_267' title='bbox 2256 771 2481 839; x_wconf 82' lang='lat' dir='ltr'><strong>justitiae</strong></span> <span class='ocrx_word' id='word_1_268' title='bbox 2510 784 2751 824; x_wconf 89' lang='lat' dir='ltr'><strong>amorem</strong></span> <span class='ocrx_word' id='word_1_269' title='bbox 2781 784 2935 838; x_wconf 88' lang='lat' dir='ltr'><strong>opem</strong></span> <span class='ocrx_word' id='word_1_270' title='bbox 2971 769 3201 839; x_wconf 83' lang='lat' dir='ltr'><strong>porrigit</strong></span> <span class='ocrx_word' id='word_1_271' title='bbox 3245 785 3434 840; x_wconf 84' lang='lat' dir='ltr'><strong>egeno,</strong></span> <span class='ocrx_word' id='word_1_272' title='bbox 3478 772 3632 840; x_wconf 85' lang='lat' dir='ltr'><strong>cujus</strong></span> 
     </span>
    </p>
   </div>
   <div class='ocr_carea' id='block_1_37' title="bbox 2050 860 3631 930">
    <p class='ocr_par' dir='ltr' id='par_1_37' title="bbox 2050 860 3631 930">
     <span class='ocr_line' id='line_1_37' title="bbox 2050 860 3631 930; baseline -0.001 -12"><span class='ocrx_word' id='word_1_273' title='bbox 2050 864 2334 918; x_wconf 77' lang='lat' dir='ltr'><strong>retributio</strong></span> <span class='ocrx_word' id='word_1_274' title='bbox 2381 870 2465 916; x_wconf 88' lang='lat' dir='ltr'><strong>est</strong></span> <span class='ocrx_word' id='word_1_275' title='bbox 2512 876 2723 930; x_wconf 83' lang='lat' dir='ltr'><strong>magna,</strong></span> <span class='ocrx_word' id='word_1_276' title='bbox 2757 860 2882 929; x_wconf 89' lang='lat' dir='ltr'><strong>quia</strong></span> <span class='ocrx_word' id='word_1_277' title='bbox 2930 868 3022 912; x_wconf 91' lang='lat' dir='ltr'><strong>aut</strong></span> <span class='ocrx_word' id='word_1_278' title='bbox 3070 860 3157 913; x_wconf 91' lang='lat' dir='ltr'><strong>hic</strong></span> <span class='ocrx_word' id='word_1_279' title='bbox 3200 861 3631 916; x_wconf 85' lang='lat' dir='ltr'><strong>vicissitudinem</strong></span> 
     </span>
    </p>
   </div>
   <div class='ocr_carea' id='block_1_38' title="bbox 2050 950 3632 1022">
    <p class='ocr_par' dir='ltr' id='par_1_38' title="bbox 2050 950 3632 1022">
     <span class='ocr_line' id='line_1_38' title="bbox 2050 950 3632 1022; baseline -0.001 -15"><span class='ocrx_word' id='word_1_280' title='bbox 2050 954 2275 1022; x_wconf 87' lang='lat' dir='ltr'><strong>recipiet</strong></span> <span class='ocrx_word' id='word_1_281' title='bbox 2295 953 2618 1007; x_wconf 85' lang='lat' dir='ltr'><strong>charitatem</strong></span> <span class='ocrx_word' id='word_1_282' title='bbox 2654 950 2973 1013; x_wconf 80' lang='lat' dir='ltr'><strong>fraternam,</strong></span> <span class='ocrx_word' id='word_1_283' title='bbox 3011 960 3103 1003; x_wconf 89' lang='lat' dir='ltr'><strong>aut</strong></span> <span class='ocrx_word' id='word_1_284' title='bbox 3145 950 3214 1003; x_wconf 90' lang='lat' dir='ltr'><strong>ab</strong></span> <span class='ocrx_word' id='word_1_285' title='bbox 3258 950 3373 1019; x_wconf 88' lang='lat' dir='ltr'><strong>ipso</strong></span> <span class='ocrx_word' id='word_1_286' title='bbox 3407 951 3632 1005; x_wconf 83' lang='lat' dir='ltr'><strong>Domino</strong></span> 
     </span>
    </p>
   </div>
   <div class='ocr_carea' id='block_1_39' title="bbox 2052 1044 3634 1112">
    <p class='ocr_par' dir='ltr' id='par_1_39' title="bbox 2052 1044 3634 1112">
     <span class='ocr_line' id='line_1_39' title="bbox 2052 1044 3634 1112; baseline -0.002 -13"><span class='ocrx_word' id='word_1_287' title='bbox 2052 1046 2104 1099; x_wconf 91' lang='lat' dir='ltr'><strong>in</strong></span> <span class='ocrx_word' id='word_1_288' title='bbox 2148 1045 2328 1099; x_wconf 89' lang='lat' dir='ltr'><strong>futuro</strong></span> <span class='ocrx_word' id='word_1_289' title='bbox 2360 1044 2793 1098; x_wconf 83' lang='lat' dir='ltr'><strong>remunerahitur</strong></span> <span class='ocrx_word' id='word_1_290' title='bbox 2816 1058 2941 1096; x_wconf 88' lang='lat' dir='ltr'><strong>arce</strong></span> <span class='ocrx_word' id='word_1_291' title='bbox 2975 1057 3225 1112; x_wconf 87' lang='lat' dir='ltr'><strong>superna.</strong></span> <span class='ocrx_word' id='word_1_292' title='bbox 3260 1061 3276 1091; x_wconf 77' lang='grc' dir='ltr'>ι</span> <span class='ocrx_word' id='word_1_293' title='bbox 3317 1044 3466 1097; x_wconf 74' lang='lat' dir='ltr'><strong>Beati</strong></span> <span class='ocrx_word' id='word_1_294' title='bbox 3489 1045 3634 1098; x_wconf 67' lang='lat' dir='ltr'><strong>enim</strong></span> 
     </span>
    </p>
   </div>
   <div class='ocr_carea' id='block_1_40' title="bbox 2051 1137 3631 1207">
    <p class='ocr_par' dir='ltr' id='par_1_40' title="bbox 2051 1137 3631 1207">
     <span class='ocr_line' id='line_1_40' title="bbox 2051 1137 3631 1207; baseline 0.001 -17"><span class='ocrx_word' id='word_1_295' title='bbox 2051 1139 2141 1206; x_wconf 93' lang='lat' dir='ltr'><strong>qni</strong></span> <span class='ocrx_word' id='word_1_296' title='bbox 2174 1139 2419 1191; x_wconf 90' lang='lat' dir='ltr'><strong>csuriunt</strong></span> <span class='ocrx_word' id='word_1_297' title='bbox 2450 1146 2501 1192; x_wconf 89' lang='lat' dir='ltr'><strong>et</strong></span> <span class='ocrx_word' id='word_1_298' title='bbox 2530 1137 3027 1205; x_wconf 85' lang='lat' dir='ltr'><strong>sitinnLjustitiam,</strong></span> <span class='ocrx_word' id='word_1_299' title='bbox 3068 1138 3320 1207; x_wconf 88' lang='lat' dir='ltr'><strong>quoniam</strong></span> <span class='ocrx_word' id='word_1_300' title='bbox 3354 1138 3452 1207; x_wconf 86' lang='lat' dir='ltr'><strong>ipsi</strong></span> <span class='ocrx_word' id='word_1_301' title='bbox 3481 1147 3631 1193; x_wconf 78' lang='lat' dir='ltr'><strong>satu-</strong></span> 
     </span>
    </p>
   </div>
   <div class='ocr_carea' id='block_1_41' title="bbox 2052 1227 2715 1299">
    <p class='ocr_par' dir='ltr' id='par_1_41' title="bbox 2052 1227 2715 1299">
     <span class='ocr_line' id='line_1_41' title="bbox 2052 1227 2715 1299; baseline -0.003 -18"><span class='ocrx_word' id='word_1_302' title='bbox 2052 1228 2315 1282; x_wconf 86' lang='lat' dir='ltr'><strong>rabuntur</strong></span> <span class='ocrx_word' id='word_1_303' title='bbox 2342 1227 2556 1299; x_wconf 84' lang='lat' dir='ltr'><strong>(Matth.</strong></span> <span class='ocrx_word' id='word_1_304' title='bbox 2588 1227 2662 1298; x_wconf 83' lang='lat' dir='ltr'><strong>v).</strong></span> <span class='ocrx_word' id='word_1_305' title='bbox 2697 1247 2715 1279; x_wconf 75' lang='grc' dir='ltr'><strong><em>ι</em></strong></span> 
     </span>
    </p>
   </div>
   <div class='ocr_carea' id='block_1_42' title="bbox 2130 1309 3668 1386">
    <p class='ocr_par' dir='ltr' id='par_1_42' title="bbox 2130 1309 3668 1386">
     <span class='ocr_line' id='line_1_42' title="bbox 2130 1309 3668 1386; baseline 0.004 -17"><span class='ocrx_word' id='word_1_306' title='bbox 2130 1337 2147 1368; x_wconf 74' lang='grc' dir='ltr'><strong><em>ι</em></strong></span> <span class='ocrx_word' id='word_1_307' title='bbox 2186 1317 2300 1371; x_wconf 83' lang='lat' dir='ltr'><strong>Non</strong></span> <span class='ocrx_word' id='word_1_308' title='bbox 2343 1327 2426 1372; x_wconf 87' lang='lat' dir='ltr'><strong>est</strong></span> <span class='ocrx_word' id='word_1_309' title='bbox 2472 1318 2519 1372; x_wconf 89' lang='lat' dir='ltr'><strong>ei</strong></span> <span class='ocrx_word' id='word_1_310' title='bbox 2567 1318 2721 1382; x_wconf 79' lang='lat' dir='ltr'><strong>bene,</strong></span> <span class='ocrx_word' id='word_1_311' title='bbox 2764 1319 2854 1386; x_wconf 89' lang='lat' dir='ltr'><strong>qui</strong></span> <span class='ocrx_word' id='word_1_312' title='bbox 2895 1318 3143 1373; x_wconf 88' lang='lat' dir='ltr'><strong>assiduus</strong></span> <span class='ocrx_word' id='word_1_313' title='bbox 3175 1327 3259 1374; x_wconf 88' lang='lat' dir='ltr'><strong>est</strong></span> <span class='ocrx_word' id='word_1_314' title='bbox 3286 1319 3339 1373; x_wconf 91' lang='lat' dir='ltr'><strong>in</strong></span> <span class='ocrx_word' id='word_1_315' title='bbox 3375 1320 3549 1384; x_wconf 88' lang='lat' dir='ltr'><strong>malis,</strong></span> <span class='ocrx_word' id='word_1_316' title='bbox 3580 1309 3668 1375; x_wconf 31' lang='lat' dir='ltr'><strong>et.</strong></span> 
     </span>
    </p>
   </div>
   <div class='ocr_carea' id='block_1_43' title="bbox 2057 1408 3636 1479">
    <p class='ocr_par' dir='ltr' id='par_1_43' title="bbox 2057 1408 3636 1479">
     <span class='ocr_line' id='line_1_43' title="bbox 2057 1408 3636 1479; baseline 0.004 -20"><span class='ocrx_word' id='word_1_317' title='bbox 2057 1428 2076 1459; x_wconf 77' lang='grc' dir='ltr'>ι</span> <span class='ocrx_word' id='word_1_318' title='bbox 2114 1408 2515 1479; x_wconf 86' lang='lat' dir='ltr'><strong>elccmosynam</strong></span> <span class='ocrx_word' id='word_1_319' title='bbox 2563 1425 2670 1462; x_wconf 89' lang='lat' dir='ltr'><strong>non</strong></span> <span class='ocrx_word' id='word_1_320' title='bbox 2706 1410 2894 1463; x_wconf 88' lang='lat' dir='ltr'><strong>danti:</strong></span> <span class='ocrx_word' id='word_1_321' title='bbox 2926 1410 3179 1478; x_wconf 87' lang='lat' dir='ltr'><strong>quoniam</strong></span> <span class='ocrx_word' id='word_1_322' title='bbox 3226 1418 3281 1463; x_wconf 92' lang='lat' dir='ltr'><strong>et</strong></span> <span class='ocrx_word' id='word_1_323' title='bbox 3325 1409 3636 1465; x_wconf 84' lang='lat' dir='ltr'><strong>Altissimus</strong></span> 
     </span>
    </p>
   </div>
   <div class='ocr_carea' id='block_1_44' title="bbox 2059 1499 3635 1569">
    <p class='ocr_par' dir='ltr' id='par_1_44' title="bbox 2059 1499 3635 1569">
     <span class='ocr_line' id='line_1_44' title="bbox 2059 1499 3635 1569; baseline 0.004 -21"><span class='ocrx_word' id='word_1_324' title='bbox 2059 1518 2077 1548; x_wconf 73' lang='grc' dir='ltr'>ι</span> <span class='ocrx_word' id='word_1_325' title='bbox 2116 1499 2240 1554; x_wconf 85' lang='lat' dir='ltr'><strong>odio</strong></span> <span class='ocrx_word' id='word_1_326' title='bbox 2269 1499 2432 1553; x_wconf 89' lang='lat' dir='ltr'><strong>habet</strong></span> <span class='ocrx_word' id='word_1_327' title='bbox 2456 1508 2792 1568; x_wconf 87' lang='lat' dir='ltr'><strong>peccatores,</strong></span> <span class='ocrx_word' id='word_1_328' title='bbox 2834 1508 2889 1553; x_wconf 92' lang='lat' dir='ltr'><strong>ct</strong></span> <span class='ocrx_word' id='word_1_329' title='bbox 2918 1499 3171 1553; x_wconf 87' lang='lat' dir='ltr'><strong>misertus</strong></span> <span class='ocrx_word' id='word_1_330' title='bbox 3215 1507 3296 1553; x_wconf 90' lang='lat' dir='ltr'><strong>est</strong></span> <span class='ocrx_word' id='word_1_331' title='bbox 3324 1500 3635 1569; x_wconf 52' lang='lat' dir='ltr'><strong>paenitenti-</strong></span> 
     </span>
    </p>
   </div>
   <div class='ocr_carea' id='block_1_45' title="bbox 2059 1589 3639 1660">
    <p class='ocr_par' dir='ltr' id='par_1_45' title="bbox 2059 1589 3639 1660">
     <span class='ocr_line' id='line_1_45' title="bbox 2059 1589 3639 1660; baseline 0.001 -19"><span class='ocrx_word' id='word_1_332' title='bbox 2059 1611 2076 1641; x_wconf 74' lang='grc' dir='ltr'>ι</span> <span class='ocrx_word' id='word_1_333' title='bbox 2115 1593 2233 1645; x_wconf 90' lang='lat' dir='ltr'><strong>hus.</strong></span> <span class='ocrx_word' id='word_1_334' title='bbox 2274 1612 2292 1643; x_wconf 78' lang='grc' dir='ltr'><strong><em>ι</em></strong></span> <span class='ocrx_word' id='word_1_335' title='bbox 2328 1589 2718 1645; x_wconf 78' lang='lat' dir='ltr'><strong>Gravissimum</strong></span> <span class='ocrx_word' id='word_1_336' title='bbox 2753 1591 2957 1644; x_wconf 87' lang='lat' dir='ltr'><strong>crimen</strong></span> <span class='ocrx_word' id='word_1_337' title='bbox 2990 1599 3075 1643; x_wconf 83' lang='lat' dir='ltr'><strong>est</strong></span> <span class='ocrx_word' id='word_1_338' title='bbox 3106 1600 3159 1644; x_wconf 90' lang='lat' dir='ltr'><strong>et</strong></span> <span class='ocrx_word' id='word_1_339' title='bbox 3182 1591 3442 1659; x_wconf 86' lang='lat' dir='ltr'><strong>impietati</strong></span> <span class='ocrx_word' id='word_1_340' title='bbox 3473 1591 3639 1660; x_wconf 86' lang='lat' dir='ltr'><strong>depu-</strong></span> 
     </span>
    </p>
   </div>
   <div class='ocr_carea' id='block_1_46' title="bbox 2054 1682 3634 1752">
    <p class='ocr_par' dir='ltr' id='par_1_46' title="bbox 2054 1682 3634 1752">
     <span class='ocr_line' id='line_1_46' title="bbox 2054 1682 3634 1752; baseline -0.003 -15"><span class='ocrx_word' id='word_1_341' title='bbox 2054 1683 2313 1747; x_wconf 88' lang='lat' dir='ltr'><strong>tandum,</strong></span> <span class='ocrx_word' id='word_1_342' title='bbox 2365 1683 2506 1751; x_wconf 90' lang='lat' dir='ltr'><strong>qnod</strong></span> <span class='ocrx_word' id='word_1_343' title='bbox 2554 1684 2677 1752; x_wconf 86' lang='lat' dir='ltr'><strong>quis</strong></span> <span class='ocrx_word' id='word_1_344' title='bbox 2726 1691 2845 1751; x_wconf 82' lang='lat' dir='ltr'><strong>post</strong></span> <span class='ocrx_word' id='word_1_345' title='bbox 2889 1682 3095 1751; x_wconf 86' lang='lat' dir='ltr'><strong>peccati</strong></span> <span class='ocrx_word' id='word_1_346' title='bbox 3140 1682 3488 1736; x_wconf 89' lang='lat' dir='ltr'><strong>commissum</strong></span> <span class='ocrx_word' id='word_1_347' title='bbox 3530 1698 3634 1735; x_wconf 80' lang='lat' dir='ltr'><strong>non</strong></span> 
     </span>
    </p>
   </div>
   <div class='ocr_carea' id='block_1_47' title="bbox 268 1774 3631 1858">
    <p class='ocr_par' dir='ltr' id='par_1_47' title="bbox 268 1774 3631 1858">
     <span class='ocr_line' id='line_1_47' title="bbox 268 1774 3631 1858; baseline -0.001 -28"><span class='ocrx_word' id='word_1_348' title='bbox 268 1784 283 1789; x_wconf 90' lang='grc'><strong><em>“</em></strong></span> <span class='ocrx_word' id='word_1_349' title='bbox 372 1809 392 1839; x_wconf 68' lang='grc' dir='ltr'><strong>ε</strong></span> <span class='ocrx_word' id='word_1_350' title='bbox 431 1789 485 1843; x_wconf 72' lang='lat' dir='ltr'><strong>in</strong></span> <span class='ocrx_word' id='word_1_351' title='bbox 532 1794 870 1858; x_wconf 61' lang='lat' dir='ltr'><strong>perpetuum.</strong></span> <span class='ocrx_word' id='word_1_352' title='bbox 902 1804 920 1837; x_wconf 69' lang='grc' dir='ltr'><strong>ι</strong></span> <span class='ocrx_word' id='word_1_353' title='bbox 955 1784 1254 1841; x_wconf 62' lang='lat' dir='ltr'><strong>[hereticus</strong></span> <span class='ocrx_word' id='word_1_354' title='bbox 1302 1786 1445 1840; x_wconf 82' lang='lat' dir='ltr'><strong>enim</strong></span> <span class='ocrx_word' id='word_1_355' title='bbox 1490 1784 1955 1855; x_wconf 53' lang='lat' dir='ltr'><strong>cooptarunt-dia-</strong></span> <span class='ocrx_word' id='word_1_356' title='bbox 1988 1785 2031 1842; x_wconf 80' lang='grc' dir='ltr'><strong>Β</strong></span> <span class='ocrx_word' id='word_1_357' title='bbox 2060 1778 2172 1831; x_wconf 83' lang='lat' dir='ltr'><strong>vult</strong></span> <span class='ocrx_word' id='word_1_358' title='bbox 2198 1776 2480 1846; x_wconf 70' lang='lat' dir='ltr'><strong>pmniteri,</strong></span> <span class='ocrx_word' id='word_1_359' title='bbox 2533 1791 2629 1830; x_wconf 89' lang='lat' dir='ltr'><strong>nec</strong></span> <span class='ocrx_word' id='word_1_360' title='bbox 2680 1784 2897 1844; x_wconf 80' lang='lat' dir='ltr'><strong>peccata</strong></span> <span class='ocrx_word' id='word_1_361' title='bbox 2940 1774 3293 1845; x_wconf 83' lang='lat' dir='ltr'><strong>cleemosynis</strong></span> <span class='ocrx_word' id='word_1_362' title='bbox 3338 1775 3631 1835; x_wconf 83' lang='lat' dir='ltr'><strong>redimere;</strong></span> 
     </span>
    </p>
   </div>
   <div class='ocr_carea' id='block_1_48' title="bbox 2058 1864 3637 1935">
    <p class='ocr_par' dir='ltr' id='par_1_48' title="bbox 2058 1864 3637 1935">
     <span class='ocr_line' id='line_1_48' title="bbox 2058 1864 3637 1935; baseline -0.003 -14"><span class='ocrx_word' id='word_1_363' title='bbox 2058 1866 2152 1921; x_wconf 88' lang='lat' dir='ltr'><strong>sed</strong></span> <span class='ocrx_word' id='word_1_364' title='bbox 2188 1867 2338 1919; x_wconf 72' lang='lat' dir='ltr'><strong>addit</strong></span> <span class='ocrx_word' id='word_1_365' title='bbox 2373 1873 2593 1935; x_wconf 81' lang='lat' dir='ltr'><strong>peccata</strong></span> <span class='ocrx_word' id='word_1_366' title='bbox 2639 1867 2905 1934; x_wconf 82' lang='lat' dir='ltr'><strong>peccatis,</strong></span> <span class='ocrx_word' id='word_1_367' title='bbox 2953 1874 3006 1917; x_wconf 90' lang='lat' dir='ltr'><strong>et</strong></span> <span class='ocrx_word' id='word_1_368' title='bbox 3046 1865 3187 1917; x_wconf 81' lang='lat' dir='ltr'><strong>mala</strong></span> <span class='ocrx_word' id='word_1_369' title='bbox 3230 1864 3548 1932; x_wconf 86' lang='lat' dir='ltr'><strong>multiplicat</strong></span> <span class='ocrx_word' id='word_1_370' title='bbox 3585 1864 3637 1917; x_wconf 87' lang='lat' dir='ltr'><strong>in</strong></span> 
     </span>
    </p>
   </div>
   <div class='ocr_carea' id='block_1_49' title="bbox 2056 1955 3636 2025">
    <p class='ocr_par' dir='ltr' id='par_1_49' title="bbox 2056 1955 3636 2025">
     <span class='ocr_line' id='line_1_49' title="bbox 2056 1955 3636 2025; baseline -0.003 -13"><span class='ocrx_word' id='word_1_371' title='bbox 2056 1957 2348 2012; x_wconf 80' lang='lat' dir='ltr'><strong>sceleribus</strong></span> <span class='ocrx_word' id='word_1_372' title='bbox 2372 1955 2620 2025; x_wconf 81' lang='lat' dir='ltr'><strong>plurimis</strong></span> <span class='ocrx_word' id='word_1_373' title='bbox 2645 1972 2657 2019; x_wconf 93' lang='lat'><strong>;</strong></span> <span class='ocrx_word' id='word_1_374' title='bbox 2685 1963 2738 2009; x_wconf 91' lang='lat' dir='ltr'><strong>ct</strong></span> <span class='ocrx_word' id='word_1_375' title='bbox 2761 1955 3053 2023; x_wconf 73' lang='lat' dir='ltr'><strong>desperans</strong></span> <span class='ocrx_word' id='word_1_376' title='bbox 3074 1956 3138 2007; x_wconf 88' lang='lat' dir='ltr'><strong>de</strong></span> <span class='ocrx_word' id='word_1_377' title='bbox 3160 1956 3468 2023; x_wconf 76' lang='lat' dir='ltr'><strong>semetipso,</strong></span> <span class='ocrx_word' id='word_1_378' title='bbox 3495 1955 3636 2007; x_wconf 69' lang='lat' dir='ltr'><strong>nulio</strong></span> 
     </span>
    </p>
   </div>
   <div class='ocr_carea' id='block_1_50' title="bbox 2056 2044 3638 2113">
    <p class='ocr_par' dir='ltr' id='par_1_50' title="bbox 2056 2044 3638 2113">
     <span class='ocr_line' id='line_1_50' title="bbox 2056 2044 3638 2113; baseline -0.003 -12"><span class='ocrx_word' id='word_1_379' title='bbox 2056 2048 2216 2101; x_wconf 85' lang='lat' dir='ltr'><strong>modo</strong></span> <span class='ocrx_word' id='word_1_380' title='bbox 2247 2046 2347 2099; x_wconf 87' lang='lat' dir='ltr'><strong>sibi</strong></span> <span class='ocrx_word' id='word_1_381' title='bbox 2376 2046 2656 2099; x_wconf 75' lang='lat' dir='ltr'><strong>subveniet</strong></span> <span class='ocrx_word' id='word_1_382' title='bbox 2684 2060 2781 2112; x_wconf 85' lang='lat' dir='ltr'><strong>per</strong></span> <span class='ocrx_word' id='word_1_383' title='bbox 2806 2045 3141 2113; x_wconf 72' lang='lat' dir='ltr'><strong>pmnitentia:</strong></span> <span class='ocrx_word' id='word_1_384' title='bbox 3163 2044 3473 2097; x_wconf 68' lang='lat' dir='ltr'><strong>lamentnm.</strong></span> <span class='ocrx_word' id='word_1_385' title='bbox 3502 2044 3638 2098; x_wconf 85' lang='lat' dir='ltr'><strong>llinc</strong></span> 
     </span>
    </p>
   </div>
   <div class='ocr_carea' id='block_1_51' title="bbox 2056 2133 3640 2206">
    <p class='ocr_par' dir='ltr' id='par_1_51' title="bbox 2056 2133 3640 2206">
     <span class='ocr_line' id='line_1_51' title="bbox 2056 2133 3640 2206; baseline -0.003 -16"><span class='ocrx_word' id='word_1_386' title='bbox 2056 2145 2112 2190; x_wconf 89' lang='lat' dir='ltr'><strong>et</strong></span> <span class='ocrx_word' id='word_1_387' title='bbox 2132 2152 2227 2206; x_wconf 89' lang='lat' dir='ltr'><strong>per</strong></span> <span class='ocrx_word' id='word_1_388' title='bbox 2257 2135 2573 2203; x_wconf 83' lang='lat' dir='ltr'><strong>prophetam</strong></span> <span class='ocrx_word' id='word_1_389' title='bbox 2597 2134 2854 2187; x_wconf 87' lang='lat' dir='ltr'><strong>Dominus</strong></span> <span class='ocrx_word' id='word_1_390' title='bbox 2881 2134 2958 2186; x_wconf 87' lang='lat' dir='ltr'><strong>ait</strong></span> <span class='ocrx_word' id='word_1_391' title='bbox 2983 2152 2995 2185; x_wconf 86' lang='lat'><strong>:</strong></span> <span class='ocrx_word' id='word_1_392' title='bbox 3024 2153 3042 2183; x_wconf 74' lang='grc' dir='ltr'>ι</span> <span class='ocrx_word' id='word_1_393' title='bbox 3072 2133 3246 2202; x_wconf 87' lang='lat' dir='ltr'><strong>Super</strong></span> <span class='ocrx_word' id='word_1_394' title='bbox 3272 2134 3444 2188; x_wconf 84' lang='lat' dir='ltr'><strong>tribus</strong></span> <span class='ocrx_word' id='word_1_395' title='bbox 3472 2136 3640 2188; x_wconf 84' lang='lat' dir='ltr'><strong>scele—</strong></span> 
     </span>
    </p>
   </div>
   <div class='ocr_carea' id='block_1_52' title="bbox 2056 2224 3637 2293">
    <p class='ocr_par' dir='ltr' id='par_1_52' title="bbox 2056 2224 3637 2293">
     <span class='ocr_line' id='line_1_52' title="bbox 2056 2224 3637 2293; baseline 0.001 -15"><span class='ocrx_word' id='word_1_396' title='bbox 2056 2225 2208 2279; x_wconf 87' lang='lat' dir='ltr'><strong>ribus</strong></span> <span class='ocrx_word' id='word_1_397' title='bbox 2240 2224 2408 2293; x_wconf 84' lang='lat' dir='ltr'><strong>Tyri,</strong></span> <span class='ocrx_word' id='word_1_398' title='bbox 2458 2231 2513 2277; x_wconf 90' lang='lat' dir='ltr'><strong>et</strong></span> <span class='ocrx_word' id='word_1_399' title='bbox 2558 2239 2720 2293; x_wconf 89' lang='lat' dir='ltr'><strong>super</strong></span> <span class='ocrx_word' id='word_1_400' title='bbox 2751 2233 2983 2293; x_wconf 78' lang='lat' dir='ltr'><strong>quatuor</strong></span> <span class='ocrx_word' id='word_1_401' title='bbox 3024 2240 3131 2277; x_wconf 89' lang='lat' dir='ltr'><strong>non</strong></span> <span class='ocrx_word' id='word_1_402' title='bbox 3173 2233 3482 2278; x_wconf 83' lang='lat' dir='ltr'><strong>(onvcrtam</strong></span> <span class='ocrx_word' id='word_1_403' title='bbox 3513 2240 3637 2279; x_wconf 80' lang='lat' dir='ltr'><strong>cuni</strong></span> 
     </span>
    </p>
   </div>
   <div class='ocr_carea' id='block_1_53' title="bbox 2057 2313 2398 2387">
    <p class='ocr_par' dir='ltr' id='par_1_53' title="bbox 2057 2313 2398 2387">
     <span class='ocr_line' id='line_1_53' title="bbox 2057 2313 2398 2387; baseline -0.003 -20"><span class='ocrx_word' id='word_1_404' title='bbox 2057 2314 2256 2387; x_wconf 78' lang='lat' dir='ltr'><strong>(Amos.</strong></span> <span class='ocrx_word' id='word_1_405' title='bbox 2288 2313 2347 2384; x_wconf 86' lang='grc' dir='ltr'><strong>ι).</strong></span> <span class='ocrx_word' id='word_1_406' title='bbox 2380 2334 2398 2366; x_wconf 74' lang='grc' dir='ltr'><strong><em>ι</em></strong></span> 
     </span>
    </p>
   </div>
   <div class='ocr_carea' id='block_1_54' title="bbox 2132 2404 3640 2477">
    <p class='ocr_par' dir='ltr' id='par_1_54' title="bbox 2132 2404 3640 2477">
     <span class='ocr_line' id='line_1_54' title="bbox 2132 2404 3640 2477; baseline 0.004 -22"><span class='ocrx_word' id='word_1_407' title='bbox 2132 2423 2150 2455; x_wconf 73' lang='grc' dir='ltr'>ι</span> <span class='ocrx_word' id='word_1_408' title='bbox 2188 2404 2262 2457; x_wconf 83' lang='lat' dir='ltr'><strong>Da</strong></span> <span class='ocrx_word' id='word_1_409' title='bbox 2302 2404 2660 2469; x_wconf 79' lang='lat' dir='ltr'><strong>misericordi,</strong></span> <span class='ocrx_word' id='word_1_410' title='bbox 2693 2415 2747 2459; x_wconf 89' lang='lat' dir='ltr'><strong>et</strong></span> <span class='ocrx_word' id='word_1_411' title='bbox 2784 2422 2852 2461; x_wconf 91' lang='lat' dir='ltr'><strong>nc</strong></span> <span class='ocrx_word' id='word_1_412' title='bbox 2898 2407 3158 2476; x_wconf 84' lang='lat' dir='ltr'><strong>suscipias</strong></span> <span class='ocrx_word' id='word_1_413' title='bbox 3191 2417 3548 2477; x_wconf 82' lang='lat' dir='ltr'><strong>peccatorem,</strong></span> <span class='ocrx_word' id='word_1_414' title='bbox 3585 2418 3640 2462; x_wconf 87' lang='lat' dir='ltr'><strong>et</strong></span> 
     </span>
    </p>
   </div>
   <div class='ocr_carea' id='block_1_55' title="bbox 2062 2498 3639 2567">
    <p class='ocr_par' dir='ltr' id='par_1_55' title="bbox 2062 2498 3639 2567">
     <span class='ocr_line' id='line_1_55' title="bbox 2062 2498 3639 2567; baseline 0.004 -18"><span class='ocrx_word' id='word_1_415' title='bbox 2062 2518 2078 2549; x_wconf 72' lang='grc' dir='ltr'>ι</span> <span class='ocrx_word' id='word_1_416' title='bbox 2125 2498 2302 2566; x_wconf 71' lang='lat' dir='ltr'><strong>impiis</strong></span> <span class='ocrx_word' id='word_1_417' title='bbox 2338 2499 2714 2567; x_wconf 83' lang='lat' dir='ltr'><strong>peccatoribus</strong></span> <span class='ocrx_word' id='word_1_418' title='bbox 2759 2499 2943 2552; x_wconf 84' lang='lat' dir='ltr'><strong>reddet</strong></span> <span class='ocrx_word' id='word_1_419' title='bbox 2974 2500 3285 2564; x_wconf 85' lang='lat' dir='ltr'><strong>vindictam,</strong></span> <span class='ocrx_word' id='word_1_420' title='bbox 3328 2501 3639 2556; x_wconf 64' lang='lat' dir='ltr'><strong>custodiens</strong></span> 
     </span>
    </p>
   </div>
   <div class='ocr_carea' id='block_1_56' title="bbox 2062 2589 3633 2661">
    <p class='ocr_par' dir='ltr' id='par_1_56' title="bbox 2062 2589 3633 2661">
     <span class='ocr_line' id='line_1_56' title="bbox 2062 2589 3633 2661; baseline 0.003 -22"><span class='ocrx_word' id='word_1_421' title='bbox 2062 2608 2079 2639; x_wconf 68' lang='grc' dir='ltr'><strong>ε</strong></span> <span class='ocrx_word' id='word_1_422' title='bbox 2118 2604 2211 2642; x_wconf 89' lang='lat' dir='ltr'><strong>eos</strong></span> <span class='ocrx_word' id='word_1_423' title='bbox 2236 2589 2288 2642; x_wconf 91' lang='lat' dir='ltr'><strong>in</strong></span> <span class='ocrx_word' id='word_1_424' title='bbox 2312 2589 2397 2641; x_wconf 62' lang='lat' dir='ltr'><strong>die</strong></span> <span class='ocrx_word' id='word_1_425' title='bbox 2427 2589 2694 2643; x_wconf 63' lang='lat' dir='ltr'><strong>vindicta}.</strong></span> <span class='ocrx_word' id='word_1_426' title='bbox 2734 2609 2751 2641; x_wconf 77' lang='grc' dir='ltr'><strong><em>ι</em></strong></span> <span class='ocrx_word' id='word_1_427' title='bbox 2789 2589 2889 2655; x_wconf 81' lang='lat' dir='ltr'><strong>Qui</strong></span> <span class='ocrx_word' id='word_1_428' title='bbox 2930 2590 3188 2661; x_wconf 80' lang='lat' dir='ltr'><strong>indigenti</strong></span> <span class='ocrx_word' id='word_1_429' title='bbox 3235 2590 3633 2660; x_wconf 70' lang='lat' dir='ltr'><strong>elecwosynant</strong></span> 
     </span>
    </p>
   </div>
   <div class='ocr_carea' id='block_1_57' title="bbox 2056 2678 3634 2749">
    <p class='ocr_par' dir='ltr' id='par_1_57' title="bbox 2056 2678 3634 2749">
     <span class='ocr_line' id='line_1_57' title="bbox 2056 2678 3634 2749; baseline 0.003 -19"><span class='ocrx_word' id='word_1_430' title='bbox 2056 2678 2261 2740; x_wconf 88' lang='lat' dir='ltr'><strong>tribuit,</strong></span> <span class='ocrx_word' id='word_1_431' title='bbox 2293 2692 2393 2730; x_wconf 89' lang='lat' dir='ltr'><strong>nec</strong></span> <span class='ocrx_word' id='word_1_432' title='bbox 2436 2693 2557 2730; x_wconf 91' lang='lat' dir='ltr'><strong>cum</strong></span> <span class='ocrx_word' id='word_1_433' title='bbox 2585 2687 2802 2746; x_wconf 86' lang='lat' dir='ltr'><strong>propter</strong></span> <span class='ocrx_word' id='word_1_434' title='bbox 2837 2678 3088 2732; x_wconf 82' lang='lat' dir='ltr'><strong>delictum</strong></span> <span class='ocrx_word' id='word_1_435' title='bbox 3137 2679 3350 2749; x_wconf 78' lang='lat' dir='ltr'><strong>aliquod</strong></span> <span class='ocrx_word' id='word_1_436' title='bbox 3375 2682 3634 2736; x_wconf 65' lang='lat' dir='ltr'><strong>eorumis—</strong></span> 
     </span>
    </p>
   </div>
   <div class='ocr_carea' id='block_1_58' title="bbox 2056 2770 3634 2838">
    <p class='ocr_par' dir='ltr' id='par_1_58' title="bbox 2056 2770 3634 2838">
     <span class='ocr_line' id='line_1_58' title="bbox 2056 2770 3634 2838; baseline 0.001 -15"><span class='ocrx_word' id='word_1_437' title='bbox 2056 2784 2174 2823; x_wconf 90' lang='lat' dir='ltr'><strong>sum</strong></span> <span class='ocrx_word' id='word_1_438' title='bbox 2217 2770 2521 2838; x_wconf 88' lang='lat' dir='ltr'><strong>spreverit,</strong></span> <span class='ocrx_word' id='word_1_439' title='bbox 2568 2770 2704 2823; x_wconf 85' lang='lat' dir='ltr'><strong>bene</strong></span> <span class='ocrx_word' id='word_1_440' title='bbox 2753 2770 3180 2824; x_wconf 85' lang='lat' dir='ltr'><strong>misericordiam</strong></span> <span class='ocrx_word' id='word_1_441' title='bbox 3212 2770 3337 2838; x_wconf 86' lang='lat' dir='ltr'><strong>jure</strong></span> <span class='ocrx_word' id='word_1_442' title='bbox 3382 2772 3634 2834; x_wconf 79' lang='lat' dir='ltr'><strong>custodit,</strong></span> 
     </span>
    </p>
   </div>
   <div class='ocr_carea' id='block_1_59' title="bbox 2056 2859 3635 2931">
    <p class='ocr_par' dir='ltr' id='par_1_59' title="bbox 2056 2859 3635 2931">
     <span class='ocr_line' id='line_1_59' title="bbox 2056 2859 3635 2931; baseline 0.001 -18"><span class='ocrx_word' id='word_1_443' title='bbox 2056 2860 2180 2928; x_wconf 90' lang='lat' dir='ltr'><strong>quia</strong></span> <span class='ocrx_word' id='word_1_444' title='bbox 2195 2869 2384 2913; x_wconf 88' lang='lat' dir='ltr'><strong>natura</strong></span> <span class='ocrx_word' id='word_1_445' title='bbox 2402 2860 2455 2913; x_wconf 91' lang='lat' dir='ltr'><strong>in</strong></span> <span class='ocrx_word' id='word_1_446' title='bbox 2477 2859 2939 2930; x_wconf 78' lang='lat' dir='ltr'><strong>cleemosynarum</strong></span> <span class='ocrx_word' id='word_1_447' title='bbox 2955 2861 3083 2931; x_wconf 89' lang='lat' dir='ltr'><strong>largi</strong></span> <span class='ocrx_word' id='word_1_448' title='bbox 3094 2862 3235 2917; x_wconf 89' lang='lat' dir='ltr'><strong>tione</strong></span> <span class='ocrx_word' id='word_1_449' title='bbox 3249 2863 3635 2916; x_wconf 81' lang='lat' dir='ltr'><strong>consideramia</strong></span> 
     </span>
    </p>
   </div>
   <div class='ocr_carea' id='block_1_60' title="bbox 2055 2949 3639 3021">
    <p class='ocr_par' dir='ltr' id='par_1_60' title="bbox 2055 2949 3639 3021">
     <span class='ocr_line' id='line_1_60' title="bbox 2055 2949 3639 3021; baseline 0.003 -16"><span class='ocrx_word' id='word_1_450' title='bbox 2055 2958 2158 3015; x_wconf 92' lang='lat' dir='ltr'><strong>est,</strong></span> <span class='ocrx_word' id='word_1_451' title='bbox 2184 2965 2290 3005; x_wconf 90' lang='lat' dir='ltr'><strong>non</strong></span> <span class='ocrx_word' id='word_1_452' title='bbox 2331 2965 2581 3021; x_wconf 89' lang='lat' dir='ltr'><strong>persona.</strong></span> <span class='ocrx_word' id='word_1_453' title='bbox 2632 2949 2784 3005; x_wconf 89' lang='lat' dir='ltr'><strong>Unde</strong></span> <span class='ocrx_word' id='word_1_454' title='bbox 2815 2952 2984 3010; x_wconf 88' lang='lat' dir='ltr'><strong>dicit:</strong></span> <span class='ocrx_word' id='word_1_455' title='bbox 3030 2971 3047 3003; x_wconf 74' lang='grc' dir='ltr'>ι</span> <span class='ocrx_word' id='word_1_456' title='bbox 3086 2952 3161 3006; x_wconf 90' lang='lat' dir='ltr'><strong>Da</strong></span> <span class='ocrx_word' id='word_1_457' title='bbox 3200 2954 3557 3019; x_wconf 81' lang='lat' dir='ltr'><strong>misericordi,</strong></span> <span class='ocrx_word' id='word_1_458' title='bbox 3584 2964 3639 3009; x_wconf 92' lang='lat' dir='ltr'><strong>et</strong></span> 
     </span>
    </p>
   </div>
   <div class='ocr_carea' id='block_1_61' title="bbox 2055 3044 3643 3114">
    <p class='ocr_par' dir='ltr' id='par_1_61' title="bbox 2055 3044 3643 3114">
     <span class='ocr_line' id='line_1_61' title="bbox 2055 3044 3643 3114; baseline 0.001 -16"><span class='ocrx_word' id='word_1_459' title='bbox 2055 3060 2162 3098; x_wconf 93' lang='lat' dir='ltr'><strong>non</strong></span> <span class='ocrx_word' id='word_1_460' title='bbox 2191 3044 2456 3114; x_wconf 88' lang='lat' dir='ltr'><strong>suscipias</strong></span> <span class='ocrx_word' id='word_1_461' title='bbox 2482 3052 2847 3113; x_wconf 89' lang='lat' dir='ltr'><strong>peccatorcm.</strong></span> <span class='ocrx_word' id='word_1_462' title='bbox 2881 3063 2899 3095; x_wconf 85' lang='grc'><strong>›</strong></span> <span class='ocrx_word' id='word_1_463' title='bbox 2926 3045 3230 3101; x_wconf 88' lang='lat' dir='ltr'><strong>lmmitibus</strong></span> <span class='ocrx_word' id='word_1_464' title='bbox 3256 3056 3432 3101; x_wconf 90' lang='lat' dir='ltr'><strong>autem</strong></span> <span class='ocrx_word' id='word_1_465' title='bbox 3463 3055 3517 3101; x_wconf 89' lang='lat' dir='ltr'><strong>et</strong></span> <span class='ocrx_word' id='word_1_466' title='bbox 3542 3047 3643 3100; x_wconf 85' lang='lat' dir='ltr'><strong>im-</strong></span> 
     </span>
    </p>
   </div>
   <div class='ocr_carea' id='block_1_62' title="bbox 364 3136 3636 3233">
    <p class='ocr_par' dir='ltr' id='par_1_62' title="bbox 364 3136 3636 3233">
     <span class='ocr_line' id='line_1_62' title="bbox 364 3136 3636 3233; baseline -0.001 -17"><span class='ocrx_word' id='word_1_467' title='bbox 364 3136 698 3216; x_wconf 79' lang='lat' dir='ltr'><strong>interficiunt</strong></span> <span class='ocrx_word' id='word_1_468' title='bbox 726 3180 739 3215; x_wconf 92' lang='lat'><strong>:</strong></span> <span class='ocrx_word' id='word_1_469' title='bbox 771 3169 826 3216; x_wconf 88' lang='lat' dir='ltr'><strong>et</strong></span> <span class='ocrx_word' id='word_1_470' title='bbox 863 3136 917 3216; x_wconf 85' lang='lat' dir='ltr'><strong>in</strong></span> <span class='ocrx_word' id='word_1_471' title='bbox 952 3162 1150 3232; x_wconf 89' lang='lat' dir='ltr'><strong>templo</strong></span> <span class='ocrx_word' id='word_1_472' title='bbox 1178 3136 1295 3225; x_wconf 71' lang='lat' dir='ltr'><strong>Dei,</strong></span> <span class='ocrx_word' id='word_1_473' title='bbox 1345 3163 1448 3217; x_wconf 90' lang='lat' dir='ltr'><strong>hoc</strong></span> <span class='ocrx_word' id='word_1_474' title='bbox 1476 3171 1581 3227; x_wconf 90' lang='lat' dir='ltr'><strong>est,</strong></span> <span class='ocrx_word' id='word_1_475' title='bbox 1610 3162 1727 3233; x_wconf 85' lang='lat' dir='ltr'><strong>lege</strong></span> <span class='ocrx_word' id='word_1_476' title='bbox 1772 3162 1952 3233; x_wconf 85' lang='lat' dir='ltr'><strong>divina</strong></span> <span class='ocrx_word' id='word_1_477' title='bbox 1981 3152 2024 3212; x_wconf 89' lang='lat' dir='ltr'><strong>C</strong></span> <span class='ocrx_word' id='word_1_478' title='bbox 2057 3136 2497 3233; x_wconf 49' lang='grc' dir='ltr'><strong>ξξξξδθτίθονξξίίωθ</strong></span> <span class='ocrx_word' id='word_1_479' title='bbox 2540 3136 2681 3190; x_wconf 68' lang='lat' dir='ltr'><strong>Deus</strong></span> <span class='ocrx_word' id='word_1_480' title='bbox 2735 3137 2925 3233; x_wconf 40' lang='lat' dir='ltr'><strong>feddci</strong></span> <span class='ocrx_word' id='word_1_481' title='bbox 2964 3138 3294 3233; x_wconf 59' lang='lat' dir='ltr'><strong>&quot;i&#39;ff1ic“‘_m_g</strong></span> <span class='ocrx_word' id='word_1_482' title='bbox 3351 3154 3636 3195; x_wconf 58' lang='grc' dir='ltr'><strong>Γθδονντωε</strong></span> 
     </span>
    </p>
   </div>
   <div class='ocr_carea' id='block_1_63' title="bbox 366 3251 1954 3322">
    <p class='ocr_par' dir='ltr' id='par_1_63' title="bbox 366 3251 1954 3322">
     <span class='ocr_line' id='line_1_63' title="bbox 366 3251 1954 3322; baseline -0.002 -15"><span class='ocrx_word' id='word_1_483' title='bbox 366 3261 597 3307; x_wconf 89' lang='lat' dir='ltr'><strong>mortem</strong></span> <span class='ocrx_word' id='word_1_484' title='bbox 627 3252 924 3308; x_wconf 89' lang='lat' dir='ltr'><strong>moliuntur</strong></span> <span class='ocrx_word' id='word_1_485' title='bbox 965 3253 1228 3309; x_wconf 88' lang='lat' dir='ltr'><strong>ministris</strong></span> <span class='ocrx_word' id='word_1_486' title='bbox 1252 3252 1473 3307; x_wconf 89' lang='lat' dir='ltr'><strong>Christi.</strong></span> <span class='ocrx_word' id='word_1_487' title='bbox 1502 3251 1657 3308; x_wconf 89' lang='lat' dir='ltr'><strong>Unde</strong></span> <span class='ocrx_word' id='word_1_488' title='bbox 1687 3253 1954 3322; x_wconf 86' lang='lat' dir='ltr'><strong>sequitur:</strong></span> 
     </span>
    </p>
   </div>
   <div class='ocr_carea' id='block_1_64' title="bbox 448 3342 1956 3414">
    <p class='ocr_par' dir='ltr' id='par_1_64' title="bbox 448 3342 1956 3414">
     <span class='ocr_line' id='line_1_64' title="bbox 448 3342 1956 3414; baseline 0.001 -19"><span class='ocrx_word' id='word_1_489' title='bbox 448 3363 464 3395; x_wconf 80' lang='grc' dir='ltr'><strong><em>ι</em></strong></span> <span class='ocrx_word' id='word_1_490' title='bbox 506 3344 746 3400; x_wconf 85' lang='lat' dir='ltr'><strong>Admitte</strong></span> <span class='ocrx_word' id='word_1_491' title='bbox 794 3343 858 3398; x_wconf 91' lang='lat' dir='ltr'><strong>ad</strong></span> <span class='ocrx_word' id='word_1_492' title='bbox 892 3353 944 3400; x_wconf 89' lang='lat' dir='ltr'><strong>te</strong></span> <span class='ocrx_word' id='word_1_493' title='bbox 979 3346 1356 3414; x_wconf 80' lang='lat' dir='ltr'><strong>alienigenam,</strong></span> <span class='ocrx_word' id='word_1_494' title='bbox 1394 3353 1450 3399; x_wconf 90' lang='lat' dir='ltr'><strong>et</strong></span> <span class='ocrx_word' id='word_1_495' title='bbox 1497 3344 1773 3398; x_wconf 86' lang='lat' dir='ltr'><strong>subvertet</strong></span> <span class='ocrx_word' id='word_1_496' title='bbox 1824 3352 1874 3397; x_wconf 88' lang='lat' dir='ltr'><strong>te</strong></span> <span class='ocrx_word' id='word_1_497' title='bbox 1903 3342 1956 3397; x_wconf 90' lang='lat' dir='ltr'><strong>in</strong></span> 
     </span>
    </p>
   </div>
   <div class='ocr_carea' id='block_1_65' title="bbox 371 3433 1961 3505">
    <p class='ocr_par' dir='ltr' id='par_1_65' title="bbox 371 3433 1961 3505">
     <span class='ocr_line' id='line_1_65' title="bbox 371 3433 1961 3505; baseline 0.001 -21"><span class='ocrx_word' id='word_1_498' title='bbox 371 3452 390 3484; x_wconf 78' lang='grc' dir='ltr'>ι</span> <span class='ocrx_word' id='word_1_499' title='bbox 438 3433 672 3499; x_wconf 85' lang='lat' dir='ltr'><strong>turbine,</strong></span> <span class='ocrx_word' id='word_1_500' title='bbox 696 3441 751 3488; x_wconf 88' lang='lat' dir='ltr'><strong>et</strong></span> <span class='ocrx_word' id='word_1_501' title='bbox 786 3434 1113 3489; x_wconf 88' lang='lat' dir='ltr'><strong>abalienahit</strong></span> <span class='ocrx_word' id='word_1_502' title='bbox 1143 3443 1194 3488; x_wconf 90' lang='lat' dir='ltr'><strong>te</strong></span> <span class='ocrx_word' id='word_1_503' title='bbox 1220 3450 1250 3488; x_wconf 88' lang='lat' dir='ltr'><strong>a</strong></span> <span class='ocrx_word' id='word_1_504' title='bbox 1278 3435 1384 3488; x_wconf 92' lang='lat' dir='ltr'><strong>tuis</strong></span> <span class='ocrx_word' id='word_1_505' title='bbox 1402 3434 1652 3505; x_wconf 89' lang='lat' dir='ltr'><strong>propriis.</strong></span> <span class='ocrx_word' id='word_1_506' title='bbox 1687 3455 1705 3486; x_wconf 74' lang='grc' dir='ltr'><strong><em>ι</em></strong></span> <span class='ocrx_word' id='word_1_507' title='bbox 1740 3433 1855 3487; x_wconf 78' lang='lat' dir='ltr'><strong>Non</strong></span> <span class='ocrx_word' id='word_1_508' title='bbox 1876 3442 1961 3488; x_wconf 90' lang='lat' dir='ltr'><strong>est</strong></span> 
     </span>
    </p>
   </div>
   <div class='ocr_carea' id='block_1_66' title="bbox 367 3516 1957 3593">
    <p class='ocr_par' dir='ltr' id='par_1_66' title="bbox 367 3516 1957 3593">
     <span class='ocr_line' id='line_1_66' title="bbox 367 3516 1957 3593; baseline -0.003 -14"><span class='ocrx_word' id='word_1_509' title='bbox 367 3516 735 3579; x_wconf 87' lang='lat' dir='ltr'><strong>admittendus</strong></span> <span class='ocrx_word' id='word_1_510' title='bbox 790 3523 1095 3593; x_wconf 88' lang='lat' dir='ltr'><strong>hujusmodi</strong></span> <span class='ocrx_word' id='word_1_511' title='bbox 1162 3526 1335 3580; x_wconf 88' lang='lat' dir='ltr'><strong>hostis</strong></span> <span class='ocrx_word' id='word_1_512' title='bbox 1390 3528 1457 3579; x_wconf 89' lang='lat' dir='ltr'><strong>ad</strong></span> <span class='ocrx_word' id='word_1_513' title='bbox 1518 3524 1957 3579; x_wconf 87' lang='lat' dir='ltr'><strong>communionem</strong></span> 
     </span>
    </p>
   </div>
   <div class='ocr_carea' id='block_1_67' title="bbox 366 3614 1955 3687">
    <p class='ocr_par' dir='ltr' id='par_1_67' title="bbox 366 3614 1955 3687">
     <span class='ocr_line' id='line_1_67' title="bbox 366 3614 1955 3687; baseline -0.002 -18"><span class='ocrx_word' id='word_1_514' title='bbox 366 3614 641 3680; x_wconf 69' lang='lat' dir='ltr'><strong>Ecclesice,</strong></span> <span class='ocrx_word' id='word_1_515' title='bbox 675 3616 796 3685; x_wconf 90' lang='lat' dir='ltr'><strong>quia</strong></span> <span class='ocrx_word' id='word_1_516' title='bbox 821 3616 1124 3687; x_wconf 89' lang='lat' dir='ltr'><strong>periculosa</strong></span> <span class='ocrx_word' id='word_1_517' title='bbox 1170 3624 1253 3670; x_wconf 87' lang='lat' dir='ltr'><strong>est</strong></span> <span class='ocrx_word' id='word_1_518' title='bbox 1287 3614 1404 3685; x_wconf 88' lang='lat' dir='ltr'><strong>ejus</strong></span> <span class='ocrx_word' id='word_1_519' title='bbox 1432 3615 1701 3681; x_wconf 85' lang='lat' dir='ltr'><strong>societas;</strong></span> <span class='ocrx_word' id='word_1_520' title='bbox 1732 3614 1955 3668; x_wconf 85' lang='lat' dir='ltr'><strong>subver-</strong></span> 
     </span>
    </p>
   </div>
   <div class='ocr_carea' id='block_1_68' title="bbox 367 3705 1959 3768">
    <p class='ocr_par' dir='ltr' id='par_1_68' title="bbox 367 3705 1959 3768">
     <span class='ocr_line' id='line_1_68' title="bbox 367 3705 1959 3768; baseline 0 -11"><span class='ocrx_word' id='word_1_521' title='bbox 367 3714 444 3760; x_wconf 89' lang='lat' dir='ltr'><strong>tet</strong></span> <span class='ocrx_word' id='word_1_522' title='bbox 464 3706 608 3760; x_wconf 89' lang='lat' dir='ltr'><strong>enim</strong></span> <span class='ocrx_word' id='word_1_523' title='bbox 640 3720 978 3761; x_wconf 88' lang='lat' dir='ltr'><strong>assensorem</strong></span> <span class='ocrx_word' id='word_1_524' title='bbox 1006 3722 1163 3761; x_wconf 88' lang='lat' dir='ltr'><strong>suum</strong></span> <span class='ocrx_word' id='word_1_525' title='bbox 1209 3706 1263 3760; x_wconf 94' lang='lat' dir='ltr'><strong>in</strong></span> <span class='ocrx_word' id='word_1_526' title='bbox 1305 3705 1623 3761; x_wconf 87' lang='lat' dir='ltr'><strong>confusione</strong></span> <span class='ocrx_word' id='word_1_527' title='bbox 1652 3705 1876 3768; x_wconf 85' lang='lat' dir='ltr'><strong>erroris,</strong></span> <span class='ocrx_word' id='word_1_528' title='bbox 1905 3712 1959 3758; x_wconf 89' lang='lat' dir='ltr'><strong>ct</strong></span> 
     </span>
    </p>
   </div>
   <div class='ocr_carea' id='block_1_69' title="bbox 367 3796 1956 3861">
    <p class='ocr_par' dir='ltr' id='par_1_69' title="bbox 367 3796 1956 3861">
     <span class='ocr_line' id='line_1_69' title="bbox 367 3796 1956 3861; baseline -0.001 -11"><span class='ocrx_word' id='word_1_529' title='bbox 367 3796 603 3851; x_wconf 83' lang='lat' dir='ltr'><strong>alienum</strong></span> <span class='ocrx_word' id='word_1_530' title='bbox 630 3813 754 3852; x_wconf 90' lang='lat' dir='ltr'><strong>eum</strong></span> <span class='ocrx_word' id='word_1_531' title='bbox 786 3811 906 3853; x_wconf 88' lang='lat' dir='ltr'><strong>esse</strong></span> <span class='ocrx_word' id='word_1_532' title='bbox 934 3797 1066 3853; x_wconf 88' lang='lat' dir='ltr'><strong>facit</strong></span> <span class='ocrx_word' id='word_1_533' title='bbox 1085 3813 1114 3851; x_wconf 91' lang='lat' dir='ltr'><strong>a</strong></span> <span class='ocrx_word' id='word_1_534' title='bbox 1145 3797 1345 3852; x_wconf 88' lang='lat' dir='ltr'><strong>Christi</strong></span> <span class='ocrx_word' id='word_1_535' title='bbox 1384 3796 1663 3861; x_wconf 89' lang='lat' dir='ltr'><strong>membris,</strong></span> <span class='ocrx_word' id='word_1_536' title='bbox 1690 3811 1812 3851; x_wconf 88' lang='lat' dir='ltr'><strong>eum</strong></span> <span class='ocrx_word' id='word_1_537' title='bbox 1835 3812 1956 3850; x_wconf 90' lang='lat' dir='ltr'><strong>eum</strong></span> 
     </span>
    </p>
   </div>
   <div class='ocr_carea' id='block_1_70' title="bbox 368 3888 1528 3960">
    <p class='ocr_par' dir='ltr' id='par_1_70' title="bbox 368 3888 1528 3960">
     <span class='ocr_line' id='line_1_70' title="bbox 368 3888 1528 3960; baseline 0.002 -19"><span class='ocrx_word' id='word_1_538' title='bbox 368 3889 689 3959; x_wconf 83' lang='lat' dir='ltr'><strong>participem</strong></span> <span class='ocrx_word' id='word_1_539' title='bbox 716 3888 955 3945; x_wconf 88' lang='lat' dir='ltr'><strong>effecerit</strong></span> <span class='ocrx_word' id='word_1_540' title='bbox 994 3905 1104 3944; x_wconf 78' lang='lat' dir='ltr'><strong>sua:</strong></span> <span class='ocrx_word' id='word_1_541' title='bbox 1132 3889 1528 3960; x_wconf 86' lang='lat' dir='ltr'><strong>pervcrsitatis.</strong></span> 
     </span>
    </p>
   </div>
   <div class='ocr_carea' id='block_1_71' title="bbox 985 4024 1348 4080">
    <p class='ocr_par' dir='ltr' id='par_1_71' title="bbox 985 4024 1348 4080">
     <span class='ocr_line' id='line_1_71' title="bbox 985 4024 1348 4080; baseline -0.006 0"><span class='ocrx_word' id='word_1_542' title='bbox 985 4024 1214 4080; x_wconf 82' lang='lat' dir='ltr'><strong>CAPUT</strong></span> <span class='ocrx_word' id='word_1_543' title='bbox 1261 4024 1348 4079; x_wconf 77' lang='lat' dir='ltr'><strong>Vl.</strong></span> 
     </span>
    </p>
   </div>
   <div class='ocr_carea' id='block_1_72' title="bbox 772 4115 1547 4186">
    <p class='ocr_par' dir='ltr' id='par_1_72' title="bbox 772 4115 1547 4186">
     <span class='ocr_line' id='line_1_72' title="bbox 772 4115 1547 4186; baseline -0.003 -16"><span class='ocrx_word' id='word_1_544' title='bbox 772 4116 980 4170; x_wconf 82' lang='lat' dir='ltr'><strong>Laudat</strong></span> <span class='ocrx_word' id='word_1_545' title='bbox 1008 4132 1164 4186; x_wconf 85' lang='lat' dir='ltr'><strong>opera</strong></span> <span class='ocrx_word' id='word_1_546' title='bbox 1191 4115 1547 4185; x_wconf 65' lang='lat' dir='ltr'><strong>eleemosyna’.</strong></span> 
     </span>
    </p>
   </div>
   <div class='ocr_carea' id='block_1_73' title="bbox 442 4205 1959 4280">
    <p class='ocr_par' dir='ltr' id='par_1_73' title="bbox 442 4205 1959 4280">
     <span class='ocr_line' id='line_1_73' title="bbox 442 4205 1959 4280; baseline -0.003 -18"><span class='ocrx_word' id='word_1_547' title='bbox 442 4208 593 4280; x_wconf 78' lang='lat' dir='ltr'><strong>(CAP.</strong></span> <span class='ocrx_word' id='word_1_548' title='bbox 624 4207 747 4280; x_wconf 76' lang='lat' dir='ltr'><strong>xu.)</strong></span> <span class='ocrx_word' id='word_1_549' title='bbox 777 4227 795 4259; x_wconf 87' lang='grc'><em>‹</em></span> <span class='ocrx_word' id='word_1_550' title='bbox 827 4208 885 4263; x_wconf 87' lang='lat' dir='ltr'><strong>Si</strong></span> <span class='ocrx_word' id='word_1_551' title='bbox 914 4208 1267 4273; x_wconf 90' lang='lat' dir='ltr'><strong>benefeceris,</strong></span> <span class='ocrx_word' id='word_1_552' title='bbox 1295 4208 1431 4262; x_wconf 89' lang='lat' dir='ltr'><strong>scito</strong></span> <span class='ocrx_word' id='word_1_553' title='bbox 1455 4207 1539 4261; x_wconf 91' lang='lat' dir='ltr'><strong>cui</strong></span> <span class='ocrx_word' id='word_1_554' title='bbox 1558 4205 1959 4267; x_wconf 82' lang='lat' dir='ltr'><strong>feceris.etcrit</strong></span> 
     </span>
    </p>
   </div>
   <div class='ocr_carea' id='block_1_74' title="bbox 374 4297 1958 4372">
    <p class='ocr_par' dir='ltr' id='par_1_74' title="bbox 374 4297 1958 4372">
     <span class='ocr_line' id='line_1_74' title="bbox 374 4297 1958 4372; baseline 0 -21"><span class='ocrx_word' id='word_1_555' title='bbox 374 4316 394 4348; x_wconf 77' lang='grc' dir='ltr'><strong>σ</strong></span> <span class='ocrx_word' id='word_1_556' title='bbox 434 4299 608 4369; x_wconf 89' lang='lat' dir='ltr'><strong>gratia</strong></span> <span class='ocrx_word' id='word_1_557' title='bbox 638 4299 690 4353; x_wconf 93' lang='lat' dir='ltr'><strong>in</strong></span> <span class='ocrx_word' id='word_1_558' title='bbox 714 4299 871 4353; x_wconf 91' lang='lat' dir='ltr'><strong>bonis</strong></span> <span class='ocrx_word' id='word_1_559' title='bbox 891 4299 1016 4372; x_wconf 88' lang='lat' dir='ltr'><strong>tuis.</strong></span> <span class='ocrx_word' id='word_1_560' title='bbox 1034 4298 1199 4352; x_wconf 81' lang='lat' dir='ltr'><strong>Multa</strong></span> <span class='ocrx_word' id='word_1_561' title='bbox 1222 4297 1694 4367; x_wconf 88' lang='lat' dir='ltr'><strong>benefacjusto,et</strong></span> <span class='ocrx_word' id='word_1_562' title='bbox 1716 4298 1958 4352; x_wconf 87' lang='lat' dir='ltr'><strong>invenies</strong></span> 
     </span>
    </p>
   </div>
   <div class='ocr_carea' id='block_1_75' title="bbox 374 4390 1957 4461">
    <p class='ocr_par' dir='ltr' id='par_1_75' title="bbox 374 4390 1957 4461">
     <span class='ocr_line' id='line_1_75' title="bbox 374 4390 1957 4461; baseline 0.003 -22"><span class='ocrx_word' id='word_1_563' title='bbox 374 4408 395 4439; x_wconf 76' lang='grc' dir='ltr'>ι</span> <span class='ocrx_word' id='word_1_564' title='bbox 441 4390 849 4445; x_wconf 88' lang='lat' dir='ltr'><strong>retributionem</strong></span> <span class='ocrx_word' id='word_1_565' title='bbox 876 4406 1125 4461; x_wconf 85' lang='lat' dir='ltr'><strong>magnam</strong></span> <span class='ocrx_word' id='word_1_566' title='bbox 1154 4408 1168 4452; x_wconf 89' lang='lat'><strong>;</strong></span> <span class='ocrx_word' id='word_1_567' title='bbox 1194 4398 1248 4445; x_wconf 88' lang='lat' dir='ltr'><strong>et</strong></span> <span class='ocrx_word' id='word_1_568' title='bbox 1276 4391 1319 4445; x_wconf 92' lang='lat' dir='ltr'><strong>si</strong></span> <span class='ocrx_word' id='word_1_569' title='bbox 1347 4406 1455 4445; x_wconf 89' lang='lat' dir='ltr'><strong>non</strong></span> <span class='ocrx_word' id='word_1_570' title='bbox 1486 4391 1555 4445; x_wconf 88' lang='lat' dir='ltr'><strong>ab</strong></span> <span class='ocrx_word' id='word_1_571' title='bbox 1577 4392 1716 4460; x_wconf 88' lang='lat' dir='ltr'><strong>ipso,</strong></span> <span class='ocrx_word' id='word_1_572' title='bbox 1750 4398 1898 4445; x_wconf 89' lang='lat' dir='ltr'><strong>certe</strong></span> <span class='ocrx_word' id='word_1_573' title='bbox 1927 4405 1957 4443; x_wconf 90' lang='lat' dir='ltr'><strong>a</strong></span> 
     </span>
    </p>
   </div>
   <div class='ocr_carea' id='block_1_76' title="bbox 2058 3224 3634 3299">
    <p class='ocr_par' dir='ltr' id='par_1_76' title="bbox 2058 3224 3634 3299">
     <span class='ocr_line' id='line_1_76' title="bbox 2058 3224 3634 3299; baseline 0.003 -20"><span class='ocrx_word' id='word_1_574' title='bbox 2058 3224 2166 3280; x_wconf 91' lang='lat' dir='ltr'><strong>illis</strong></span> <span class='ocrx_word' id='word_1_575' title='bbox 2207 3225 2533 3296; x_wconf 89' lang='lat' dir='ltr'><strong>condignum</strong></span> <span class='ocrx_word' id='word_1_576' title='bbox 2584 3227 2865 3295; x_wconf 62' lang='lat' dir='ltr'><strong>praemium</strong></span> <span class='ocrx_word' id='word_1_577' title='bbox 2913 3229 2964 3281; x_wconf 91' lang='lat' dir='ltr'><strong>in</strong></span> <span class='ocrx_word' id='word_1_578' title='bbox 3017 3228 3105 3283; x_wconf 90' lang='lat' dir='ltr'><strong>die</strong></span> <span class='ocrx_word' id='word_1_579' title='bbox 3148 3230 3431 3294; x_wconf 68' lang='lat' dir='ltr'><strong>vindictrc,</strong></span> <span class='ocrx_word' id='word_1_580' title='bbox 3477 3247 3634 3299; x_wconf 80' lang='lat' dir='ltr'><strong>quem</strong></span> 
     </span>
    </p>
   </div>
   <div class='ocr_carea' id='block_1_77' title="bbox 2065 3314 3635 3392">
    <p class='ocr_par' dir='ltr' id='par_1_77' title="bbox 2065 3314 3635 3392">
     <span class='ocr_line' id='line_1_77' title="bbox 2065 3314 3635 3392; baseline -0.01 -14"><span class='ocrx_word' id='word_1_581' title='bbox 2065 3324 2350 3392; x_wconf 78' lang='lat' dir='ltr'><strong>Apostolus</strong></span> <span class='ocrx_word' id='word_1_582' title='bbox 2385 3321 2675 3392; x_wconf 64' lang='lat' dir='ltr'><strong>appellavit</strong></span> <span class='ocrx_word' id='word_1_583' title='bbox 2712 3321 2851 3374; x_wconf 87' lang='lat' dir='ltr'><strong>diem</strong></span> <span class='ocrx_word' id='word_1_584' title='bbox 2887 3322 2980 3374; x_wconf 69' lang='lat' dir='ltr'><strong>ine</strong></span> <span class='ocrx_word' id='word_1_585' title='bbox 3024 3320 3198 3387; x_wconf 78' lang='lat' dir='ltr'><strong>(Rom.</strong></span> <span class='ocrx_word' id='word_1_586' title='bbox 3231 3316 3292 3385; x_wconf 85' lang='grc' dir='ltr'><strong>ι).</strong></span> <span class='ocrx_word' id='word_1_587' title='bbox 3334 3318 3371 3368; x_wconf 83' lang='lat' dir='ltr'><strong>D</strong></span> <span class='ocrx_word' id='word_1_588' title='bbox 3394 3331 3454 3369; x_wconf 90' lang='lat' dir='ltr'><strong>es</strong></span> <span class='ocrx_word' id='word_1_589' title='bbox 3490 3314 3635 3364; x_wconf 74' lang='lat' dir='ltr'><strong>enim</strong></span> 
     </span>
    </p>
   </div>
   <div class='ocr_carea' id='block_1_78' title="bbox 2071 3403 3636 3481">
    <p class='ocr_par' dir='ltr' id='par_1_78' title="bbox 2071 3403 3636 3481">
     <span class='ocr_line' id='line_1_78' title="bbox 2071 3403 3636 3481; baseline -0.008 -13"><span class='ocrx_word' id='word_1_590' title='bbox 2071 3417 2167 3469; x_wconf 80' lang='lat' dir='ltr'><strong>ir.e</strong></span> <span class='ocrx_word' id='word_1_591' title='bbox 2202 3425 2285 3468; x_wconf 85' lang='lat' dir='ltr'><strong>est</strong></span> <span class='ocrx_word' id='word_1_592' title='bbox 2340 3412 2740 3479; x_wconf 83' lang='lat' dir='ltr'><strong>peccatoribus,</strong></span> <span class='ocrx_word' id='word_1_593' title='bbox 2803 3427 2910 3481; x_wconf 86' lang='lat' dir='ltr'><strong>quo</strong></span> <span class='ocrx_word' id='word_1_594' title='bbox 2968 3412 3286 3481; x_wconf 70' lang='lat' dir='ltr'><strong>punientur.</strong></span> <span class='ocrx_word' id='word_1_595' title='bbox 3328 3409 3453 3461; x_wconf 81' lang='lat' dir='ltr'><strong>ideo</strong></span> <span class='ocrx_word' id='word_1_596' title='bbox 3503 3403 3636 3475; x_wconf 84' lang='lat' dir='ltr'><strong>ipsis</strong></span> 
     </span>
    </p>
   </div>
   <div class='ocr_carea' id='block_1_79' title="bbox 2058 3495 3637 3565">
    <p class='ocr_par' dir='ltr' id='par_1_79' title="bbox 2058 3495 3637 3565">
     <span class='ocr_line' id='line_1_79' title="bbox 2058 3495 3637 3565; baseline 0.001 -15"><span class='ocrx_word' id='word_1_597' title='bbox 2058 3503 2141 3550; x_wconf 88' lang='lat' dir='ltr'><strong>est</strong></span> <span class='ocrx_word' id='word_1_598' title='bbox 2160 3495 2270 3560; x_wconf 80' lang='lat' dir='ltr'><strong>ira,</strong></span> <span class='ocrx_word' id='word_1_599' title='bbox 2297 3495 2420 3563; x_wconf 88' lang='lat' dir='ltr'><strong>quia</strong></span> <span class='ocrx_word' id='word_1_600' title='bbox 2444 3496 2685 3548; x_wconf 85' lang='lat' dir='ltr'><strong>sentiunt</strong></span> <span class='ocrx_word' id='word_1_601' title='bbox 2706 3510 2920 3564; x_wconf 69' lang='lat' dir='ltr'><strong>pwnam</strong></span> <span class='ocrx_word' id='word_1_602' title='bbox 2949 3496 2999 3547; x_wconf 90' lang='lat' dir='ltr'><strong>in</strong></span> <span class='ocrx_word' id='word_1_603' title='bbox 3026 3497 3110 3550; x_wconf 82' lang='lat' dir='ltr'><strong>die</strong></span> <span class='ocrx_word' id='word_1_604' title='bbox 3147 3497 3637 3565; x_wconf 74' lang='lat' dir='ltr'><strong>revelationisjusti</strong></span> 
     </span>
    </p>
   </div>
   <div class='ocr_carea' id='block_1_80' title="bbox 2052 3586 3636 3661">
    <p class='ocr_par' dir='ltr' id='par_1_80' title="bbox 2052 3586 3636 3661">
     <span class='ocr_line' id='line_1_80' title="bbox 2052 3586 3636 3661; baseline 0.004 -22"><span class='ocrx_word' id='word_1_605' title='bbox 2052 3586 2239 3658; x_wconf 86' lang='lat' dir='ltr'><strong>jndicii</strong></span> <span class='ocrx_word' id='word_1_606' title='bbox 2258 3587 2371 3641; x_wconf 89' lang='lat' dir='ltr'><strong>Dei.</strong></span> <span class='ocrx_word' id='word_1_607' title='bbox 2399 3586 2650 3641; x_wconf 82' lang='lat' dir='ltr'><strong>Revelabi</strong></span> <span class='ocrx_word' id='word_1_608' title='bbox 2662 3595 2746 3641; x_wconf 93' lang='lat' dir='ltr'><strong>tur</strong></span> <span class='ocrx_word' id='word_1_609' title='bbox 2764 3588 2928 3652; x_wconf 85' lang='lat' dir='ltr'><strong>enim,</strong></span> <span class='ocrx_word' id='word_1_610' title='bbox 2950 3588 3001 3641; x_wconf 90' lang='lat' dir='ltr'><strong>id</strong></span> <span class='ocrx_word' id='word_1_611' title='bbox 3027 3597 3130 3651; x_wconf 87' lang='lat' dir='ltr'><strong>est,</strong></span> <span class='ocrx_word' id='word_1_612' title='bbox 3154 3601 3474 3658; x_wconf 85' lang='lat' dir='ltr'><strong>agnoscetur</strong></span> <span class='ocrx_word' id='word_1_613' title='bbox 3494 3593 3636 3661; x_wconf 79' lang='lat' dir='ltr'><strong>quod</strong></span> 
     </span>
    </p>
   </div>
   <div class='ocr_carea' id='block_1_81' title="bbox 2058 3678 3640 3750">
    <p class='ocr_par' dir='ltr' id='par_1_81' title="bbox 2058 3678 3640 3750">
     <span class='ocr_line' id='line_1_81' title="bbox 2058 3678 3640 3750; baseline 0.003 -18"><span class='ocrx_word' id='word_1_614' title='bbox 2058 3679 2218 3733; x_wconf 89' lang='lat' dir='ltr'><strong>modo</strong></span> <span class='ocrx_word' id='word_1_615' title='bbox 2264 3678 2503 3733; x_wconf 87' lang='lat' dir='ltr'><strong>futurum</strong></span> <span class='ocrx_word' id='word_1_616' title='bbox 2535 3686 2788 3750; x_wconf 84' lang='lat' dir='ltr'><strong>negatur;</strong></span> <span class='ocrx_word' id='word_1_617' title='bbox 2821 3679 2963 3748; x_wconf 83' lang='lat' dir='ltr'><strong>quod</strong></span> <span class='ocrx_word' id='word_1_618' title='bbox 2988 3680 3130 3733; x_wconf 84' lang='lat' dir='ltr'><strong>enim</strong></span> <span class='ocrx_word' id='word_1_619' title='bbox 3164 3681 3323 3734; x_wconf 72' lang='lat' dir='ltr'><strong>modo</strong></span> <span class='ocrx_word' id='word_1_620' title='bbox 3364 3683 3521 3750; x_wconf 88' lang='lat' dir='ltr'><strong>quasi</strong></span> <span class='ocrx_word' id='word_1_621' title='bbox 3550 3700 3640 3737; x_wconf 86' lang='lat' dir='ltr'><strong>oc-</strong></span> 
     </span>
    </p>
   </div>
   <div class='ocr_carea' id='block_1_82' title="bbox 2058 3768 3633 3838">
    <p class='ocr_par' dir='ltr' id='par_1_82' title="bbox 2058 3768 3633 3838">
     <span class='ocr_line' id='line_1_82' title="bbox 2058 3768 3633 3838; baseline 0.002 -16"><span class='ocrx_word' id='word_1_622' title='bbox 2058 3769 2258 3823; x_wconf 91' lang='lat' dir='ltr'><strong>cultum</strong></span> <span class='ocrx_word' id='word_1_623' title='bbox 2284 3778 2612 3834; x_wconf 88' lang='lat' dir='ltr'><strong>reservatur,</strong></span> <span class='ocrx_word' id='word_1_624' title='bbox 2634 3778 2760 3823; x_wconf 92' lang='lat' dir='ltr'><strong>tunc</strong></span> <span class='ocrx_word' id='word_1_625' title='bbox 2783 3770 2937 3838; x_wconf 86' lang='lat' dir='ltr'><strong>quasi</strong></span> <span class='ocrx_word' id='word_1_626' title='bbox 2961 3768 3304 3824; x_wconf 84' lang='lat' dir='ltr'><strong>manifestum</strong></span> <span class='ocrx_word' id='word_1_627' title='bbox 3328 3771 3633 3825; x_wconf 84' lang='lat' dir='ltr'><strong>ulciscetur.</strong></span> 
     </span>
    </p>
   </div>
   <div class='ocr_carea' id='block_1_83' title="bbox 2136 3858 3637 3928">
    <p class='ocr_par' dir='ltr' id='par_1_83' title="bbox 2136 3858 3637 3928">
     <span class='ocr_line' id='line_1_83' title="bbox 2136 3858 3637 3928; baseline 0.003 -21"><span class='ocrx_word' id='word_1_628' title='bbox 2136 3876 2153 3907; x_wconf 77' lang='lat'><strong>(</strong></span> <span class='ocrx_word' id='word_1_629' title='bbox 2194 3858 2269 3910; x_wconf 87' lang='lat' dir='ltr'><strong>Da</strong></span> <span class='ocrx_word' id='word_1_630' title='bbox 2298 3859 2461 3923; x_wconf 81' lang='lat' dir='ltr'><strong>bono,</strong></span> <span class='ocrx_word' id='word_1_631' title='bbox 2500 3868 2555 3913; x_wconf 90' lang='lat' dir='ltr'><strong>et</strong></span> <span class='ocrx_word' id='word_1_632' title='bbox 2579 3874 2687 3912; x_wconf 92' lang='lat' dir='ltr'><strong>non</strong></span> <span class='ocrx_word' id='word_1_633' title='bbox 2719 3859 2989 3927; x_wconf 88' lang='lat' dir='ltr'><strong>receperis</strong></span> <span class='ocrx_word' id='word_1_634' title='bbox 3017 3867 3388 3928; x_wconf 73' lang='lat' dir='ltr'><strong>peccatorcm;</strong></span> <span class='ocrx_word' id='word_1_635' title='bbox 3416 3861 3637 3913; x_wconf 66' lang='grc' dir='ltr'><strong>ιιωρῖςια</strong></span> 
     </span>
    </p>
   </div>
   <div class='ocr_carea' id='block_1_84' title="bbox 2067 3950 3639 4021">
    <p class='ocr_par' dir='ltr' id='par_1_84' title="bbox 2067 3950 3639 4021">
     <span class='ocr_line' id='line_1_84' title="bbox 2067 3950 3639 4021; baseline 0.001 -19"><span class='ocrx_word' id='word_1_636' title='bbox 2067 3968 2082 3999; x_wconf 82' lang='grc' dir='ltr'>ι</span> <span class='ocrx_word' id='word_1_637' title='bbox 2118 3950 2345 4015; x_wconf 89' lang='lat' dir='ltr'><strong>humili,</strong></span> <span class='ocrx_word' id='word_1_638' title='bbox 2391 3958 2446 4004; x_wconf 90' lang='lat' dir='ltr'><strong>et</strong></span> <span class='ocrx_word' id='word_1_639' title='bbox 2493 3966 2601 4006; x_wconf 92' lang='lat' dir='ltr'><strong>non</strong></span> <span class='ocrx_word' id='word_1_640' title='bbox 2631 3950 2845 4006; x_wconf 85' lang='lat' dir='ltr'><strong>dederis</strong></span> <span class='ocrx_word' id='word_1_641' title='bbox 2890 3951 3074 4021; x_wconf 89' lang='lat' dir='ltr'><strong>impio.</strong></span> <span class='ocrx_word' id='word_1_642' title='bbox 3109 3971 3127 4003; x_wconf 76' lang='grc' dir='ltr'><strong><em>ι</em></strong></span> <span class='ocrx_word' id='word_1_643' title='bbox 3166 3952 3303 4006; x_wconf 88' lang='lat' dir='ltr'><strong>lluic</strong></span> <span class='ocrx_word' id='word_1_644' title='bbox 3345 3952 3517 4005; x_wconf 71' lang='lat' dir='ltr'><strong>simile</strong></span> <span class='ocrx_word' id='word_1_645' title='bbox 3554 3964 3639 4004; x_wconf 56' lang='lat' dir='ltr'><strong>eat</strong></span> 
     </span>
    </p>
   </div>
   <div class='ocr_carea' id='block_1_85' title="bbox 2064 4041 3635 4113">
    <p class='ocr_par' dir='ltr' id='par_1_85' title="bbox 2064 4041 3635 4113">
     <span class='ocr_line' id='line_1_85' title="bbox 2064 4041 3635 4113; baseline 0.003 -23"><span class='ocrx_word' id='word_1_646' title='bbox 2064 4059 2080 4090; x_wconf 75' lang='grc' dir='ltr'>ι</span> <span class='ocrx_word' id='word_1_647' title='bbox 2119 4041 2261 4109; x_wconf 88' lang='lat' dir='ltr'><strong>quod</strong></span> <span class='ocrx_word' id='word_1_648' title='bbox 2308 4042 2361 4095; x_wconf 93' lang='lat' dir='ltr'><strong>in</strong></span> <span class='ocrx_word' id='word_1_649' title='bbox 2410 4041 2576 4097; x_wconf 86' lang='lat' dir='ltr'><strong>Tobia</strong></span> <span class='ocrx_word' id='word_1_650' title='bbox 2608 4042 2835 4113; x_wconf 87' lang='lat' dir='ltr'><strong>legitur:</strong></span> <span class='ocrx_word' id='word_1_651' title='bbox 2871 4042 3111 4097; x_wconf 73' lang='lat' dir='ltr'><strong>«Panem</strong></span> <span class='ocrx_word' id='word_1_652' title='bbox 3159 4051 3307 4097; x_wconf 86' lang='lat' dir='ltr'><strong>tuum</strong></span> <span class='ocrx_word' id='word_1_653' title='bbox 3358 4053 3411 4098; x_wconf 87' lang='lat' dir='ltr'><strong>et</strong></span> <span class='ocrx_word' id='word_1_654' title='bbox 3456 4045 3635 4096; x_wconf 84' lang='lat' dir='ltr'><strong>vinum</strong></span> 
     </span>
    </p>
   </div>
   <div class='ocr_carea' id='block_1_86' title="bbox 2065 4135 3634 4204">
    <p class='ocr_par' dir='ltr' id='par_1_86' title="bbox 2065 4135 3634 4204">
     <span class='ocr_line' id='line_1_86' title="bbox 2065 4135 3634 4204; baseline 0.004 -22"><span class='ocrx_word' id='word_1_655' title='bbox 2065 4150 2081 4181; x_wconf 86' lang='grc'><em>‹</em></span> <span class='ocrx_word' id='word_1_656' title='bbox 2121 4141 2271 4186; x_wconf 90' lang='lat' dir='ltr'><strong>tuum</strong></span> <span class='ocrx_word' id='word_1_657' title='bbox 2298 4149 2459 4203; x_wconf 87' lang='lat' dir='ltr'><strong>super</strong></span> <span class='ocrx_word' id='word_1_658' title='bbox 2487 4136 2817 4204; x_wconf 82' lang='lat' dir='ltr'><strong>sepulturam</strong></span> <span class='ocrx_word' id='word_1_659' title='bbox 2848 4135 2980 4204; x_wconf 91' lang='lat' dir='ltr'><strong>justi</strong></span> <span class='ocrx_word' id='word_1_660' title='bbox 3006 4138 3296 4201; x_wconf 85' lang='lat' dir='ltr'><strong>constitue,</strong></span> <span class='ocrx_word' id='word_1_661' title='bbox 3337 4145 3391 4191; x_wconf 89' lang='lat' dir='ltr'><strong>et</strong></span> <span class='ocrx_word' id='word_1_662' title='bbox 3438 4137 3542 4191; x_wconf 89' lang='lat' dir='ltr'><strong>noli</strong></span> <span class='ocrx_word' id='word_1_663' title='bbox 3571 4153 3634 4189; x_wconf 73' lang='lat' dir='ltr'><strong>ex</strong></span> 
     </span>
    </p>
   </div>
   <div class='ocr_carea' id='block_1_87' title="bbox 2064 4226 3640 4298">
    <p class='ocr_par' dir='ltr' id='par_1_87' title="bbox 2064 4226 3640 4298">
     <span class='ocr_line' id='line_1_87' title="bbox 2064 4226 3640 4298; baseline 0.003 -23"><span class='ocrx_word' id='word_1_664' title='bbox 2064 4243 2082 4274; x_wconf 84' lang='grc'><em>‹</em></span> <span class='ocrx_word' id='word_1_665' title='bbox 2120 4240 2184 4279; x_wconf 92' lang='lat' dir='ltr'><strong>eo</strong></span> <span class='ocrx_word' id='word_1_666' title='bbox 2232 4226 2562 4281; x_wconf 89' lang='lat' dir='ltr'><strong>manducare</strong></span> <span class='ocrx_word' id='word_1_667' title='bbox 2616 4242 2789 4295; x_wconf 88' lang='lat' dir='ltr'><strong>neque</strong></span> <span class='ocrx_word' id='word_1_668' title='bbox 2850 4228 3036 4281; x_wconf 85' lang='lat' dir='ltr'><strong>bibere</strong></span> <span class='ocrx_word' id='word_1_669' title='bbox 3091 4244 3211 4282; x_wconf 89' lang='lat' dir='ltr'><strong>cum</strong></span> <span class='ocrx_word' id='word_1_670' title='bbox 3266 4229 3640 4298; x_wconf 74' lang='lat' dir='ltr'><strong>peccatoribus</strong></span> 
     </span>
    </p>
   </div>
   <div class='ocr_carea' id='block_1_88' title="bbox 2064 4313 3635 4387">
    <p class='ocr_par' dir='ltr' id='par_1_88' title="bbox 2064 4313 3635 4387">
     <span class='ocr_line' id='line_1_88' title="bbox 2064 4313 3635 4387; baseline 0.004 -22"><span class='ocrx_word' id='word_1_671' title='bbox 2064 4333 2082 4365; x_wconf 74' lang='grc' dir='ltr'>ί</span> <span class='ocrx_word' id='word_1_672' title='bbox 2122 4313 2400 4386; x_wconf 78' lang='lat' dir='ltr'><strong>(Tob.1v).</strong></span> <span class='ocrx_word' id='word_1_673' title='bbox 2436 4336 2453 4368; x_wconf 73' lang='grc' dir='ltr'><strong><em>ι</em></strong></span> <span class='ocrx_word' id='word_1_674' title='bbox 2498 4316 2698 4371; x_wconf 85' lang='lat' dir='ltr'><strong>Panem</strong></span> <span class='ocrx_word' id='word_1_675' title='bbox 2747 4318 2889 4371; x_wconf 89' lang='lat' dir='ltr'><strong>enim</strong></span> <span class='ocrx_word' id='word_1_676' title='bbox 2938 4334 3092 4372; x_wconf 89' lang='lat' dir='ltr'><strong>suum</strong></span> <span class='ocrx_word' id='word_1_677' title='bbox 3138 4328 3193 4372; x_wconf 89' lang='lat' dir='ltr'><strong>et</strong></span> <span class='ocrx_word' id='word_1_678' title='bbox 3226 4319 3406 4372; x_wconf 79' lang='lat' dir='ltr'><strong>vinum</strong></span> <span class='ocrx_word' id='word_1_679' title='bbox 3432 4321 3635 4387; x_wconf 74' lang='lat' dir='ltr'><strong>praebet</strong></span> 
     </span>
    </p>
   </div>
   <div class='ocr_carea' id='block_1_89' title="bbox 2058 4405 3635 4479">
    <p class='ocr_par' dir='ltr' id='par_1_89' title="bbox 2058 4405 3635 4479">
     <span class='ocr_line' id='line_1_89' title="bbox 2058 4405 3635 4479; baseline 0.003 -21"><span class='ocrx_word' id='word_1_680' title='bbox 2058 4405 2454 4474; x_wconf 88' lang='lat' dir='ltr'><strong>peccatoribus,</strong></span> <span class='ocrx_word' id='word_1_681' title='bbox 2470 4408 2561 4477; x_wconf 92' lang='lat' dir='ltr'><strong>qui</strong></span> <span class='ocrx_word' id='word_1_682' title='bbox 2594 4408 2791 4476; x_wconf 88' lang='lat' dir='ltr'><strong>iniquis</strong></span> <span class='ocrx_word' id='word_1_683' title='bbox 2815 4408 3073 4472; x_wconf 87' lang='lat' dir='ltr'><strong>subsidia,</strong></span> <span class='ocrx_word' id='word_1_684' title='bbox 3098 4425 3196 4478; x_wconf 92' lang='lat' dir='ltr'><strong>pro</strong></span> <span class='ocrx_word' id='word_1_685' title='bbox 3218 4426 3280 4463; x_wconf 82' lang='lat' dir='ltr'><strong>eo</strong></span> <span class='ocrx_word' id='word_1_686' title='bbox 3298 4411 3439 4479; x_wconf 82' lang='lat' dir='ltr'><strong>quod</strong></span> <span class='ocrx_word' id='word_1_687' title='bbox 3467 4410 3635 4479; x_wconf 77' lang='lat' dir='ltr'><strong>iniqui</strong></span> 
     </span>
    </p>
   </div>
   <div class='ocr_carea' id='block_1_90' title="bbox 376 4478 1968 4569">
    <p class='ocr_par' dir='ltr' id='par_1_90' title="bbox 376 4478 1956 4551">
     <span class='ocr_line' id='line_1_90' title="bbox 376 4478 1956 4551; baseline 0.002 -22"><span class='ocrx_word' id='word_1_688' title='bbox 376 4498 396 4529; x_wconf 70' lang='lat' dir='ltr'><strong>c</strong></span> <span class='ocrx_word' id='word_1_689' title='bbox 438 4478 683 4534; x_wconf 90' lang='lat' dir='ltr'><strong>Domino.</strong></span> <span class='ocrx_word' id='word_1_690' title='bbox 716 4500 734 4532; x_wconf 86' lang='grc'><strong>›</strong></span> <span class='ocrx_word' id='word_1_691' title='bbox 773 4480 898 4535; x_wconf 70' lang='grc' dir='ltr'><strong>Ηαιε</strong></span> <span class='ocrx_word' id='word_1_692' title='bbox 943 4494 1072 4549; x_wconf 86' lang='lat' dir='ltr'><strong>ergo</strong></span> <span class='ocrx_word' id='word_1_693' title='bbox 1112 4480 1431 4551; x_wconf 83' lang='lat' dir='ltr'><strong>Evangelica</strong></span> <span class='ocrx_word' id='word_1_694' title='bbox 1476 4490 1560 4535; x_wconf 90' lang='lat' dir='ltr'><strong>est</strong></span> <span class='ocrx_word' id='word_1_695' title='bbox 1606 4481 1871 4543; x_wconf 86' lang='lat' dir='ltr'><strong>doctrina,</strong></span> <span class='ocrx_word' id='word_1_696' title='bbox 1902 4487 1956 4534; x_wconf 87' lang='lat' dir='ltr'><strong>et</strong></span> 
     </span>
    </p>
   </div>
   <div class='ocr_carea' id='block_1_91' title="bbox 2062 4478 3638 4569">
    <p class='ocr_par' dir='ltr' id='par_1_91' title="bbox 2062 4478 3638 4569">
     <span class='ocr_line' id='line_1_91' title="bbox 2062 4478 3638 4569; baseline 0.002 -18"><span class='ocrx_word' id='word_1_697' title='bbox 2062 4505 2205 4560; x_wconf 82' lang='lat' dir='ltr'><strong>sunt,</strong></span> <span class='ocrx_word' id='word_1_698' title='bbox 2236 4497 2519 4566; x_wconf 88' lang='lat' dir='ltr'><strong>impendit.</strong></span> <span class='ocrx_word' id='word_1_699' title='bbox 2555 4499 2706 4554; x_wconf 90' lang='lat' dir='ltr'><strong>Unde</strong></span> <span class='ocrx_word' id='word_1_700' title='bbox 2737 4509 2789 4553; x_wconf 87' lang='lat' dir='ltr'><strong>et</strong></span> <span class='ocrx_word' id='word_1_701' title='bbox 2820 4500 3056 4555; x_wconf 87' lang='lat' dir='ltr'><strong>nonnulli</strong></span> <span class='ocrx_word' id='word_1_702' title='bbox 3088 4501 3248 4569; x_wconf 88' lang='lat' dir='ltr'><strong>hujus</strong></span> <span class='ocrx_word' id='word_1_703' title='bbox 3284 4478 3469 4555; x_wconf 84' lang='lat' dir='ltr'><strong>mundi</strong></span> <span class='ocrx_word' id='word_1_704' title='bbox 3507 4478 3638 4557; x_wconf 81' lang='lat' dir='ltr'><strong>divi-</strong></span> 
     </span>
    </p>
   </div>
   <div class='ocr_carea' id='block_1_92' title="bbox 367 4569 1952 4626">
    <p class='ocr_par' dir='ltr' id='par_1_92' title="bbox 367 4569 1952 4626">
     <span class='ocr_line' id='line_1_92' title="bbox 367 4569 1952 4626; baseline 0.001 -2"><span class='ocrx_word' id='word_1_705' title='bbox 367 4570 666 4624; x_wconf 85' lang='lat' dir='ltr'><strong>concordat</strong></span> <span class='ocrx_word' id='word_1_706' title='bbox 686 4570 1025 4625; x_wconf 89' lang='lat' dir='ltr'><strong>sermonibus</strong></span> <span class='ocrx_word' id='word_1_707' title='bbox 1045 4569 1359 4626; x_wconf 86' lang='lat' dir='ltr'><strong>Salvatoris.</strong></span> <span class='ocrx_word' id='word_1_708' title='bbox 1389 4570 1630 4625; x_wconf 88' lang='lat' dir='ltr'><strong>Primum</strong></span> <span class='ocrx_word' id='word_1_709' title='bbox 1656 4573 1801 4626; x_wconf 89' lang='lat' dir='ltr'><strong>enim</strong></span> <span class='ocrx_word' id='word_1_710' title='bbox 1827 4573 1952 4625; x_wconf 79' lang='lat' dir='ltr'><strong>hor-</strong></span> 
     </span>
    </p>
   </div>
   <div class='ocr_carea' id='block_1_93' title="bbox 368 4661 1950 4732">
    <p class='ocr_par' dir='ltr' id='par_1_93' title="bbox 368 4661 1950 4732">
     <span class='ocr_line' id='line_1_93' title="bbox 368 4661 1950 4732; baseline -0.001 -17"><span class='ocrx_word' id='word_1_711' title='bbox 368 4670 523 4715; x_wconf 88' lang='lat' dir='ltr'><strong>tatur</strong></span> <span class='ocrx_word' id='word_1_712' title='bbox 552 4667 611 4713; x_wconf 91' lang='lat' dir='ltr'><strong>ut</strong></span> <span class='ocrx_word' id='word_1_713' title='bbox 640 4661 868 4731; x_wconf 90' lang='lat' dir='ltr'><strong>simplici</strong></span> <span class='ocrx_word' id='word_1_714' title='bbox 891 4661 1071 4717; x_wconf 92' lang='lat' dir='ltr'><strong>animo</strong></span> <span class='ocrx_word' id='word_1_715' title='bbox 1096 4661 1265 4716; x_wconf 87' lang='lat' dir='ltr'><strong>facias</strong></span> <span class='ocrx_word' id='word_1_716' title='bbox 1288 4662 1706 4731; x_wconf 84' lang='lat' dir='ltr'><strong>eleemosynam,</strong></span> <span class='ocrx_word' id='word_1_717' title='bbox 1731 4663 1855 4732; x_wconf 88' lang='lat' dir='ltr'><strong>quia</strong></span> <span class='ocrx_word' id='word_1_718' title='bbox 1879 4663 1950 4716; x_wconf 89' lang='lat' dir='ltr'><strong>ita</strong></span> 
     </span>
    </p>
   </div>
   <div class='ocr_carea' id='block_1_94' title="bbox 368 4752 1951 4822">
    <p class='ocr_par' dir='ltr' id='par_1_94' title="bbox 368 4752 1951 4822">
     <span class='ocr_line' id='line_1_94' title="bbox 368 4752 1951 4822; baseline -0.002 -15"><span class='ocrx_word' id='word_1_719' title='bbox 368 4752 714 4807; x_wconf 83' lang='lat' dir='ltr'><strong>solummodo</strong></span> <span class='ocrx_word' id='word_1_720' title='bbox 743 4752 1128 4807; x_wconf 68' lang='lat' dir='ltr'><strong>misericordia:</strong></span> <span class='ocrx_word' id='word_1_721' title='bbox 1159 4767 1319 4821; x_wconf 82' lang='lat' dir='ltr'><strong>Opera</strong></span> <span class='ocrx_word' id='word_1_722' title='bbox 1347 4753 1485 4822; x_wconf 87' lang='lat' dir='ltr'><strong>apud</strong></span> <span class='ocrx_word' id='word_1_723' title='bbox 1520 4752 1687 4806; x_wconf 88' lang='lat' dir='ltr'><strong>Deum</strong></span> <span class='ocrx_word' id='word_1_724' title='bbox 1714 4753 1951 4822; x_wconf 87' lang='lat' dir='ltr'><strong>proban-</strong></span> 
     </span>
    </p>
   </div>
   <div class='ocr_carea' id='block_1_95' title="bbox 368 4843 1947 4912">
    <p class='ocr_par' dir='ltr' id='par_1_95' title="bbox 368 4843 1947 4912">
     <span class='ocr_line' id='line_1_95' title="bbox 368 4843 1947 4912; baseline 0 -15"><span class='ocrx_word' id='word_1_725' title='bbox 368 4853 483 4907; x_wconf 86' lang='lat' dir='ltr'><strong>tur,</strong></span> <span class='ocrx_word' id='word_1_726' title='bbox 536 4843 582 4897; x_wconf 91' lang='lat' dir='ltr'><strong>si</strong></span> <span class='ocrx_word' id='word_1_727' title='bbox 629 4843 855 4912; x_wconf 88' lang='lat' dir='ltr'><strong>simplici</strong></span> <span class='ocrx_word' id='word_1_728' title='bbox 898 4851 954 4897; x_wconf 91' lang='lat' dir='ltr'><strong>et</strong></span> <span class='ocrx_word' id='word_1_729' title='bbox 989 4846 1187 4898; x_wconf 90' lang='lat' dir='ltr'><strong>munda</strong></span> <span class='ocrx_word' id='word_1_730' title='bbox 1234 4844 1530 4897; x_wconf 85' lang='lat' dir='ltr'><strong>intentione</strong></span> <span class='ocrx_word' id='word_1_731' title='bbox 1555 4845 1947 4899; x_wconf 83' lang='lat' dir='ltr'><strong>cxhibeantur:</strong></span> 
     </span>
    </p>
   </div>
   <div class='ocr_carea' id='block_1_96' title="bbox 373 4934 1950 5005">
    <p class='ocr_par' dir='ltr' id='par_1_96' title="bbox 373 4934 1950 5005">
     <span class='ocr_line' id='line_1_96' title="bbox 373 4934 1950 5005; baseline 0.001 -17"><span class='ocrx_word' id='word_1_732' title='bbox 373 4956 395 4988; x_wconf 70' lang='grc' dir='ltr'><strong><em>ι</em></strong></span> <span class='ocrx_word' id='word_1_733' title='bbox 435 4936 729 5001; x_wconf 84' lang='lat' dir='ltr'><strong>Attendite,</strong></span> <span class='ocrx_word' id='word_1_734' title='bbox 755 4937 947 5005; x_wconf 88' lang='lat' dir='ltr'><strong>inquit,</strong></span> <span class='ocrx_word' id='word_1_735' title='bbox 980 4951 1048 4991; x_wconf 92' lang='lat' dir='ltr'><strong>ne</strong></span> <span class='ocrx_word' id='word_1_736' title='bbox 1067 4934 1329 5004; x_wconf 85' lang='lat' dir='ltr'><strong>justitiam</strong></span> <span class='ocrx_word' id='word_1_737' title='bbox 1365 4946 1597 4990; x_wconf 82' lang='lat' dir='ltr'><strong>vestram</strong></span> <span class='ocrx_word' id='word_1_738' title='bbox 1625 4936 1833 4991; x_wconf 80' lang='lat' dir='ltr'><strong>faciatis</strong></span> <span class='ocrx_word' id='word_1_739' title='bbox 1858 4953 1950 4991; x_wconf 84' lang='lat' dir='ltr'><strong>co-</strong></span> 
     </span>
    </p>
   </div>
   <div class='ocr_carea' id='block_1_97' title="bbox 373 5025 1947 5097">
    <p class='ocr_par' dir='ltr' id='par_1_97' title="bbox 373 5025 1947 5097">
     <span class='ocr_line' id='line_1_97' title="bbox 373 5025 1947 5097; baseline 0 -18"><span class='ocrx_word' id='word_1_740' title='bbox 373 5041 495 5080; x_wconf 84' lang='lat' dir='ltr'><strong>ram</strong></span> <span class='ocrx_word' id='word_1_741' title='bbox 527 5026 856 5091; x_wconf 87' lang='lat' dir='ltr'><strong>hominibus,</strong></span> <span class='ocrx_word' id='word_1_742' title='bbox 890 5035 952 5080; x_wconf 94' lang='lat' dir='ltr'><strong>ut</strong></span> <span class='ocrx_word' id='word_1_743' title='bbox 988 5025 1280 5080; x_wconf 82' lang='lat' dir='ltr'><strong>videamini</strong></span> <span class='ocrx_word' id='word_1_744' title='bbox 1327 5026 1394 5079; x_wconf 81' lang='lat' dir='ltr'><strong>ab</strong></span> <span class='ocrx_word' id='word_1_745' title='bbox 1421 5026 1499 5081; x_wconf 91' lang='lat' dir='ltr'><strong>cis</strong></span> <span class='ocrx_word' id='word_1_746' title='bbox 1546 5025 1760 5097; x_wconf 80' lang='lat' dir='ltr'><strong>(Matth.</strong></span> <span class='ocrx_word' id='word_1_747' title='bbox 1797 5030 1892 5095; x_wconf 74' lang='lat' dir='ltr'><strong>vi).</strong></span> <span class='ocrx_word' id='word_1_748' title='bbox 1930 5048 1947 5079; x_wconf 72' lang='grc' dir='ltr'><strong><em>ι</em></strong></span> 
     </span>
    </p>
   </div>
   <div class='ocr_carea' id='block_1_98' title="bbox 369 5115 1954 5184">
    <p class='ocr_par' dir='ltr' id='par_1_98' title="bbox 369 5115 1954 5184">
     <span class='ocr_line' id='line_1_98' title="bbox 369 5115 1954 5184; baseline -0.001 -13"><span class='ocrx_word' id='word_1_749' title='bbox 369 5116 435 5171; x_wconf 87' lang='lat' dir='ltr'><strong>Id</strong></span> <span class='ocrx_word' id='word_1_750' title='bbox 461 5125 566 5181; x_wconf 88' lang='lat' dir='ltr'><strong>est,</strong></span> <span class='ocrx_word' id='word_1_751' title='bbox 594 5126 781 5171; x_wconf 86' lang='lat' dir='ltr'><strong>cavete</strong></span> <span class='ocrx_word' id='word_1_752' title='bbox 807 5117 911 5172; x_wconf 92' lang='lat' dir='ltr'><strong>hoc</strong></span> <span class='ocrx_word' id='word_1_753' title='bbox 954 5117 1135 5171; x_wconf 89' lang='lat' dir='ltr'><strong>animo</strong></span> <span class='ocrx_word' id='word_1_754' title='bbox 1161 5126 1361 5182; x_wconf 85' lang='lat' dir='ltr'><strong>tenere,</strong></span> <span class='ocrx_word' id='word_1_755' title='bbox 1405 5124 1463 5170; x_wconf 89' lang='lat' dir='ltr'><strong>ut</strong></span> <span class='ocrx_word' id='word_1_756' title='bbox 1487 5132 1608 5171; x_wconf 90' lang='lat' dir='ltr'><strong>cum</strong></span> <span class='ocrx_word' id='word_1_757' title='bbox 1641 5115 1783 5184; x_wconf 87' lang='lat' dir='ltr'><strong>juste</strong></span> <span class='ocrx_word' id='word_1_758' title='bbox 1808 5119 1954 5170; x_wconf 80' lang='lat' dir='ltr'><strong>viva-</strong></span> 
     </span>
    </p>
   </div>
   <div class='ocr_carea' id='block_1_99' title="bbox 371 5206 1956 5278">
    <p class='ocr_par' dir='ltr' id='par_1_99' title="bbox 371 5206 1956 5278">
     <span class='ocr_line' id='line_1_99' title="bbox 371 5206 1956 5278; baseline 0 -17"><span class='ocrx_word' id='word_1_759' title='bbox 371 5208 467 5271; x_wconf 86' lang='lat' dir='ltr'><strong>tis,</strong></span> <span class='ocrx_word' id='word_1_760' title='bbox 498 5206 613 5262; x_wconf 84' lang='lat' dir='ltr'><strong>sive</strong></span> <span class='ocrx_word' id='word_1_761' title='bbox 641 5207 839 5277; x_wconf 90' lang='lat' dir='ltr'><strong>aliquid</strong></span> <span class='ocrx_word' id='word_1_762' title='bbox 867 5208 994 5262; x_wconf 91' lang='lat' dir='ltr'><strong>boni</strong></span> <span class='ocrx_word' id='word_1_763' title='bbox 1022 5208 1203 5278; x_wconf 88' lang='lat' dir='ltr'><strong>operis</strong></span> <span class='ocrx_word' id='word_1_764' title='bbox 1245 5208 1476 5273; x_wconf 85' lang='lat' dir='ltr'><strong>faciatis,</strong></span> <span class='ocrx_word' id='word_1_765' title='bbox 1531 5209 1599 5263; x_wconf 89' lang='lat' dir='ltr'><strong>ibi</strong></span> <span class='ocrx_word' id='word_1_766' title='bbox 1643 5209 1841 5263; x_wconf 89' lang='lat' dir='ltr'><strong>bonum</strong></span> <span class='ocrx_word' id='word_1_767' title='bbox 1867 5224 1956 5261; x_wconf 85' lang='lat' dir='ltr'><strong>vc—</strong></span> 
     </span>
    </p>
   </div>
   <div class='ocr_carea' id='block_1_100' title="bbox 371 5300 1956 5369">
    <p class='ocr_par' dir='ltr' id='par_1_100' title="bbox 371 5300 1956 5369">
     <span class='ocr_line' id='line_1_100' title="bbox 371 5300 1956 5369; baseline 0.001 -16"><span class='ocrx_word' id='word_1_768' title='bbox 371 5306 551 5353; x_wconf 84' lang='lat' dir='ltr'><strong>strum</strong></span> <span class='ocrx_word' id='word_1_769' title='bbox 581 5300 943 5365; x_wconf 88' lang='lat' dir='ltr'><strong>constituatis,</strong></span> <span class='ocrx_word' id='word_1_770' title='bbox 970 5309 1030 5354; x_wconf 93' lang='lat' dir='ltr'><strong>ut</strong></span> <span class='ocrx_word' id='word_1_771' title='bbox 1054 5316 1150 5355; x_wconf 82' lang='lat' dir='ltr'><strong>vos</strong></span> <span class='ocrx_word' id='word_1_772' title='bbox 1189 5302 1407 5355; x_wconf 86' lang='lat' dir='ltr'><strong>videant</strong></span> <span class='ocrx_word' id='word_1_773' title='bbox 1437 5301 1712 5367; x_wconf 89' lang='lat' dir='ltr'><strong>homines;</strong></span> <span class='ocrx_word' id='word_1_774' title='bbox 1745 5302 1956 5369; x_wconf 85' lang='lat' dir='ltr'><strong>illisque</strong></span> 
     </span>
    </p>
   </div>
   <div class='ocr_carea' id='block_1_101' title="bbox 370 5391 1957 5463">
    <p class='ocr_par' dir='ltr' id='par_1_101' title="bbox 370 5391 1957 5463">
     <span class='ocr_line' id='line_1_101' title="bbox 370 5391 1957 5463; baseline 0.002 -20"><span class='ocrx_word' id='word_1_775' title='bbox 370 5391 637 5462; x_wconf 88' lang='lat' dir='ltr'><strong>placeatis</strong></span> <span class='ocrx_word' id='word_1_776' title='bbox 668 5432 684 5457; x_wconf 89' lang='lat'><strong>,</strong></span> <span class='ocrx_word' id='word_1_777' title='bbox 728 5393 1047 5463; x_wconf 86' lang='lat' dir='ltr'><strong>laudemque</strong></span> <span class='ocrx_word' id='word_1_778' title='bbox 1095 5392 1163 5447; x_wconf 89' lang='lat' dir='ltr'><strong>ab</strong></span> <span class='ocrx_word' id='word_1_779' title='bbox 1189 5394 1268 5449; x_wconf 85' lang='lat' dir='ltr'><strong>eis</strong></span> <span class='ocrx_word' id='word_1_780' title='bbox 1305 5394 1548 5463; x_wconf 84' lang='lat' dir='ltr'><strong>accipere</strong></span> <span class='ocrx_word' id='word_1_781' title='bbox 1573 5394 1825 5463; x_wconf 69' lang='lat' dir='ltr'><strong>(pueratis</strong></span> <span class='ocrx_word' id='word_1_782' title='bbox 1850 5435 1865 5458; x_wconf 94' lang='lat'><strong>,</strong></span> <span class='ocrx_word' id='word_1_783' title='bbox 1904 5403 1957 5449; x_wconf 89' lang='lat' dir='ltr'><strong>et</strong></span> 
     </span>
    </p>
   </div>
   <div class='ocr_carea' id='block_1_102' title="bbox 370 5483 1960 5556">
    <p class='ocr_par' dir='ltr' id='par_1_102' title="bbox 370 5483 1960 5556">
     <span class='ocr_line' id='line_1_102' title="bbox 370 5483 1960 5556; baseline 0.003 -17"><span class='ocrx_word' id='word_1_784' title='bbox 370 5483 450 5539; x_wconf 90' lang='lat' dir='ltr'><strong>ob</strong></span> <span class='ocrx_word' id='word_1_785' title='bbox 498 5484 600 5539; x_wconf 90' lang='lat' dir='ltr'><strong>hoc</strong></span> <span class='ocrx_word' id='word_1_786' title='bbox 645 5499 776 5538; x_wconf 88' lang='lat' dir='ltr'><strong>vero</strong></span> <span class='ocrx_word' id='word_1_787' title='bbox 818 5487 1084 5541; x_wconf 87' lang='lat' dir='ltr'><strong>mercedis</strong></span> <span class='ocrx_word' id='word_1_788' title='bbox 1136 5485 1312 5541; x_wconf 89' lang='lat' dir='ltr'><strong>fructu</strong></span> <span class='ocrx_word' id='word_1_789' title='bbox 1352 5488 1660 5556; x_wconf 88' lang='lat' dir='ltr'><strong>privemini.</strong></span> <span class='ocrx_word' id='word_1_790' title='bbox 1714 5488 1865 5543; x_wconf 84' lang='lat' dir='ltr'><strong>Unde</strong></span> <span class='ocrx_word' id='word_1_791' title='bbox 1905 5497 1960 5543; x_wconf 88' lang='lat' dir='ltr'><strong>et</strong></span> 
     </span>
    </p>
   </div>
   <div class='ocr_carea' id='block_1_103' title="bbox 368 5574 1955 5650">
    <p class='ocr_par' dir='ltr' id='par_1_103' title="bbox 368 5574 1955 5650">
     <span class='ocr_line' id='line_1_103' title="bbox 368 5574 1955 5650; baseline 0.004 -21"><span class='ocrx_word' id='word_1_792' title='bbox 368 5574 667 5630; x_wconf 84' lang='lat' dir='ltr'><strong>subditur:</strong></span> <span class='ocrx_word' id='word_1_793' title='bbox 704 5595 724 5626; x_wconf 67' lang='grc' dir='ltr'><em>ς</em></span> <span class='ocrx_word' id='word_1_794' title='bbox 756 5577 1002 5647; x_wconf 81' lang='lat' dir='ltr'><strong>Alioquin</strong></span> <span class='ocrx_word' id='word_1_795' title='bbox 1048 5580 1347 5633; x_wconf 89' lang='lat' dir='ltr'><strong>mercedem</strong></span> <span class='ocrx_word' id='word_1_796' title='bbox 1385 5596 1492 5633; x_wconf 89' lang='lat' dir='ltr'><strong>non</strong></span> <span class='ocrx_word' id='word_1_797' title='bbox 1525 5580 1793 5635; x_wconf 89' lang='lat' dir='ltr'><strong>habebitis</strong></span> <span class='ocrx_word' id='word_1_798' title='bbox 1820 5582 1955 5650; x_wconf 85' lang='lat' dir='ltr'><strong>apud</strong></span> 
     </span>
    </p>
   </div>
   <div class='ocr_carea' id='block_1_104' title="bbox 370 5666 1957 5743">
    <p class='ocr_par' dir='ltr' id='par_1_104' title="bbox 370 5666 1957 5743">
     <span class='ocr_line' id='line_1_104' title="bbox 370 5666 1957 5743; baseline 0.005 -25"><span class='ocrx_word' id='word_1_799' title='bbox 370 5666 595 5719; x_wconf 80' lang='lat' dir='ltr'><strong>Patrem</strong></span> <span class='ocrx_word' id='word_1_800' title='bbox 618 5675 877 5731; x_wconf 89' lang='lat' dir='ltr'><strong>vestrum,</strong></span> <span class='ocrx_word' id='word_1_801' title='bbox 911 5670 1002 5738; x_wconf 87' lang='lat' dir='ltr'><strong>qui</strong></span> <span class='ocrx_word' id='word_1_802' title='bbox 1031 5670 1083 5723; x_wconf 90' lang='lat' dir='ltr'><strong>in</strong></span> <span class='ocrx_word' id='word_1_803' title='bbox 1112 5669 1263 5725; x_wconf 72' lang='lat' dir='ltr'><strong>cmlis</strong></span> <span class='ocrx_word' id='word_1_804' title='bbox 1298 5678 1380 5724; x_wconf 86' lang='lat' dir='ltr'><strong>est</strong></span> <span class='ocrx_word' id='word_1_805' title='bbox 1407 5670 1616 5743; x_wconf 61' lang='lat' dir='ltr'><strong>(Ibid).</strong></span> <span class='ocrx_word' id='word_1_806' title='bbox 1651 5690 1668 5722; x_wconf 72' lang='grc' dir='ltr'><strong><em>ι</em></strong></span> <span class='ocrx_word' id='word_1_807' title='bbox 1698 5671 1831 5725; x_wconf 86' lang='lat' dir='ltr'><strong>ilinc</strong></span> <span class='ocrx_word' id='word_1_808' title='bbox 1856 5673 1957 5726; x_wconf 90' lang='lat' dir='ltr'><strong>ite-</strong></span> 
     </span>
    </p>
   </div>
   <div class='ocr_carea' id='block_1_105' title="bbox 374 5760 1958 5834">
    <p class='ocr_par' dir='ltr' id='par_1_105' title="bbox 374 5760 1958 5834">
     <span class='ocr_line' id='line_1_105' title="bbox 374 5760 1958 5834; baseline 0.006 -23"><span class='ocrx_word' id='word_1_809' title='bbox 374 5774 500 5813; x_wconf 90' lang='lat' dir='ltr'><strong>rum</strong></span> <span class='ocrx_word' id='word_1_810' title='bbox 528 5760 640 5814; x_wconf 88' lang='lat' dir='ltr'><strong>ait:</strong></span> <span class='ocrx_word' id='word_1_811' title='bbox 667 5777 689 5812; x_wconf 86' lang='grc'><em>‹</em></span> <span class='ocrx_word' id='word_1_812' title='bbox 718 5760 795 5816; x_wconf 88' lang='lat' dir='ltr'><strong>Te</strong></span> <span class='ocrx_word' id='word_1_813' title='bbox 825 5772 1005 5816; x_wconf 88' lang='lat' dir='ltr'><strong>autem</strong></span> <span class='ocrx_word' id='word_1_814' title='bbox 1036 5761 1266 5819; x_wconf 84' lang='lat' dir='ltr'><strong>faciente</strong></span> <span class='ocrx_word' id='word_1_815' title='bbox 1291 5763 1707 5834; x_wconf 84' lang='lat' dir='ltr'><strong>eleemosynam,</strong></span> <span class='ocrx_word' id='word_1_816' title='bbox 1752 5766 1958 5821; x_wconf 87' lang='lat' dir='ltr'><strong>nesciat</strong></span> 
     </span>
    </p>
   </div>
   <div class='ocr_carea' id='block_1_106' title="bbox 2062 4589 3637 4662">
    <p class='ocr_par' dir='ltr' id='par_1_106' title="bbox 2062 4589 3637 4662">
     <span class='ocr_line' id='line_1_106' title="bbox 2062 4589 3637 4662; baseline 0.005 -21"><span class='ocrx_word' id='word_1_817' title='bbox 2062 4594 2162 4651; x_wconf 90' lang='lat' dir='ltr'><strong>tes,</strong></span> <span class='ocrx_word' id='word_1_818' title='bbox 2209 4602 2330 4642; x_wconf 91' lang='lat' dir='ltr'><strong>cum</strong></span> <span class='ocrx_word' id='word_1_819' title='bbox 2362 4589 2503 4644; x_wconf 87' lang='lat' dir='ltr'><strong>fame</strong></span> <span class='ocrx_word' id='word_1_820' title='bbox 2528 4591 2837 4645; x_wconf 88' lang='lat' dir='ltr'><strong>crucientur</strong></span> <span class='ocrx_word' id='word_1_821' title='bbox 2865 4590 3063 4646; x_wconf 88' lang='lat' dir='ltr'><strong>Christi</strong></span> <span class='ocrx_word' id='word_1_822' title='bbox 3110 4607 3374 4662; x_wconf 87' lang='lat' dir='ltr'><strong>pauperes</strong></span> <span class='ocrx_word' id='word_1_823' title='bbox 3398 4634 3412 4658; x_wconf 94' lang='lat'><strong>,</strong></span> <span class='ocrx_word' id='word_1_824' title='bbox 3455 4592 3637 4649; x_wconf 80' lang='lat' dir='ltr'><strong>effusis</strong></span> 
     </span>
    </p>
   </div>
   <div class='ocr_carea' id='block_1_107' title="bbox 2060 4675 3639 4747">
    <p class='ocr_par' dir='ltr' id='par_1_107' title="bbox 2060 4675 3639 4747">
     <span class='ocr_line' id='line_1_107' title="bbox 2060 4675 3639 4747; baseline 0.006 -19"><span class='ocrx_word' id='word_1_825' title='bbox 2060 4675 2400 4746; x_wconf 87' lang='lat' dir='ltr'><strong>largitatihus</strong></span> <span class='ocrx_word' id='word_1_826' title='bbox 2445 4680 2694 4735; x_wconf 89' lang='lat' dir='ltr'><strong>nutriunt</strong></span> <span class='ocrx_word' id='word_1_827' title='bbox 2721 4681 3028 4735; x_wconf 89' lang='lat' dir='ltr'><strong>histriones.</strong></span> <span class='ocrx_word' id='word_1_828' title='bbox 3062 4680 3159 4747; x_wconf 83' lang='lat' dir='ltr'><strong>Qui</strong></span> <span class='ocrx_word' id='word_1_829' title='bbox 3208 4697 3336 4735; x_wconf 90' lang='lat' dir='ltr'><strong>vero</strong></span> <span class='ocrx_word' id='word_1_830' title='bbox 3365 4684 3525 4737; x_wconf 89' lang='lat' dir='ltr'><strong>etiam</strong></span> <span class='ocrx_word' id='word_1_831' title='bbox 3559 4685 3639 4737; x_wconf 82' lang='lat' dir='ltr'><strong>it:—</strong></span> 
     </span>
    </p>
   </div>
   <div class='ocr_carea' id='block_1_108' title="bbox 2059 4765 3633 4842">
    <p class='ocr_par' dir='ltr' id='par_1_108' title="bbox 2059 4765 3633 4842">
     <span class='ocr_line' id='line_1_108' title="bbox 2059 4765 3633 4842; baseline 0.005 -23"><span class='ocrx_word' id='word_1_832' title='bbox 2059 4765 2260 4837; x_wconf 82' lang='lat' dir='ltr'><strong>digenti</strong></span> <span class='ocrx_word' id='word_1_833' title='bbox 2310 4770 2578 4835; x_wconf 85' lang='lat' dir='ltr'><strong>peceatori</strong></span> <span class='ocrx_word' id='word_1_834' title='bbox 2628 4786 2823 4837; x_wconf 86' lang='lat' dir='ltr'><strong>panem</strong></span> <span class='ocrx_word' id='word_1_835' title='bbox 2850 4786 3026 4835; x_wconf 90' lang='lat' dir='ltr'><strong>suum,</strong></span> <span class='ocrx_word' id='word_1_836' title='bbox 3060 4787 3163 4826; x_wconf 80' lang='lat' dir='ltr'><strong>non</strong></span> <span class='ocrx_word' id='word_1_837' title='bbox 3212 4773 3333 4840; x_wconf 84' lang='lat' dir='ltr'><strong>quia</strong></span> <span class='ocrx_word' id='word_1_838' title='bbox 3364 4783 3633 4842; x_wconf 87' lang='lat' dir='ltr'><strong>peccator,</strong></span> 
     </span>
    </p>
   </div>
   <div class='ocr_carea' id='block_1_109' title="bbox 2060 4856 3633 4932">
    <p class='ocr_par' dir='ltr' id='par_1_109' title="bbox 2060 4856 3633 4932">
     <span class='ocr_line' id='line_1_109' title="bbox 2060 4856 3633 4932; baseline 0.005 -25"><span class='ocrx_word' id='word_1_839' title='bbox 2060 4856 2153 4910; x_wconf 89' lang='lat' dir='ltr'><strong>sed</strong></span> <span class='ocrx_word' id='word_1_840' title='bbox 2177 4856 2301 4924; x_wconf 88' lang='lat' dir='ltr'><strong>quia</strong></span> <span class='ocrx_word' id='word_1_841' title='bbox 2325 4856 2486 4910; x_wconf 87' lang='lat' dir='ltr'><strong>homo</strong></span> <span class='ocrx_word' id='word_1_842' title='bbox 2505 4867 2607 4922; x_wconf 89' lang='lat' dir='ltr'><strong>est,</strong></span> <span class='ocrx_word' id='word_1_843' title='bbox 2637 4860 2841 4924; x_wconf 88' lang='lat' dir='ltr'><strong>tribuit,</strong></span> <span class='ocrx_word' id='word_1_844' title='bbox 2869 4861 3121 4915; x_wconf 84' lang='lat' dir='ltr'><strong>nimirum</strong></span> <span class='ocrx_word' id='word_1_845' title='bbox 3145 4878 3249 4916; x_wconf 90' lang='lat' dir='ltr'><strong>non</strong></span> <span class='ocrx_word' id='word_1_846' title='bbox 3272 4873 3633 4932; x_wconf 84' lang='lat' dir='ltr'><strong>peccatorcm,</strong></span> 
     </span>
    </p>
   </div>
   <div class='ocr_carea' id='block_1_110' title="bbox 2064 4944 3639 5023">
    <p class='ocr_par' dir='ltr' id='par_1_110' title="bbox 2064 4944 3639 5023">
     <span class='ocr_line' id='line_1_110' title="bbox 2064 4944 3639 5023; baseline 0.006 -25"><span class='ocrx_word' id='word_1_847' title='bbox 2064 4944 2155 4999; x_wconf 87' lang='lat' dir='ltr'><strong>sed</strong></span> <span class='ocrx_word' id='word_1_848' title='bbox 2174 4945 2379 5014; x_wconf 89' lang='lat' dir='ltr'><strong>justum</strong></span> <span class='ocrx_word' id='word_1_849' title='bbox 2406 4949 2593 5011; x_wconf 90' lang='lat' dir='ltr'><strong>nutrit,</strong></span> <span class='ocrx_word' id='word_1_850' title='bbox 2624 4950 2750 5018; x_wconf 86' lang='lat' dir='ltr'><strong>quia</strong></span> <span class='ocrx_word' id='word_1_851' title='bbox 2778 4951 2828 5003; x_wconf 93' lang='lat' dir='ltr'><strong>in</strong></span> <span class='ocrx_word' id='word_1_852' title='bbox 2852 4951 2943 5005; x_wconf 93' lang='lat' dir='ltr'><strong>illo</strong></span> <span class='ocrx_word' id='word_1_853' title='bbox 2964 4968 3070 5006; x_wconf 87' lang='lat' dir='ltr'><strong>non</strong></span> <span class='ocrx_word' id='word_1_854' title='bbox 3092 4952 3328 5023; x_wconf 84' lang='lat' dir='ltr'><strong>culpam,</strong></span> <span class='ocrx_word' id='word_1_855' title='bbox 3360 4958 3453 5010; x_wconf 89' lang='lat' dir='ltr'><strong>sed</strong></span> <span class='ocrx_word' id='word_1_856' title='bbox 3484 4966 3639 5009; x_wconf 72' lang='lat' dir='ltr'><strong>natu-</strong></span> 
     </span>
    </p>
   </div>
   <div class='ocr_carea' id='block_1_111' title="bbox 2064 5036 3638 5117">
    <p class='ocr_par' dir='ltr' id='par_1_111' title="bbox 2064 5036 3638 5117">
     <span class='ocr_line' id='line_1_111' title="bbox 2064 5036 3638 5117; baseline 0.007 -29"><span class='ocrx_word' id='word_1_857' title='bbox 2064 5051 2179 5088; x_wconf 85' lang='lat' dir='ltr'><strong>ram</strong></span> <span class='ocrx_word' id='word_1_858' title='bbox 2236 5036 2427 5106; x_wconf 80' lang='lat' dir='ltr'><strong>diligit.</strong></span> <span class='ocrx_word' id='word_1_859' title='bbox 2472 5036 2643 5092; x_wconf 86' lang='lat' dir='ltr'><strong>Aliter</strong></span> <span class='ocrx_word' id='word_1_860' title='bbox 2672 5049 2847 5094; x_wconf 88' lang='lat' dir='ltr'><strong>autem</strong></span> <span class='ocrx_word' id='word_1_861' title='bbox 2894 5042 2936 5096; x_wconf 91' lang='lat' dir='ltr'><strong>si</strong></span> <span class='ocrx_word' id='word_1_862' title='bbox 2986 5045 3281 5098; x_wconf 87' lang='lat' dir='ltr'><strong>secundum</strong></span> <span class='ocrx_word' id='word_1_863' title='bbox 3330 5046 3638 5117; x_wconf 70' lang='lat' dir='ltr'><strong>allegoriam</strong></span> 
     </span>
    </p>
   </div>
   <div class='ocr_carea' id='block_1_112' title="bbox 2062 5128 3638 5207">
    <p class='ocr_par' dir='ltr' id='par_1_112' title="bbox 2062 5128 3638 5207">
     <span class='ocr_line' id='line_1_112' title="bbox 2062 5128 3638 5207; baseline 0.006 -27"><span class='ocrx_word' id='word_1_864' title='bbox 2062 5135 2399 5194; x_wconf 79' lang='lat' dir='ltr'><strong>pcecatorem</strong></span> <span class='ocrx_word' id='word_1_865' title='bbox 2427 5138 2482 5181; x_wconf 89' lang='lat' dir='ltr'><strong>et</strong></span> <span class='ocrx_word' id='word_1_866' title='bbox 2512 5128 2735 5198; x_wconf 86' lang='lat' dir='ltr'><strong>impium</strong></span> <span class='ocrx_word' id='word_1_867' title='bbox 2764 5131 2852 5186; x_wconf 90' lang='lat' dir='ltr'><strong>hic</strong></span> <span class='ocrx_word' id='word_1_868' title='bbox 2889 5132 3170 5189; x_wconf 73' lang='lat' dir='ltr'><strong>hrcrcticos</strong></span> <span class='ocrx_word' id='word_1_869' title='bbox 3194 5136 3448 5207; x_wconf 80' lang='lat' dir='ltr'><strong>intelligis</strong></span> <span class='ocrx_word' id='word_1_870' title='bbox 3471 5156 3484 5190; x_wconf 87' lang='lat'>:</span> <span class='ocrx_word' id='word_1_871' title='bbox 3507 5148 3638 5190; x_wconf 71' lang='lat' dir='ltr'><strong>tan-</strong></span> 
     </span>
    </p>
   </div>
   <div class='ocr_carea' id='block_1_113' title="bbox 2063 5218 3641 5297">
    <p class='ocr_par' dir='ltr' id='par_1_113' title="bbox 2063 5218 3641 5297">
     <span class='ocr_line' id='line_1_113' title="bbox 2063 5218 3641 5297; baseline 0.008 -28"><span class='ocrx_word' id='word_1_872' title='bbox 2063 5218 2152 5270; x_wconf 87' lang='lat' dir='ltr'><strong>diu</strong></span> <span class='ocrx_word' id='word_1_873' title='bbox 2186 5233 2293 5272; x_wconf 89' lang='lat' dir='ltr'><strong>non</strong></span> <span class='ocrx_word' id='word_1_874' title='bbox 2322 5230 2403 5273; x_wconf 90' lang='lat' dir='ltr'><strong>est</strong></span> <span class='ocrx_word' id='word_1_875' title='bbox 2426 5220 2533 5275; x_wconf 84' lang='lat' dir='ltr'><strong>illis</strong></span> <span class='ocrx_word' id='word_1_876' title='bbox 2559 5225 3088 5292; x_wconf 83' lang='lat' dir='ltr'><strong>communicandum,</strong></span> <span class='ocrx_word' id='word_1_877' title='bbox 3114 5229 3351 5297; x_wconf 86' lang='lat' dir='ltr'><strong>quandin</strong></span> <span class='ocrx_word' id='word_1_878' title='bbox 3377 5229 3428 5282; x_wconf 91' lang='lat' dir='ltr'><strong>in</strong></span> <span class='ocrx_word' id='word_1_879' title='bbox 3454 5243 3641 5281; x_wconf 81' lang='lat' dir='ltr'><strong>errore</strong></span> 
     </span>
    </p>
   </div>
   <div class='ocr_carea' id='block_1_114' title="bbox 2060 5312 3635 5386">
    <p class='ocr_par' dir='ltr' id='par_1_114' title="bbox 2060 5312 3635 5386">
     <span class='ocr_line' id='line_1_114' title="bbox 2060 5312 3635 5386; baseline 0.003 -23"><span class='ocrx_word' id='word_1_880' title='bbox 2060 5320 2430 5378; x_wconf 86' lang='lat' dir='ltr'><strong>perseverant.</strong></span> <span class='ocrx_word' id='word_1_881' title='bbox 2465 5312 2617 5367; x_wconf 84' lang='lat' dir='ltr'><strong>Unde</strong></span> <span class='ocrx_word' id='word_1_882' title='bbox 2648 5323 2701 5369; x_wconf 88' lang='lat' dir='ltr'><strong>et</strong></span> <span class='ocrx_word' id='word_1_883' title='bbox 2729 5316 2839 5385; x_wconf 84' lang='lat' dir='ltr'><strong>ipsa</strong></span> <span class='ocrx_word' id='word_1_884' title='bbox 2866 5316 3080 5376; x_wconf 80' lang='lat' dir='ltr'><strong>Veritas</strong></span> <span class='ocrx_word' id='word_1_885' title='bbox 3122 5319 3174 5371; x_wconf 87' lang='lat' dir='ltr'><strong>in</strong></span> <span class='ocrx_word' id='word_1_886' title='bbox 3221 5318 3504 5386; x_wconf 77' lang='lat' dir='ltr'><strong>Evangelio</strong></span> <span class='ocrx_word' id='word_1_887' title='bbox 3531 5318 3635 5369; x_wconf 89' lang='lat' dir='ltr'><strong>ait:</strong></span> 
     </span>
    </p>
   </div>
   <div class='ocr_carea' id='block_1_115' title="bbox 2067 5398 3637 5475">
    <p class='ocr_par' dir='ltr' id='par_1_115' title="bbox 2067 5398 3637 5475">
     <span class='ocr_line' id='line_1_115' title="bbox 2067 5398 3637 5475; baseline 0.007 -27"><span class='ocrx_word' id='word_1_888' title='bbox 2067 5417 2084 5448; x_wconf 74' lang='grc' dir='ltr'><strong>ε</strong></span> <span class='ocrx_word' id='word_1_889' title='bbox 2126 5398 2301 5454; x_wconf 80' lang='lat' dir='ltr'><strong>Nolite</strong></span> <span class='ocrx_word' id='word_1_890' title='bbox 2331 5409 2578 5456; x_wconf 89' lang='lat' dir='ltr'><strong>sanctum</strong></span> <span class='ocrx_word' id='word_1_891' title='bbox 2605 5403 2734 5457; x_wconf 88' lang='lat' dir='ltr'><strong>dare</strong></span> <span class='ocrx_word' id='word_1_892' title='bbox 2767 5404 3012 5471; x_wconf 87' lang='lat' dir='ltr'><strong>canibus,</strong></span> <span class='ocrx_word' id='word_1_893' title='bbox 3043 5422 3217 5475; x_wconf 86' lang='lat' dir='ltr'><strong>neque</strong></span> <span class='ocrx_word' id='word_1_894' title='bbox 3244 5405 3468 5459; x_wconf 84' lang='lat' dir='ltr'><strong>mittatis</strong></span> <span class='ocrx_word' id='word_1_895' title='bbox 3488 5422 3637 5459; x_wconf 86' lang='lat' dir='ltr'><strong>mar-</strong></span> 
     </span>
    </p>
   </div>
   <div class='ocr_carea' id='block_1_116' title="bbox 2062 5492 3640 5565">
    <p class='ocr_par' dir='ltr' id='par_1_116' title="bbox 2062 5492 3640 5565">
     <span class='ocr_line' id='line_1_116' title="bbox 2062 5492 3640 5565; baseline 0.007 -21"><span class='ocrx_word' id='word_1_896' title='bbox 2062 5492 2268 5561; x_wconf 82' lang='lat' dir='ltr'><strong>garitas</strong></span> <span class='ocrx_word' id='word_1_897' title='bbox 2290 5502 2501 5548; x_wconf 87' lang='lat' dir='ltr'><strong>vestras</strong></span> <span class='ocrx_word' id='word_1_898' title='bbox 2531 5503 2658 5549; x_wconf 88' lang='lat' dir='ltr'><strong>ante</strong></span> <span class='ocrx_word' id='word_1_899' title='bbox 2683 5510 2897 5565; x_wconf 86' lang='lat' dir='ltr'><strong>porcos,</strong></span> <span class='ocrx_word' id='word_1_900' title='bbox 2923 5514 2991 5551; x_wconf 90' lang='lat' dir='ltr'><strong>ne</strong></span> <span class='ocrx_word' id='word_1_901' title='bbox 3030 5500 3167 5552; x_wconf 87' lang='lat' dir='ltr'><strong>forte</strong></span> <span class='ocrx_word' id='word_1_902' title='bbox 3194 5498 3509 5552; x_wconf 81' lang='lat' dir='ltr'><strong>conculcent</strong></span> <span class='ocrx_word' id='word_1_903' title='bbox 3543 5516 3640 5555; x_wconf 87' lang='lat' dir='ltr'><strong>cas</strong></span> 
     </span>
    </p>
   </div>
   <div class='ocr_carea' id='block_1_117' title="bbox 2064 5582 3635 5657">
    <p class='ocr_par' dir='ltr' id='par_1_117' title="bbox 2064 5582 3635 5657">
     <span class='ocr_line' id='line_1_117' title="bbox 2064 5582 3635 5657; baseline 0.006 -23"><span class='ocrx_word' id='word_1_904' title='bbox 2064 5582 2288 5650; x_wconf 85' lang='lat' dir='ltr'><strong>pedibus</strong></span> <span class='ocrx_word' id='word_1_905' title='bbox 2304 5584 2436 5648; x_wconf 89' lang='lat' dir='ltr'><strong>suis,</strong></span> <span class='ocrx_word' id='word_1_906' title='bbox 2461 5584 3233 5655; x_wconf 78' lang='lat' dir='ltr'><strong>etconvcrsidisrumpantvos</strong></span> <span class='ocrx_word' id='word_1_907' title='bbox 3250 5587 3460 5653; x_wconf 70' lang='lat' dir='ltr'><strong>(Matth.</strong></span> <span class='ocrx_word' id='word_1_908' title='bbox 3479 5589 3578 5657; x_wconf 79' lang='lat' dir='ltr'><strong>vn)</strong></span> <span class='ocrx_word' id='word_1_909' title='bbox 3617 5612 3635 5643; x_wconf 73' lang='grc' dir='ltr'><strong>ι</strong></span> 
     </span>
    </p>
   </div>
   <div class='ocr_carea' id='block_1_118' title="bbox 2065 5672 3640 5751">
    <p class='ocr_par' dir='ltr' id='par_1_118' title="bbox 2065 5672 3640 5751">
     <span class='ocr_line' id='line_1_118' title="bbox 2065 5672 3640 5751; baseline 0.008 -25"><span class='ocrx_word' id='word_1_910' title='bbox 2065 5672 2240 5728; x_wconf 82' lang='lat' dir='ltr'><strong>Canes</strong></span> <span class='ocrx_word' id='word_1_911' title='bbox 2265 5676 2408 5729; x_wconf 88' lang='lat' dir='ltr'><strong>enim</strong></span> <span class='ocrx_word' id='word_1_912' title='bbox 2438 5691 2533 5743; x_wconf 89' lang='lat' dir='ltr'><strong>pro</strong></span> <span class='ocrx_word' id='word_1_913' title='bbox 2558 5679 3013 5748; x_wconf 77' lang='lat' dir='ltr'><strong>expugnatoribus</strong></span> <span class='ocrx_word' id='word_1_914' title='bbox 3035 5678 3297 5743; x_wconf 87' lang='lat' dir='ltr'><strong>veritatis,</strong></span> <span class='ocrx_word' id='word_1_915' title='bbox 3320 5695 3514 5749; x_wconf 74' lang='lat' dir='ltr'><strong>porcos</strong></span> <span class='ocrx_word' id='word_1_916' title='bbox 3541 5698 3640 5751; x_wconf 85' lang='lat' dir='ltr'><strong>pro</strong></span> 
     </span>
    </p>
   </div>
   <div class='ocr_carea' id='block_1_119' title="bbox 2066 5766 3643 5848">
    <p class='ocr_par' dir='ltr' id='par_1_119' title="bbox 2066 5766 3643 5848">
     <span class='ocr_line' id='line_1_119' title="bbox 2066 5766 3643 5848; baseline 0.004 -27"><span class='ocrx_word' id='word_1_917' title='bbox 2066 5770 2528 5838; x_wconf 88' lang='lat' dir='ltr'><strong>contemptoribus</strong></span> <span class='ocrx_word' id='word_1_918' title='bbox 2574 5772 2778 5841; x_wconf 64' lang='lat' dir='ltr'><strong>posito:</strong></span> <span class='ocrx_word' id='word_1_919' title='bbox 2819 5766 2922 5826; x_wconf 87' lang='lat' dir='ltr'><strong>non</strong></span> <span class='ocrx_word' id='word_1_920' title='bbox 2975 5773 3267 5840; x_wconf 84' lang='lat' dir='ltr'><strong>incongrue</strong></span> <span class='ocrx_word' id='word_1_921' title='bbox 3320 5774 3643 5848; x_wconf 83' lang='lat' dir='ltr'><strong>accipimus.</strong></span> 
     </span>
    </p>
   </div>
  </div>
