3904 6184
320 311 421 365 Si?

323 432 460 486 tliuc
483 434 538 481 ct
559 419 757 477 Paulus
777 417 852 470 ait
878 431 890 466 :
915 430 933 462 ι
965 408 1284 465 llmreticum
1309 400 1582 457 hominem
1596 404 1719 467 post
1740 407 1900 448 unam
1931 392 1976 451 Α

322 532 377 577 et
405 514 696 575 secundam
737 500 1156 571 increpationem
1184 493 1385 555 devita,
1411 488 1591 573 sciens
1617 485 1740 555 quia
1771 482 1892 537 sub-

957 295 1016 348 B.
1060 287 1311 347 BABANI
1351 284 1567 341 MAURl
1607 277 1927 336 ARCHIEP.
1972 273 2278 330 MOGUNI‘.
2321 267 2605 327 OPERUM
2644 263 2822 319 PARS
2855 261 2896 317 ι.

3478 256 3579 309 διδ

2008 388 2291 450 dalizatur,
2334 394 2387 439 et
2416 397 2517 451 ego
2564 394 2669 434 non
2702 391 2833 433 uror
2860 372 2944 441 (II
2970 371 3205 442 ϐυωιιΥέ
3233 390 3252 423 ι
3309 370 3381 427 Et
3422 370 3582 424 item;

2010 497 2028 531 ι
2071 478 2269 532 Factus
2309 490 2428 530 sum
2465 470 2697 527 inﬁrmis
2726 466 2996 529 inﬁrmus,
3042 470 3104 516 ιιι
3149 460 3400 515 inﬁrmos
3427 458 3585 514 lucri-

328 551 518 668 ινξιῗέιὲ
544 609 627 659 est
662 597 756 668 qui
784 551 1049 662 ejusmodi
1075 593 1158 641 est
1185 624 1200 649 ,
1230 591 1286 637 et
1311 551 1755 651 proprio—judicio
1777 587 1906 627 con-
2004 569 2237 625 facerem
2276 566 2327 637 (I
2361 564 2485 620 Cor.
2522 562 2623 634 ix).
2656 582 2676 613 ι
2728 560 2798 615 Ει
2837 556 3005 612 alibi:
3041 573 3061 606 ι
3098 551 3367 612 Gaudere,
3395 551 3589 619 inquit,

1723 665 1734 668 _
2283 660 2295 668 .
2379 658 2428 668 ...
2607 654 2635 668 η
2834 666 2895 668 id-
2946 646 3198 668 n__.:|,---
3227 643 3375 668 ID-..
3416 645 3515 668 ....\
3571 665 3583 668 _

325 665 611 758 demnatus
635 665 761 761 (Tit.
792 682 896 753 ιιι).
927 701 946 734 ι
977 676 1130 745 Quod
1162 684 1344 729 autem
1371 669 1637 740 sequitur,
1670 665 1737 720 ad
1759 679 1906 719 eum-

325 794 446 847 dem
472 797 691 842 sensum
714 775 905 834 referri
929 779 1126 843 potest.
1841 822 1862 837 κ

402 900 421 933 ι
458 872 691 933 Prohibe
714 881 883 940 panes
904 864 982 921 illi
1006 862 1142 926 dari,
1173 874 1240 914 ne
1281 859 1333 912 in
1378 854 1510 926 ipsis
1554 849 1827 923 potentior
1856 856 1908 900 tc

334 997 352 1028 ι
390 976 478 1031 sit.
512 990 531 1024 ι
560 968 679 1024 Non
710 962 854 1019 enim
886 957 1044 1030 panis
1078 952 1229 1008 verbi
1256 951 1349 1007 Dei
1378 945 1651 1019 mysteriis
1674 940 1910 998 coelesti-

330 1069 429 1121 bus
455 1063 644 1134 plenus
675 1055 875 1112 talibus
898 1047 1216 1106 tribuendus
1254 1050 1339 1098 est
1361 1083 1376 1107 ,
1409 1054 1477 1096 ne
1526 1038 1665 1092 forte
1694 1035 1747 1089 in
1790 1032 1910 1088 bla-

330 1130 630 1227 sphemiam
656 1150 965 1216 erumpant,
992 1148 1047 1194 et
1073 1136 1451 1206 blasphement
1470 1130 1670 1184 bonum
1690 1138 1908 1187 nomen,

330 1212 474 1317 q‘uod
502 1212 916 1297 invocatum—est
940 1245 1101 1301 super
1122 1242 1237 1282 nos.
1263 1225 1400 1279 llinc
1422 1220 1623 1276 Paulus
1641 1218 1708 1271 ad
1728 1212 1913 1270 Timo-

334 1304 517 1392 tlieum
551 1328 787 1400 scripsit,
811 1320 1040 1381 dicens:
1093 1337 1111 1369 ι
1139 1314 1446 1371 Alexander
1475 1308 1702 1366 mrarius
1745 1304 1914 1359 multa

332 1425 474 1482 mala
500 1420 635 1476 mihi
662 1394 941 1473 ostendit:
970 1408 1161 1465 reddet
1203 1404 1280 1460 illi
1322 1401 1584 1458 Dominus
1618 1394 1915 1453 secundqu

334 1531 500 1589 opera
539 1512 686 1583 ejus;
710 1522 871 1579 quem
911 1511 966 1559 et
995 1512 1052 1556 tu
1099 1498 1316 1555 devita:
1350 1494 1507 1549 valde
1545 1491 1690 1546 enim
1717 1487 1919 1542 restitit

334 1577 517 1665 verbis
557 1577 759 1660 nostris
784 1595 869 1669 (II
908 1594 1044 1650 Tim.
1074 1592 1169 1662 ιν).
1204 1609 1223 1643 ι
1258 1586 1397 1642 Hinc
1422 1596 1480 1640 et
1517 1582 1759 1638 Joannes
1810 1577 1914 1631 ait:

343 1721 362 1753 ι
410 1700 469 1755 Si
498 1696 621 1768 quis
639 1667 873 1749 venitad
898 1701 1018 1751 vos,
1046 1694 1101 1737 et
1123 1683 1263 1739 hanc
1283 1675 1585 1732 doctrinam
1609 1686 1717 1727 non
1741 1667 1916 1732 affert,

342 1759 775 1855 nolite-recipere
795 1794 920 1835 eum
950 1778 1005 1831 iu
1038 1774 1282 1837 domum,
1308 1784 1408 1825 nec
1432 1768 1548 1822 Ave
1577 1764 1628 1820 ei
1651 1759 1916 1818 dixeritis.

344 1882 446 1949 Qui
468 1877 614 1934 enim
641 1849 770 1931 dicit
800 1870 875 1926 illi
899 1867 1034 1932 Ave,
1066 1861 1434 1920 communicat
1475 1854 1730 1926 cperibus
1776 1849 1921 1905 illius

345 1942 597 2043 malignis
624 1965 707 2040 (11
730 1960 917 2032 Joan.)
950 1980 969 2012 ι
1031 1955 1220 2024 Qualis
1247 1960 1426 2007 autem
1453 1948 1524 2003 sit
1550 1942 1805 2001 hairetica
1830 1942 1923 1995 do-

346 2065 518 2121 ctrina
539 2056 774 2116 ostendit
796 2064 1029 2122 sequens
1050 2043 1314 2104 sententia
1342 2060 1354 2095 :

421 2175 440 2207 ‹
484 2152 620 2207 Nam
647 2120 891 2217 duplicia
928 2140 1072 2197 mala
1108 2134 1354 2192 invenies
1398 2132 1455 2187 in
1483 2125 1734 2183 omnibus
1771 2120 1927 2177 bonis

353 2271 371 2302 ‹
410 2254 745 2318 qumcunque
766 2235 963 2292 feceris
983 2230 1060 2286 illi
1082 2247 1095 2283 :
1123 2225 1380 2298 quoniam
1398 2230 1457 2276 et
1472 2216 1782 2273 Altissimus
1803 2211 1927 2267 odio

354 2359 371 2391 ι
408 2304 571 2393 habet
610 2304 953 2401 peccatores,
1005 2328 1062 2375 et
1103 2316 1284 2386 impiis
1329 2310 1519 2366 reddet
1562 2304 1879 2361 vindictam.
1906 2321 1923 2353 ι

352 2426 549 2498 Duplex
598 2391 685 2477 est
726 2417 870 2474 enim
911 2410 1089 2469 omnis
1126 2404 1507 2462 luercticorum
1552 2395 1829 2458 doctrina,
1877 2391 1930 2445 id

350 2490 455 2585 est:
477 2514 636 2572 dubia
650 2520 706 2565 et
733 2508 939 2570 dolosa,
965 2502 1090 2572 quia
1114 2499 1190 2554 illi
1220 2497 1274 2551 in
1298 2491 1633 2564 expositione
1668 2490 1930 2543 bonarum

354 2576 746 2667 sententiarum
773 2597 967 2652 divina:
1014 2590 1147 2662 legis
1180 2585 1519 2657 expendunt,
1561 2589 1619 2636 et
1643 2579 1766 2633 ideo
1794 2576 1933 2631 mala

357 2715 483 2756 cum
507 2690 799 2764 aliquando
827 2701 956 2740 vera
984 2681 1139 2736 inviti
1163 2676 1465 2749 proferunt,
1491 2669 1780 2740 aliquando
1807 2682 1936 2721 vero

357 2791 489 2847 falsa
534 2784 680 2841 veris
725 2786 915 2852 sponte
952 2772 1352 2834 iutermiscent,
1379 2774 1434 2822 et
1483 2766 1559 2820 ita
1588 2768 1941 2829 corrumpunt

360 2893 522 2952 atque
550 2850 889 2933 confundunt
915 2865 1116 2928 omnia,
1147 2872 1209 2917 ut
1227 2858 1363 2916 nihil
1392 2856 1533 2928 apud
1560 2868 1654 2909 eos
1674 2866 1812 2924 pene
1831 2850 1940 2905 sin-

360 2988 546 3032 cerum
587 2970 676 3024 sit.
723 2964 875 3022 Unde
923 2970 978 3015 et
1024 2956 1235 3015 macula
1275 2955 1439 3022 lepra:
1485 2949 1700 3004 illorum
1726 2944 1937 3000 varium

360 3064 597 3121 colorem
619 3057 828 3113 habens
842 3049 1054 3108 Domini
1077 3063 1239 3102 manu
1256 3044 1460 3113 indiget
1480 3039 1679 3095 curari.
1695 3034 1937 3106 Duplicia

365 3155 508 3212 enim
533 3149 673 3206 mala
700 3157 914 3214 semper
937 3154 1058 3195 esse
1088 3135 1331 3192 invenies
1353 3134 1407 3187 in
1428 3131 1679 3186 omnibus
1705 3127 1793 3191 iis,
1816 3125 1942 3194 quia

362 3246 449 3301 vir
474 3240 675 3311 duplex
721 3235 904 3290 animo
944 3227 1242 3286 secundum
1278 3222 1470 3280 Jacobi
1513 3218 1836 3275 sententiam
1870 3216 1948 3270 in-

367 3305 627 3391 constans
663 3334 748 3381 est
794 3324 850 3379 in
901 3319 1153 3376 omnibus
1197 3316 1301 3371 viis
1348 3313 1463 3369 suis
1504 3307 1793 3383 (Jacolm).
1845 3305 1949 3361 Ubi

371 3432 554 3481 autem
576 3418 727 3474 zelus
746 3422 803 3471 et
829 3409 1104 3469 contentio
1129 3448 1145 3473 ,
1188 3406 1263 3461 ibi
1303 3401 1664 3460 inconstantia
1706 3408 1761 3454 et
1790 3410 1950 3453 omne

372 3530 511 3587 opus
531 3521 777 3584 pravum.
809 3504 878 3559 Et
911 3501 1041 3556 alibi
1072 3498 1354 3569 Scriptura
1381 3494 1509 3549 dicit
1541 3510 1554 3547 :
1588 3510 1607 3543 ι
1640 3489 1733 3549 Vm
1758 3502 1951 3560 pecca-

374 3582 481 3664 tori
509 3582 712 3661 terram
726 3593 1049 3670 ingredienti
1076 3591 1286 3647 duabus
1306 3588 1412 3644 viis
1441 3583 1723 3659 (Ecclim).
1755 3602 1774 3635 ι
1804 3582 1949 3636 Dua-

379 3706 479 3760 bus
498 3699 697 3772 quippe
724 3695 827 3750 viis
855 3676 1109 3764 peccator
1139 3696 1342 3743 terram
1384 3681 1683 3754 ingreditur
1700 3720 1714 3745 ,
1739 3676 1952 3748 quando

378 3769 665 3849 haereticus
686 3785 741 3840 in
767 3780 1089 3854 quibusdam
1115 3792 1242 3833 vera
1267 3773 1643 3846 pronuntians,
1666 3770 1722 3824 in
1742 3769 1954 3838 quibus-

380 3884 504 3939 dam
546 3892 679 3934 vero
723 3874 857 3929 falsa
901 3880 957 3927 et
987 3869 1209 3926 omnino
1256 3865 1572 3922 detestanda
1636 3860 1958 3933 pmdicans,

384 3984 586 4029 terram
626 3964 882 4024 Ecclesia:
919 3960 1194 4017 maculare
1228 3957 1488 4022 festinat;
1521 3954 1747 4021 ideoque
1770 3949 1847 4005 illi
1882 3963 1961 4002 vm

383 4069 707 4135 perpetuum
732 4053 1072 4118 remanebit,
1098 4049 1354 4122 quoniam
1399 4056 1456 4102 et
1490 4044 1801 4100 Altissimus
1839 4042 1964 4097 odio

388 4132 548 4208 habet
566 4155 903 4221 peccatores,
925 4152 982 4199 et
1005 4141 1184 4213 impiis
1205 4139 1392 4195 reddet
1415 4136 1729 4200 vindictam,
1749 4132 1964 4203 quando

386 4244 545 4297 ibunt
567 4240 623 4294 in
653 4235 975 4309 supplicium
1007 4240 1267 4289 aeternum
1286 4270 1302 4296 ,
1336 4228 1469 4299 justi
1514 4236 1695 4283 autem
1723 4227 1776 4281 in
1803 4224 1966 4279 vitam

389 4341 668 4389 mternam.

993 4414 1218 4473 CAPUT
1253 4412 1361 4468 Vll.

599 4511 678 4568 De
703 4511 887 4565 amicis
913 4508 1061 4563 bonis
1084 4515 1132 4562 et
1155 4504 1332 4569 malis,
1357 4502 1506 4571 falsis
1526 4508 1575 4555 et
1603 4517 1755 4554 veris.

2005 679 2126 718 cum
2157 658 2516 731 gaudentibus
2544 696 2559 719 ,
2602 654 2733 709 ﬁere
2780 666 2904 706 cum
2946 646 3202 703 ﬂentibus
3224 643 3539 716 (Bonum).
3570 665 3587 696 ι

2003 752 2260 809 inimicus
2285 763 2417 803 vero
2443 748 2496 801 in
2519 760 2585 801 eo
2612 743 2895 814 probatur,
2928 738 3056 808 quia
3085 738 3138 790 in
3172 735 3331 790 bouis
3360 734 3593 804 proximi

2008 844 2254 898 invidens
2282 838 2656 899 contristatur,
2694 841 2750 887 et
2774 833 2827 886 in
2875 829 3205 884 adversitate
3236 825 3379 880 illius
3419 822 3595 879 exsul-

2010 946 2130 991 tans
2156 936 2387 991 laetatur.
2406 932 2517 987 Nec
2540 926 2871 1000 prosperitas
2893 924 3093 993 quippe
3117 919 3351 974 amicum
3370 917 3592 975 indicat,

2010 1041 2114 1082 nec
2167 1023 2468 1081 adversitas
2520 1018 2796 1075 inimicum
2843 1014 3002 1070 celat.
3034 1010 3171 1078 Quia
3219 1017 3276 1064 et
3318 1008 3408 1063 illc
3462 1023 3596 1076 saepe

2011 1113 2389 1188 prosperitatis
2440 1120 2640 1167 nostrae
2676 1105 2981 1163 reverentia
3022 1103 3261 1173 tegitur,
3304 1108 3363 1155 et
3409 1099 3509 1153 iste
3534 1112 3595 1150 ex

2013 1206 2337 1265 conﬁdentia
2368 1200 2714 1261 adversitatis
2741 1197 3002 1268 aperitur.
3028 1194 3124 1250 Vir
3148 1192 3309 1262 igitur
3338 1190 3520 1260 justus
3547 1189 3597 1241 in

2014 1300 2239 1372 ﬂagellis
2267 1298 2475 1370 positus
2498 1296 2680 1351 dicat:
2711 1291 2814 1358 Qui
2842 1290 2983 1345 tollit
3010 1288 3077 1342 ab
3109 1286 3286 1347 amico
3312 1298 3413 1339 suo
3438 1283 3597 1337 mise-

2015 1390 2331 1456 ricordiam,
2358 1390 2607 1443 timorem
2646 1381 2857 1439 Domini
2894 1378 3260 1447 derelinquit:
3292 1375 3421 1445 quia
3450 1374 3600 1427 nimi-

2018 1501 2139 1540 rum
2194 1483 2286 1554 qui
2338 1496 2407 1536 cx
2443 1476 2773 1534 adversitate
2814 1470 3131 1543 prosimum'
3148 1466 3398 1537 despicit,
3425 1473 3602 1533 aperte

2022 1572 2382 1635 convincitur,
2415 1569 2544 1640 quia
2571 1568 2716 1622 hunc
2744 1565 2800 1619 in
2847 1561 3125 1633 prosperis
3151 1574 3259 1614 non
3284 1556 3519 1620 amavit;
3556 1564 3605 1608 et

2023 1681 2145 1722 cum
2171 1662 2514 1732 omnipotens
2541 1658 2685 1713 Deus
2716 1656 2837 1710 ideo
2868 1652 3129 1723 quosdam
3155 1648 3444 1720 percutiat,
3473 1656 3533 1699 ut
3554 1654 3603 1697 et

1951 1740 1995 1800 Β
2025 1769 2311 1827 percussos
2338 1751 2570 1821 erudiat,
2602 1756 2657 1803 et
2680 1762 2788 1801 non
2816 1742 3088 1815 percussis
3117 1740 3463 1796 occasionem
3486 1736 3604 1790 boni

2024 1849 2205 1919 operis
2232 1846 2491 1916 praebeat,
2540 1840 2784 1913 quisquis
2817 1850 3132 1907 percussum
3176 1831 3424 1902 despicit,
3453 1844 3605 1884 occa-

2026 1942 2235 1997 sionem
2263 1953 2293 1992 a
2330 1950 2389 1992 se
2436 1932 2656 1991 virtutis
2700 1929 2942 2000 repellit;
2976 1936 3032 1981 et
3080 1932 3232 1980 tanto
3282 1938 3342 1978 se
3386 1922 3607 1991 nequius

2026 2043 2216 2089 contra
2268 2036 2543 2083 auctorem
2587 2023 2769 2092 erigit,
2800 2028 3005 2090 quanto
3051 2018 3194 2071 hunc
3240 2028 3341 2069 nec
3382 2012 3532 2082 pium
3560 2011 3608 2064 ia

2029 2124 2203 2178 salute
2228 2120 2445 2192 propria
2466 2159 2480 2183 ,
2513 2131 2613 2172 nec
2634 2116 2840 2187 justum
2892 2111 2946 2164 in
2980 2109 3156 2163 alieno
3198 2105 3422 2160 vulnere
3447 2115 3608 2173 agno-

2031 2216 2156 2272 scit.

2109 2344 2126 2375 ι
2167 2323 2281 2377 Non
2312 2320 2505 2376 credas
2536 2307 2756 2371 inimico
2781 2322 2873 2368 tuo
2903 2312 2958 2366 in
2988 2320 3249 2365 teternum
3277 2324 3289 2359 :
3318 2305 3461 2360 sicut
3478 2302 3614 2358 enim

2039 2437 2056 2470 ι
2098 2421 2450 2471 aer-amentum
2476 2409 2741 2479 :cruginat
2786 2404 3025 2475 nequitia
3054 2402 3225 2465 illius;
3264 2407 3319 2454 et
3367 2398 3414 2452 si
3445 2395 3616 2451 humi-

2041 2529 2059 2561 ι
2106 2500 2267 2561 liatus
2294 2504 2455 2559 vadat
2498 2515 2718 2563 curvus,
2761 2497 2936 2566 adjice
2984 2496 3224 2549 animum
3250 2500 3406 2545 tuum
3434 2498 3487 2543 et
3528 2502 3616 2540 cu-

2041 2620 2059 2652 ι
2100 2599 2240 2653 stodi
2270 2604 2321 2650 te
2352 2596 2420 2649 ab
2461 2593 2569 2646 illo.
2602 2590 2719 2645 Non
2765 2598 2970 2644 statuas
3010 2586 3161 2640 illum
3192 2598 3359 2653 penes
3400 2590 3486 2647 te,
3517 2594 3612 2634 nec

2045 2711 2063 2744 ι
2100 2690 2283 2746 sedeat
2313 2687 2381 2741 ad
2410 2686 2686 2740 dexteram
2726 2690 2894 2743 tuam,
2924 2694 2994 2733 ne
3023 2678 3163 2732 forte
3194 2687 3495 2730 conversus
3521 2679 3619 2726 stct

2046 2802 2063 2834 ι
2103 2783 2157 2837 in
2187 2781 2307 2835 loco
2335 2787 2446 2843 tuo,
2473 2792 2543 2831 ne
2572 2774 2712 2830 forte
2737 2786 3034 2828 conversus
3064 2770 3115 2824 in
3145 2769 3323 2822 locum
3354 2774 3526 2828 tuum,
3548 2764 3622 2818 in-

2048 2895 2067 2927 ‹
2103 2873 2285 2945 quirat
2313 2871 2631 2928 cathedram
2661 2879 2832 2931 tuam,
2859 2874 2914 2920 et
2956 2865 3011 2918 in
3042 2861 3339 2917 novissimo
3367 2872 3623 2928 agnoscas

2052 2986 2070 3018 σ
2110 2966 2273 3021 verba
2309 2978 2429 3019 mea
2455 3004 2469 3028 ,
2503 2970 2559 3016 et
2604 2961 2658 3015 in
2709 2957 3050 3014 sermonibus
3079 2955 3213 3009 meis
3264 2950 3578 3007 stimuleris.
3600 2968 3617 2999 ι

1969 3093 2015 3155 C
2046 3059 2293 3114 Prmsens
2342 3069 2471 3126 ergo
2512 3052 2806 3122 capitulum
2851 3048 2978 3103 lice't
3027 3047 3183 3115 juxta
3231 3042 3516 3099 historiam
3564 3041 3626 3093 de

2057 3148 2077 3155 -
2110 3148 2169 3155 ..
2322 3145 2384 3155 ..
2461 3145 2475 3155 .
2650 3150 2660 3155 -
2724 3142 2738 3155 .
2778 3140 2791 3155 .
2861 3140 2873 3152 .
2934 3139 2945 3151 .
2992 3138 3004 3151 .
3188 3135 3351 3155 _u_..
3390 3132 3604 3155 εμλιηηε

2052 3148 2202 3202 falsis
2230 3145 2437 3209 amicis,
2461 3145 2565 3199 hoc
2584 3150 2689 3207 est,
2708 3140 2907 3196 dolosis
2933 3138 3165 3193 inimicis
3187 3135 3357 3205 possit
3390 3132 3626 3202 intelligi,

2051 3241 2140 3310 qui
2172 3252 2513 3308 nequaquam
2549 3235 2687 3289 ﬁrmi
2715 3243 2843 3288 sunt
2869 3233 2923 3285 in
2954 3231 3059 3285 ﬁde
3082 3239 3136 3285 et
3165 3228 3491 3289 dilectione,
3514 3226 3627 3295 qui-

2005 3386 2017 3393 .
2052 3337 2154 3390 bus
2175 3335 2360 3403 utique
2385 3347 2493 3386 non
2517 3330 2677 3385 debet
2698 3327 2853 3382 facile
2874 3325 3043 3389 credi,
3072 3327 3167 3379 sed
3194 3322 3367 3393 magis
3389 3337 3421 3374 a
3444 3320 3631 3375 talibus

2053 3425 2306 3483 convenit
2334 3421 2541 3487 caveri;
2574 3428 2757 3474 tamen
2785 3417 2964 3472 altiori
3005 3429 3165 3470 sensu
3194 3414 3409 3468 denotat
3463 3412 3625 3465 haere-

2056 3519 2213 3581 ticos,
2247 3530 2384 3586 quos
2424 3521 2479 3569 et
2531 3510 2779 3582 superius
2823 3506 3166 3578 vituperavit.
3214 3503 3296 3558 Illi
3336 3504 3481 3557 enim
3526 3501 3631 3555 veri

2059 3608 2260 3663 inimici
2302 3612 2447 3671 sunt,
2498 3617 2726 3673 quorum
2774 3599 3020 3655 doctrina
3052 3597 3212 3667 plena
3263 3603 3350 3649 cst
3398 3592 3634 3662 rubigine

2059 3697 2259 3753 erroris
2280 3703 2337 3750 et
2364 3693 2637 3764 nequitia.
2673 3710 2691 3742 ι
2727 3689 2922 3745 Sermo
2950 3690 3095 3744 enim
3123 3687 3338 3741 illorum
3363 3693 3423 3738 ut
3451 3698 3637 3737 cancer

2060 3788 2248 3858 serpit,
2280 3806 2298 3839 ι
2346 3793 2401 3840 et
2444 3784 2565 3839 ideo
2602 3798 2711 3837 non
2744 3780 2903 3836 debet
2946 3780 3027 3835 eis
3060 3777 3209 3834 credi
3259 3778 3312 3831 in
3359 3785 3636 3835 mtcrnum,

2061 3877 2226 3933 etiam
2255 3875 2300 3930 si
2328 3889 2387 3929 se
2416 3872 2763 3927 humiliantes
2797 3868 3003 3941 ﬁngant
3027 3882 3146 3923 esse
3168 3866 3356 3921 ﬁdeles
3381 3874 3439 3919 et
3457 3864 3636 3919 catho-

2062 3967 2234 4021 licos:
2269 3965 2463 4034 quibus
2512 3963 2568 4017 in
2614 3961 2758 4016 nulla
2808 3967 2962 4030 parte
3012 3958 3270 4013 debemus
3318 3954 3636 4013 consentire.

2064 4071 2167 4114 nec
2212 4062 2539 4125 potestatem
2583 4052 2639 4107 in
2668 4050 2824 4107 nobis
2864 4049 3124 4113 tribuere,
3167 4061 3331 4116 quam
3382 4043 3640 4115 signiﬁcat

2069 4146 2310 4209 dextera,
2337 4158 2405 4198 ne
2436 4140 2576 4199 forte
2603 4157 2701 4197 nos
2725 4155 2756 4193 a
2786 4139 2905 4195 loco
2928 4147 3133 4202 nostro,
3167 4137 3269 4192 hoc
3293 4144 3396 4201 est,
3443 4149 3471 4187 a
3504 4140 3637 4189 statu

2070 4242 2233 4289 rectze
2277 4231 2401 4289 ﬁdei
2450 4238 2755 4286 amoveant.
2800 4229 3087 4299 lnquirunt
3137 4226 3285 4280 enim
3339 4223 3643 4281 cathedram

2073 4332 2359 4401 nostram,
2407 4323 2509 4378 hoc
2557 4328 2643 4376 est
2687 4319 2989 4375 doctrinam
3039 4333 3138 4373 sua
3184 4315 3393 4371 malitia
3437 4313 3645 4369 student

1996 4450 2049 4509 Β
2074 4416 2409 4469 subvertere.
2448 4412 2653 4479 Quibus
2679 4412 2989 4482 quicunque
3014 4407 3303 4471 consentit,
3333 4415 3536 4464 aeterno
3558 4402 3645 4456 do-

2073 4504 2186 4558 lore
2219 4503 2271 4557 in
2303 4503 2549 4574 gehenna
2576 4502 2717 4572 ignis
2742 4500 3093 4556 cruciabitur.
3118 4498 3215 4553 lsti
3249 4497 3414 4553 etiam
3441 4491 3643 4550 difﬁcile

469 4624 489 4657 ι
523 4603 641 4658 Non
665 4608 987 4672 agnoscetur
1011 4597 1067 4652 in
1096 4596 1254 4650 bonis
1280 4593 1509 4658 amicus,
1533 4602 1589 4647 et
1611 4607 1718 4646 non
1744 4590 1972 4646 abscon-

401 4715 420 4747 ι
458 4695 616 4750 detur
639 4692 694 4747 in
721 4689 877 4746 malis
907 4686 1194 4751 inimicus;
1227 4684 1441 4755 agnitus
1475 4691 1560 4738 est
1603 4682 1657 4736 in
1683 4683 1840 4737 bonis
1869 4681 1971 4734 viri

402 4805 422 4837 ι
456 4784 707 4840 inimicus
731 4779 970 4847 illius,in
987 4777 1210 4834 tristitia
1225 4786 1281 4832 et
1309 4774 1515 4830 malitia
1536 4772 1676 4827 illius
1699 4773 1925 4826 amicus.
1950 4791 1967 4824 ι

400 4877 566 4932 Multo
588 4876 836 4946 paratius
862 4883 1023 4943 atque
1052 4870 1268 4926 facilius
1308 4868 1362 4923 in
1393 4865 1723 4922 adversitate
1770 4864 1976 4918 amicus

401 4979 457 5025 ct
501 4968 753 5023 inimicus
793 4982 957 5036 quam
986 4969 1039 5020 in
1069 4964 1427 5035 prosperitate
1468 4961 1800 5032 probantur,
1851 4959 1977 5028 quia

291 5122 321 5139 ἣν
404 5061 562 5116 multi
596 5058 756 5113 amici
784 5073 985 5112 mensae
1013 5073 1120 5111 non
1144 5055 1535 5126 permanebunt
1560 5054 1614 5107 in
1639 5053 1725 5107 die
1747 5051 1981 5121 necessi—

406 5152 553 5205 tatis.
582 5148 684 5214 Qui
711 5148 856 5202 enim
878 5162 1005 5202 vere
1028 5145 1257 5215 alicujus
1280 5146 1489 5200 amicus
1527 5152 1627 5206 est,
1655 5144 1709 5197 in
1750 5142 1979 5196 tribula-

407 5242 553 5296 tione
574 5237 694 5306 ejus
719 5236 971 5293 condolet
995 5246 1051 5292 et
1070 5235 1396 5304 compati‘tur
1415 5235 1494 5289 ei:
1521 5234 1613 5304 qui
1646 5242 1826 5289 autem
1847 5233 1983 5289 falso

410 5331 618 5386 amicus
642 5336 745 5394 est,
778 5326 998 5383 simulat
1022 5326 1241 5397 quidem
1265 5341 1325 5381 se
1357 5326 1652 5381 amicitiam
1680 5340 1861 5379 veram
1888 5326 1984 5379 ha-

410 5426 540 5480 bere
564 5465 579 5489 ,
633 5438 758 5479 cum
786 5419 1142 5492 -prosperitas
1187 5417 1423 5485 arridet;
1465 5417 1669 5472 indicat
1710 5425 1888 5470 autem
1929 5432 1986 5471 se

412 5516 605 5572 falsum
634 5516 869 5572 amicum
890 5530 1011 5571 esse
1031 5555 1047 5581 ,
1072 5528 1200 5570 cum
1230 5513 1558 5571 tribulationi
1586 5529 1692 5569 non
1720 5511 1985 5569 condolet.

412 5611 493 5660 An
546 5623 727 5663 veram
772 5607 1068 5664 amicitiam
1115 5606 1313 5663 Paulus
1350 5623 1456 5663 non
1500 5608 1723 5664 habuit?
1762 5608 1851 5678 qui
1883 5609 1987 5664 ait:

420 5712 440 5745 ι
476 5697 605 5761 Quis
635 5698 961 5766 inﬁrmatur,
990 5708 1046 5754 et
1071 5712 1171 5772 ego
1198 5713 1306 5756 non
1348 5697 1628 5755 inﬁrmor?
1664 5698 1796 5768 Quis
1835 5715 1992 5757 scan-

2073 4597 2438 4668 corriguntur.
2459 4595 2613 4652 Unde
2638 4602 2693 4650 et
2720 4593 3089 4664 subjungitur:

2153 4725 2171 4758 ι
2211 4705 2343 4772 Quis
2387 4703 2734 4758 miserebitur
2782 4699 3107 4757 incantatori
3157 4713 3189 4753 a
3239 4702 3498 4765 'serpente
3535 4706 3646 4761 per-

2088 4812 2106 4845 ‹
2146 4808 2325 4856 cusso,
2365 4799 2422 4846 et
2467 4791 2718 4845 omnibus
2743 4791 2834 4859 qui
2864 4788 3183 4860 appropiant
3222 4784 3445 4841 bestiis?
3479 4783 3544 4836 Et
3576 4781 3647 4834 sic

2089 4901 2107 4934 ‹
2152 4884 2244 4952 qui
2283 4882 2580 4963 pomitatur
2608 4895 2729 4935 cum
2764 4881 2879 4933 viro
2912 4879 3118 4948 iniquo,
3166 4885 3223 4932 et
3265 4873 3548 4931 obvolutus
3572 4878 3648 4923 ρει

2087 4992 2105 5023 ι
2144 4972 2198 5026 in
2240 4971 2478 5042 peccatis
2506 4970 2641 5040 ejus.
2678 4990 2697 5023 ι
2730 4969 3040 5024 lncantator
3067 4967 3211 5023 enim
3255 4964 3516 5036 spiritalis
3552 4963 3649 5014 ha:-

2081 5063 2282 5116 reticus
2304 5070 2383 5115 est
2402 5102 2416 5125 ,
2446 5061 2573 5129 quia
2613 5060 2855 5115 doctoris
2884 5059 3115 5114 ofﬁcium
3157 5058 3326 5129 gerit,
3355 5063 3414 5110 et
3459 5054 3650 5108 auium-

2083 5170 2201 5207 rum
2233 5153 2503 5208 medicum
2544 5167 2602 5206 se
2638 5168 2759 5207 esse
2798 5152 3005 5217 credit;
3049 5151 3144 5206 sed
3182 5150 3271 5204 hic
3310 5149 3439 5203 dum
3475 5161 3505 5199 a
3549 5157 3651 5197 ser-

2083 5251 2242 5313 pente
2289 5244 2510 5312 antiquo
2552 5258 2840 5312 percussus
2884 5250 3005 5307 est,
3034 5250 3088 5298 et
3130 5254 3399 5297 venenum
3450 5234 3652 5292 maliti:

2086 5333 2201 5402 ejus
2231 5332 2397 5388 semel
2424 5334 2621 5396 hausit,
2660 5332 2874 5388 diﬁicile
2897 5333 3192 5388 curabitur.
3221 5331 3376 5387 Unde
3403 5338 3458 5383 et
3484 5325 3651 5382 Salva-

2089 5430 2174 5475 tor
2202 5422 2255 5476 in
2282 5420 2575 5492 Evangelio
2621 5422 2820 5477 docens
2864 5421 3157 5493 discipulos
3205 5435 3335 5475 suos
3365 5419 3478 5474 ait:
3512 5433 3531 5466 ι
3558 5413 3652 5468 Vos

2086 5512 2224 5567 'estis
2255 5512 2334 5567 sal
2364 5520 2523 5568 terra:
2556 5532 2568 5566 :
2601 5512 2742 5583 quod
2782 5515 2828 5568 si
2856 5514 2936 5568 sal
2970 5513 3267 5579 evanuerit,
3300 5513 3355 5567 in
3382 5526 3486 5580 quo
3517 5507 3654 5564 salie-

2096 5611 2214 5665 tur?
2245 5611 2329 5667 Ad
2375 5612 2602 5668 nihilum
2627 5613 2771 5668 valet
2806 5612 2974 5678 ultra,
3001 5611 3106 5668 nisi
3141 5620 3198 5665 ut
3228 5610 3475 5665 mittatur
3508 5607 3654 5663 foras,

2095 5711 2149 5756 et
2176 5703 2518 5759 conculcetur
2548 5704 2613 5759 ab
2645 5704 2953 5759 hominibus
2996 5701 3175 5767 (Matt.
3207 5701 3283 5773 v).
3320 5721 3339 5753 ι
3373 5700 3518 5757 Sicut
3543 5706 3656 5762 ergo
