3904 6184
313 363 420 419 849

1187 364 1537 424 COMMENT.
1581 371 1647 427 IN
1687 370 2296 433 ECCLESIA'STICUM.
2339 409 2406 420 -—
2440 380 2566 434 LIB.
2609 381 2693 437 lll.

3482 404 3584 459 830

312 478 390 531 sal
419 477 742 531 infamatum
777 516 793 541 ,
827 490 949 531 cum
972 478 1038 532 ad
1068 481 1395 537 condiendos
1418 486 1568 540 cibos
1597 503 1896 558 carnesque
1925 498 1972 554 Α
2001 487 2289 547 iracundos
2342 496 2613 564 pertinere
2657 500 2860 568 possit;
2915 509 3093 560 tamen
3139 511 3447 577 specialiter
3484 520 3578 572 de-

311 567 597 623 siccaudas
621 566 803 622 valere
830 568 1069 634 desierit,
1103 570 1251 625 nullo
1270 571 1383 641 jam
1416 576 1533 629 usui
1559 586 1740 647 aptum
1768 579 1892 634 erit.

310 659 495 729 Neque
523 661 689 725 enim,
721 668 782 714 ut
805 660 944 715 alius
969 668 1200 716 testatur
1228 666 1663 736 evangelistaﬂn
1695 677 1893 725 terram

309 752 442 805 utile
470 761 576 815 est,
624 749 1013 822 cujusinjectu
1060 755 1364 822 germinum
1395 757 1712 826 prohibetur
1739 759 1889 825 (Luc.

308 843 444 912 xw).
487 841 673 911 Neque
721 841 777 896 in
806 842 1203 910 Sterquilinium
1249 846 1596 915 agricultura:
1652 849 1894 920 profutu-

308 950 452 999 rum,
480 935 624 1003 quod
674 933 951 987 vivacibus
995 933 1120 989 licet
1147 935 1315 1005 glebis
1343 937 1634 992 immistum
1678 945 1784 994 rion
1817 941 1892 995 fe-

309 1035 425 1079 tarc
439 1024 647 1078 semina
662 1022 1009 1093 frugum,sed
1033 1024 1373 1095 exstinguere
1396 1027 1711 1082 naturaliter
1733 1029 1887 1085 solet.

286 1101 397 1170 ’Sic
426 1115 604 1169 omnis
630 1113 722 1183 qui
756 1120 877 1183 post
915 1114 1242 1185 agnitionem
1272 1116 1515 1172 veritatis
1544 1131 1688 1174 retro
1718 1122 1890 1175 redie-

304 1208 397 1270 rit,
428 1222 604 1276 neque
647 1206 761 1275 ipse
795 1205 1030 1259 fructum
1077 1207 1207 1261 boni
1250 1208 1430 1279 operis
1477 1208 1620 1266 ferre
1645 1252 1659 1278 ,
1714 1227 1889 1283 neque

303 1299 440 1352 alios
465 1296 715 1352 excolere
764 1296 928 1361 valet,
977 1297 1069 1352 sed
1117 1297 1262 1352 foras
1303 1299 1617 1366 mittendus,
1650 1303 1752 1358 hoc
1779 1313 1885 1370 est,

300 1389 371 1441 ab
400 1388 661 1443 Ecclesia:
698 1387 904 1442 unitate
943 1387 1307 1442 secernendus
1338 1396 1441 1445 est.
1489 1391 1589 1458 Qui
1613 1393 1757 1448 enim
1793 1407 1887 1463 ap-

298 1460 629 1547 propinquat
661 1477 872 1544 bestiis,
900 1478 1003 1533 hoc
1033 1486 1137 1543 est,
1175 1478 1426 1550 malignis
1455 1460 1885 1552 spiritibus,sive

298 1568 595 1634 haereticis,
625 1575 679 1622 et
706 1568 799 1638 qui
827 1569 1119 1624 comitatur
1151 1585 1274 1625 cum
1309 1572 1427 1628 viro
1467 1574 1672 1645 iniquo,
1714 1594 1745 1633 a
1774 1594 1883 1650 quo

297 1658 588 1715 Psalmista
619 1675 679 1715 se
710 1660 1031 1731 deprecatur
1060 1660 1279 1717 liberari
1305 1663 1478 1734 (Psal.
1509 1667 1645 1739 xvu)
1683 1677 1738 1724 et
1767 1687 1882 1725 ma-

295 1750 539 1819 lignitate
580 1750 697 1821 ejus
738 1750 1064 1821 implicatur,
1111 1752 1200 1807 vix
1240 1753 1366 1810 inde
1395 1757 1623 1812 eruitur.
1663 1759 1728 1813 Et
1758 1760 1879 1818 ideo

294 1856 522 1896 necesse
550 1851 635 1898 est
660 1842 882 1898 omnino
912 1858 943 1897 a
972 1843 1229 1899 societate
1254 1845 1447 1900 talium
1473 1848 1748 1905 dee1inari.

370 1950 389 1981 ι
430 1931 546 1987 Una
581 1932 715 1987 hora
759 1941 935 1987 tecum
963 1934 1335 2003 permanebit;
1369 1937 1415 1991 si
1444 1944 1623 1993 autem
1650 1938 1885 1996 declina-

297 2043 317 2074 ι
358 2025 502 2079 veris
527 2066 541 2089 ,
592 2041 701 2081 non
754 2028 1113 2096 supportabit.
1151 2048 1169 2081 ι
1204 2026 1316 2086 Hoc
1353 2039 1456 2098 est,
1510 2035 1576 2088 ad
1610 2034 1798 2090 horam
1824 2051 1883 2091 se

289 2133 542 2174 veracem
570 2129 624 2175 et
656 2119 867 2174 fidelem
897 2121 1144 2177 simulat:
1172 2120 1268 2179 sed
1293 2123 1614 2182 declinando
1637 2142 1671 2182 a
1688 2128 1881 2183 semita

286 2209 513 2279 iustitiae
549 2211 596 2265 si
624 2220 751 2266 eum
790 2212 1137 2280 obaudieris,
1183 2215 1444 2270 malitiam
1494 2216 1611 2287 eius
1652 2218 1879 2276 sull‘erre

291 2316 401 2356 non
432 2301 656 2357 valebis.

368 2409 387 2442 ι
424 2391 562 2459 Quia
589 2393 643 2447 in
667 2392 826 2450 labiis
849 2394 962 2448 suis
984 2394 1223 2450 indulcat
1248 2396 1521 2464 inimicus,
1553 2407 1608 2453 et
1634 2400 1686 2454 in
1714 2401 1877 2456 corde

293 2502 313 2534 ι
351 2500 451 2539 suo
479 2484 785 2550 insidiatur,
823 2494 885 2540 nt
910 2488 1188 2543 subvertat
1216 2499 1266 2545 te
1290 2490 1340 2544 in
1369 2490 1600 2546 foveam.
1626 2493 1682 2547 in
1705 2495 1876 2550 oculis

290 2595 311 2625 ι
351 2576 465 2632 suis
493 2577 823 2648 lacrymatur
866 2580 1138 2647 inimicus,
1168 2590 1223 2636 et
1261 2583 1307 2636 si
1345 2583 1612 2640 invenerit
1643 2595 1886 2657 tempus,

289 2684 309 2716 ι
349 2682 461 2721 non
505 2668 791 2722 sitiabitur
815 2671 1097 2739 sanguine.
1131 2671 1189 2726 Si
1222 2672 1549 2728 incurrerint
1583 2676 1676 2730 tibi
1706 2677 1868 2744 mala,

286 2774 308 2807 ι
348 2757 588 2811 invenies
614 2772 737 2811 eum
765 2758 873 2813 illic
897 2761 1155 2829 priorem,
1182 2770 1237 2817 et
1256 2762 1409 2832 quasi
1432 2764 1690 2834 adjuvans
1713 2764 1875 2822 snﬂb—

286 2863 308 2897 ι
348 2846 461 2901 diet
486 2846 701 2917 plantas
735 2857 872 2903 tuas.
903 2850 1075 2919 Caput
1104 2866 1260 2905 suum
1303 2854 1540 2909 movebit
1578 2868 1632 2911 et
1668 2856 1885 2926 plaudct

287 2952 307 2983 ι
348 2949 513 2988 manu
539 2974 555 2999 ,
604 2944 662 2990 et
704 2937 874 2990 multa
927 2953 1217 2994 susurrans
1265 2943 1619 2997 commutabit
1663 2946 1868 3001 vultum

287 3042 308 3073 ι
347 3039 525 3078 suum.
560 3045 578 3076 ι
630 3026 687 3079 in
712 3028 962 3082 omnibus
996 3044 1123 3099 ergo
1152 3030 1236 3084 his
1263 3033 1545 3088 sententiis
1577 3035 1714 3090 bene
1743 3051 1866 3105 per-

278 3127 561 3167 versurum
594 3115 865 3171 fictionem
895 3118 1155 3184 insinuat,
1193 3122 1283 3190 qtti
1314 3137 1450 3176 vana
1482 3123 1773 3194 loquuntur
1799 3128 1864 3181 ad

274 3205 588 3275 proximum
629 3221 808 3261 suum.
848 3207 1012 3262 Labia
1043 3210 1224 3265 dolosa
1261 3211 1315 3264 in
1344 3213 1527 3279 corde,
1556 3223 1611 3268 et
1640 3214 1868 3285 loquun-

278 3302 370 3347 tur
407 3294 572 3362 mala,
619 3298 710 3362 qui
754 3298 1078 3354 insidiantur
1105 3310 1165 3354 ut
1191 3302 1401 3362 rapiant
1445 3308 1799 3362 pauperem.i

272 3475 407 3529 dum
438 3475 675 3546 aliquem
724 3480 1056 3549 deceperint,
1111 3490 1274 3552 caput
1315 3492 1551 3550 movent,
1600 3486 1863 3555 plaudunt

272 3580 440 3618 manu
462 3573 517 3619 et
537 3566 868 3623 exsultantes
885 3570 1070 3624 dicunt
1096 3587 1110 3626 :
1133 3571 1297 3642 Euge,
1313 3586 1468 3641 euge,
1483 3574 1864 3634 absorbuimus

271 3673 422 3713 eum.
458 3658 737 3715 Laztantur
774 3677 897 3716 cum
928 3662 1068 3718 male
1110 3665 1365 3729 fecerint,
1403 3674 1457 3721 et
1489 3669 1762 3725 exsultant
1805 3672 1861 3727 in

273 3746 442 3800 rebus
476 3749 727 3817 pessimis
759 3748 945 3820 (Prov.
972 3752 1077 3823 ll).‘
1120 3752 1227 3807 Sed
1255 3753 1300 3808 si
1329 3758 1597 3812 recordati
1632 3758 1860 3815 fuissent

269 3841 404 3910 quid
440 3842 507 3896 de
521 3843 602 3897 eis
632 3842 906 3913 Sapientia
943 3845 995 3899 in
1028 3844 1336 3901 Proverbiis
1372 3848 1592 3915 diceret,
1630 3849 1856 3906 forsitan

266 3934 647 4003 paenitentiam
695 3937 951 4007 egissent.
983 3939 1060 3995 De
1107 3941 1301 4009 quibus
1328 3943 1402 3997 ita
1434 3945 1693 4015 scriptum
1739 3956 1852 4002 est:

274 4044 293 4074 σ
335 4025 512 4081 Homo
545 4036 809 4097 apostata,
842 4030 925 4083 vir
947 4029 1150 4086 inutilis
1177 4032 1419 4103 graditur
1443 4049 1539 4089 ore
1558 4050 1877 4107 perverso;-

268 4116 462 4169 annuit
483 4118 677 4183 oculis,
703 4120 831 4173 terit
856 4121 1012 4189 pede,
1037 4121 1204 4192 digito
1226 4123 1480 4194 loquitur,
1495 4142 1664 4196 pravo
1691 4130 1853 4185 corde

267 4209 618 4263 machinatur
662 4212 881 4279 malum,
913 4215 1050 4269 etin
1091 4216 1238 4270 omni
1282 4225 1525 4289 tempore
1551 4222 1729 4293 jurgia
1767 4239 1851 4278 se-

265 4300 441 4353 minat
472 4298 655 4370 (Prov.
686 4303 763 4372 vi)
800 4321 812 4356 :
852 4324 870 4355 ι
914 4304 1041 4359 huic
1077 4307 1346 4378 extemplo
1383 4310 1562 4366 veniet
1617 4314 1847 4382 perditio

263 4404 386 4455 sua,
414 4398 471 4444 et
496 4390 673 4446 subito
713 4401 1039 4460 conteretur,
1079 4412 1181 4452 nec
1223 4397 1445 4454 habebit
1481 4401 1623 4456 ultra
1669 4402 1844 4459 medio

261 4482 469 4536 cinam.

862 4574 1088 4633 CAPUT
1125 4578 1256 4635 Vlll.

260 4662 343 4715 De
367 4663 617 4716 societate
648 4663 887 4732 divitum,
920 4684 953 4720 α
981 4668 1166 4738 quibus
1200 4671 1484 4725 cavendum
1508 4674 1574 4727 sit
1599 4675 1849 4732 hortatur

924 4747 972 4790 et
1002 4751 1172 4795 monet
1179 4780 1195 4793 .

329 4845 485 4914 (Car.
528 4846 672 4917 xm).
726 4863 746 4897 ‹
783 4846 886 4915 Qui
938 4851 1176 4922 tetigerit
1208 4854 1381 4923 picem
1410 4896 1426 4922 ,
1466 4857 1841 4928 inquinabitur

259 4953 279 4984 ι
321 4934 394 4987 ab
437 4934 563 4999 illa;
598 4943 654 4988 et
688 4937 780 5006 qui
812 4940 1292 4998 communicaverit
1335 4947 1600 5014 superbo,
1651 4951 1838 5008 induet

258 5043 279 5074 ι
318 5025 655 5095 superbiam.
688 5045 705 5077 ι
741 5026 848 5082 Per
878 5028 1282 5087 similitudinem
1313 5034 1448 5103 picis
1474 5040 1709 5095 ostendit
1735 5058 1835 5098 no-

1998 590 2154 637 notat
2185 582 2469 639 hmreticos
2499 587 2646 641 omni
2671 590 2912 659 nequitia
2951 592 3315 664 plenissimus.
3348 600 3585 660 Genera-

1997 671 2122 725 liter
2172 681 2351 727 autcm
2399 674 2687 731 dicendum
2737 688 2818 735 est
2857 684 2980 751 quia
3025 684 3167 740 sicut
3206 690 3433 757 perfecti
3483 697 3583 751 viri

1993 776 2281 832 perversos
2327 765 2601 833 proximos
2645 784 2751 823 non
2803 771 3002 828 debent
3055 768 3261 847 fugere,
3304 782 3429 851 quia
3466 783 3585 841 illos

1993 866 2134 924 saepe
2167 855 2233 909 ad
2264 856 2643 914 rectitudinem
2677 862 2918 929 trahunt,
2952 874 3007 920 et
3035 865 3133 936 ipsi
3162 870 3229 924 ad
3258 876 3584 941 perversita-

1992 952 2099 997 tem
2142 958 2416 1015 nunquam
2466 949 2775 1016 trahttntur,
2823 953 2897 1007 ita
2943 954 3144 1013 infirmi
3174 960 3375 1032 quique
3408 965 3582 1020 socie-

1994 1042 2154 1089 tatem
2184 1036 2382 1091 debent
2407 1039 2680 1098 declinare
2714 1058 3025 1114 pravorum,
3054 1065 3122 1107 ne
3166 1052 3306 1110 mala
3333 1070 3454 1126 qua:
3476 1059 3581 1114 fre-

1991 1136 2225 1195 quenter
2268 1131 2532 1200 aSpiciunt
2580 1144 2633 1189 et
2685 1138 2961 1210 corrigere
3007 1157 3113 1197 non
3155 1144 3365 1216 valent,
3416 1151 3579 1205 etiam

1989 1216 2258 1273 delectent
2284 1219 2507 1276 imitari.

2061 1345 2079 1377 ‹
2125 1328 2340 1387 Pondus
2364 1348 2527 1404 super
2566 1348 2626 1392 se
2668 1337 2825 1405 tollit,
2856 1338 2947 1411 qui
2986 1343 3279 1402 honestiori
3321 1364 3382 1404 se
3421 1366 3577 1405 com-

1990 1433 2009 1465 ι
2052 1418 2320 1486 municat;
2348 1430 2402 1477 et
2437 1423 2619 1480 ditiori
2660 1435 2712 1482 te
2738 1444 2805 1484 ne
2829 1430 3013 1488 soeius
3039 1432 3225 1490 fueris.
3256 1437 3396 1504 Quid
3425 1455 3572 1505 com-

1988 1524 2007 1556 ι
2051 1508 2348 1565 municabit
2381 1514 2644 1571 caccabus
2693 1520 2759 1573 ad
2814 1521 3009 1577 ollam?
3051 1523 3278 1591 Quando
3332 1530 3475 1584 enim
3507 1548 3567 1588 se

1986 1615 2005 1647 ι
2049 1598 2344 1657 coilis'erint
2368 1602 2799 1677 confringentur.
2836 1609 2995 1668 Dives
3024 1614 3219 1685 injuste
3244 1618 3355 1690 egit
3375 1629 3430 1674 et
3460 1620 3568 1677 fre—

1986 1706 2005 1739 ι
2049 1694 2190 1757 met;
2218 1706 2424 1765 pauper
2450 1706 2630 1754 autem
2662 1700 2822 1758 laesus
2863 1706 3084 1761 tacebit.
3116 1708 3171 1764 Si
3200 1710 3425 1784 largitus
3453 1714 3570 1769 fue-

1983 1797 2002 1828 ι
2051 1780 2149 1846 ris,
2177 1794 2418 1841 assumet
2449 1795 2529 1853 te;
2562 1795 2618 1843 et
2664 1791 2707 1845 si
2749 1804 2856 1847 nOn
2913 1795 3190 1865 habueris,
3238 1780 3574 1875 derelinquct

1906 1859 1952 1919 B
1984 1889 2005 1923 ι
2050 1880 2124 1928 te.
2156 1873 2214 1930 Si
2259 1876 2450 1946 habes,
2489 1882 2737 1939 convivet
2762 1893 2939 1942 tecum
2964 1897 3022 1943 et
3069 1894 3354 1948 ei'acuabit
3399 1859 3488 1951 ten:
3519 1906 3574 1953 et

1991 1981 2011 2013 ι
2049 1963 2164 2033 ipse
2193 1980 2298 2021 nou
2329 1967 2532 2026 dolebit
2559 1987 2723 2043 super
2752 1982 2823 2031 te.
2865 1976 2923 2031 Si
2969 1982 3308 2038 necessarius
3338 1985 3411 2040 illi
3458 1987 3572 2042 fue-

1989 2069 2008 2103 ι
2055 2054 2152 2121 ris,
2189 2057 2557 2126 supplantabit
2580 2069 2655 2129 te,
2692 2070 2747 2118 et
2771 2064 3057 2123 subridens
3085 2084 3236 2140 spem
3261 2072 3410 2127 dabit
3448 2076 3568 2141 tibi,

1986 2164 2005 2196 ι
2050 2158 2282 2203 narrans
2330 2149 2427 2205 tibi
2477 2152 2640 2218 bona,
2681 2154 2814 2211 dicit
2845 2174 2857 2211 :
2894 2157 3035 2225 Quid
3070 2176 3206 2232 opus
3232 2174 3315 2219 est
3341 2167 3469 2221 tibi?
3503 2169 3569 2223 Et

1985 2252 2015 2284 ι.
2050 2236 2345 2294 confundet
2369 2248 2421 2295 te
2447 2240 2500 2295 in
2533 2242 2668 2299 cibis
2716 2247 2847 2311 suis,
2878 2247 3049 2305 donec
3080 2258 3131 2307 te
3160 2253 3440 2311 exinaniat
3483 2258 3569 2314 bis

1984 2344 2002 2376 ι
2046 2336 2101 2382 et
2123 2334 2235 2394 ter;
2262 2338 2318 2385 et
2358 2331 2413 2385 in
2443 2334 2738 2391 novissimo
2763 2337 3026 2395 deridebit
3057 2350 3131 2409 te,
3159 2353 3345 2414 postea
3372 2348 3564 2405 videns

1983 2433 2001 2465 ι
2048 2416 2385 2489 derelinquet
2413 2428 2485 2486 te,
2534 2431 2590 2478 et
2631 2424 2799 2495 caput
2825 2442 2980 2483 suum
3031 2436 3267 2490 movebit
3310 2437 3377 2493 a'd
3425 2450 3495 2494 te.
3538 2462 3559 2495 ›

1977 2505 2103 2563 limo
2148 2510 2401 2569 similiter
2417 2514 2575 2584 juxta
2631 2522 2989 2583 moralitatem
3018 2540 3117 2588 nos
3160 2534 3456 2604 instruunt,
3504 2548 3563 2593 ut

1974 2611 2191 2669 semper
2212 2603 2435 2661 humilia
2472 2618 2766 2680 sectemur,
2793 2624 2849 2671 et
2890 2632 3011 2688 qua:
3045 2626 3273 2694 superba
3300 2632 3431 2683 sunt
3472 2646 3561 2701 pe-

1974 2687 2120 2745 nitus
2142 2689 2431 2763 fugiamus.
2466 2697 2619 2755 Unde
2647 2700 2881 2762 Jacobus
2905 2687 3185 2779 apestol—us
3211 2717 3289 2771 ait
3322 2735 3335 2773 :
3375 2737 3395 2769 ι
3431 2687 3561 2774 Fra-

1975 2783 2085 2831 tres
2112 2780 2240 2845 mei,
2268 2782 2432 2839 nolite
2456 2786 2896 2857 in‘personarum
2937 2802 3251 2872 acceptione
3361 2808 3562 2865 habere

1976 2861 2133 2919 fidem
2160 2866 2372 2925 Domini
2396 2878 2566 2930 nostri
2602 2878 2730 2935 Jesu
2759 2881 2962 2940 Christi
3006 2861 3206 2958 glorias.
3247 2861 3463 2951 Etenim
3512 2900 3556 2953 si

1971 2956 2243 3016 introierit
2271 2963 2325 3018 in
2358 2979 2682 3026 conventum
2710 2985 2952 3032 vestrum
2983 2981 3068 3034 vir
3114 2999 3335 3041 aureum
3382 3004 3557 3044 annn-

1970 3046 2079 3104 lum
2110 3051 2318 3111 habens
2345 3067 2402 3112 et
2436 3059 2490 3114 in
2520 3071 2671 3118 veste
2693 3068 2940 3135 candida,
2983 3070 3251 3129 introierit
3277 3086 3456 3134 autem
3502 3089 3559 3135 et

1968 3155 2173 3211 pauper
2200 3146 2254 3199 in
2287 3147 2505 3204 sordido
2529 3152 2735 3221 habitu,
2778 3166 2833 3212 ct
2872 3159 3165 3218 intendatis
3202 3165 3254 3220 in
3285 3183 3408 3223 eum
3461 3172 3553 3240 qui

1895 3210 1938 3272 (ἶ
1969 3210 2189 3290 indutus
2210 3247 2295 3293 est
2320 3250 2471 3296 veste
2495 3246 2774 3314 przcclara,
2798 3257 2853 3305 et
2881 3252 3127 3310 dixeritis
3156 3274 3169 3309 :
3201 3255 3281 3312 Tu
3306 3259 3432 3316 sede
3462 3210 3555 3318 hic

1965 3325 2102 3382 bene
2129 3347 2142 3382 :
2175 3334 2395 3403 pauperi
2428 3344 2608 3391 autem
2637 3339 2830 3396 dicatis
2862 3362 2875 3396 :
2910 3343 2989 3399 Tu
3028 3354 3110 3400 sta
3138 3348 3268 3414 illic,
3303 3359 3395 3406 aut
3426 3354 3554 3409 sede

1964 3417 2063 3471 sub
2093 3419 2325 3477 scabello
2354 3426 2549 3494 pedum
2580 3444 2822 3487 meorum
2854 3452 2868 3487 :
2899 3449 3075 3491 nonne
3096 3435 3357 3505 judicatis
3404 3443 3546 3512 apud

1962 3509 2338 3579 vosmetipsos,
2388 3524 2442 3569 et
2470 3515 2597 3572 facti
2629 3522 2760 3576 estis
2781 3523 2993 3593 iudices
3019 3529 3409 3598 cogitationum
3439 3509 3550 3588 ini-

1961 3603 2228 3666 quarum?
2254 3604 2322 3659 Et
2349 3615 2541 3663 cretcra
2576 3610 2782 3681 (Jacob.
2811 3615 2893 3688 ιι).
2928 3617 3064 3674 liinc
3095 3629 3151 3675 et
3173 3621 3365 3680 Petrus
3387 3626 3547 3682 dicit:

1967 3707 1985 3738 ι
2022 3687 2220 3748 Omnes
2245 3703 2423 3752 autem
2452 3699 2682 3757 invicem
2706 3704 3067 3763 humilitatem
3095 3710 3388 3779 insinuate,
3418 3717 3544 3784 quia

1958 3781 2098 3837 Deus
2120 3786 2366 3855 superbis
2396 3791 2618 3856 resistit,
2646 3793 2938 3851 humilibus
2965 3808 3145 3855 autem
3178 3803 3270 3857 dat
3315 3781 3545 3873 gratiam

1958 3873 2010 3944 (Ι
2048 3873 2159 3929 Pet.
2190 3877 2265 3947 v).
2303 3898 2321 3931 ι
2372 3879 2597 3952 Mystice
2642 3894 2823 3941 autem
2872 3889 3049 3956 docet,
3082 3900 3141 3945 ut
3170 3894 3388 3949 divitem
3444 3895 3540 3951 ,πυ--

1955 3963 2126 4018 dmum
2154 3967 2245 4035 qui
2274 3967 2327 4021 in
2353 3968 2531 4026 littera
2557 3972 2691 4045 legis
2716 3975 2996 4044 gloriatur,
3030 3989 3084 4035 et
3108 3981 3419 4039 bacreticum
3450 3987 3540 4053 qui

1954 4053 2185 4122 superba
2213 4056 2510 4116 intentione
2554 4068 2761 4132 spernit
2801 4072 3019 4124 sensum
3063 4072 3408 4138 catholicum,
3441 4074 3538 4128 eli-

1953 4157 2082 4214 gens
2130 4161 2192 4201 ea
2228 4163 2348 4218 quae
2400 4151 2514 4221 ipse
2569 4170 2710 4211 vana
2760 4161 3227 4226 argumentatione
3271 4169 3540 4221 construit

1952 4236 2173 4293 omnino
2199 4239 2519 4310 devitemus,
2548 4246 2672 4315 quia
2696 4252 2815 4302 eum
2847 4249 2928 4305 illi
2952 4252 3317 4324 evangelicam
3368 4257 3540 4312 humi-

1949 4324 2155 4383 litatem
2205 4330 2547 4403 despiciunt,
2612 4354 2764 4394 suam
2819 4346 3232 4412 perversitatem
3287 4349 3534 4407 omnibus

1948 4420 2309 4488 perniciosam
2356 4438 2479 4482 esse
2533 4433 2842 4487 ostendunt.
2883 4434 3047 4491 [idem
3091 4453 3305 4508 quoque
3348 4442 3533 4497 exina-

1870 4558 1924 4618 Β
1949 4509 2104 4565 niunt
2137 4527 2236 4567 nos
2282 4513 2367 4570 bis
2391 4525 2445 4571 ct
2497 4528 2601 4586 ter,
2643 4537 2766 4577 cum
2810 4525 3038 4581 duorum
3084 4537 3532 4592 testamentorum

1953 4597 2165 4618 ,ε-μη..
2210 4612 2221 4618 .
2944 4616 2952 4618 μ

1949 4597 2313 4659 sinceritatem
2337 4619 2712 4682 corrumpunt,
2745 4621 2797 4668 et
2822 4616 3201 4674 rectitudinem
3235 4620 3355 4678 fidei
3406 4640 3531 4680 san-

1945 4694 2048 4744 ctae
2071 4688 2352 4750 Trinitatis
2390 4697 2699 4775 ubicunque
2720 4713 2949 4772 possunt
2969 4706 3181 4764 auferre
3232 4728 3337 4767 non
3387 4715 3532 4775 desis

1944 4787 2112 4836 stunt.
2144 4782 2206 4838 ιιι
2237 4774 2773 4862 novissimo‘quoquc
2799 4810 2987 4852 errore
3033 4814 3132 4853 suo
3155 4801 3408 4872 deceptos
3436 4807 3527 4861 de-

1943 4870 2161 4939 rident,
2212 4877 2340 4945 quia
2387 4884 2589 4935 {eterna
2638 4881 2953 4942 confusione
3003 4887 3122 4946 illos
3168 4870 3360 4960 dign—os
3408 4912 3526 4953 esse

1940 4966 2246 5032 ostendent,
2279 4972 2496 5038 quando
2522 4988 2662 5028 .cum
2712 4976 2924 5033 diabolo
2971 4989 3028 5035 et
3069 4985 3273 5053 angelis
3315 4987 3429 5056 ejus
3470 4991 3522 5045 in

1943 5069 2104 5123 poma
2129 5058 2387 5128 gehennae
2414 5067 2802 5135 perpetualitcr
2830 5081 3064 5139 gement.
3094 5072 3325 5133 Proinde
3354 5082 3482 5135 dicit
3506 5100 3516 5134 :

243 5118 432 5170 civam
453 5130 574 5170 esse
598 5119 1032 5175 communionem
1050 5123 1426 5194 superbientis,
1441 5128 1533 5198 qui
1557 5131 1835 5202 nigredine

240 5208 491 5279 pollutus
518 5205 770 5264 vitiorum
802 5213 1075 5268 maculare
1116 5229 1223 5268 non
1265 5226 1441 5271 cessat
1470 5220 1701 5278 nitorem
1732 5226 1837 5280 hu-

238 5300 485 5354 milium.
534 5300 687 5355 Unde
734 5298 999 5373 scriptum
1036 5313 1152 5360 est:
1194 5323 1214 5357 ι
1245 5306 1467 5364 Amicus
1522 5314 1831 5384 stultorum,

233 5395 518 5450 efﬁcietur
552 5396 636 5451 eis
665 5397 856 5453 similis
883 5398 1069 5469 (Prov.
1101 5401 1244 5473 xm).
1276 5422 1295 5454 ι
1325 5402 1393 5457 Et
1426 5404 1554 5459 item
1582 5425 1595 5460 :
1631 5426 1649 5459 ι
1686 5409 1827 5476 Noli,

226 5489 453 5559 inquit,
473 5503 593 5544 esse
614 5491 831 5546 amicus
849 5491 1051 5547 homini
1083 5494 1364 5561 iracundo,
1388 5513 1565 5567 neque
1589 5501 1830 5560 ambules

227 5595 373 5635 cum
411 5579 529 5633 viro
560 5578 785 5647 furioso,
835 5597 904 5637 ne
950 5582 1088 5638 forte
1117 5586 1292 5641 discas
1328 5590 1550 5645 semitas
1594 5590 1731 5661 ejus,
1774 5607 1831 5652 et

221 5684 435 5727 sumas
479 5671 791 5726 scandalum
836 5675 1030 5729 animae
1072 5682 1176 5732 tua:
1217 5675 1397 5749 (Prov.
1427 5682 1587 5752 χχιι).
1634 5703 1652 5734 ι
1702 5685 1829 5741 Haec

219 5762 523 5818 sententia
555 5766 880 5834 generaliter
907 5766 1030 5822 licet
1060 5769 1127 5823 ad
1162 5784 1350 5826 omnes
1384 5770 1617 5830 furiosos
1665 5785 1823 5848 atque

2010 5144 2051 5197 λε’
2091 5147 2321 5206 Attende
2350 5168 2417 5207 ne
2454 5156 2705 5212 seductus
2752 5158 2804 5214 in
2849 5160 3073 5217 stultitia
3117 5164 3436 5224 lnunilieris.
3494 5192 3510 5220 ι

1941 5238 2054 5294 Hoc
2086 5249 2169 5296 est
2191 5256 2416 5298 erronea
2458 5245 2696 5301 doctrina
2720 5248 3067 5320 depravatus,
3113 5271 3180 5310 ne
3218 5258 3513 5313 confunda-

1938 5328 2034 5383 ris.

2015 5432 2043 5469 ι·
2069 5418 2187 5475 Noli
2215 5436 2335 5478 esse
2357 5423 2575 5481 humilis
2604 5427 2654 5482 in
2679 5429 2941 5499 sapientia
2966 5426 3080 5498 tua,
3106 5446 3173 5489 ne
3202 5434 3517 5490 humiliatus

1939 5527 1957 5558 ι
2007 5511 2058 5564 in
2092 5512 2373 5567 stultitiam
2403 5517 2698 5571 s‘educaris.
2737 5536 2757 5570 ι
2784 5520 2898 5575 Νοιι
2921 5521 3238 5576 humilitatis
3259 5532 3541 5586 virtutem,

1932 5601 2135 5656 habere
2161 5603 2453 5669 dissuadet,
2506 5623 2626 5675 quae
2654 5610 2724 5662 \in
2775 5612 3024 5665 omnibus
3067 5611 3346 5669 laudabilis
3392 5624 3519 5683 est;

1931 5692 2024 5747 sed
2047 5692 2425 5747 auctoritatem
2458 5694 2668 5750 firmam
2717 5709 2901 5752 contra
2933 5712 3327 5769 expugnatores
3363 5706 3513 5760 veri-

1931 5782 2056 5837 tatis
2079 5790 2263 5836 tenere
2288 5780 2459 5847 docet,
2490 5785 2613 5851 quia
2637 5783 2780 5838 nullo
2796 5785 2954 5841 modo
2977 5786 3060 5843 bis
3082 5797 3163 5844 cst
3184 5790 3513 5858 cedendum,
