3904 6184
355 340 449 399 85f

352 452 447 508 sed
472 450 681 506 fortiter
724 449 1102 504 resistendum.
1140 448 1292 503 Unde
1337 446 1534 502 Paulus
1564 448 1808 502 scribens
1857 447 1924 501 ad
1953 465 2002 523 Α

352 542 593 608 Galatas,
625 540 992 612 hujuscemodi
1020 539 1326 594 hominibus
1350 539 1613 610 gloriatur
1640 538 1853 594 fortiter
1870 555 1931 595 se

354 634 638 696 restitisse,
672 644 844 699 neque
870 630 939 685 ad
987 630 1179 685 horam
1213 631 1442 683 cessisse
1493 628 1693 700 (Colat.
1726 629 1807 700 ll).
1862 628 1932 683 Et

350 724 417 780 ad
457 720 806 777 Corinthios:
845 738 863 772 ‹
898 719 954 774 ln
991 735 1175 785 carne,
1204 720 1396 789 inquit,
1425 719 1781 785 ambulantes,
1822 733 1930 774 non

350 816 644 870 secundum
698 829 919 869 carnem
968 814 1282 868 militantes.
1335 813 1470 867 Nam
1518 828 1669 867 arma
1724 810 1929 866 militia:

349 917 550 962 nostra:
584 922 691 961 non
721 906 963 962 carnalia
992 914 1140 971 sunt,
1171 906 1265 961 sed
1305 906 1547 977 potentia
1585 905 1694 959 Deo
1719 903 1786 957 ad
1833 903 1929 958 de-

346 998 699 1051 structionem
750 998 1134 1063 munitionum,
1182 998 1407 1052 consilia
1456 999 1817 1060 destruentes,
1874 1003 1930 1050 et

344 1104 557 1143 omnem
589 1088 927 1146 altitudinem
968 1089 1313 1145 extollentem
1343 1106 1402 1146 se
1447 1091 1705 1145 adversus
1755 1088 1929 1143 scien-

344 1177 473 1231 tiam
508 1179 627 1245 Dei,
658 1188 711 1233 et
761 1181 814 1234 in
863 1180 1231 1250 captivitatem
1268 1182 1573 1252 redigentes
1601 1195 1817 1236 omnem
1846 1180 1928 1233 in-

345 1271 616 1327 tellectum
648 1272 700 1326 in
731 1272 1049 1343 obsequium
1093 1273 1314 1339 Christi,
1352 1284 1407 1329 et
1433 1275 1485 1328 in
1534 1262 1795 1343 promptu
1831 1273 1927 1329 ba-

342 1362 531 1418 bentes
555 1363 737 1418 ulcisci
761 1380 976 1419 omnem
1007 1366 1424 1421 inobedientiam
1441 1366 1522 1435 (Il
1541 1364 1925 1437 Cor.x).illinc

343 1454 484 1508 idem
501 1455 774 1525 apostolus
800 1457 1063 1527 discipulo
1091 1473 1188 1513 suo
1213 1458 1748 1529 prmcepitquomodo
1770 1474 1928 1528 quos-

342 1548 465 1601 dam
507 1547 888 1618 redargueret,
918 1549 1146 1603 dicens:
1188 1566 1207 1600 ι
1238 1549 1462 1621 Increpa
1508 1550 1626 1606 illos
1670 1551 1823 1618 dure,
1868 1564 1926 1609 ut

252 1656 256 1659 ν
340 1640 457 1693 sani
484 1640 592 1693 sint
615 1640 666 1694 in
694 1641 798 1695 fide
826 1657 933 1695 non
964 1641 1306 1706 intendentes
1333 1643 1570 1699 Judaicis
1608 1644 1821 1713 fabulis,
1872 1654 1927 1702 et

339 1733 608 1787 mandatis
629 1734 908 1788 hominum
933 1735 1299 1791 aversantium
1319 1751 1377 1791 se
1397 1752 1429 1791 a
1454 1738 1704 1792 veritate.
1731 1738 1923 1795 Omnia

340 1828 539 1881 munda
593 1828 843 1882 mundis:
877 1829 1237 1897 coinquinatis
1282 1838 1462 1886 autem
1513 1840 1570 1886 et
1617 1833 1924 1890 inﬁdelibus
1955 1817 2000 1875 Β

336 1918 471 1971 nihil
496 1919 779 1985 mundum,
817 1920 911 1974 sed
945 1920 1237 1989 inquinatee
1269 1928 1395 1977 sunt
1432 1937 1620 1978 eorum
1666 1932 1724 1979 et
1766 1940 1920 1982 mens

336 2020 391 2066 et
420 2011 769 2066 conscientia.
796 2010 1134 2067 Confitentur
1155 2028 1214 2068 se
1235 2028 1393 2069 nosse
1420 2015 1612 2081 Deum,
1640 2014 1797 2071 factis
1825 2032 1920 2072 au-

340 2112 444 2157 tem
484 2110 703 2173 negant,
739 2117 861 2156 cum
892 2103 1000 2157 sint
1026 2104 1321 2160 abominati
1351 2113 1407 2159 et
1451 2104 1815 2172 incredibiles,
1866 2116 1921 2163 et

334 2192 402 2246 ad
427 2206 587 2247 omne
620 2207 754 2262 opus
776 2193 975 2249 bonum
1012 2194 1226 2264 reprobi
1250 2194 1379 2267 (Tit.
1418 2196 1480 2267 ι).
1531 2215 1550 2249 ι
1583 2196 1723 2252 Hinc
1749 2198 1918 2253 etJu—

334 2286 433 2340 das
476 2285 751 2356 apostolus
785 2285 904 2340 ait:
942 2306 960 2337 ι
997 2286 1051 2341 ln
1092 2289 1386 2344 novissimo
1414 2296 1657 2361 tempore
1702 2291 1922 2349 venient

275 2440 286 2450 ι
334 2377 602 2444 illusores,
638 2379 933 2434 secundum
956 2380 1221 2436 desideria
1251 2398 1350 2437 sua
1372 2383 1711 2439 ambulantes
1737 2384 1792 2438 in
1820 2384 1921 2438 im-

333 2469 644 2538 pietatibus.
697 2470 762 2523 lli
798 2481 923 2525 sunt
967 2472 1059 2541 qui
1102 2482 1389 2544 segregant
1423 2475 1765 2545 semetipsos,
1805 2476 1921 2532 ani-

334 2561 525 2625 males,
583 2562 833 2631 spiritum
858 2578 965 2617 non
1009 2564 1287 2619 habentes.
1313 2565 1422 2621 Vos
1469 2575 1670 2632 autem,
1713 2568 1911 2624 charis-

337 2653 481 2716 simi,
521 2652 1013 2721 supermdilicantes
1058 2656 1417 2726 vosmetipsos
1452 2658 1806 2712 sanctissima:
1830 2676 1922 2715 ve-

338 2746 464 2790 strae
488 2736 629 2799 fidei,
659 2735 710 2787 in
733 2733 940 2803 Spiritu
966 2743 1154 2790 sancto
1184 2744 1430 2801 orantes,
1463 2736 1819 2801 vosmetipsos
1848 2736 1902 2790 in

341 2830 633 2884 dilectione
668 2826 759 2880 Dei
798 2836 1043 2885 servate:
1076 2836 1127 2882 et
1161 2830 1257 2883 hos
1313 2828 1532 2900 quidem
1595 2826 1901 2898 rcdarguite

331 2923 605 2989 judicatos
628 2917 805 2990 (Iuda:
831 2918 922 2983 2|,
954 2920 1067 2985 2:2).
1104 2939 1122 2970 ι

407 3109 425 3142 σ
463 3092 771 3148 Advocatus
799 3110 827 3147 a
870 3095 1172 3163 potentiore
1217 3097 1432 3153 discede
1471 3117 1483 3151 :
1526 3116 1592 3153 ex
1628 3115 1731 3155 noc
1773 3116 1916 3155 enim

1002 336 1062 391 B.
1102 336 1353 391 RABANI
1392 335 1611 390 MAURl
1650 335 1971 391 ABClllEP.
2016 334 2327 392 MOGUNT.
2364 334 2657 395 OPERUM
2698 339 2881 395 PARS
2918 339 2960 393 Ι.

3511 343 3612 399 852

2036 432 2216 527 festat,
2251 433 2486 494 versutia
2521 441 2737 500 illorum
2795 463 2855 504 se
2913 451 3199 522 deceptum
3254 462 3599 527 postmodum

2035 524 2254 581 dolebit.
2284 527 2434 585 Unde
2459 540 2512 587 et
2549 535 2922 608 subjungitnr:

2112 618 2296 711 t-Cave
2326 622 2419 675 tibi
2450 632 2504 678 et
2535 628 2758 681 attende
2793 630 3080 702 diligenter
3106 639 3314 694 auditui
3337 650 3455 710 tuo,
3478 660 3605 711 quo-

2039 724 2058 759 r
2095 708 2237 761 niam
2260 726 2377 763 cum
2398 715 2751 772 subversione
2771 728 2858 775 tua
2884 724 3163 793 ambulas;
3193 733 3423 788 audiens
3440 708 3605 792 verba

2041 815 2060 848 ι
2100 799 2183 853 illa
2209 804 2363 870 quasi
2400 806 2453 859 in
2485 810 2713 875 somnis,
2750 813 2871 868 vide
2929 825 2983 870 et
3015 819 3264 890 vigilabis
3294 830 3443 881 oruui
3502 831 3603 883 vita

2044 907 2060 941 ι
2095 901 2204 945 tua.
2229 913 2247 946 ι
2277 895 2419 950 Nihil
2447 905 2644 964 tutum,
2670 903 2801 958 nihil
2837 907 3047 963 firmum
3070 914 3211 982 apud
3243 920 3425 973 iuuudi
3456 936 3604 975 ama.

2037 992 2225 1049 torem,
2249 986 2375 1053 quia
2403 1003 2524 1043 cum
2554 994 2903 1052 mutabilibus
2926 1002 3380 1061 rebusinhianti-r
3399 1014 3604 1065 incum-

2036 1073 2138 1138 bit,
2176 1076 2335 1132 simul
2389 1094 2508 1135 cum
2563 1083 2670 1138 illis
2718 1087 3058 1146 incessanter
3110 1111 3478 1163 permutatnr.
3537 1106 3601 1162 Ut

2035 1165 2161 1218 alibi
2185 1169 2448 1238 scriptum
2484 1183 2603 1228 est:
2632 1193 2649 1225 ι
2676 1175 2886 1235 Stultus
2916 1192 2971 1237 ut
2997 1184 3123 1239 lnna
3150 1200 3390 1245 mutatur
3413 1194 3598 1258 (δι-στί.

2037 1258 2226 1327 xxvii).
2251 1279 2271 1312 ι
2310 1260 2473 1318 Potes
2505 1274 2559 1319 et
2582 1266 2866 1327 liaareticos
2897 1283 2950 1328 et
2982 1275 3146 1332 falsos
3171 1280 3518 1342 Christianos
3544 1293 3593 1344 in

2038 1348 2342 1418 liujusmodi
2374 1358 2685 1422 potentibus
2714 1361 3033 1429 spiritaliter
3053 1368 3370 1442 intelligere,
3410 1381 3599 1444 quibus

2036 1456 2312 1511 nunquam
2366 1446 2577 1515 plenam
2631 1450 2790 1507 fidem
2841 1455 3099 1512 adhibere
3150 1461 3335 1529 debes,
3373 1470 3496 1534 quia
3527 1471 3601 1523 iu—

2037 1541 2351 1590 constantes
2382 1546 2508 1592 sunt
2542 1540 2592 1593 in
2624 1543 2875 1600 omnibus
2896 1547 2997 1601 viis
3017 1550 3166 1616 suis;
3200 1563 3255 1608 et
3277 1557 3325 1609 si
3367 1567 3418 1612 te
3443 1561 3510 1613 ab
3540 1564 3600 1614 il-

2036 1617 2102 1674 lis
2133 1638 2237 1678 non
2262 1625 2595 1698 observabis,
2625 1635 3281 1711 quando'consutnpseris
3310 1663 3528 1703 carnem
3553 1663 3603 1708 it

2037 1726 2267 1782 corpus,
2301 1717 2420 1774 sine
2456 1721 2561 1777 fine
2589 1726 2898 1789 poenitebis.

2113 1820 2132 1854 ‹
2173 1804 2341 1877 Dilige
2380 1809 2569 1877 Deum,
2615 1822 2669 1869 et
2694 1816 2885 1873 invoca
2908 1835 3032 1876 eum
3088 1824 3141 1880 in
3196 1828 3371 1885 saiute
3430 1841 3537 1887 tua.
3579 1854 3598 1887 ι

2039 1895 2261 1992 Caeteris
2284 1903 2586 1968 reprobatis
2619 1922 2740 1977 quae
2789 1916 3070 1971 mutabilia
3104 1927 3159 1973 et
3214 1922 3422 1978 caduca
3451 1938 3591 1992 sun',

2043 1988 2144 2044 hoc
2174 1992 2350 2047 solum
2388 1998 2534 2062 quod
2566 2000 2763 2057 stabile
2798 2015 2853 2058 et
2931 2022 3248 2066 mansurum
3297 2026 3403 2078 est,
3452 1988 3600 2072 cum;

2043 2086 2286 2178 mendat;
2312 2086 2414 2142 hoc
2441 2099 2547 2154 est,
2586 2100 2640 2146 ut
2677 2092 2848 2150 Deum
2875 2098 3092 2169 diligas,
3118 2114 3172 2157 et
3200 2107 3457 2162 mandata
3487 2111 3599 2178 ejus

2041 2173 2316 2269 observes,
2344 2187 2396 2232 et
2425 2182 2687 2238 auxilium
2717 2186 2836 2255 ejus
2856 2191 3100 2258 quotidie
3135 2192 3431 2264 implores:
3472 2173 3600 2269 quo-

2044 2262 2191 2317 niam
2228 2283 2247 2317 ι
2289 2268 2461 2323 bonus
2492 2280 2575 2325 est
2625 2273 2888 2330 Dominus
2919 2262 3268 2348 sperantibus
3292 2286 3345 2340 in
3376 2303 3456 2355 se,
3488 2262 3602 2344 aui-

2043 2369 2142 2408 ma:
2172 2361 2433 2427 quaerenti
2468 2363 2633 2421 illum
2682 2364 2900 2435 (T/iren.
2932 2378 3089 2438 ηιμ»
3123 2373 3294 2444 Prope
3318 2390 3402 2431 est
3432 2383 3602 2435 omni-

2040 2445 2143 2500 bus
2182 2448 2498 2508 timentibus
2520 2469 2641 2510 eum
2669 2458 2722 2512 in
2756 2460 3001 2516 veritate.
3037 2462 3386 2524 Voluntatcm
3414 2473 3601 2527 timen-

2042 2537 2174 2590 tium
2195 2554 2252 2592 se
2281 2538 2455 2607 faciet,
2486 2548 2826 2601 etorationes
2841 2563 3028 2605 eorum
3049 2557 3323 2623 exaudiet,
3354 2571 3404 2615 et
3433 2563 3601 2617 salvos

2040 2626 2202 2684 faciet
2227 2647 2338 2687 eos.

2116 2739 2135 2772 ι
2158 2719 2331 2777 Omne
2352 2728 2550 2782 animal
2582 2731 2951 2803 diligitsimile
2971 2738 3074 2793 sibi
3101 2754 3116 2804 ;
3137 2739 3220 2795 sic
3239 2749 3292 2795 et
3317 2743 3498 2796 omnis
3514 2743 3598 2795 lio-

2044 2829 2063 2864 ι
2093 2827 2180 2867 mo
2199 2818 2505 2884 proximum
2526 2822 2650 2877 sibi.
2673 2823 2862 2880 Omnis
2880 2843 3008 2883 caro
3031 2833 3094 2884 ad
3113 2833 3343 2887 similem
3359 2834 3461 2888 sibi
3484 2851 3600 2889 coa-

2048 2905 2363 2976 tjungetur,
2394 2916 2642 2968 etomnis
2676 2916 2838 2970 homo
2899 2905 3199 2976 simili'sibi
3233 2923 3547 2978 sociabitur.
3582 2944 3598 2972 ι

2025 3000 2110 3057 Ad
2136 3020 2201 3061 ac
2224 3018 2344 3074 qua)
2367 3000 2615 3070 superius
2639 2999 2821 3070 posuit
2850 2999 2966 3053 haec
2991 2997 3275 3052 referenda
3315 3005 3467 3061 sunt,
3512 2996 3607 3049 hoc

2021 3102 2126 3160 est,
2155 3106 2213 3147 ut
2233 3095 2459 3147 divitum
2481 3101 2537 3146 et
2555 3091 2855 3161 potentium
2881 3090 3041 3146 istius
3062 3089 3270 3154 mundi,
3295 3089 3390 3158 qui
3417 3103 3605 3158 super-

337 3201 355 3231 ¢
402 3183 576 3251 magis
594 3193 643 3237 te
660 3184 1055 3239 advocabit.Ne
1078 3186 1354 3255 improbus
1369 3187 1466 3252 sis,
1489 3189 1913 3260 neimpingaris;
1945 3196 1990 3258 C
2018 3186 2174 3240 bium
2195 3185 2249 3238 in
2277 3184 2606 3238 abundantia
2635 3182 2945 3237 diVilial‘um
2974 3196 3214 3245 suarum.
3247 3180 3491 3235 ἀθειίηεδ
3521 3194 3605 3233 ω’

337 3293 356 3325 ι
399 3284 546 3330 etne
583 3275 737 3346 longe
763 3277 927 3339 absis,
959 3294 1024 3332 ne
1054 3292 1147 3331 eas
1183 3278 1235 3331 in
1262 3279 1608 3333 oblivionem.
1663 3279 1742 3334 Ne
1788 3282 1917 3335 reti—

337 3384 356 3417 ι
401 3382 531 3423 neas
558 3383 620 3421 ex
645 3383 800 3437 :equo
831 3368 972 3438 loqui
1001 3385 1124 3423 cum
1151 3368 1264 3433 illo,
1294 3379 1348 3425 et
1390 3387 1457 3425 ne
1504 3372 1697 3427 credas
1734 3373 1916 3427 multis

337 3475 355 3508 ι
404 3456 582 3511 verbis
620 3456 789 3521 illius;
828 3472 892 3512 ex
920 3458 1083 3511 multa
1111 3460 1255 3513 enim
1308 3460 1516 3529 loquela
1567 3461 1795 3515 tentabit
1840 3470 1913 3526 te,

337 3567 355 3599 ι
401 3556 454 3603 et
490 3548 775 3603 subridens
825 3548 1177 3620 interrogabit
1219 3558 1269 3603 te
1301 3549 1366 3604 de
1400 3551 1736 3605 absconditis
1789 3550 1911 3605 tuis.

337 3658 356 3689 α
401 3638 628 3693 Immitis
653 3639 866 3695 animus
894 3639 1050 3699 illius,
1086 3648 1140 3694 et
1186 3642 1524 3695 conservabit
1562 3642 1727 3696 verba
1772 3649 1862 3695 tua
1898 3660 1910 3695 :

336 3748 355 3780 ‹
398 3739 453 3784 ct
484 3746 587 3782 non
614 3738 802 3801 parcet
829 3730 895 3783 de
930 3729 1133 3783 malitia
1165 3738 1219 3785 et
1251 3730 1316 3785 de
1344 3731 1590 3785 vinculis.
1632 3752 1650 3783 ι
1690 3730 1917 3801 Tempe-

331 3830 518 3875 ranter
573 3836 670 3873 nos
737 3835 897 3888 agerc
941 3836 1063 3874 cum
1112 3823 1470 3890 potestatibus
1518 3823 1672 3877 istius
1732 3823 1913 3879 mundi

330 3913 592 3982 sapientia
625 3913 800 3977 docet,
830 3928 898 3968 ne
933 3912 1090 3976 forte,
1122 3915 1165 3969 si
1194 3914 1410 3970 incaute
1437 3931 1561 3970 cum
1591 3915 1697 3971 illis
1724 3917 1915 3971 ambu-

334 4005 524 4068 lemus,
576 4003 929 4060 olfendmnus.
968 4004 1260 4061 insolentia
1285 4006 1429 4062 enim
1456 4007 1696 4076 ipsorum
1719 4015 1775 4063 et
1820 4022 1913 4061 su-

330 4094 516 4164 perbia
536 4092 846 4164 frequenter
871 4095 1079 4150 deridet
1099 4096 1467 4152 innocentium
1491 4098 1913 4167 simplicitatem,

330 4195 384 4240 et
418 4187 701 4257 despectos
725 4202 818 4241 eos
858 4186 1036 4249 habet,
1075 4204 1210 4258 quos
1265 4204 1295 4245 a
1345 4189 1576 4259 negotiis
1629 4190 1816 4245 mundi
1858 4204 1917 4245 se

331 4275 605 4330 abstinere
634 4276 806 4344 videt;
843 4278 935 4331 scd
966 4278 1218 4347 quoniam
1241 4279 1374 4333 ordo
1398 4278 1519 4333 talis
1541 4286 1625 4333 cst
1672 4279 1916 4334 mortalis

331 4367 474 4431 vitm,
508 4377 566 4420 ut
590 4367 678 4420 alii
706 4367 976 4422 excellant
1010 4367 1212 4424 divitiis
1239 4376 1291 4422 et
1317 4368 1580 4439 potentia,
1620 4368 1710 4422 alii
1738 4369 1918 4438 depri-

331 4466 551 4512 mantur
590 4458 765 4527 inopia
812 4466 866 4511 et
916 4465 1173 4529 egestate,
1210 4458 1283 4511 ita
1329 4472 1458 4512 sane
1505 4472 1563 4512 se
1615 4456 1918 4513 conformet

2017 3275 2290 3337 cictatem,
2323 3281 2528 3328 etcum
2573 3286 2639 3326 eo
2687 3272 2926 3327 amicitia
2970 3270 3319 3341 eoujungaris
3372 3270 3466 3341 qui
3519 3269 3610 3324 tibi

2017 3366 2197 3420 studio
2225 3373 2279 3420 et
2307 3364 2565 3435 religione
2583 3378 2681 3433 par
2709 3370 2764 3418 et
2782 3378 3009 3418 consors
3045 3370 3148 3417 est.
3182 3360 3339 3425 Nam,
3385 3370 3447 3416 ut
3491 3376 3610 3415 sau-

2016 3457 2087 3512 cti
2110 3456 2299 3510 Patres
2323 3454 2679 3519 tradiderunt,
2707 3469 2833 3509 cum
2855 3452 3022 3507 multa
3056 3453 3166 3507 sint
3189 3466 3390 3521 genera
3421 3450 3605 3505 amici-

2019 3549 2242 3613 tiarum,
2279 3562 2400 3616 quae
2438 3544 2686 3600 carnales
2730 3553 2787 3599 et
2827 3544 3007 3598 minus
3055 3543 3425 3613 intelligentes
3472 3541 3612 3597 ωειὶ-

2019 3648 2170 3695 mant
2210 3640 2277 3695 ad
2307 3654 2490 3694 veram
2538 3638 2814 3708 pertinere
2858 3637 3221 3702 dilectionem,
3271 3637 3609 3692 solummodo

2019 3734 2121 3788 hoc
2147 3747 2315 3786 unum
2349 3746 2520 3803 genus
2546 3739 2629 3786 est
2666 3730 2952 3785 insolubile
2982 3730 3283 3792 charitatis,
3316 3729 3468 3801 quod
3510 3741 3611 3784 nec

2017 3823 2505 3879 commendationis
2552 3823 2767 3892 gratia,
2824 3837 2925 3877 nec
2973 3820 3134 3877 ollicii
3187 3821 3272 3877 vel
3324 3835 3609 3876 munerum

2018 3915 2330 3987 magnitudo
2355 3921 2734 3969 eontractusve
2757 3911 3077 3981 cujusquam
3105 3912 3266 3976 ratio,
3294 3911 3378 3966 vel
3406 3920 3612 3966 natura:

2015 4008 2311 4063 necessitas
2333 4007 2533 4078 jungit,
2561 4006 2657 4061 sed
2682 4005 2796 4060 sola
2837 4003 3131 4059 similitudo
3162 4004 3456 4068 virtutum;
3500 4001 3612 4055 btec

2014 4106 2100 4153 est
2135 4112 2255 4168 quae
2283 4096 2445 4151 nullis
2470 4110 2708 4164 unquam
2734 4094 2952 4149 casibus
2991 4094 3278 4157 scinditur,
3303 4107 3469 4162 quam
3502 4106 3610 4145 non

2018 4190 2191 4245 solum
2238 4188 2532 4244 dissociare
2575 4187 2660 4242 vel
2692 4186 2873 4242 delere
2897 4186 3140 4242 locorum
3170 4185 3255 4239 vel
3309 4194 3610 4255 temporum

2018 4278 2302 4336 intervalla
2344 4294 2451 4333 non
2480 4277 2793 4348 praevalent,
2835 4276 2931 4332 sed
2962 4290 3029 4330 ne
3059 4290 3207 4330 mors
3232 4274 3451 4345 quidem
3498 4274 3613 4343 ipsa

2018 4373 2243 4427 divellit.
2276 4372 2403 4427 Haec
2453 4380 2540 4427 est
2568 4385 2696 4426 vera
2725 4378 2780 4425 et
2833 4369 3131 4438 indisrupta
3178 4367 3401 4423 dilectio
3424 4407 3440 4433 ,
3492 4381 3613 4436 qua:

2018 4464 2231 4534 gemina
2263 4462 2559 4517 amicorum
2588 4459 2920 4530 perfectione
2946 4475 3011 4514 ac
3040 4460 3239 4513 virtute
3282 4456 3608 4521 concrescit.

330 4567 517 4605 servus
540 4549 739 4610 Christi
768 4566 888 4604 cum
919 4548 1277 4619 potestatibus
1308 4548 1514 4613 mundi,
1563 4555 1621 4602 ut
1660 4548 1741 4602 eis
1771 4548 1919 4603 debi—
1948 4550 1996 4608 D
2024 4555 2176 4625 cujus
2205 4554 2372 4610 semel
2400 4554 2592 4609 initum
2623 4554 2798 4609 fmdus
2845 4552 2991 4607 nulla
3048 4551 3350 4607 adversitas
3398 4558 3610 4605 mutare

333 4655 444 4698 tum
472 4645 733 4698 honorem
778 4641 1072 4697 secundum
1115 4640 1521 4710 Scripturarum
1568 4640 1915 4694 traditionem

330 4734 596 4802 conferat,
628 4742 683 4789 et
713 4742 891 4788 tamen
924 4732 1172 4786 timorem
1198 4729 1411 4784 Domini
1441 4745 1506 4784 ac
1534 4729 1913 4784 mandatorum

331 4826 448 4895 ejus
490 4826 787 4880 custodiam
833 4823 981 4879 nullo
1031 4821 1191 4876 modo
1241 4820 1593 4890 derelinquat.
1649 4820 1802 4891 Quod
1857 4829 1913 4876 et

331 4914 523 4968 Petrus
552 4914 607 4967 in
637 4913 873 4985 Epistola
900 4929 997 4969 sua
1030 4928 1129 4968 nos
1158 4926 1316 4983 agerc
1358 4912 1625 4976 hortatur,
1681 4910 1867 4966 dicens
1898 4928 1911 4964 :

337 5024 355 5056 ι
392 5004 544 5060 Sicut
574 5007 714 5060 servi
746 5006 842 5060 Dei
871 5021 1059 5060 omnes
1084 5006 1367 5070 honorate,
1403 5004 1801 5061 fraternitatem
1831 5006 1913 5061 di-

330 5099 510 5171 ligite;
546 5097 710 5152 Deum
740 5098 941 5161 timete,
971 5112 1154 5166 regem
1178 5097 1529 5152 honoriﬁcate
1557 5095 1604 5168 (Ι
1633 5096 1747 5150 Pet.
1777 5096 1861 5169 tt).
1888 5117 1906 5148 ι

332 5191 457 5247 Vult
479 5190 625 5246 enim
655 5203 753 5242 nos
799 5186 995 5245 liberos
1031 5202 1151 5240 esse
1181 5202 1211 5242 a
1237 5185 1461 5242 servitio
1506 5186 1807 5254 culparum,
1855 5194 1915 5240 ut

329 5285 471 5342 servi
493 5279 766 5338 Creatoris
792 5277 960 5333 nostri
989 5277 1115 5331 boni
1143 5286 1199 5331 et
1224 5276 1407 5330 fideles
1438 5290 1758 5344 permanere
1787 5292 1913 5347 pos-

328 5380 529 5443 simus;
558 5382 614 5431 et
641 5379 825 5429 monet
852 5378 913 5429 ut
950 5385 1247 5442 congruum
1292 5370 1504 5424 cunctis
1539 5368 1912 5438 impendamus

331 5474 611 5532 honorem,
635 5484 700 5524 ac
719 5469 876 5541 juxta
921 5463 1207 5534 imperium
1238 5461 1469 5527 Domini,
1504 5479 1523 5513 ί
1559 5459 1756 5516 Caesari
1793 5478 1912 5535 qua:

330 5564 562 5621 Cmsaris
588 5572 734 5629 sunt,
775 5570 828 5617 ct
853 5560 965 5615 Deo
996 5572 1113 5628 qua:
1141 5557 1232 5611 Dei
1258 5564 1383 5610 sunt
1428 5555 1715 5610 reddamus
1759 5553 1909 5626 (Luc.

331 5657 445 5728 tta).
480 5677 499 5709 ι
533 5657 633 5724 Qui
669 5664 849 5711 autem
880 5654 1094 5709 incaute
1124 5657 1178 5705 et
1212 5648 1610 5704 inconsiderate
1637 5662 1759 5703 cum
1792 5647 1912 5701 tali—

333 5748 433 5809 Lus
457 5758 824 5818 conversatur,
852 5757 906 5803 et
931 5747 1010 5803 eis
1031 5744 1150 5823 plus
1187 5758 1341 5817 aequo
1367 5741 1715 5818 semetipsum
1741 5739 1914 5797 mani-

1988 4654 2216 4717 .potest,
2263 4661 2365 4701 nec
2409 4646 2799 4701 desideriorum
2841 4644 3078 4698 varietas
3123 4642 3349 4697 violare.
3401 4639 3611 4697 Caetera

2018 4753 2146 4793 vero
2174 4735 2535 4805 interrumpit.
2568 4735 2882 4804 frequenter
2922 4748 2989 4788 ac
3018 4732 3208 4788 dividit
3238 4731 3484 4785 locorum
3531 4730 3615 4785 di-

1964 4845 1981 4853 ·
2016 4829 2234 4894 seretio,
2263 4835 2319 4883 et
2363 4826 2561 4882 oblivio
2608 4824 2944 4896 temporalis,
2995 4832 3051 4878 et
3097 4822 3247 4878 verbi
3294 4820 3382 4876 vel
3431 4835 3611 4876 causa:

2016 4919 2463 4990 negotiorumque
2487 4924 2816 4973 contractus.
2847 4915 2917 4970 Ut
2946 4915 3088 4969 enim
3133 4929 3199 4968 ex
3251 4912 3487 4971 diversis
3529 4908 3613 4965 vel

2018 5010 2154 5064 lucri
2190 5010 2272 5064 vel
2297 5008 2560 5073 libidinis,
2602 5007 2688 5061 vel
2727 5004 3215 5076 consanguinitatis
3255 5018 3320 5057 ac
3369 5000 3610 5057 necessi—

2021 5099 2263 5156 tudinum
2316 5099 2589 5153 variarum
2628 5095 2983 5152 societatibus
3026 5092 3238 5163 acquiri
3287 5092 3487 5155 solent,
3536 5091 3611 5145 ita

2021 5190 2390 5245 intercedente
2433 5187 2675 5258 qualibet
2698 5186 2917 5241 divortii
2964 5184 3253 5240 occasione
3303 5182 3607 5237 solvuntur.

2018 5281 2186 5352 Igitur
2232 5296 2396 5350 quam
2437 5278 2825 5335 inconveniens
2854 5277 2926 5332 sit
2951 5292 3141 5332 eorum
3182 5274 3441 5339 societas,
3472 5289 3613 5345 quos

2018 5374 2355 5443 inzequalitas
2381 5372 2684 5426 animorum
2712 5377 2767 5424 et
2794 5369 3083 5439 disparitas
3126 5381 3339 5421 morum
3390 5365 3611 5421 omnino

2018 5463 2292 5535 disjungit,
2323 5462 2673 5532 subsequenti
2704 5459 2915 5517 ratione
2953 5474 3052 5528 per
3075 5456 3324 5527 exempla
3361 5471 3611 5526 compro-

2018 5556 2130 5619 bat,
2156 5553 2342 5608 dicens
2369 5569 2382 5605 :

2095 5662 2112 5695 ι
2148 5643 2207 5699 Si
2232 5642 2654 5698 cdmmunicabit
2686 5641 2843 5711 lupus
2869 5654 3009 5711 agno
3039 5636 3351 5709 aliquando,
3377 5634 3458 5691 sic
3476 5650 3604 5707 ρας

2025 5757 2044 5791 ‹
2092 5747 2245 5796 cator
2259 5737 2426 5810 justo.
2452 5735 2582 5808 Quae
2606 5732 3028 5791 communicatio
3053 5738 3242 5789 sancto
3280 5726 3503 5800 homini,
3534 5727 3604 5785 ad
