3904 6184
376 302 478 357 835

372 503 730 575 praemitteret
746 501 884 556 idem
908 498 1180 568 apostolus
1206 498 1390 553 dicens
1418 516 1431 553 :
1462 516 1480 549 ι
1510 497 1568 552 1n
1592 497 1774 552 multis
1796 496 1964 552 offen-

376 599 557 652 dimus
587 608 774 649 omnes
805 589 1166 664 (Jacob.m).»
1202 590 1267 644 Et
1290 589 1544 646 Salomon
1571 593 1676 647 ait:
1699 613 1716 643 ι
1739 591 1854 647 Non
1884 605 1967 651 est

376 689 537 742 homo
550 684 730 754 justus
761 684 813 738 in
847 691 989 737 terra
1014 682 1104 752 qui
1139 681 1301 738 faciat
1330 683 1531 738 bonum
1558 694 1612 740 et
1641 702 1749 743 non
1779 698 1966 758 peccet

377 777 737 849 (Eccle.vn).r
775 775 842 831 Et
859 774 1183 831 Psalmista:
1216 795 1233 827 ι
1263 776 1397 847 Ego,
1422 777 1615 846 inquit,
1647 780 1762 835 dixi
1793 781 1845 835 in
1870 796 1963 835 ex—

375 885 530 925 cessu
563 866 760 923 mentis
790 866 1144 931 meae,0mnis
1168 868 1330 923 homo
1359 871 1591 924 mendax
1623 867 1741 944 (Ps.
1771 872 1957 943 cxv)»

374 960 443 1017 Et
485 957 723 1014 Joannes
766 958 1095 1030 evangelista
1124 977 1136 1012 :
1166 977 1184 1010 (
1217 957 1276 1014 Si
1326 960 1622 1017 dixerimus
1649 1003 1665 1028 ,
1695 963 1794 1029 ait,
1839 963 1963 1033 quia

372 1059 657 1123 peccatum
687 1065 795 1105 non
826 1050 1106 1115 habemus,
1142 1050 1245 1120 ipsi
1281 1067 1381 1107 nos
1422 1054 1754 1120 seducimus,
1783 1063 1838 1110 et
1868 1071 1961 1111 ve-

375 1143 507 1197 ritas
534 1142 588 1197 in
620 1141 775 1197 nobis
800 1157 907 1197 non
936 1149 1020 1198 est
1049 1139 1103 1213 (1
1134 1142 1296 1197 Joan.
1316 1142 1378 1215 ι).
1403 1162 1422 1196 ι
1454 1142 1536 1198 Ad
1567 1145 1708 1214 quod
1742 1161 1968 1216 respon-

375 1231 489 1286 deri
528 1239 707 1303 potest
746 1230 870 1302 quia
917 1231 1143 1286 diversm
1171 1232 1531 1290 offensionum
1559 1242 1686 1291 sunt
1731 1237 1958 1306 species.

374 1322 547 1378 Aliter
574 1338 807 1393 namque
837 1322 1014 1387 electi,
1045 1323 1202 1378 aliter
1233 1324 1512 1383 offendunt
1540 1327 1775 1396 reprobi,
1809 1327 1965 1384 Salo~

377 1428 536 1469 mone
567 1421 825 1481 testante,
859 1415 951 1487 qui
982 1415 1057 1470 ait
1084 1433 1097 1468 :
1132 1433 1151 1466 ι
1181 1415 1393 1486 Septies
1420 1419 1567 1473 enim
1596 1420 1741 1474 cadit
1760 1419 1962 1489 justus,

375 1515 432 1560 et
461 1506 693 1575 resurgit
722 1524 735 1558 :
764 1506 914 1576 impii
948 1515 1129 1563 autem
1172 1517 1429 1565 eorruent
1454 1511 1507 1565 in
1546 1511 1746 1566 malum
1780 1512 1963 1584 (Prov.

376 1598 550 1671 xxiv).
581 1619 599 1651 ι
635 1600 750 1654 Etsi
778 1600 922 1654 enim
942 1598 1122 1669 justus
1148 1617 1245 1672 per
1273 1602 1619 1676 fragilitatem
1645 1606 1851 1671 carnis,
1881 1605 1966 1661 vel

378 1690 740 1760 ignorantiam
782 1690 921 1747 forte
958 1691 1270 1759 offenderit,
1297 1693 1479 1763 justus
1504 1704 1681 1751 tamen
1711 1712 1834 1752 esse
1858 1713 1965 1752 non

1012 295 1074 349 Β.
1115 295 1365 351 RABANI
1401 295 1617 352 ΜΑυῐιι
1656 295 1975 353 ARClliEP.
2018 294 2332 351 MOGUNT.
2369 293 2655 351 OPERUM
2694 294 2879 351 PARS
2916 295 2955 350 l.

377 414 675 485 perfectum
695 424 816 465 esse
838 409 1033 474 virum,
1062 407 1154 479 qui
1182 408 1235 462 in
1260 406 1427 464 verbo
1447 423 1557 464 non
1578 406 1820 472 offendit,
1842 424 1963 462 cum
1998 410 2045 469 Α

3542 303 3642 359 836

2147 425 2165 457 α
2210 407 2341 463 Viro
2362 406 2557 476 cupido
2586 415 2641 462 et
2671 408 2848 463 tenaci
2886 408 3003 465 sine
3034 411 3242 467 ratione
3287 421 3372 470 est
3407 414 3655 473 substan.

2074 516 2092 549 ‹
2141 498 2233 564 tia,
2264 506 2319 552 et
2346 497 2550 553 homini
2579 497 2739 554 liviJo
2760 500 2829 554 ad
2875 500 3004 569 quid
3028 504 3267 558 aurum?
3309 503 3412 572 Qui
3445 519 3654 564 acervat

2072 609 2091 641 ‹
2138 606 2202 646 ex
2230 590 2412 644 animo
2437 605 2534 660 suo
2575 588 2774 661 injuste
2816 590 2939 647 aliis
2973 602 3289 663 congregat,
3343 603 3400 649 et
3427 595 3483 651 in
3512 597 3657 655 bouis

2076 699 2094 733 ι
2142 680 2289 735 illius
2315 680 2452 735 alius
2473 680 2856 736 luxuriabitur.
2897 702 2915 733 ι
2948 681 3430 755 Avaritiaapcstem
3454 690 3656 758 nequis-

2065 772 2256 826 simam
2282 771 2555 837 deseribit,
2585 786 2706 841 quae
2745 772 3025 827 excruciat
3057 784 3292 829 mentem
3324 752 3655 846 possessoris

2066 865 2174 928 sui,
2200 878 2301 917 nec
2322 878 2445 917 cum
2478 863 2746 933 permittit
2766 862 2968 918 laboris
3000 865 3085 921 sui
3113 869 3369 938 consequi
3397 872 3651 936 fructum,

2066 957 2158 1011 sed
2184 959 2296 1027 ipsc
2334 956 2385 1010 in
2415 966 2655 1026 egestate
2684 957 2849 1012 vitam
2892 972 3047 1012 suam
3080 973 3268 1028 agens,
3327 964 3511 1017 omnia
3541 980 3653 1032 qum
3714 1004 3715 1009 η

2065 1062 2162 1117 per
2186 1045 2270 1102 fas
2322 1046 2580 1118 nefasque
2609 1048 2977 1119 congregavit,
3033 1049 3154 1105 aliis
3179 1054 3549 1107 consumenda
3578 1070 3651 1109 re-

2070 1138 2288 1210 linquit.
2344 1139 2420 1194 De
2458 1156 2565 1209 quo
2607 1140 2660 1194 in
2710 1141 3036 1197 Ecclesiaste
3084 1143 3347 1213 scriptum
3386 1154 3515 1200 est:
3548 1166 3566 1198 ι
3602 1147 3653 1203 Si

2067 1230 2189 1300 quis
2215 1230 2411 1285 vixerit
2435 1229 2637 1286 multos
2663 1245 2851 1294 annos,
2890 1242 2946 1287 et
2962 1231 3150 1302 plures
3176 1232 3292 1287 dies
3332 1235 3511 1289 aetatis
3559 1234 3648 1289 ha-

2066 1320 2265 1386 buerit,
2297 1328 2353 1374 et
2380 1321 2561 1376 anima
2583 1320 2727 1376 illius
2780 1336 2887 1376 non
2914 1330 3100 1377 utatur
3140 1324 3297 1379 bonis
3339 1325 3648 1381 substantia:

2068 1424 2200 1473 sure,
2224 1409 2604 1481 sepulturaque
2627 1420 2833 1476 careat,
2864 1413 2929 1467 de
2951 1412 3169 1486 hocego
3193 1415 3491 1485 pronuntio
3518 1416 3648 1486 quod

2067 1500 2261 1555 melior
2280 1501 2352 1555 sit
2381 1501 2472 1556 illo
2497 1502 2797 1559 abortivus.
2826 1501 3057 1558 Frustra
3085 1504 3230 1559 enim
3254 1504 3405 1558 venit
3435 1513 3492 1558 et
3530 1519 3645 1574 per-

2069 1593 2147 1663 git
2180 1592 2248 1647 ad
2290 1593 2560 1659 tenebras,
2603 1602 2658 1649 et
2691 1594 2963 1652 oblivione
3003 1594 3272 1651 delebitur
3297 1610 3495 1652 nomen
3546 1597 3652 1668 ejus

2071 1685 2297 1758 (Eccles.
2346 1686 2445 1758 v1).
2486 1708 2504 1740 ι
2542 1686 2746 1759 Nempe
2786 1689 3008 1744 divitem
3047 1705 3272 1745 avarum
3303 1691 3648 1757 demonstrat,

379 1781 612 1849 desistit,
648 1785 775 1853 quia
802 1792 861 1838 ut
883 1786 1196 1855 quotidiana
1243 1797 1327 1843 est
1371 1787 1679 1857 huiusmodi
1717 1798 1773 1845 et
1800 1790 1969 1846 inevi-
1996 1766 2047 1826 Β
2073 1778 2164 1848 qui
2193 1793 2316 1835 cum
2365 1777 2684 1851 stultissima
2710 1793 2769 1833 se
2792 1778 3060 1850 Ρπείιδιθ
3104 1780 3378 1847 cruda“:
3431 1781 3555 1836 aliis
3569 1782 3652 1836 ἀε-

383 1875 563 1930 tabilis
604 1875 853 1943 offensio,
878 1877 952 1932 ita
995 1888 1081 1934 est
1118 1886 1175 1934 et
1212 1878 1525 1949 quotidiana
1564 1881 1869 1938 orationum
1909 1898 1974 1938 ac

380 1962 646 2018 bonorum
675 1980 901 2035 operum
942 1965 1168 2031 medela,
1199 1982 1320 2036 qua:
1356 1966 1716 2025 ofl'endentem
1736 1967 1969 2037 justum,

383 2073 453 2113 ne
483 2059 536 2112 in
563 2066 761 2113 terram
789 2069 1034 2130 proruat,
1058 2069 1111 2116 et
1137 2061 1432 2131 nuptialem
1455 2063 1738 2120 ebaritatis
1762 2080 1825 2121 ac
1849 2065 1970 2123 fidei

379 2158 587 2204 vestem
614 2148 836 2219 pulvere
864 2151 1118 2208 vitiorum
1150 2152 1421 2217 sordidet,
1449 2153 1600 2210 ocius
1632 2155 1811 2227 erigit.
1850 2173 1870 2207 ‹
1913 2155 1973 2212 Si

381 2242 501 2309 quis
543 2255 674 2311 ergo
717 2241 772 2295 in
812 2242 979 2297 verbo
1025 2258 1132 2297 non
1184 2242 1431 2309 offendit,
1470 2244 1560 2303 hic
1589 2246 1861 2316 perfectus
1887 2256 1972 2304 est

382 2331 483 2385 vir.
513 2351 532 2383 ι
565 2330 660 2386 lllo
688 2332 939 2387 videlicet
959 2333 1143 2394 verbo,
1170 2333 1326 2403 cujus
1354 2332 1707 2391 offensionem
1731 2337 1972 2393 huma‘na

381 2432 559 2493 potest
587 2424 761 2480 vitare
783 2423 1066 2496 fragilitas,
1085 2434 1145 2480 ut
1168 2434 1250 2480 est
1280 2425 1503 2481 verbum
1529 2427 1659 2492 doli,
1682 2427 1971 2485 detractio-

382 2515 489 2581 nis,
523 2515 939 2582 maledictionis,
974 2518 1258 2585 superbire,
1279 2518 1579 2588 jactantite,
1603 2521 1971 2579 excusationis

382 2605 436 2659 in
459 2607 717 2675 peccatis,
738 2606 1117 2672 aemulationis,
1149 2608 1523 2674 dissensionis,
1549 2610 1792 2676 haeresis,
1818 2628 1970 2671 men-

381 2695 545 2761 dacii,
573 2694 816 2765 periurii,
850 2694 945 2753 sed
975 2707 1033 2753 et
1053 2697 1242 2753 otiosae
1286 2714 1387 2755 nec
1424 2715 1531 2757 non
1574 2700 1737 2756 etiam
1781 2716 1970 2771 super-

382 2786 504 2841 flute
548 2787 853 2854 locutionis,
886 2788 939 2842 in
972 2788 1057 2845 his
1092 2804 1213 2860 qua:
1240 2790 1548 2847 necessaria
1595 2790 1846 2846 videntur
1870 2809 1883 2821 ·
1914 2791 1969 2846 in

382 2894 490 2947 quo
512 2880 766 2935 nimirum
790 2882 959 2937 verbo
988 2882 1215 2953 quisque
1239 2892 1299 2938 5e
1316 2883 1433 2939 sine
1460 2882 1759 2940 offensione
1784 2892 1937 2939 cnsto

385 2969 482 3035 dit,
509 2969 597 3026 hic
616 2972 888 3040 perfectus
917 2979 1000 3026 est
1024 2972 1128 3026 vir.

469 3080 488 3111 ‹
525 3059 675 3115 Felix
715 3061 808 3131 qui
851 3077 960 3118 non
1009 3062 1198 3117 habuit
1242 3063 1406 3117 animi
1453 3064 1536 3119 sui
1583 3064 1880 3130 tristitiam,
1913 3073 1967 3121 et

2072 1871 2313 1929 voranda
2358 1878 2643 1927 conservet
2686 1872 2850 1936 bona,
2890 1869 3114 1942 ejusque
3144 1870 3325 1928 anima
3365 1872 3650 1943 cupiditate

2071 1968 2127 2016 et
2170 1960 2398 2016 avaritia
2429 1959 2800 2025 contabescat,
2830 1961 3001 2019 multo
3023 1962 3311 2021 deterioris
3336 1963 3651 2019 conditionis

2072 2053 2145 2106 sit
2193 2051 2440 2108 abortivo
2480 2051 2589 2116 illo,
2630 2052 2725 2122 qui
2754 2053 2941 2108 statim
2986 2061 3047 2110 ut
3096 2062 3259 2110 natus
3302 2062 3387 2111 est
3436 2055 3648 2111 interiit.

2071 2141 2163 2198 Ille
2207 2141 2352 2197 enim
2394 2157 2495 2198 nec
2523 2142 2665 2198 mala
2708 2158 2809 2199 nec
2869 2144 3013 2200 bona
3052 2145 3205 2201 vidit.
3235 2145 3343 2202 lste
3368 2161 3498 2201 vero
3534 2161 3647 2202 cum

2069 2233 2210 2289 bona
2256 2233 2585 2306 possederit,
2639 2249 2855 2307 semper
2892 2236 3070 2292 tristis
3111 2244 3166 2290 et
3216 2237 3544 2307 cogitatione
3570 2252 3650 2291 εις

2070 2325 2345 2380 cruciatus
2404 2332 2529 2391 est,
2585 2331 2641 2378 et
2699 2333 2884 2385 tamen
2953 2327 3113 2383 ambo
3169 2326 3362 2401 aequali
3423 2325 3527 2382 fine
3569 2342 3646 2380 ra-

2068 2416 2308 2488 pientur.

2146 2527 2166 2559 (
2202 2506 2305 2576 Qui
2330 2508 2433 2565 sibi
2461 2523 2698 2579 nequam
2724 2518 2829 2577 est,
2861 2510 2949 2565 cui
2978 2510 3069 2564 alii
3099 2511 3272 2566 bonus
3296 2511 3435 2566 erit?
3468 2518 3523 2564 et
3548 2526 3650 2565 non

2075 2616 2093 2649 ι
2133 2598 2521 2670 jucundabitur
2536 2601 2589 2654 in
2611 2600 2770 2657 bonis
2792 2600 2922 2656 suis.
2942 2600 3045 2668 Qui
3065 2600 3165 2655 sibi
3186 2601 3408 2666 invidet,
3425 2601 3558 2655 nihil
3579 2608 3653 2655 est

2076 2710 2093 2744 ι
2140 2693 2232 2748 illo
2269 2694 2519 2763 nequius.
2553 2693 2620 2747 Et
2658 2693 2773 2749 hcce
2824 2692 3053 2749 redditio
3093 2703 3178 2749 est
3224 2693 3440 2748 malitia:
3478 2694 3651 2755 illius;

2076 2804 2094 2837 ι
2140 2796 2194 2842 et
2249 2786 2295 2841 si
2338 2785 2687 2853 benefeeerit,
2718 2787 3030 2857 ignoranter
3065 2801 3120 2843 et
3168 2805 3275 2843 non
3299 2788 3480 2843 valens
3507 2788 3648 2851 facit,

2074 2898 2092 2930 ι
2137 2879 2268 2934 etin
2291 2880 2585 2935 novissimo
2615 2878 2957 2934 manisfestat
2977 2879 3238 2934 malitiam
3261 2895 3430 2935 suam.
3453 2899 3471 2932 ι
3503 2878 3652 2935 Licet

2069 2967 2185 3022 haec
2213 2969 2509 3024 secundum
2539 2968 2844 3032 historiam,
2871 2967 3199 3023 voluntatem
3228 2977 3285 3023 et
3307 2970 3466 3023 vitam
3504 2969 3649 3023 avari

2068 3066 2123 3112 et
2151 3058 2317 3114 invidi
2354 3059 2684 3123 describant,
2713 3059 2804 3128 qui
2834 3057 3034 3113 frustra
3082 3058 3356 3124 laborant,
3401 3060 3649 3128 quoniam

389 3178 408 3209 ί
453 3172 558 3212 non
586 3155 798 3211 excedit
827 3169 858 3208 a
884 3168 979 3222 spe
1009 3169 1125 3209 sua.
1149 3174 1167 3206 ι
1195 3153 1345 3208 Felix
1377 3162 1460 3208 est
1485 3155 1577 3224 qui
1602 3156 1655 3208 in
1686 3157 1968 3227 praisentis
1994 3132 2040 3193 C
2073 3149 2313 3206 laborem
2339 3166 2495 3206 suum
2522 3149 2759 3204 inaniter
2781 3158 3128 3216 consumunt,
3155 3166 3255 3205 nec
3276 3151 3342 3205 de
3364 3151 3522 3206 bonis
3548 3152 3654 3206 suis

386 3250 511 3303 vitae
555 3245 975 3317 adversitatihtts
1020 3260 1127 3299 non
1168 3244 1558 3309 contriStatur,
1603 3246 1696 3299 sed
1745 3261 1970 3315 agonem

386 3352 542 3392 suum
569 3334 799 3389 Domino
824 3335 1191 3400 commendat,
1227 3350 1450 3405 sperans
1473 3337 1539 3391 ab
1562 3338 1678 3408 ipso
1703 3339 1755 3392 in
1790 3338 1971 3394 futura

390 3427 498 3481 vita
525 3423 830 3479 mercedem
857 3423 1063 3479 laboris
1093 3424 1196 3477 sui.
1229 3424 1360 3479 Item
1398 3423 1527 3482 felix
1570 3435 1655 3481 est
1694 3427 1788 3497 qui
1818 3437 1973 3483 cavet

386 3533 446 3573 se
471 3533 501 3571 a
538 3516 797 3587 peccatis.
831 3514 981 3571 Unde
1015 3516 1206 3571 merito
1237 3517 1613 3583 contristatur,
1638 3518 1885 3589 quisquis
1915 3536 1974 3576 se

385 3609 470 3664 his
502 3606 819 3677 implicavit,
846 3616 899 3661 et
926 3607 1082 3662 bonis
1115 3607 1367 3677 cperibus
1399 3608 1618 3674 insistit,
1641 3624 1741 3678 pro
1776 3609 1973 3679 quibus

385 3713 606 3770 sperare
638 3698 797 3753 debet
826 3698 1045 3767 prazmia
1069 3706 1287 3753 mternze
1313 3699 1457 3753 vita}.
1489 3698 1677 3755 Omnis
1705 3700 1848 3754 enim
1879 3701 1973 3772 qui

384 3790 485 3846 Dei
513 3789 765 3847 mandata
791 3788 1043 3855 custodit,
1075 3797 1129 3843 et
1157 3788 1313 3842 fidem
1332 3829 1346 3854 ,
1374 3805 1524 3859 spem
1556 3799 1611 3845 et
1649 3789 1973 3846 charitatem

384 3896 605 3937 servare
628 3881 682 3935 in
710 3880 961 3951 prmsenti
992 3881 1096 3934 vita
1121 3880 1420 3947 contendit,
1447 3882 1491 3935 si
1520 3897 1689 3951 usque
1711 3882 1779 3936 ad
1808 3881 1969 3937 finem

383 3973 1118 4043 perseveraverit,mternam
1157 3973 1208 4026 in
1246 3972 1397 4028 caelis
1435 3972 1819 4029 beatitudinem
1849 3990 1970 4029 cum

384 4067 602 4122 Christo
647 4067 959 4135 possnzlcbit.
1014 4068 1151 4123 Dicit
1189 4069 1332 4123 enim
1375 4069 1611 4125 Joannes
1656 4072 1966 4141 apostolus:

390 4176 408 4208 ι
448 4157 790 4223 Charissimi,
815 4160 858 4213 si
883 4174 978 4213 cor
1001 4170 1242 4213 nostrum
1277 4176 1384 4214 non
1415 4162 1820 4230 reprehenderit
1849 4179 1967 4229 nos,

386 4248 638 4304 ﬁduciam
670 4249 933 4304 habemus
973 4250 1039 4304 ad
1069 4249 1261 4316 Deum,
1290 4259 1344 4304 et
1367 4250 1723 4321 quodcunque
1751 4253 1971 4322 petieri-

384 4358 526 4407 mus,
562 4342 889 4412 accipiemus
933 4343 1001 4397 ah
1029 4357 1094 4398 eo
1119 4361 1133 4396 :
1157 4344 1410 4412 quoniam
1442 4344 1692 4398 mandata
1738 4342 1853 4413 ejus
1879 4362 1973 4400 eu-

383 4434 651 4489 stodimus
671 4475 685 4500 ,
716 4442 770 4489 et
795 4450 860 4489 ea
886 4448 1006 4504 qua:
1044 4443 1171 4488 sunt
1196 4434 1397 4503 placita
1439 4449 1619 4488 coram
1647 4450 1713 4489 eo
1737 4433 1970 4490 facimus

383 4524 434 4595 (1
461 4524 623 4579 Joan.
658 4524 799 4598 ιιι).›
834 4524 940 4580 Cor
978 4533 1221 4581 nostrum
1250 4541 1357 4581 non
1404 4526 1751 4594 reprehendit
1772 4543 1890 4591 nos,
1920 4527 1968 4581 si

384 4632 413 4669 a
450 4616 603 4670 malis
633 4617 843 4671 actibus
883 4616 1237 4680 abstinemus,
1269 4623 1324 4670 et
1352 4617 1493 4670 bona
1538 4631 1703 4685 opera
1748 4618 1965 4687 agimus

382 4722 488 4760 non
535 4722 632 4776 pro
677 4716 889 4762 terrena
936 4706 1114 4771 laude,
1146 4706 1239 4761 sed
1283 4721 1381 4777 pro
1428 4706 1634 4761 caelesti
1675 4706 1863 4777 gloria.
1899 4707 1966 4761 Et

376 4796 531 4866 juxta
564 4799 692 4854 illud
724 4799 1063 4855 Dominicum
1091 4806 1440 4871 przeceptum,
1473 4798 1795 4855 dimittimus
1821 4799 1966 4854 debi-

382 4891 591 4946 toribus
635 4892 854 4957 nostris,
885 4891 1025 4947 sicut
1069 4899 1125 4947 et
1168 4891 1322 4945 nobis
1373 4890 1551 4947 debita
1598 4899 1781 4947 nostra
1806 4892 1875 4945 ab
1900 4906 1965 4946 eo

382 4980 579 5039 dimitti
625 4980 884 5037 volumus.
924 4982 1074 5038 Tunc
1117 4982 1369 5038 ﬁduciam
1417 4981 1678 5037 habemus
1725 4983 1867 5053 quod
1897 4998 1961 5037 ea

380 5087 502 5142 quae
534 5086 564 5124 a
590 5072 700 5126 Deo
731 5073 1066 5141 petierimus,
1096 5075 1444 5144 accipiemus,
1473 5076 1599 5146 quia
1628 5075 1745 5145 ejus
1776 5076 1963 5132 volun-

379 5164 478 5219 tati
514 5164 883 5232 ohtemperare
919 5165 974 5220 in
999 5166 1248 5222 omnibus
1290 5168 1465 5236 parati
1514 5183 1718 5223 sumus.
1767 5168 1960 5241 Magna

376 5257 496 5319 haec
520 5263 576 5310 et
599 5253 971 5311 desiderabilis
1000 5255 1246 5313 fidelibus
1272 5256 1396 5311 data
1418 5258 1724 5326 promissio.
1757 5258 1813 5313 Si
1839 5261 1960 5328 quis

375 5362 503 5401 vero
530 5354 639 5400 tam
668 5360 857 5400 vecors
897 5352 953 5400 et
992 5345 1258 5401 absurdus
1301 5354 1402 5411 est,
1427 5355 1488 5399 ut
1533 5349 1814 5416 promissis
1853 5366 1961 5409 non

375 5440 672 5495 delectetur
696 5438 1028 5504 cmlestibus,
1059 5437 1250 5493 saltem
1281 5439 1629 5508 pertimescat
1668 5439 1791 5503 hoc,
1820 5441 1962 5510 quod

372 5544 404 5584 c
437 5530 710 5586 contrario
756 5530 1032 5601 Sapientia
1079 5530 1392 5587 terribiliter
1441 5530 1689 5599 intonat,
1732 5532 1957 5589 dicens:

372 5624 473 5691 Qui
504 5643 521 5674 ι
557 5624 755 5680 avertit
802 5639 989 5680 aurem
1018 5638 1191 5690 suam,
1220 5637 1288 5678 ne
1329 5623 1515 5680 audiat
1558 5625 1751 5699 legem,
1784 5626 1961 5683 oratio

371 5712 489 5785 ejus
516 5716 618 5774 erit
642 5716 989 5777 exsecrabilis
1017 5712 1200 5789 (Prov.
1224 5713 1442 5787 xxvm).
1469 5735 1489 5771 ο

2072 3257 2311 3311 unquam
2341 3241 2580 3297 laetitiam
2636 3242 2936 3307 habebunt,
2979 3252 3159 3298 tamen
3182 3243 3466 3313 allegorice
3493 3258 3652 3300 sensu

2073 3334 2356 3407 designant
2381 3335 2728 3405 philosophos
2760 3344 2814 3390 et
2845 3335 3152 3401 haereticos,
3197 3337 3289 3406 qui
3316 3338 3428 3390 sine
3447 3334 3653 3390 Christi

2073 3425 2179 3480 fide
2208 3434 2538 3497 congregant
2571 3424 2786 3480 divitias
2808 3425 3189 3495 dogmatumin
3229 3424 3426 3479 malum
3468 3440 3648 3488 suum,

2072 3532 2103 3570 a
2148 3517 2344 3587 quibus
2384 3517 2486 3586 ipsi
2524 3516 2724 3571 nullam
2764 3516 3055 3574 utilitatem
3099 3527 3329 3587 possunt
3368 3516 3645 3586 consequi,

2071 3623 2172 3665 nec
2217 3610 2576 3665 sectatoribus
2624 3609 2739 3664 suis
2810 3608 3045 3664 fructum
3107 3610 3409 3679 relinquere
3458 3623 3652 3678 perpe-

2073 3707 2259 3765 tuum;
2296 3700 2405 3754 imo
2448 3715 2666 3770 poenam
2719 3700 2905 3755 itidem
2949 3700 3261 3755 inventores
3288 3700 3555 3755 malorum
3583 3698 3653 3754 sic

2071 3787 2184 3841 mul
2210 3796 2263 3843 et
2288 3804 2552 3858 sequaces
2598 3804 2786 3844 eorum
2817 3796 3096 3844 merentur
3123 3798 3404 3854 aeternam,
3448 3797 3512 3843 et
3535 3804 3654 3859 per-

2072 3877 2207 3932 dunt
2231 3878 2449 3933 divitias
2505 3894 2633 3935 suas
2660 3894 2795 3948 quas
2833 3878 2933 3933 sibi
2963 3879 3349 3949 perpetualiter
3390 3879 3654 3951 proficere

2072 3969 2379 4039 sperabant.

2148 4078 2167 4110 ‹
2213 4059 2457 4130 Nequam
2504 4068 2589 4116 est
2614 4050 2801 4116 oculus
2844 4059 3016 4126 lividi,
3046 4067 3101 4115 et
3126 4069 3376 4115 avertens
3425 4058 3653 4123 faciem,

2078 4167 2097 4200 ‹
2141 4158 2197 4204 et
2241 4150 2546 4221 despiciens
2578 4152 2816 4205 animam
2864 4166 3035 4205 suam.
3076 4170 3096 4203 ι
3131 4151 3264 4218 Quia
3296 4152 3547 4220 superius
3577 4151 3657 4205 di-

2072 4250 2227 4295 xcrat
2259 4241 2391 4296 nihil
2419 4257 2539 4296 esse
2594 4242 2835 4311 iniquius
2878 4241 2969 4296 illo
3008 4241 3098 4311 qui
3141 4241 3241 4296 sibi
3276 4241 3496 4305 invidet,
3553 4240 3659 4294 hoc

2071 4339 2156 4385 est
2178 4330 2411 4402 legitime
2437 4330 2577 4386 bono
2616 4347 2721 4386 non
2762 4331 2930 4386 utitur
2954 4346 3233 4394 concesso,
3266 4345 3333 4385 eo
3359 4331 3506 4400 quod
3531 4345 3659 4400 pro-

2070 4430 2190 4493 pter
2212 4424 2494 4479 avaritiam
2538 4433 2591 4479 et
2620 4424 2936 4495 parcitatem
2977 4424 3198 4495 negligit
3221 4425 3417 4478 bonum
3443 4423 3657 4479 habere

2072 4518 2340 4588 largitatis
2356 4528 2410 4573 et
2436 4520 2844 4585 misericordia,
2866 4520 3010 4575 hunc
3033 4535 3246 4590 quoque
3273 4521 3411 4576 idem
3426 4521 3654 4591 repetit,

2070 4614 2255 4669 dicens
2290 4632 2301 4667 :
2332 4614 2544 4669 oculum
2573 4613 2720 4669 lividi
2783 4629 2902 4669 esse
2922 4629 3192 4683 nequam,
3242 4614 3346 4669 hoc
3387 4621 3476 4668 est
3501 4628 3657 4668 men-

2070 4720 2176 4766 tem
2217 4711 2526 4783 malignam.
2568 4710 2724 4765 Unde
2765 4718 2820 4764 ct
2876 4710 3073 4763 avertit
3126 4707 3319 4765 faciem
3371 4724 3553 4773 suam,
3590 4725 3661 4763 ne

2068 4801 2328 4873 indigenti
2386 4802 2809 4857 misericordiam
2880 4800 3122 4865 tribuat;
3190 4816 3292 4856 nec
3357 4815 3467 4855 Siue
3525 4800 3654 4853 ani-

2067 4910 2170 4950 mae
2223 4894 2476 4959 consulit,
2517 4895 2794 4948 seminans
2827 4902 3041 4947 terrena
3083 4900 3143 4946 ut
3187 4900 3353 4948 metat
3380 4891 3658 4945 coelestia.

2070 4983 2375 5055 Congregat
2443 4983 2589 5039 enim
2656 4984 2872 5038 divitias
2922 4983 2974 5037 in
3022 4982 3228 5038 malum
3279 4997 3452 5038 suum.
3509 4980 3656 5036 The-

2069 5075 2301 5130 saurizat
2330 5115 2345 5140 ,
2390 5081 2443 5128 ct
2486 5073 2701 5144 ignorat
2760 5074 2848 5128 cui
2915 5081 3209 5145 congregat
3247 5087 3356 5138 ea,
3419 5080 3475 5126 et
3531 5070 3655 5126 ani.

2071 5182 2157 5220 ma
2215 5164 2333 5234 ejus
2383 5179 2490 5219 non
2526 5163 2835 5234 implebitur
2879 5164 3054 5219 bonis.
3109 5161 3263 5219 Unde
3320 5174 3373 5219 et
3418 5160 3658 5230 subjun~

2068 5261 2241 5330 gitur:

2143 5367 2161 5399 ι
2203 5346 2529 5403 Insatiabilis
2556 5345 2745 5401 oculus
2771 5346 2950 5417 cupidi
2990 5347 3043 5401 in
3094 5355 3251 5417 parte
3292 5343 3604 5414 iniquitatis
3639 5361 3653 5397 :

2072 5460 2090 5493 ι
2136 5458 2244 5498 non
2311 5441 2597 5497 satiabitur
2634 5442 2804 5496 donec
2855 5448 3137 5505 consumat
3186 5437 3491 5494 arefaciens
3525 5436 3649 5491 ani-

2065 5548 2211 5587 mam
2256 5548 2429 5586 suam.
2489 5550 2508 5582 ι
2561 5529 2692 5586 Sine
2744 5530 2920 5586 fructu
2984 5531 3128 5585 enim
3194 5532 3453 5585 honorum
3518 5542 3651 5596 ope~

2064 5640 2185 5678 rum
2239 5603 2509 5679 consumit
2564 5623 2731 5676 vitam
2791 5636 2964 5688 suam,
3012 5628 3067 5676 et
3110 5620 3352 5676 sterilem
3399 5618 3636 5672 animan

2063 5717 2337 5795 perpetuis
2387 5716 2599 5787 ignibus
2641 5715 2901 5787 gehennae
2930 5714 3098 5769 tradit
3126 5710 3573 5771 exeruciandam.
