3928 6182
353 307 456 367 857

1233 297 1584 363 COMMENT.
1626 307 1692 362 IN
1733 307 2343 368 ECCLESIASTICUM.
2382 344 2453 353 —
2486 313 2615 368 LIB.
2654 315 2741 370 Ill.

3502 338 3607 394 838

428 437 448 470 ι
495 416 694 473 Oculus
723 416 896 471 malus
921 419 987 471 ad
1017 418 1188 482 mala;
1223 426 1276 472 et
1308 435 1417 474 non
1458 419 1742 474 satiabitur
1766 434 1926 489 pane,
1956 428 2005 486 Α
2107 442 2126 472 ‹
2170 422 2226 477 1η
2254 423 2517 481 divisione
2549 428 2712 484 sortis
2740 427 2807 484 da
2840 440 2896 486 et
2919 434 3127 505 accipe,
3155 446 3210 491 et
3230 436 3468 508 justiﬁca
3492 449 3606 501 ani-

353 526 374 559 σ
419 507 516 562 sed
568 506 815 576 indigens
853 515 908 562 et
947 507 1002 560 in
1047 507 1263 562 tristitia
1312 509 1420 563 erit
1461 524 1621 578 super
1682 524 1925 564 mensam

350 617 372 650 ι
418 614 595 653 suam.
644 616 663 647 ι
699 595 925 651 Oculum
953 597 1041 651 hic
1065 598 1300 667 appellat
1342 598 1695 654 intentionem
1729 601 1926 656 mentis

340 704 443 759 per
470 703 631 759 quam
662 686 835 741 malus
862 687 1024 742 homo
1058 702 1273 758 semper
1314 689 1492 759 vergit
1520 690 1587 743 ad
1610 689 1773 756 mala,
1798 704 1919 758 per—

339 796 496 835 versa
538 779 745 834 scilicet
767 795 933 847 opera
958 778 1201 833 faciendo
1233 790 1288 835 et
1332 782 1693 851 perpetrando
1732 783 1920 851 gravia

337 880 583 941 peccata.
621 871 720 925 Hic
741 888 849 926 non
875 871 1161 926 satiabitur
1188 887 1329 941 pane
1359 872 1502 936 vitat,
1532 873 1625 927 sed
1657 873 1711 927 in
1740 889 1918 928 remu-

336 962 623 1016 neratione
660 961 841 1015 futura
872 961 1165 1031 indigentia
1191 962 1459 1017 laborabit
1487 972 1766 1034 perpetua.
1803 964 1917 1035 My-

334 1055 472 1110 stice
506 1064 684 1109 autem
714 1053 1094 1109 haereticorum
1118 1053 1325 1118 oculus,
1353 1055 1480 1125 quia
1503 1070 1716 1126 semper
1741 1056 1810 1110 ad
1830 1070 1915 1110 er-

334 1163 492 1202 rores
519 1147 823 1217 sequendos
868 1146 1109 1202 intentus
1132 1154 1235 1211 est,
1265 1162 1462 1217 panem
1489 1147 1787 1211 caelestem,
1811 1158 1914 1202 noc

332 1248 419 1294 est
455 1239 784 1294 intellectum
815 1238 1009 1293 divinae
1035 1239 1315 1309 sapientiae
1342 1254 1451 1295 non
1486 1247 1767 1302 meretur;
1817 1238 1913 1294 sed

330 1329 388 1387 in
425 1344 613 1384 mensa
636 1340 916 1384 sacrarum
946 1326 1350 1403 Scripturarum
1374 1330 1667 1400 indigentia
1715 1339 1908 1385 tenua-

330 1429 425 1481 tur
451 1422 799 1496 sempiterna.

934 1511 1159 1571 CAPUT
1197 1514 1265 1569 Χ.

325 1622 771 1694 Benefaciendum
796 1639 1016 1694 semper,
1041 1625 1167 1692 quia
1189 1640 1330 1679 more
1352 1641 1455 1679 non
1476 1625 1651 1680 tardat
1688 1624 1752 1678 de
1795 1639 1904 1694 utro

398 1703 598 1768 sancto,
621 1692 716 1768 _vel
759 1692 1010 1763 martyre,
1038 1694 1113 1748 vel
1135 1694 1452 1765 confessore,
1472 1695 1551 1751 vel
1578 1696 1728 1768 justo
1753 1692 1904 1751 :laus

400 1760 698 1831 Sapientior.

401 1890 420 1921 ε
465 1870 588 1938 Fili,
634 1871 680 1926 si
726 1872 930 1949 habes,
965 1873 1105 1929 bene
1130 1873 1217 1929 fac
1243 1882 1444 1942 tecum,
1474 1884 1530 1931 et
1562 1875 1673 1932 Deo
1712 1875 1900 1947 dignas

326 1976 349 2008 ‹
394 1957 693 2016 oblationes
738 1959 894 2017 oﬁ‘er.
948 1962 1153 2019 Memor
1185 1971 1303 2019 esto
1327 1964 1581 2033 quoniam
1608 1980 1755 2020 mors
1788 1980 1897 2021 non

2037 532 2055 564 ‹
2101 529 2244 568 mam
2277 524 2445 571 tuam.
2467 518 2607 575 Ante
2633 521 2840 577 obitum
2877 533 3025 581 tuum
3057 545 3282 599 operare
3315 531 3604 607 justitiam,

2036 616 2054 651 ι
2099 604 2361 671 quoniam
2387 621 2496 659 non
2536 616 2618 662 est
2644 611 2781 679 apud
2812 611 3014 670 inferos
3045 616 3289 675 invenire
3338 624 3540 680 cibum.
3578 604 3596 680 ί

2024 690 2081 744 In
2129 693 2389 750 divisione
2433 698 2595 753 sortis
2623 698 2715 753 dat
2739 709 2793 755 et
2821 703 3036 774 accipit,
3091 709 3184 777 qui
3237 710 3327 769 hic
3373 715 3600 771 verbum

2023 779 2281 836 doctrinm
2324 785 2585 853 proximis
2632 790 2745 843 suis
2775 790 3054 860 impendit,
3106 806 3161 852 et
3210 801 3473 858 bonorum
3509 820 3599 861 ac-

2021 876 2169 922 tuum
2200 872 2443 942 exempla
2482 875 2757 946 relinquit,
2805 889 2865 935 ut
2898 882 2951 936 in
2980 883 3161 940 futuro
3187 902 3285 957 pro
3328 893 3434 948 hoc
3461 911 3603 963 prae-

2018 961 2185 1015 mium
2224 972 2441 1019 aeternae
2482 967 2606 1021 vita:
2631 971 2881 1041 accipiat.
2914 972 3184 1032 Justiﬁcat
3235 980 3324 1035 ille
3351 961 3589 1040 animam

2017 1062 2190 1114 suam,
2212 1051 2303 1119 qui
2327 1068 2428 1122 per
2451 1055 2842 1113 confessionem
2874 1069 2928 1116 el
2954 1066 3331 1131 paenitentiam
3368 1075 3597 1128 mundat

2015 1148 2250 1194 mentem
2273 1157 2460 1211 suam;
2509 1153 2564 1201 et
2592 1158 2847 1217 operatur
2876 1152 3165 1222 justitiam,
3193 1160 3284 1229 qui
3307 1164 3592 1219 mandato-

2013 1242 2132 1281 rum
2162 1228 2257 1285 Dei
2294 1230 2607 1303 diligentem
2648 1237 2812 1293 habet
2838 1244 3161 1312 custodiam,
3203 1228 3457 1319 quoniam
3481 1269 3586 1308 non

2012 1327 2095 1373 est
2137 1321 2279 1390 apud
2315 1323 2515 1382 inferos
2567 1328 2810 1388 invenire
2844 1334 3041 1400 cibum,
3075 1339 3178 1395 hoc
3218 1351 3303 1398 est
3331 1346 3584 1414 pabulum

2010 1411 2151 1467 vitm.
2198 1433 2217 1465 ι
2246 1414 2511 1482 Quoniam
2542 1437 2649 1476 non
2697 1433 2802 1490 est,
2857 1427 3051 1498 inquit,
3082 1431 3138 1486 in
3161 1411 3451 1507 morte-qui
3477 1456 3586 1495 me-

2008 1516 2130 1664 ;nor
2156 1505 2228 1559 sit
2251 1506 2327 1562 tui
2359 1525 2372 1562 :
2403 1509 2458 1563 in
2487 1509 2700 1568 inferno
2728 1523 2909 1572 autem
2945 1521 3068 1589 quis
3101 1505 3451 1582 conﬁtebitur
3489 1530 3585 1586 tibi

2032 1591 2180 1647 Psal.
2206 1595 2320 1664 v1)?
2348 1618 2368 1651 ι

2032 1591 2180 1647 Psal.
2206 1595 2320 1667 v1)?
2348 1618 2368 1651 ι

2083 1720 2103 1789 t
2147 1702 2334 1761 Omnis
2379 1723 2511 1764 caro
2562 1712 2703 1768 sicut
2729 1713 2935 1772 foenum
2976 1728 3293 1789 veterascet,
3340 1735 3396 1781 et
3443 1728 3584 1785 sicut

1930 1771 1978 1831 Β
2010 1808 2037 1840 ι
2071 1788 2255 1847 folium
2276 1793 2609 1856 fructiﬁcans
2630 1802 2684 1857 in
2705 1805 2899 1861 arbore
2919 1808 3097 1864 viridi.
3115 1811 3232 1866 Alia
3256 1771 3584 1885 generan‘tur

2006 1896 2025 1931 ι
2069 1887 2124 1934 et
2166 1881 2271 1937 alia
2301 1884 2626 1956 dejiciuntur
2660 1909 2674 1945 :
2706 1894 2786 1949 sic
2821 1900 3100 1966 generatio
3154 1881 3336 1960 carnis
3368 1914 3422 1962 et
3449 1923 3579 1963 san-

2004 1986 2023 2069 t
2066 1970 2244 2040 guinis
2273 1986 2289 2026 :
2321 1973 2427 2029 alia
2456 1975 2663 2046 ﬁnitur,
2713 1991 2770 2038 et
2814 1984 2918 2040 alia
2944 1988 3206 2045 nascitur.
3240 2012 3258 2045 ι
3290 1992 3581 2069 Comparat

324 2067 345 2102 ι
390 2051 588 2117 tardat,
620 2060 675 2106 et
726 2061 1109 2111 testamentum
1162 2054 1456 2110 inferorum
1502 2055 1644 2125 quod
1674 2056 1898 2111 demon-
1996 2056 2288 2114 humanam
2334 2073 2585 2121 naturam
2633 2072 2930 2128 secundum
2977 2080 3161 2135 carnis
3201 2051 3566 2142 conditionem

322 2157 344 2190 ι
390 2148 619 2195 stratum
644 2151 727 2198 est
756 2143 871 2197 tibi.
906 2144 1309 2200 Testamentum
1334 2144 1478 2211 enim
1527 2146 1686 2216 hujus
1710 2145 1895 2203 mundi
1993 2147 2060 2201 ad
2094 2147 2224 2203 foeni
2252 2159 2308 2206 et
2346 2151 2458 2208 folii
2493 2157 2900 2218 similitudinem
2930 2184 2944 2219 :
2970 2168 3097 2236 quia
3141 2170 3282 2226 sicut
3307 2172 3489 2229 lenum
3516 2176 3571 2232 in

322 2247 343 2281 ι
391 2240 564 2287 morte
590 2234 869 2289 morietur.
918 2254 937 2288 ι
969 2235 1097 2292 Haec
1146 2235 1468 2306 Evangelica
1500 2237 1747 2294 doctrina
1810 2246 1895 2294 est
1994 2245 2160 2305 terra,
2204 2241 2288 2295 vel
2327 2241 2513 2329 folium
2539 2248 2592 2301 in
2617 2249 2811 2306 arbore
2853 2234 3114 2323 nascitur,
3149 2262 3367 2329 crescit,
3400 2265 3572 2322 vires-

314 2319 385 2374 ad
414 2319 647 2377 futuram
669 2331 723 2379 et
755 2324 1031 2381 caelestem
1056 2342 1155 2382 nos
1184 2326 1456 2383 instruens
1481 2329 1668 2393 vitam,
1696 2337 1896 2385 utcon-
1991 2328 2085 2396 cit,
2132 2322 2438 2388 exsiccetur
2482 2345 2539 2392 et
2588 2338 2858 2410 dejicitur,
2892 2346 2967 2400 ita
3010 2319 3193 2404 carnis
3230 2319 3430 2409 nostrae
3468 2319 3568 2411 na-

311 2417 520 2480 tempta
558 2413 742 2467 mundi
764 2413 996 2481 luxuria,
1020 2416 1285 2472 bonorum
1314 2432 1538 2489 operum
1573 2418 1763 2489 dignas
1794 2417 1891 2473 ob-
1991 2430 2112 2474 tura
2135 2423 2377 2479 nascitur
2426 2442 2490 2482 ex
2538 2433 2793 2500 progenie
2828 2449 3132 2507 parentum,
3168 2445 3367 2500 crescit
3399 2447 3452 2501 in
3488 2447 3571 2503 in-

310 2500 543 2557 lationes
582 2503 695 2558 Deo
745 2505 987 2574 quotidie
1048 2506 1341 2563 oﬁ'eramus
1371 2526 1383 2562 :
1411 2509 1539 2577 quia
1590 2509 1755 2563 breve
1807 2517 1892 2564 est
1987 2508 2155 2567 fantia
2178 2522 2342 2585 atque
2392 2519 2646 2588 pueritia,
2687 2500 2926 2581 ﬂorescit
2952 2529 3007 2583 in
3046 2500 3569 2604 adolescentia,ma-

308 2592 473 2661 hujus
515 2596 638 2650 vitae
684 2598 955 2666 spatium,
1005 2600 1061 2655 in
1098 2616 1204 2672 quo
1249 2600 1376 2657 licet
1436 2602 1668 2672 operari.
1739 2602 1891 2657 Finis
1989 2606 2213 2661 tnrescit
2237 2607 2293 2661 in
2317 2607 2621 2678 juventute,
2645 2616 2845 2671 arescit
2871 2618 2926 2673 in
2949 2630 3249 2691 senectute,
3297 2636 3353 2682 et
3378 2592 3565 2699 dejici-

307 2692 493 2738 autem
536 2685 909 2769 universorum
951 2692 1374 2762 appropinquat,
1399 2692 1612 2762 quando
1634 2692 1750 2764 jam
1779 2708 1887 2747 non
1989 2704 2077 2752 tur
2096 2697 2152 2751 in
2176 2708 2371 2756 morte.
2397 2700 2551 2758 Unde
2566 2719 2665 2774 per
2691 2705 3059 2767 Ecclesiasten
3087 2685 3318 2771 dicitur:
3346 2736 3368 2770 ε
3390 2685 3567 2776 Gene-

305 2782 397 2829 est
446 2783 657 2847 tempus
700 2781 979 2850 operandi,
1029 2782 1123 2837 sed
1163 2782 1404 2853 singulos
1450 2799 1692 2855 quosque
1728 2784 1885 2854 juxta
1984 2788 2124 2842 ratio
2147 2790 2297 2845 vadit
2323 2799 2380 2845 et
2398 2793 2675 2862 generatio
2704 2797 2874 2863 venit,
2908 2807 3050 2854 terra
3085 2803 3138 2857 in
3177 2807 3431 2862 sazculum
3458 2818 3567 2864 stat

306 2864 562 2919 meritum
624 2883 778 2922 suum
829 2873 1228 2927 remunerandi.
1290 2873 1442 2929 Unde
1496 2874 1613 2945 ipsa
1670 2873 1886 2929 Veritas
1985 2876 2210 2949 (Eccles.
2244 2880 2306 2951 ι).
2348 2901 2367 2934 ι
2410 2881 2547 2938 Hinc
2589 2892 2644 2939 et
2688 2885 2855 2942 Isaias
2882 2890 2959 2943 ait
2993 2907 3007 2944 :
3043 2909 3062 2941 ι
3094 2892 3284 2949 Omnis
3320 2912 3451 2951 caro
3486 2898 3568 2954 fe-

302 2958 385 3011 ait
411 2976 424 3012 :
473 2977 491 3009 ι
526 2958 739 3016 Currite
763 2962 890 3016 dum
930 2962 1108 3019 lumen
1141 2964 1369 3029 habetis,
1388 2981 1459 3021 ne
1493 2965 1632 3021 forte
1653 2966 1885 3022 tenebrae
1982 2984 2130 3035 num,
2150 2978 2204 3027 et
2226 2973 2405 3029 omnis
2428 2973 2599 3044 gloria
2622 2974 2736 3044 ejus
2757 2979 2910 3047 quasi
2936 2979 3035 3036 ﬁos
3056 2984 3204 3052 agri;
3228 2987 3562 3045 exsiccatum

300 3063 403 3103 vos
448 3051 903 3120 comprehendant
942 3051 1123 3125 (Joan.
1166 3055 1286 3127 xu).
1324 3074 1343 3108 ›
1379 3056 1445 3110 Ει
1485 3055 1657 3112 itan:
1692 3079 1710 3108 ι
1746 3057 1881 3111 Dum
1911 3114 1953 3143 ρ
1985 3068 2069 3115 est
2102 3061 2308 3129 fenum,
2339 3073 2395 3118 et
2439 3067 2633 3121 cecidit
2677 3067 2794 3134 llos,
2823 3071 2949 3139 quia
2995 3074 3217 3143 Spiritus
3256 3076 3352 3133 Dei
3381 3080 3562 3134 suilla-

302 3139 500 3205 lucem,
527 3141 721 3210 inquit,
747 3144 979 3211 habetis,
1007 3145 1209 3201 credite
1230 3146 1282 3200 in
1307 3146 1505 3212 lucem,
1538 3154 1598 3201 ut
1634 3146 1726 3202 ﬁlii
1747 3147 1883 3203 lucis
1910 3139 1955 3176 υ
1986 3151 2063 3205 vit
2089 3152 2141 3205 in
2168 3168 2252 3208 eo.
2286 3153 2426 3209 Vere
2474 3155 2655 3212 fenum
2691 3167 2778 3213 est
2818 3139 3043 3230 populus
3068 3182 3079 3217 :
3104 3167 3434 3222 exsiccatum
3483 3181 3565 3225 eSt

300 3232 427 3289 sitis
472 3231 680 3306 (Ibid.).
717 3254 735 3281 ι
766 3235 834 3290 Ει
859 3235 1096 3291 iterum:
1134 3255 1153 3289 ι
1207 3237 1518 3308 Operamini
1557 3240 1727 3295 donec
1767 3240 1883 3296 dies
1984 3240 2187 3307 fenum,
2215 3244 2409 3298 cecidit
2449 3246 2590 3312 llos;
2646 3249 2871 3303 verbum
2920 3261 3100 3308 autem
3143 3256 3358 3312 Domini
3391 3261 3563 3315 nostri

300 3334 390 3375 est
416 3341 429 3375 :
460 3324 608 3378 venit
634 3325 778 3380 enim
802 3341 927 3392 nox,
971 3326 1312 3399 quandojam
1345 3346 1453 3385 non
1486 3331 1614 3387 licet
1667 3334 1881 3403 Operari

300 3409 487 3479 (Joan.
514 3412 611 3485 ix).
644 3434 663 3466 ι
697 3414 833 3470 Hinc
856 3425 911 3471 et
934 3416 1132 3472 Paulus
1153 3418 1229 3472 ait
1253 3435 1265 3471 :
1297 3437 1317 3470 ί
1354 3420 1497 3489 Ergo
1522 3422 1649 3475 dum
1670 3429 1883 3492 tempus

298 3503 586 3571 habemus,
621 3520 908 3576 operemur
934 3509 1136 3564 bonum
1179 3511 1247 3566 ad
1277 3526 1488 3577 omnes,
1516 3514 1750 3569 maxime
1778 3531 1877 3569 au-

298 3604 414 3650 tem
442 3598 509 3651 ad
538 3599 861 3669 domesticos
888 3601 1011 3658 ﬁdei
1035 3601 1234 3673 (Galat.
1265 3602 1365 3676 vi).
1394 3622 1413 3655 ι
1443 3604 1518 3660 De
1544 3606 1649 3660 hoc
1673 3615 1730 3661 et
1752 3608 1880 3663 sub—

290 3684 582 3758 jungnur:

378 3795 398 3826 ί
444 3776 582 3833 Ante
613 3788 841 3834 mortem
880 3780 1108 3837 benefac
1133 3786 1309 3841 amico
1354 3793 1464 3851 tuo,
1489 3794 1544 3840 et
1581 3789 1877 3842 secundum

305 3885 327 3917 ε
375 3868 518 3922 vires
544 3877 662 3923 tuas
685 3872 1037 3943 exporrigens
1060 3876 1125 3929 da
1146 3878 1373 3946 pauperi
1398 3893 1413 3943 ;
1443 3885 1627 3932 etnon
1666 3877 1880 3932 defrau-

303 3973 325 4007 ι
384 3956 529 4012 deris
556 3973 587 4011 a
615 3959 699 4014 die
730 3959 889 4028 bona,
927 3971 982 4017 et
1024 3965 1288 4034 particula
1314 3966 1440 4021 boni
1468 3967 1648 4036 operis
1677 3982 1784 4022 non
1825 3978 1879 4025 te

304 4064 327 4097 ι
373 4056 660 4115 przetereat
686 4064 700 4102 :
729 4066 910 4106 nonne
939 4052 1059 4108 aliis
1094 4055 1366 4125 relinques
1406 4055 1622 4112 labores
1678 4065 1799 4113 tuos
1824 4068 1879 4113 et

306 4155 327 4188 ε
376 4137 664 4193 dolores?»
705 4140 804 4195 Hic
839 4151 1048 4213 tempus
1090 4153 1174 4199 cst
1218 4145 1606 4212 benefaciendi,
1640 4148 1748 4204 illic
1782 4164 1879 4204 au-

295 4236 409 4285 tem
448 4230 750 4285 mercedem
783 4234 1097 4304 accipiendi.
1130 4234 1231 4291 Hic
1276 4244 1486 4307 tempus
1514 4238 1734 4307 laboris,
1770 4240 1879 4296 illic

292 4321 524 4390 requiei.
568 4321 666 4377 Hie
700 4324 833 4378 hora
878 4327 1201 4393 seminandi,
1241 4328 1347 4383 illic
1380 4327 1589 4386 fructus
1617 4332 1872 4387 metendi.

1984 3342 2167 3389 manet
2214 3334 2267 3388 in
2319 3344 2581 3390 aeternum
2639 3336 2773 3409 (lsa.
2829 3341 2943 3414 XL).
2979 3362 2998 3395 ι
3049 3343 3091 3397 Α
3147 3347 3565 3414 generali-inci-

1980 3422 2136 3490 piens
2168 3440 2179 3473 :
2212 3441 2230 3472 ι
2280 3422 2470 3478 Omnis
2517 3440 2645 3481 caro
2687 3425 2890 3493 fenum,
2923 3439 2979 3485 et
3021 3433 3201 3488 omnis
3239 3434 3411 3506 gloria
3440 3436 3555 3505 ejns

1981 3514 2135 3583 quasi
2175 3512 2275 3569 llos
2322 3514 2454 3581 feni,
2486 3537 2504 3569 ι
2537 3520 2787 3589 pervenit
2820 3521 2889 3575 ad
2931 3524 3181 3592 speciale,
3209 3534 3269 3580 ut
3295 3528 3561 3583 nihilomi-

1979 3618 2083 3659 nus
2131 3604 2277 3660 dicat
2297 3606 2362 3661 de
2386 3607 2613 3679 populo:
2665 3626 2685 3660 ι
2731 3610 2873 3665 Vere
2905 3610 3087 3668 fenum
3126 3622 3211 3669 est
3249 3616 3499 3686 populus.
3537 3639 3554 3670 ι

1979 3694 2048 3751 Ει
2107 3710 2296 3751 revera
2326 3697 2371 3751 si
2421 3698 2544 3767 quis
2598 3697 2944 3770 fragilitatem
3007 3703 3189 3759 carnis
3217 3706 3464 3774 aspiciat,
3501 3720 3558 3764 et

1979 3786 2122 3856 quod
2153 3801 2252 3856 per
2302 3786 2561 3842 horarum
2602 3800 2876 3845 momenta
2941 3793 3237 3849 crescimus
3268 3803 3431 3864 atque
3462 3798 3559 3851 de—

1978 3877 2295 3942 crescimus,
2327 3892 2428 3931 nec
2458 3876 2513 3931 in
2536 3878 2726 3933 eodem
2755 3896 3038 3937 manemus
3082 3891 3249 3951 statu,
3279 3885 3562 3958 ipsumque

1976 3968 2120 4036 quod
2139 3966 2425 4036 loquimur,
2452 3967 2718 4024 dictamus
2742 3978 2798 4025 et
2821 3971 3107 4027 scribimus
3137 3973 3203 4028 de
3222 3975 3274 4029 vi
3284 3984 3348 4031 tat
3362 3987 3562 4033 nostra:

1976 4065 2130 4127 parte
2182 4058 2566 4127 praetervolat,
2614 4074 2720 4114 non
2766 4059 3029 4116 dubitavit
3085 4077 3305 4121 carnem
3372 4067 3557 4123 fenum

1977 4148 2180 4215 dicere,
2215 4157 2272 4204 et
2301 4148 2472 4221 gloria
2513 4148 2630 4219 ejus
2665 4150 2818 4221 quasi
2846 4150 3032 4207 florem
3080 4152 3210 4219 feni,
3239 4156 3356 4211 sive
3401 4168 3554 4228 prata

1976 4252 2331 4307 camporum:
2364 4239 2454 4308 qui
2515 4240 2715 4295 dudum
2768 4240 2964 4307 infans,
3025 4245 3205 4300 subito
3251 4262 3430 4317 puer;
3465 4251 3557 4319 qui

1974 4342 2130 4398 puer,
2158 4337 2379 4398 repente
2417 4328 2633 4398 juvenis
2657 4346 2673 4395 ;
2723 4339 2778 4385 et
2807 4347 2978 4402 usque
3009 4334 3077 4388 ad
3096 4344 3434 4391 senectutem
3463 4353 3560 4407 per

292 4409 452 4467 Unde
476 4421 533 4467 et
570 4428 669 4484 per
712 4413 934 4470 Paulum
964 4416 1201 4472 dicitur:
1234 4436 1252 4468 ι
1291 4419 1419 4485 Quae
1449 4420 1591 4474 enim
1643 4422 1876 4476 semina-
1902 4456 1953 4514 Β
1977 4420 2149 4489 spatia
2179 4428 2417 4475 mutatur
2441 4421 2667 4486 incerta,
2700 4431 2756 4476 et
2803 4430 2929 4477 ante
2961 4439 3020 4480 se
3064 4440 3247 4482 senem
3286 4428 3555 4498 intelligit,

291 4492 440 4556 verii
459 4503 642 4569 homo,
669 4505 784 4561 haec
805 4515 860 4561 et
885 4516 1085 4574 metet;
1115 4518 1169 4564 et
1193 4509 1319 4565 alibi
1354 4529 1365 4564 :
1405 4530 1423 4563 ‹
1460 4511 1560 4579 Qui
1590 4515 1875 4583 paree,in-

289 4592 431 4660 quit,
482 4595 728 4659 seminat,
782 4610 943 4668 parce
972 4605 1027 4653 et
1064 4607 1275 4665 metet;
1333 4608 1387 4655 et
1412 4603 1503 4671 qui
1539 4602 1774 4657 seminat
1819 4603 1875 4656 in

286 4684 780 4753 benedictionibus,
836 4688 902 4743 de
970 4689 1432 4761 benedictionibus
1489 4699 1657 4747 metet
1709 4693 1874 4746 vitam

286 4782 553 4831 mternam
583 4795 597 4832 :
626 4777 853 4832 hilarem
873 4781 1016 4835 enim
1037 4781 1278 4836 datorem
1300 4782 1472 4853 diligit
1490 4783 1631 4839 Deus
1650 4784 1733 4855 (II
1750 4783 1872 4839 Car.

289 4866 399 4935 ts).
440 4886 459 4918 ι
516 4867 653 4924 llinc
698 4878 754 4925 et
802 4870 859 4925 in
907 4870 1214 4928 Proverbiis
1266 4872 1541 4943 Sapientia
1595 4875 1865 4939 admonet,

285 4962 517 5017 dicens:
554 4980 574 5013 ε
612 4963 905 5036 Usqueqno
929 4966 1080 5037 piger
1110 4967 1384 5023 dormies?
1404 4970 1617 5039 quando
1646 4984 1873 5024 consur-

285 5068 391 5124 ges
417 5069 448 5108 e
475 5069 661 5112 somno
692 5057 829 5114 tuo?
856 5058 1135 5114 Paululum
1165 5059 1709 5131 dormies,paululum
1742 5062 1867 5116 dor-

286 5144 534 5212 mitabis,
573 5147 848 5216 paululum
881 5163 1134 5205 censeres
1186 5165 1400 5216 manus,
1439 5159 1499 5204 ut
1527 5152 1786 5216 dormias,
1818 5160 1874 5208 et

287 5235 476 5289 veniet
498 5237 593 5291 tibi
619 5238 771 5308 quasi
818 5240 992 5295 viator
1019 5249 1252 5311 egestas,
1301 5249 1354 5296 et
1392 5243 1677 5313 pauperies
1716 5245 1868 5313 quasi

283 5328 379 5383 vir
402 5338 679 5397 armatus;
717 5333 761 5386 si
791 5347 921 5387 vero
950 5333 1175 5404 impiger
1228 5332 1413 5400 fueris,
1448 5336 1628 5390 veniet
1655 5344 1713 5390 ut
1748 5335 1868 5390 fons

281 5419 487 5474 messis
511 5427 618 5484 tua,
650 5428 705 5476 et
723 5422 1101 5493 egestaslonge
1124 5421 1343 5493 fugieta
1366 5432 1418 5479 te
1464 5425 1648 5495 (Prov.
1691 5426 1791 5499 v1).
1842 5447 1860 5479 ι

281 5513 523 5572 Mundus
537 5514 680 5568 enim
700 5514 893 5570 transit
908 5523 963 5572 et
986 5516 1423 5587 concupiscentia.
1441 5514 1576 5583 ejus.
1604 5515 1632 5569 .l
1640 5518 1742 5572 usti
1770 5533 1866 5572 au-

282 5615 400 5664 tem
433 5606 488 5659 in
520 5613 838 5675 perpetuum
860 5605 1282 5677 vivent,ctapud
1307 5606 1592 5663 Dominum
1618 5614 1702 5663 est
1724 5623 1866 5664 mer-

282 5712 383 5757 (‘CS
417 5711 627 5755 COTllm.
1698 5712 1707 5724 ⁸

1976 4526 2139 4581 quam
2177 4509 2431 4580 juvenem
2472 4527 2579 4567 non
2625 4526 2747 4567 esse
2797 4514 3043 4569 miretur.
3072 4516 3306 4573 Pulchra
3333 4519 3554 4585 mulier,

1978 4615 2098 4670 quae
2128 4602 2648 4661 adolescentulorum
2664 4610 2788 4672 post
2816 4620 2875 4663 se
2904 4608 3153 4664 trahebat
3169 4625 3378 4681 greges,
3402 4621 3555 4666 arata

1976 4690 2157 4747 fronte
2185 4696 2526 4750 contrahitur
2558 4716 2571 4751 :
2599 4710 2659 4754 et
2688 4717 2810 4771 quae
2837 4701 2989 4770 prius
3023 4702 3218 4766 amori,
3250 4710 3438 4772 postea
3477 4703 3557 4757 fa-

1978 4784 2139 4839 stidio
2178 4794 2281 4839 est.
2333 4786 2484 4852 Quod
2538 4797 2596 4842 et
2629 4792 2878 4863 egregius
2920 4792 3060 4861 apud
3095 4790 3316 4848 Grmcos
3367 4794 3556 4851 scribit

1976 4881 2161 4929 orator
2214 4876 2449 4945 Speciem
2494 4879 2737 4948 corporis
2779 4888 2873 4933 aut
2906 4890 3147 4951 tempore
3187 4881 3418 4937 deﬁcere
3462 4891 3555 4941 aut

1972 4961 2231 5033 languore
2252 4968 2517 5021 consumi.
2558 4967 2838 5024 Exsiccata
2877 4978 2960 5026 est
2995 4972 3156 5041 igitur
3185 4986 3333 5039 caro,
3380 4979 3433 5027 et
3467 4989 3556 5029 ce-

1973 5053 2107 5108 cidit
2145 5054 2509 5123 pulchritudo,
2574 5060 2698 5129 qnia
2748 5060 2972 5131 spiritus
3003 5061 3219 5117 furoris
3257 5063 3353 5118 Dei
3390 5072 3555 5135 atque

1973 5148 2255 5202 sententiae
2276 5147 2422 5203 ﬂavit
2454 5150 2506 5205 in
2536 5166 2622 5217 ea,
2654 5161 2713 5207 ut
2739 5168 2770 5208 a
2800 5154 3037 5225 generali
3073 5153 3438 5225 disputatione
3484 5157 3550 5208 ad

1975 5237 2265 5308 Scriptura:
2284 5241 2530 5296 ordinem
2556 5254 2915 5311 revertamur,
2942 5245 3032 5316 qui
3063 5254 3241 5315 portat
3261 5246 3549 5316 imaginem

1978 5331 2197 5397 terreni,
2237 5339 2291 5385 et
2320 5333 2491 5387 servit
2514 5333 2662 5389 vitiis
2701 5342 2864 5405 atque
2885 5334 3144 5401 luxuriae,
3167 5334 3284 5403 ejus
3305 5348 3431 5388 caro
3467 5332 3544 5386 fe-

1976 5435 2104 5475 num
2152 5428 2253 5485 est,
2287 5422 2493 5493 ﬂosque
2511 5425 2848 5494 prmteriens.
2873 5425 2973 5491 Qui
2997 5432 3178 5478 autem
3203 5422 3365 5476 habet
3386 5430 3549 5490 atque

1975 5510 2209 5565 custodit
2245 5512 2538 5583 imaginem
2576 5513 2835 5579 caelestis,
2892 5513 2978 5566 illa
3008 5527 3135 5567 caro
3156 5518 3260 5574 est,
3292 5524 3411 5578 qua:
3431 5525 3547 5563 cer-

1973 5602 2056 5654 nit
2092 5601 2327 5656 salutare
2349 5602 2585 5668 Domini,
2615 5619 2733 5673 qum
2756 5602 2996 5672 quotidie
3038 5607 3326 5653 renovatur
3367 5598 3420 5652 in
3449 5614 3541 5653 co-

1973 5692 2289 5763 gitationcm
2320 5692 2613 5747 secundum
2641 5691 2925 5763 imaginem
2950 5687 3245 5752 Crcatoris,
3275 5695 3330 5744 ct
3366 5686 3531 5747 incol:-
