3904 6184
381 314 491 370 8ἒ>9

1020 306 1085 359 [ι.
1131 303 1384 359 RABANI
1419 301 1639 358 MAURI
1677 299 1994 356 ARCIIIEP.
2037 298 2343 357 uocum.
2380 273 2662 355 octauum
2705 297 2883 355 rans
2921 301 2959 355 ι.

3539 306 3632 362 860

381 423 636 494 ruptibile
690 430 853 491 atque
895 418 1201 473 innnortale
1255 434 1452 488 corpus
1491 417 1764 487 accipiens
1787 424 1963 469 mutat
1989 420 2039 476 Α
2064 414 2335 469 scribendi
2365 413 2839 469 adhibetstudium
2860 419 3160 471 secundum
3190 419 3433 489 regulam
3463 422 3637 494 utique

381 517 603 588 gloriam
630 530 735 568 non
758 520 1000 567 naturam
1029 526 1042 563 :
1076 530 1092 561 ι
1130 509 1364 565 Verbum
1396 517 1575 564 autem
1600 508 1695 562 Dei
1713 508 1900 571 nostri,
1930 527 1950 558 ι

380 618 437 664 et
458 609 510 663 hi
525 608 614 676 qui
640 606 802 659 verbo
822 603 1003 658 satiati
1026 610 1167 664 sunt,
1191 620 1211 654 ‹
1231 609 1549 672 psrmanent
1564 601 1614 654 in
1638 610 1917 654 :cternum.
1934 620 1950 652 ι

385 700 535 754 Unde
564 698 642 749 sul
658 694 905 764 jungitur
933 708 947 746 :

458 807 475 838 ι
523 787 696 841 Omne
734 800 871 854 opus
899 784 1250 853 corruptibile
1278 783 1331 837 in
1358 782 1461 836 fine
1489 782 1731 848 deficiet;
1789 790 1843 836 et
1868 781 1960 851 qui

388 897 405 927 ι
453 875 581 929 illud
627 881 908 943 operatur,
937 872 1035 926 ibit
1058 888 1181 926 cum
1219 872 1368 942 ipso;
1435 879 1489 925 et
1516 886 1675 925 omne
1698 887 1833 941 opus
1854 871 1963 924 ele-

387 983 405 1015 ι
452 973 597 1018 ctum
630 961 1039 1033 justificabitur.
1071 961 1138 1015 Et
1190 961 1281 1029 qui
1311 969 1567 1031 operatur
1592 960 1739 1027 illud,
1794 963 1964 1015 hono-

387 1072 406 1101 ι
458 1052 663 1106 rabitur
686 1052 741 1105 in
764 1050 873 1105 illo.
912 1069 931 1102 ι
962 1050 1109 1119 Opus
1136 1050 1485 1120 corruptibile
1511 1051 1564 1104 in
1591 1051 1698 1104 fine
1726 1051 1959 1115 deficiet,

385 1143 602 1212 quando
654 1141 891 1197 carnalis
955 1141 1390 1211 concupiscentia
1441 1156 1565 1195 cum
1616 1140 1964 1197 infructuosis

381 1233 635 1303 operibus
667 1233 850 1288 carnis
873 1233 927 1286 in
958 1233 1062 1288 fine
1092 1234 1374 1303 praesentis
1413 1233 1535 1288 vitae
1563 1234 1678 1289 sine
1714 1250 1966 1291 remune—

381 1326 593 1380 ratione
619 1323 834 1379 deficiet
862 1324 985 1378 vitze
1007 1332 1254 1390 aeternae;
1300 1332 1355 1379 et
1378 1325 1469 1395 qui
1501 1324 1632 1379 illud
1676 1335 1958 1395 operatur,

383 1430 506 1471 cum
535 1416 650 1486 ipso
677 1416 795 1480 ibit,
846 1416 1059 1485 quando
1088 1417 1269 1472 anima
1297 1416 1458 1472 simul
1486 1433 1608 1471 cum
1637 1433 1823 1484 carne,
1871 1433 1969 1487 per

383 1521 546 1577 quam
576 1506 835 1574 peccavit,
865 1520 963 1574 pro
990 1506 1229 1575 peccatis
1272 1506 1383 1561 suis
1407 1506 1459 1559 in
1483 1507 1760 1561 interitum
1786 1509 1965 1575 vadit;

384 1604 438 1651 et
466 1610 625 1650 omne
648 1610 783 1665 opus
810 1594 1041 1650 electum
1057 1595 1464 1663 justificabitur,
1489 1595 1591 1650 hoc
1614 1605 1720 1662 est,
1745 1595 1968 1651 effectus

385 1687 647 1742 bonarum
696 1688 993 1753 actionum,
1044 1687 1273 1759 justitite
1312 1686 1600 1755 praemium
1630 1686 1965 1753 merebitur;

2062 504 2209 569 ﬁdei,
2233 512 2288 558 et
2312 519 2529 559 sensum
2552 506 2897 572 catholicum,
2917 512 3376 569 remunerationis
3398 530 3511 572 sua:
3538 535 3635 571 non

2059 595 2253 665 perdet
2278 596 2576 664 prmmium.

2137 706 2154 737 ι
2204 685 2418 741 Statuet
2450 688 2689 742 casulam
2736 705 2889 745 suam
2935 691 3003 747 ad
3033 707 3228 749 manus
3255 693 3422 762 illius,
3473 706 3532 753 et
3560 714 3634 751 rc-

2068 797 2085 829 (
2133 779 2418 848 quiescent
2465 778 2520 832 in
2562 779 2746 834 casula
2806 781 2949 836 illius
2995 785 3133 839 bona
3162 799 3259 853 per
3287 802 3486 841 :evutn.
3530 811 3549 840 ι
3581 790 3635 842 Et

2062 870 2191 939 quid
2217 885 2313 940 per
2359 869 2601 925 casulam
2631 871 2732 925 nisi
2776 875 3065 929 sacerdotii
3117 876 3357 945 dignitas
3384 881 3633 949 exprimi-

2062 959 2197 1014 tur?
2238 960 2331 1016 ille
2366 961 2513 1016 enim
2543 962 2781 1017 casulam
2836 979 2987 1018 suam
3035 965 3104 1021 ad
3131 982 3326 1023 manus
3372 972 3635 1041 sapientia:

2064 1050 2305 1119 apponit,
2334 1050 2426 1119 qui
2449 1050 2688 1106 doctoris
2708 1051 2942 1107 ofIicium
2972 1053 3025 1107 in
3077 1053 3317 1111 Ecclesia
3346 1073 3539 1129 gerens
3561 1077 3633 1116 sa-

2066 1154 2147 1193 nae
2175 1140 2435 1195 doctrinae
2462 1156 2631 1211 opera
2661 1140 2887 1211 iustitia:
2919 1144 3214 1216 conjungit,
3280 1155 3339 1201 ut
3369 1151 3631 1206 auditores

2064 1242 2193 1282 suos
2242 1243 2339 1298 per
2380 1238 2584 1285 rectam
2633 1232 2937 1287 doctrinam
2974 1234 3136 1289 simul
3179 1235 3435 1304 instruat,
3465 1248 3520 1293 ct
3549 1256 3635 1309 per

2066 1318 2204 1373 bona
2236 1318 2506 1390 exempla,
2534 1331 2595 1376 ut
2623 1324 2677 1379 in
2705 1324 2986 1396 utriusque
3008 1329 3249 1383 muneris
3262 1330 3412 1385 utilis
3439 1331 3531 1385 fiat
3554 1348 3635 1386 es-

2064 1412 2345 1479 pensione.

2143 1524 2162 1555 ‹
2209 1504 2424 1561 Statuet
2452 1507 2592 1563 filios
2649 1524 2777 1565 suos
2807 1511 2907 1566 sub
2946 1511 3184 1581 tegmine
3226 1512 3394 1577 illius,
3455 1523 3508 1567 ct
3553 1518 3637 1568 sub

2076 1614 2093 1645 ι
2143 1598 2310 1651 ramis
2352 1598 2495 1653 illius
2523 1600 2844 1655 morabitur.
2896 1600 3214 1673 Protegctur
3267 1605 3370 1659 sub
3412 1606 3633 1675 tegmine

2074 1703 2092 1735 ι
2140 1685 2282 1740 illius
2320 1702 2351 1741 a
2393 1686 2625 1753 fervore,
2686 1697 2744 1744 et
2778 1690 2833 1744 in
2878 1690 3049 1762 gloria
3096 1689 3213 1761 ejus
3258 1693 3579 1763 requiescet.
3614 1716 3628 1744 ι

383 1787 740 1849 cperatorque
774 1780 913 1834 illius
941 1780 1298 1835 honorabitur
1324 1780 1376 1833 in
1408 1779 1548 1848 ipso,
1596 1779 1812 1848 quando
1842 1795 1966 1834 cum
1999 1786 2042 1844 υ
2070 1775 2220 1829 Tunc
2253 1776 2391 1832 filios
2438 1794 2566 1833 suos
2608 1780 2784 1834 bonus
2806 1781 2996 1835 doctor
3045 1789 3249 1838 statuet
3276 1785 3378 1840 sub
3434 1793 3635 1857 tegmen

322 1881 329 1887 ‘
385 1873 575 1928 electis
615 1873 821 1943 angelis
846 1881 901 1928 et
928 1874 1134 1928 sanctis
1160 1873 1490 1938 hominibus,
1521 1887 1687 1942 regno
1735 1871 1972 1942 potietur

383 1972 590 2019 mterno
620 1981 633 2018 :
661 1965 803 2034 quod
824 1972 878 2017 et
902 1963 1098 2019 Paulus
1118 1964 1394 2034 apostolus
1418 1964 1469 2017 in
1500 1963 1733 2032 Epistula
1761 1979 1857 2020 sua
1880 1979 1972 2018 os-

386 2056 580 2119 tendit,
603 2055 787 2110 dicens
820 2073 875 2108 ε(
903 2054 1078 2109 Nolite
1106 2069 1312 2118 errare,
1350 2054 1493 2108 Deus
1529 2068 1635 2107 non
1667 2053 1924 2108 irridetur
1954 2070 1968 2119 ;

384 2162 504 2215 qua:
527 2147 669 2201 enim
692 2144 1237 2208 seminaverithomo,
1266 2145 1382 2199 hzec
1406 2152 1460 2199 et
1491 2153 1686 2210 metet;
1716 2145 1973 2214 quoniam

384 2237 476 2306 qui
508 2236 740 2291 seminat
770 2237 823 2289 in
852 2250 1016 2289 carne
1037 2250 1156 2298 sua,
1176 2236 1241 2289 de
1264 2251 1427 2290 carnc
1463 2243 1630 2290 metet
1673 2236 1976 2305 corruptio-

386 2342 543 2391 nem;
572 2327 860 2396 quiautem
892 2326 1127 2381 seminat
1154 2326 1205 2379 in
1236 2325 1451 2394 spiritu,
1479 2325 1547 2381 de
1572 2326 1767 2395 spiritu
1807 2334 1974 2382 metet

388 2420 553 2473 vitam
586 2416 1069 2489 :eternam(Galat.
1108 2418 1206 2488 γι).
1252 2436 1270 2468 ι

460 2530 479 2561 ι
524 2510 720 2565 Beatus
741 2511 821 2564 vir
850 2511 942 2579 qui
970 2510 1024 2563 in
1048 2510 1311 2578 sapientia
1339 2526 1436 2565 sua
1459 2511 1778 2577 morabitur,
1804 2520 1859 2567 et
1878 2514 1971 2582 qui

391 2620 409 2652 ι
457 2601 740 2669 iniustitia
778 2616 876 2657 sua
926 2603 1291 2666 meditabitur,
1333 2611 1387 2656 et
1426 2602 1480 2657 in
1506 2617 1664 2658 sensu
1712 2604 1974 2674 cogitabit

390 2710 410 2743 ι
453 2693 990 2762 circumspectionem
1048 2693 1162 2747 Dei.
1204 2713 1221 2744 ι
1270 2693 1493 2747 Beatum
1527 2693 1674 2748 illum
1722 2708 1843 2750 esse
1880 2696 1973 2750 de-

388 2781 576 2835 scribit
602 2781 693 2850 qui
722 2781 773 2834 in
799 2781 1063 2850 sapientia
1102 2782 1425 2847 morabitur,
1466 2783 1569 2837 hoc
1598 2790 1683 2836 est
1720 2783 1775 2836 in
1800 2783 1973 2837 medi-

390 2872 591 2926 tatione
619 2882 927 2926 sanctarum
944 2872 1349 2942 Scripturarum
1382 2873 1630 2929 assiduus
1650 2875 1774 2939 erit,
1805 2881 1859 2929 et
1884 2889 1970 2930 se-

386 2964 619 3017 cundum
652 2963 703 3017 id
752 2965 895 3032 quod
922 2964 996 3019 ibi
1022 2963 1151 3034 legit
1179 2973 1326 3019 recte
1356 2964 1586 3019 vivendo
1621 2980 1785 3035 opera
1836 2964 1970 3020 facit
1992 3042 2004 3053 Ι

385 3051 638 3119 iustitiae;
692 3061 746 3108 et
792 3054 907 3108 hmo
976 3068 1140 3123 agens
1189 3070 1293 3108 non
1351 3054 1646 3110 humanum
1697 3056 1964 3122 favorem,

2080 1866 2398 1935 sapientiae,
2480 1868 2697 1937 quando
2761 1869 3005 1925 subditos
3067 1886 3161 1926 eos
3216 1870 3381 1927 faciet
3451 1874 3647 1928 cmlesti

2077 1956 2372 2033 disciplina:
2404 1975 2416 2011 :
2448 1958 2574 2027 quia
2633 1966 2688 2014 et
2740 1960 2839 2013 sub
2876 1959 3042 2014 ramis
3087 1960 3232 2015 illius
3281 1962 3643 2025 morabuntur,

2076 2048 2293 2116 quando
2340 2046 2494 2117 juxta
2536 2050 2883 2105 traditionem
2939 2050 3056 2120 ejus
3109 2051 3644 2122 irreprehensibilitcr

2076 2138 2560 2192 conversabuntur.
2622 2138 2944 2211 Protegetur
2988 2140 3088 2195 sub
3139 2142 3373 2213 tegmine
3432 2144 3572 2197 illius
3616 2163 3643 2197 ιι

2077 2228 2308 2297 fervore,
2330 2232 2458 2301 quia
2486 2231 2605 2301 ejus
2635 2248 2855 2287 munere
2875 2234 2942 2288 ab
2963 2233 3305 2290 inimicorum
3335 2234 3651 2291 defendetur

2076 2319 2258 2376 furore
2283 2339 2296 2375 :
2330 2323 2419 2377 hic
2443 2331 2499 2377 et
2522 2323 2574 2377 in
2593 2323 2763 2395 gloria
2777 2323 2894 2392 ejus
2916 2325 3246 2395 requiescet,
3268 2326 3395 2396 quia
3419 2344 3515 2397 per
3539 2327 3646 2394 ejus

2075 2414 2332 2467 ducatum
2359 2428 2509 2483 spem
2531 2414 2657 2469 vitae
2678 2421 2896 2470 aeternae
2919 2416 3158 2473 habebit.

2148 2504 2304 2576 (Car.
2332 2505 2448 2577 xv.)
2484 2524 2503 2557 ι
2544 2506 2649 2573 Qui
2687 2508 2841 2561 timet
2885 2509 3053 2562 Deum
3086 2507 3245 2563 faciet
3273 2508 3439 2573 bona,
3473 2518 3525 2563 ct
3570 2510 3651 2579 qui

2081 2615 2099 2649 ι
2144 2598 2431 2652 continens
2454 2606 2540 2653 est
2559 2598 2785 2669 justitize
2807 2599 3175 2670 apprehendet
3195 2599 3358 2653 illam.
3396 2619 3415 2650 ι
3442 2594 3654 2670 Per~pi-

2074 2704 2234 2744 cuum
2290 2698 2377 2745 est
2422 2692 2566 2760 quod
2617 2705 2795 2757 nemo,
2852 2692 2953 2746 nisi
3000 2708 3099 2763 per
3144 2693 3392 2747 timorem
3445 2692 3542 2747 Dei
3604 2703 3656 2747 et

2075 2783 2539 2839 conversationem
2569 2784 2816 2855 justitiae,
2865 2794 3154 2840 exsecutor
3204 2784 3319 2840 fieri
3347 2788 3524 2856 possit
3572 2804 3653 2841 sa-

2073 2870 2325 2940 pientiaa;
2373 2880 2576 2941 quanto
2628 2873 2771 2928 enim
2810 2875 2933 2943 quis
2979 2874 3261 2929 sollicitior
3312 2885 3396 2931 est
3427 2876 3481 2930 in
3537 2893 3656 2930 cus-

2074 2965 2219 3023 todia
2284 2967 2663 3023 mandatorum
2718 2970 2853 3036 Dei,
2910 2978 2966 3025 et
3036 2972 3328 3027 studiosior
3402 2974 3454 3027 in
3516 2975 3655 3043 juslu

2072 3060 2505 3127 conversatione,
2555 3069 2706 3117 tanto
2751 3062 2954 3133 largius
3006 3066 3205 3134 gaudet
3261 3067 3313 3120 in
3366 3068 3645 3138 sapientia

386 3147 480 3201 secl
518 3147 753 3201 divinam
795 3145 991 3215 quaerit
1036 3144 1267 3211 laudem,
1324 3145 1420 3199 illi'
1459 3146 1557 3201 soli
1617 3148 1829 3217 placere
1869 3165 1965 3203 cu-
1995 3145 2040 3207 C
2071 3151 2439 3220 perceptione.

387 3237 560 3305 piens,
584 3237 675 3305 qui
705 3236 980 3306 inspector
1006 3242 1090 3290 est
1112 3236 1291 3291 cordis
1312 3244 1367 3290 et
1399 3252 1559 3306 quem
1591 3253 1749 3293 nemo
1781 3237 1969 3295 fallere

389 3337 591 3400 potest.

468 3437 486 3469 ι
532 3420 632 3486 Qui
662 3420 935 3487 excogitat
966 3420 1084 3475 vias
1109 3420 1249 3475 illius
1276 3421 1327 3475 in
1350 3437 1448 3476 suo
1478 3422 1639 3477 corde
1698 3432 1753 3477 et.
1794 3422 1848 3476 in
1878 3424 1973 3478 ab-

393 3530 414 3563 ‹
459 3509 722 3563 δοοηάὲιίδ
748 3509 889 3564 illius
918 3510 1243 3581 intelligens,
1273 3510 1476 3568 vadens
1502 3524 1624 3581 post
1648 3513 1793 3567 illam
1816 3514 1970 3583 quasi

396 3622 414 3655 ι
461 3604 828 3677 investigator,
881 3616 937 3662 et
988 3607 1041 3661 in
1075 3608 1178 3663 viis
1236 3608 1381 3663 illius
1426 3608 1748 3663 consistens.
1811 3628 1828 3659 ι
1863 3608 1973 3664 Via:

389 3696 668 3765 sapientia:
694 3706 821 3751 sunt
849 3706 1118 3769 praecepta
1168 3699 1372 3766 divina,
1404 3707 1461 3754 et
1486 3700 1803 3755 abscondita
1830 3701 1973 3756 illius

391 3787 635 3842 ccelestia
668 3795 795 3842 sunt
827 3796 1189 3844 sacramenta.
1223 3789 1351 3845 Haec
1379 3805 1509 3861 ergo
1551 3791 1643 3861 qui
1687 3792 1973 3861 diligenter

392 3880 583 3945 discit,
627 3888 684 3935 et
713 3881 954 3937 studiose
998 3881 1306 3938 meditando
1357 3884 1609 3946 rimatur,
1667 3885 1770 3939 hoc
1809 3900 1972 3954 opere

391 3970 614 4025 studens
646 3971 928 4040 perficere,
991 3972 1136 4041 quod
1193 3989 1325 4029 sana
1384 3974 1635 4044 intelligit
1676 3973 1803 4039 fide,
1856 3976 1972 4044 ipse

390 4060 506 4115 sine
561 4060 724 4116 dubio
787 4063 979 4117 beatus
1024 4064 1149 4129 erit,
1185 4066 1310 4133 quia
1362 4066 1631 4121 conditori
1680 4082 1779 4121 suo
1820 4082 1972 4121 vera-

391 4151 531 4206 citer
566 4151 799 4222 placebit
839 4171 851 4207 :
897 4155 1040 4223 quod
1086 4162 1142 4208 et
1179 4154 1468 4210 Psalmista
1513 4156 1763 4211 similiter
1824 4173 1973 4212 com-

390 4239 659 4310 probavit,
708 4242 936 4297 dicens:
978 4261 996 4294 ι
1035 4243 1182 4298 Beati
1234 4243 1565 4300 immaculati
1618 4245 1673 4299 in
1722 4246 1829 4312 via,
1879 4248 1971 4316 qui

390 4329 668 4384 ambulant
723 4331 778 4386 in
834 4332 950 4403 lege
994 4334 1227 4388 Domini.
1287 4333 1438 4389 Beati
1508 4335 1601 4406 qui
1656 4344 1973 4393 scrutantur

391 4422 700 4477 testimonia
760 4420 916 4491 ejus,
974 4426 1029 4478 in
1091 4432 1203 4480 toto
1272 4424 1436 4481 corde
1490 4427 1785 4497 exquirunt
1844 4442 1970 4482 eum

390 4512 563 4584 (Ρεαι.
602 4516 811 4588 cxvm).
850 4535 869 4568 ι

465 4626 484 4659 ι
528 4609 630 4675 Qui
666 4609 893 4679 respicit
948 4624 1046 4678 per
1080 4609 1373 4677 fenestras,
1421 4619 1476 4665 et
1525 4611 1577 4665 in
1607 4611 1790 4681 januis
1824 4611 1969 4668 illius

396 4722 413 4753 ι
451 4703 695 4758 audiens.
752 4723 772 4755 ι
825 4702 1099 4758 Fenestra:
1148 4710 1275 4757 sunt
1320 4703 1597 4773 sapientia:
1656 4704 1967 4758 testimonia

392 4793 685 4863 Scriptura:
727 4810 929 4860 sacrm;
983 4794 1148 4865 janua
1195 4809 1408 4864 quoque
1454 4794 1650 4865 lingua:
1703 4794 1967 4864 praedica-

392 4888 672 4949 torum;in
722 4888 805 4941 his
852 4888 945 4957 qui
993 4888 1208 4942 assidue
1266 4885 1522 4941 discendo
1576 4892 1965 4951 commoratur,

389 4978 712 5048 oculumque
783 4982 980 5035 mentis
1048 4987 1105 5035 et
1165 4995 1352 5033 aurem
1418 4978 1738 5034 obcdientia:
1808 4977 1965 5033 exhi-

388 5069 502 5129 bet,
527 5065 617 5121 ille
643 5067 1011 5137 proculdubio
1033 5069 1335 5124 claritatem
1350 5069 1567 5139 superni
1598 5067 1820 5123 luminis
1839 5084 1966 5138 per—

388 5160 573 5230 eipiet.

466 5271 483 5303 ι
525 5252 629 5319 Qui
668 5248 958 5319 requiescit
978 5248 1131 5318 juxta
1162 5250 1377 5305 domum
1407 5249 1571 5314 illius,
1617 5261 1672 5304 et
1701 5250 1752 5304 in
1789 5250 1963 5320 parie-

395 5364 413 5395 ι
439 5341 735 5399 tibusillius
749 5341 917 5412 figens
942 5340 1142 5410 palum.
1169 5359 1187 5392 ι
1209 5340 1437 5395 Domum
1460 5342 1741 5410 sapientia:
1770 5356 1961 5411 possu-

387 5449 511 5488 mus
556 5431 865 5504 intelligere
909 5429 1245 5501 Scripturam
1285 5446 1520 5495 sacram,
1548 5415 1638 5486 ubi
1686 5432 1799 5503 ipsa
1834 5431 1967 5486 latet

387 5530 764 5577 etvetamento
790 5521 1094 5576 litterarum
1137 5522 1355 5593 tegitur,
1397 5523 1490 5577 sed
1517 5537 1548 5575 a
1574 5522 1661 5593 pie
1714 5538 1962 5592 quaeren-

389 5614 536 5668 tibus
588 5613 878 5669 salubriter
927 5613 1233 5678 invenitur;
1292 5612 1525 5683 parietes
1583 5622 1764 5668 autcm
1821 5613 1962 5669 illius

392 5705 496 5761 duo
521 5713 645 5759 sunt
668 5703 1039 5774 Testamenta,
1058 5707 1109 5762 in
1128 5707 1209 5761 his
1235 5707 1327 5776 qui
1356 5706 1471 5777 figit
1490 5706 1696 5776 palum,
1726 5707 1826 5764 hoc
1858 5720 1957 5772 est,

2149 3260 2169 3293 ‹
2214 3241 2282 3296 Et
2329 3241 2569 3297 obviabit
2619 3245 2694 3299 illi
2755 3248 2909 3315 quasi
2960 3257 3134 3303 mater
3186 3250 3565 3315 honorificam,
3604 3263 3657 3307 et

2078 3352 2096 3384 ι
2141 3335 2298 3404 quasi
2322 3334 2516 3390 mulier
2542 3352 2581 3390 a'
2599 3337 2910 3407 virginitate
2932 3342 3190 3411 suscipiet
3220 3342 3394 3398 illum.
3426 3365 3444 3395 ›
3473 3344 3658 3399 Merito

2071 3437 2201 3492 ergo
2248 3422 2526 3494 Sapientia
2574 3436 2749 3480 mater
2794 3437 3135 3497 nuncupatur
3172 3439 3397 3500 propter
3433 3437 3657 3503 gratiam

2072 3512 2408 3575 nutrimenti,
2457 3522 2513 3568 et
2540 3514 2689 3585 virgo
2715 3525 2937 3585 propter
2980 3519 3212 3587 speciem
3240 3521 3657 3589 pulchritudinis

2071 3612 2127 3658 et
2175 3609 2521 3660 sanctitatem
2573 3608 2860 3673 castitatis,
2912 3611 3168 3680 quoniam
3218 3613 3352 3667 nihil
3394 3614 3446 3667 in
3487 3630 3549 3669 ea
3576 3623 3659 3670 est

2073 3693 2409 3749 immundum
2462 3710 2636 3765 neque
2698 3697 3140 3766 coinquinatum;
3201 3701 3315 3769 ipsa
3375 3711 3463 3756 est
3515 3704 3655 3758 enim

2072 3786 2276 3840 candor
2332 3786 2470 3842 lucis
2525 3796 2761 3851 arternte,
2839 3798 2895 3843 et
2943 3792 3223 3860 speculum
3275 3793 3393 3848 sine
3448 3794 3655 3848 macula

2072 3878 2168 3932 Dei
2222 3875 2543 3946 maiestatis,
2592 3886 2648 3933 et
2700 3880 2877 3950 imago
2928 3881 3185 3935 bonitatis
3239 3882 3402 3946 illius,
3464 3892 3520 3937 et
3564 3899 3658 3953 per

2072 3970 2244 4040 ipsam
2273 3970 2449 4025 sanati
2471 3979 2597 4025 sunt
2622 3970 2929 4040 quicunque
2958 3971 3278 4041 placuerunt
3301 3972 3414 4028 Deo
3447 3990 3475 4027 a
3505 3975 3650 4043 prin-

2074 4061 2239 4131 cipio.

2148 4173 2166 4206 ι
2210 4153 2426 4210 Cibavit
2471 4154 2620 4208 illum
2664 4170 2805 4226 pane
2842 4155 2964 4209 vita:
3014 4164 3070 4210 et
3108 4155 3435 4211 intellectus.
3490 4175 3510 4208 ι
3560 4156 3657 4211 Di-

2072 4245 2214 4301 citur
2259 4246 2415 4316 panis
2450 4245 2595 4310 vitm,
2651 4246 2852 4301 dicitur
2884 4252 2943 4301 et
2989 4246 3147 4317 panis
3198 4247 3512 4313 mendacii;
3560 4246 3654 4302 sed
3754 4284 3765 4292 -

2072 4336 2227 4406 panis
2274 4336 2400 4391 vitae
2448 4351 2649 4407 corpus
2700 4345 2785 4393 est
2835 4336 3055 4403 Christi,
3101 4337 3186 4393 vel
3229 4339 3473 4393 doctrina
3522 4340 3657 4394 divi-

2073 4444 2157 4483 nce
2190 4429 2465 4498 sapientia:
2505 4448 2517 4483 :
2562 4448 2581 4480 ι
2630 4429 2757 4500 quia
2791 4445 2898 4484 non
2945 4429 3000 4483 in
3047 4445 3185 4499 pane
3218 4430 3333 4485 solo
3371 4432 3507 4487 vivit
3559 4433 3655 4487 ho-

1995 4502 2049 4561 D
2074 4535 2186 4584 mo,
2222 4519 2317 4574 sed
2361 4519 2416 4573 in
2441 4519 2589 4575 omni
2639 4519 2804 4574 verbo
2836 4519 2979 4589 quod
3020 4520 3264 4588 procedit
3311 4520 3376 4575 de
3434 4536 3529 4577 ore
3558 4521 3651 4576 Dei

2075 4609 2289 4681 (Matth.
2320 4609 2416 4682 IV).
2451 4630 2469 4663 ι
2506 4610 2667 4665 Panis
2695 4626 2827 4666 vero
2853 4612 3119 4667 mendacii
3148 4612 3392 4667 doctrina
3423 4622 3511 4668 est
3546 4614 3651 4667 hae-

2075 4700 2392 4766 reticorum,
2421 4715 2541 4771 quae
2576 4702 3179 4759 commessoribus‘suis
3224 4713 3454 4759 mortem
3488 4705 3650 4760 infert

2070 4798 2405 4859 perpetuam.

2146 4902 2165 4935 ι
2211 4883 2277 4938 Et
2318 4898 2457 4954 aqua
2480 4884 2757 4954 sapientia:
2778 4884 3033 4940 salutaris
3059 4886 3263 4956 potavit
3288 4885 3446 4940 illum
3503 4908 3523 4940 ι
3551 4887 3652 4943 Le-

2076 4974 2221 5046 gitur
2253 4975 2465 5045 aquain
2487 4975 2649 5041 bono,
2681 4974 2878 5047 legitur
2906 4977 3034 5032 etin
3063 4976 3201 5032 malo
3227 4994 3242 5044 ;
3287 4977 3383 5033 sed
3414 4994 3555 5049 aqua
3596 4979 3649 5032 in

2075 5067 2217 5123 bono
2257 5067 2525 5138 significat
2555 5068 2783 5139 gratiam
2806 5066 3044 5139 Spiritus
3073 5069 3266 5132 sancti,
3286 5068 3369 5123 vcl
3396 5070 3650 5126 balistum

2077 5155 2314 5211 cmlestis
2343 5154 2654 5225 Sapientia,
2702 5164 2761 5210 ut
2789 5166 2873 5211 est
2903 5157 3033 5211 illud
3061 5144 3399 5213 Dominieum
3452 5178 3466 5213 :
3500 5179 3518 5210 ‹
3550 5158 3650 5225 Qui

2077 5247 2290 5313 biberit,
2318 5248 2512 5318 inquit,
2537 5263 2731 5318 aquam
2760 5264 2923 5318 quam
2948 5263 3047 5320 ego
3079 5251 3219 5304 dabo
3242 5249 3315 5312 ei,
3343 5249 3439 5304 fiet
3489 5251 3540 5304 in
3583 5266 3651 5304 eo

2070 5339 2192 5396 fons
2229 5356 2384 5411 aqua:
2416 5340 2659 5405 salientis
2692 5341 2745 5395 in
2782 5340 2951 5395 vitam
2996 5350 3257 5395 :clernam
3284 5341 3469 5411 (Joan.
3494 5340 3586 5412 iv).
3622 5358 3642 5391 ι

2069 5432 2221 5502 Aqua
2275 5439 2452 5486 autem
2500 5431 2554 5485 in
2600 5431 2763 5497 malo,
2812 5439 2873 5486 ut
2908 5443 2992 5486 est
3040 5431 3169 5486 illud
3196 5432 3249 5485 in
3294 5429 3601 5486 Proverbiis
3628 5471 3642 5485 .

2077 5541 2095 5572 ι
2136 5522 2302 5592 Aquae
2326 5522 2535 5576 furtiva:
2553 5522 2819 5577 dulciores
2847 5531 2994 5588 sunt,
3017 5529 3070 5578 et
3096 5521 3251 5592 panis
3298 5521 3645 5577 absconditus

2070 5616 2286 5670 suavior
2306 5613 2489 5684 (Prov.
2522 5612 2597 5685 Ix)
2630 5632 2642 5669 :
2669 5633 2687 5667 ›
2716 5614 2857 5684 quod
2881 5615 3134 5670 nimirum
3150 5612 3423 5685 signiﬁcat
3446 5622 3639 5670 sectam

2069 5721 2123 5764 ct
2143 5708 2509 5777 deccptionem
2534 5706 2933 5773 haereticorum,
2960 5722 3078 5776 qua:
3097 5708 3411 5765 errantibus
3431 5710 3637 5777 propter
