3928 6182
229 291 328 348 86f

1116 285 1467 342 COMMENT.
1511 286 1577 341 IN
1617 284 2226 341 ECCLESMSTICUM.
2267 316 2335 325 —
2373 283 2499 339 LIB.
2542 284 2628 341 ll].

3379 291 3486 347 862

227 401 595 475 eloquentiam
620 397 917 457 verborum
952 399 1165 454 videtur
1206 415 1325 455 esse
1357 399 1575 453 suavior
1602 405 1656 452 et
1682 412 1805 468 pro-
1835 403 1879 458 Α
1911 398 2160 455 conferre
2182 399 2322 454 velle
2343 399 2599 471 gratiam,
2626 396 2671 452 si
2697 398 2764 452 ad
2790 395 2907 466 ejus
2923 406 3326 469 perceptionem
3355 418 3487 459 con-

227 493 479 549 babilior.

302 603 321 633 ι
368 582 437 636 Et
478 580 781 635 lirmabitur
824 580 877 635 in
930 580 1038 647 illo,
1089 589 1144 634 et
1178 594 1285 633 non
1321 577 1582 632 ﬂectetur.
1637 598 1654 628 ι
1684 577 1805 630 Fir~

229 672 473 728 mabitur
528 671 585 725 itt
626 670 829 725 sanctis
889 669 1021 723 viris
1050 670 1202 738 vigor
1225 668 1461 723 codesti’s
1499 667 1802 737 sapientim,

227 751 317 834 qui
370 762 544 817 nescit
593 760 862 816 haereticis
911 770 967 815 et
1018 760 1480 831 impugnatoribus
1525 759 1805 814 catholica:

230 855 351 909 tidei
406 862 460 907 et
506 867 647 906 vene
686 852 960 922 religionis
1029 852 1137 907 ullo
1199 853 1356 907 modo
1423 853 1647 914 cedere,
1710 851 1805 906 scd

227 944 441 1000 fortiter
501 944 795 1008 resistere;
847 953 903 1000 et
970 945 1073 999 hoc
1133 946 1331 999 donum
1377 952 1460 999 cst
1516 944 1649 1010 Dei,
1709 945 1803 1014 qui

227 1037 416 1105 utique
477 1050 575 1106 per
637 1033 873 1105 Spiritus
931 1034 1014 1089 sui
1081 1035 1310 1105 gratiam
1372 1034 1556 1088 fideles
1614 1042 1801 1089 contra

225 1126 570 1185 adversarios
605 1141 730 1181 suos
773 1123 1043 1180 confortat
1088 1133 1143 1179 et
1178 1125 1417 1180 roborat.
1458 1125 1609 1179 Unde
1636 1133 1691 1178 et
1717 1139 1801 1179 se-

225 1221 446 1291 quhur:
1260 1214 1264 1218 ’

297 1327 315 1357 ι
364 1306 434 1359 Et
471 1302 772 1358 continebit
809 1301 957 1354 illum
999 1308 1054 1355 et
1082 1317 1186 1354 non
1222 1297 1600 1355 confundetur.
1638 1316 1656 1350 ι
1703 1294 1805 1362 Qui

217 1400 359 1456 enim
384 1398 624 1452 adhaeret
651 1394 898 1454 Domino,
927 1408 1266 1463 nequaquam
1307 1391 1677 1446 confusionem
1701 1389 1805 1443 ini-

218 1493 487 1548 micorum
513 1488 769 1559 patietur,
806 1486 901 1541 sed
921 1486 1150 1540 veritate
1175 1484 1422 1539 vincente
1446 1482 1578 1536 satis
1604 1482 1803 1549 ubique

218 1571 597 1627 honorabitnr.
624 1568 775 1625 Unde
798 1567 1055 1638 propheta
1078 1568 1144 1620 ad
1162 1566 1445 1619 Dominum
1491 1565 1587 1619 ait:
1614 1583 1632 1616 t
1660 1563 1793 1620 Uni-

218 1665 356 1719 versi
408 1663 578 1732 quite
605 1669 937 1728 exspectant,
988 1658 1233 1721 Domine,
1282 1671 1389 1711 non
1449 1656 1792 1710 confundan-

1912 491 2125 561 dignam
2145 505 2332 544 eorum
2353 488 2619 543 invenerit
2640 488 3005 558 diligentiam;
3036 490 3165 545 dicit
3187 494 3332 546 enim
3354 493 3485 549 alibi

1910 581 2024 650 ipsa
2054 580 2364 650 Sapientia:
2402 599 2420 631 ‹
2446 580 2558 651 Ego
2602 579 2887 651 diligentes
2912 595 2999 635 me
3023 581 3263 652 diligam,
3311 592 3367 639 et
3392 585 3486 654 qui

1907 687 2066 727 mane
2081 670 2422 742 vigilaverint
2443 671 2511 725 ad
2540 686 2646 737 me,
2673 671 2947 726 invenient
2969 687 3055 728 me
3085 670 3269 745 (Prov.
3292 676 3432 747 vni).
3460 696 3478 728 ι

1906 761 2058 828 Quod
2081 767 2263 814 autem
2289 761 2562 829 sequitur:

1980 871 2000 905 ι
2034 851 2293 907 Homines
2317 851 2467 905 stulti
2503 867 2611 906 non
2650 851 2907 908 videbunt
2932 849 3076 908 illam
3103 870 3118 919 ;
3151 854 3309 926 longe
3336 858 3482 913 enim

1909 960 1930 995 ι
1960 942 2115 997 abest
2139 958 2170 996 a
2198 943 2449 1014 superbia
2468 951 2523 998 et
2546 942 2685 1007 dolo,
2713 962 2731 993 ι
2753 943 2990 998 ostendit
3016 959 3405 1015 supervacuum
3431 956 3486 1003 et

1901 1036 2145 1091 inutilem
2186 1051 2307 1091 esse
2334 1037 2712 1092 haereticorum
2738 1035 2998 1104 laborem,
3052 1040 3143 1110 qui
3175 1054 3311 1110 pene
3344 1057 3482 1110 quo-

1900 1126 2031 1179 tidie
2097 1125 2363 1180 desudant
2412 1126 2653 1181 docendo
2698 1134 2754 1180 et
2801 1122 3122 1193 scribendo,
3178 1127 3484 1185 divinorum

1899 1214 2161 1269 librorum
2187 1214 2508 1269 ventilantes
2534 1215 2854 1285 sententias,
2901 1231 3025 1271 cum
3072 1218 3261 1287 procul
3286 1220 3397 1275 sint
3416 1222 3485 1277 ab

1898 1303 2248 1374 intelligentia
2277 1318 2419 1359 vera:
2445 1305 2761 1374 sapientiae;
2810 1305 3063 1374 superbia
3101 1306 3247 1361 enim
3271 1307 3485 1362 illorum

1897 1410 2000 1466 qua
2030 1403 2380 1450 contemnunt
2427 1404 2736 1450 sanctorum
2763 1394 2984 1449 Patrum
3014 1396 3167 1464 sequi
3216 1396 3480 1467 regulam,

1896 1494 1952 1543 et
1980 1487 2133 1541 dolus
2163 1501 2271 1556 quo
2292 1486 2563 1541 auditores
2593 1500 2719 1539 suos
2749 1500 2779 1539 a
2820 1486 3036 1539 tramite
3069 1485 3298 1553 iustitiae
3325 1487 3484 1541 sedu-

1894 1596 2019 1635 cere
2062 1586 2294 1642 certant,
2346 1593 2453 1632 non
2485 1577 2751 1649 permittit
2776 1592 2870 1631 eos
2898 1577 2967 1631 ad
3017 1575 3160 1631 illius
3199 1577 3486 1647 pervenire

1895 1670 2177 1735 notitiam;
2216 1668 2345 1723 caeci
2371 1668 2513 1723 enim
2549 1675 2695 1733 sunt,
2725 1673 2779 1721 et
2818 1667 2986 1723 duces
3013 1682 3302 1734 caecorum,
3346 1675 3402 1723 et
3429 1668 3486 1721 in

218 1762 340 1819 lttl‘;
368 1752 766 1809 confundantur
785 1750 949 1818 llllqlll
968 1748 1225 1804 facientes
1244 1764 1376 1801 vana
1400 1747 1784 1818 (Psal.!XlV);D
1825 1745 1872 1804 Β
1899 1775 2141 1818 errorem
2169 1760 2445 1815 mittentes
2469 1776 2482 1812 τ
2533 1758 2653 1813 ideo
2675 1774 2800 1814 cum
2840 1757 3162 1828 sequacibus
3191 1759 3304 1815 suis
3325 1759 3485 1815 simul

218 1857 271 1899 et
303 1848 468 1897 item:
503 1861 519 1894 ι
546 1842 740 1898 Beatus
766 1841 847 1893 vir
874 1840 965 1910 qni
998 1840 1240 1909 implevit
1271 1840 1601 1895 desiderium
1629 1853 1786 1891 stmm

219 1954 286 1991 ex
322 1936 478 2006 ipsis,
521 1950 628 1989 non
673 1933 1056 1998 confundetur,
1087 1933 1211 1985 dum
1275 1930 1525 1999 loquetur
1560 1929 1793 1983 inimicis

220 2030 336 2085 suis
368 2029 421 2082 in
450 2036 602 2097 porta
640 2025 813 2095 (Ρεαι.
850 2024 1056 2093 crxvt.)

293 2140 311 2171 ι
356 2119 631 2174 Exaltabit
672 2118 821 2175 illum
848 2118 986 2188 apud
1011 2116 1286 2188 proximos
1314 2131 1461 2182 suos,
1494 2125 1548 2171 et
1595 2117 1651 2171 in
1678 2130 1793 2172 me-

221 2232 238 2266 t
285 2212 374 2267 dio
424 2211 679 2266 Ecclesia:
713 2209 920 2280 aperiet
963 2224 1024 2264 os
1058 2209 1223 2273 illius,
1256 2218 1312 2263 et
1358 2206 1602 2277 implebit
1634 2207 1787 2261 illum

219 2322 237 2353 α
284 2303 477 2372 spiritu
521 2302 797 2371 sapientite
844 2309 899 2355 et
931 2300 1254 2365 intellectus,
1306 2307 1354 2353 el
1431 2298 1567 2353 stola
1607 2298 1793 2370 gloria:

218 2414 236 2446 ι
281 2391 1083 2449 vestietillum.Jucunditatetn
1116 2399 1171 2444 et
1210 2389 1622 2443 exsultationem
1676 2390 1793 2444 the-

218 2505 234 2535 ι
284 2486 581 2540 saurizabit
618 2499 778 2553 super
812 2484 983 2547 illum,
1015 2492 1070 2536 et
1125 2483 1177 2536 in
1209 2482 1424 2536 nomine
1449 2488 1655 2535 aeterno
1683 2481 1794 2535 bte-

218 2598 235 2629 ι
283 2579 539 2633 reditabit
586 2578 756 2630 illum.
828 2595 846 2626 ι
905 2574 1191 2644 Eleganter
1243 2572 1509 2642 expressit
1561 2570 1789 2626 formam

210 2669 580 2739 apostolorum
608 2677 661 2722 et
682 2667 1090 2737 prtedicatorum
1124 2665 1296 2719 sancti
1328 2663 1623 2735 Evangelii,
1654 2678 1793 2733 quos

211 2764 393 2818 divina
417 2761 702 2831 sapientia,
748 2760 995 2813 Christus
1033 2758 1299 2822 videlicet,
1324 2758 1415 2827 qui
1447 2765 1532 2811 est
1563 2757 1656 2811 Dei
1682 2757 1791 2811 vir-

211 2864 297 2910 tus
324 2861 379 2908 et
412 2853 505 2907 Dei
526 2851 807 2923 sapientia,
834 2851 1096 2907 universae
1118 2849 1408 2922 praeposuit
1430 2848 1709 2915 Ecclesize,
1737 2855 1793 2904 et

210 2961 322 3018 prze
376 2946 589 3000 czeteris
639 2944 872 2998 ﬁdelium
919 2941 1089 2997 turbis
1128 2942 1179 2996 in
1210 2956 1337 2996 arce
1365 2941 1647 3012 dignitatis
1679 2940 1790 2997 col-

208 3037 439 3100 locavit;
471 3037 615 3090 hunc
637 3050 764 3105 ergo
788 3045 987 3089 emtum
1012 3032 1270 3087 eximium
1300 3030 1580 3086 doctorum
1606 3030 1786 3086 divina

1898 1851 2091 1907 cadent
2117 1850 2172 1904 in
2213 1848 2422 1904 foveam
2457 1849 2790 1918 perditionis.

1972 1957 1990 1990 ι
2036 1938 2153 1993 Viri
2177 1938 2463 1993 mendaces
2489 1953 2596 1993 non
2624 1948 2783 1993 erunt
2805 1937 2947 1993 illius
2976 1953 3268 2006 memores,
3299 1948 3353 1995 et
3382 1938 3485 1996 viri

1900 2047 1920 2081 ι
1963 2043 2185 2085 veraces
2209 2028 2552 2082 invenientur
2577 2028 2631 2082 in
2665 2027 2776 2084 illa.
2808 2046 2827 2079 ι
2888 2027 2991 2095 Qui
3032 2036 3158 2083 sunt
3184 2029 3285 2084 viri
3326 2044 3484 2085 men-

1895 2122 2075 2185 daces,
2110 2120 2215 2175 nisi
2242 2116 2483 2175 bteretiei
2503 2128 2559 2174 et
2591 2134 2781 2174 omnes
2806 2131 3153 2192 corruptores
3177 2121 3311 2192 legis
3347 2122 3486 2177 Dei?

1894 2212 1987 2284 qui
2013 2227 2119 2266 non
2146 2218 2276 2265 sunt
2311 2209 2589 2280 sapientiae
2618 2208 2714 2263 Dei
2745 2224 3034 2275 memores,
3085 2210 3211 2281 quia
3241 2212 3484 2267 veritatis

1892 2310 2020 2358 sunt
2055 2301 2379 2365 desertores,
2418 2308 2473 2355 et
2499 2300 2877 2354 mandatorum
2911 2298 3110 2355 Christi
3146 2308 3483 2371 contempto-

1892 2410 2001 2451 res.
2034 2392 2093 2449 Si
2116 2393 2259 2447 enim
2288 2408 2512 2449 veraces
2537 2407 2656 2447 esse
2674 2392 2990 2458 voluissent,
3016 2409 3292 2463 nunquam
3314 2393 3485 2448 Evan-

1891 2482 2032 2554 gelio
2060 2481 2156 2537 Dei
2190 2481 2463 2535 contraria
2491 2480 2761 2535 sentirent
2783 2480 2867 2535 vel
2889 2481 3162 2536 docerent.
3208 2480 3301 2535 Ait
3332 2482 3479 2536 enim

1891 2573 2009 2644 ipsa
2030 2573 2279 2629 Veritas:
2324 2590 2343 2623 ι
2372 2571 2561 2627 Omnis
2605 2572 2697 2641 qui
2726 2581 2899 2628 estex
2928 2572 3176 2638 veritate,
3205 2572 3355 2627 audit
3384 2587 3482 2627 vo-

1891 2681 2010 2721 cem
2051 2680 2261 2721 meam:
2297 2684 2316 2718 ι
2341 2665 2443 2720 viri
2480 2679 2608 2735 ergo
2630 2680 2852 2720 veraces
2886 2664 3005 2719 ideo
3048 2664 3399 2720 inveniuntur
3428 2665 3483 2718 in

1892 2756 2002 2822 illa,
2032 2757 2158 2826 quia
2184 2755 2472 2821 credendo,
2499 2754 2825 2821 meditando,
2858 2762 3022 2825 atque
3046 2755 3183 2811 bene
3204 2758 3483 2827 operando

1891 2861 2106 2917 semper
2123 2852 2529 2901 commorantur
2558 2844 2611 2898 in
2641 2844 2775 2913 ipsa.

1968 2963 1987 2996 ‹
2023 2945 2089 3000 Et
2121 2959 2427 2999 successum
2457 2943 2735 2999 habebunt
2776 2959 2947 3013 usque
2974 2944 3043 2999 ad
3088 2943 3480 3014 inspectionem

1897 3053 1915 3087 ‹
1954 3034 2067 3089 Dci.
2109 3054 2126 3087 ι
2172 3034 2236 3088 ΙΙί
2266 3049 2394 3105 ergo
2419 3049 2748 3101 successum,
2780 3035 2884 3090 hoc
2912 3042 3015 3101 est,
3047 3035 3348 3105 profectum
3372 3038 3481 3093 vir-

207 3129 453 3201 potentia
516 3128 659 3182 intus
706 3126 937 3195 Spiritus
994 3124 1076 3179 sui
1120 3123 1292 3194 gratia
1336 3120 1679 3185 illuminavit,
1731 3115 1859 3176 etC
1893 3135 2065 3182 tutum
2093 3126 2388 3193 habebunt,
2436 3142 2607 3197 usque
2651 3127 2719 3181 ad
2746 3127 3258 3197 contemplationem
3298 3130 3480 3185 vultus

209 3220 343 3273 foris
379 3219 585 3288 copiam
643 3216 962 3271 elocutionis
1009 3213 1429 3279 administravit,
1481 3221 1539 3267 ut
1586 3213 1786 3269 bonum

210 3310 354 3379 quod
408 3309 509 3380 ipsi
561 3307 927 3377 intelligehant
974 3312 1176 3369 mente,
1233 3303 1353 3358 aliis
1408 3301 1642 3358 facundo
1699 3317 1791 3359 cx-

210 3409 475 3473 ponercnt
550 3413 836 3459 sermone;
888 3404 942 3451 et
997 3404 1165 3461 recte,
1217 3402 1274 3449 ut
1322 3410 1564 3450 summus
1609 3394 1788 3449 Domi—

209 3510 332 3558 nus,
368 3492 462 3562 qui
488 3490 675 3546 electis
702 3487 975 3558 discipulis
1001 3488 1114 3543 suis
1143 3485 1430 3543 sacerdotii
1464 3484 1783 3555 dignitatem

208 3584 424 3648 tribuit,
455 3582 770 3654 elegantiam
802 3579 963 3635 simul
993 3594 1139 3634 sanze
1167 3578 1446 3641 doctrinm,
1482 3584 1536 3634 et
1557 3575 1785 3630 avidita-

209 3692 320 3736 tem
365 3694 639 3734 sacrarnm
666 3677 926 3732 virtutum
962 3675 1242 3738 tribueret,
1290 3680 1554 3741 quatenus
1592 3685 1785 3724 nomen

206 3775 409 3829 bonum
439 3778 494 3828 et
535 3769 812 3841 prtemium
847 3781 1096 3839 magnum
1142 3766 1194 3821 in
1226 3762 1433 3819 cmlesti
1481 3775 1647 3831 regno
1688 3776 1786 3830 pro

206 3868 311 3922 hoc
353 3864 734 3920 luereditarent
763 3861 1179 3931 inperpetuum.

283 3979 300 4011 ι
348 3956 605 4012 llomines
627 3954 775 4010 stulti
803 3969 907 4009 non
935 3953 1342 4023 apprehendent
1365 3952 1545 4018 illam;
1597 3958 1653 4006 et
1685 3950 1783 4004 ho-

210 4068 228 4100 c
278 4049 454 4103 mines
491 4046 695 4102 sensati
749 4044 1044 4099 obviabunt
1089 4043 1185 4113 illi.
1243 4061 1263 4096 ι
1312 4041 1571 4097 Homines
1634 4038 1784 4093 stulti

203 4150 333 4196 sunt
383 4139 600 4209 pagani,
637 4138 729 4207 qui
755 4137 894 4193 idola
934 4151 1072 4190 vana
1109 4136 1294 4191 colunt
1342 4150 1439 4205 pro
1484 4149 1613 4189 vero
1642 4133 1781 4197 Deo;

201 4241 329 4287 sunt
358 4241 415 4285 et
455 4228 649 4289 Judaei,
669 4228 762 4298 qui
794 4227 1169 4296 crucifigentes
1215 4226 1411 4281 Filium
1442 4224 1562 4290 Dei,
1588 4232 1643 4278 et
1671 4239 1786 4278 τεε-

200 4331 433 4392 patentes
487 4319 833 4390 Evangelium
889 4319 1008 4389 ejus
1047 4318 1374 4388 temporibus
1410 4317 1616 4388 gratia),
1667 4332 1786 4369 um-

199 4416 357 4469 bram
386 4412 517 4482 legis
550 4426 769 4466 servare
817 4409 1021 4464 volunt.
1059 4406 1197 4462 Sunt
1221 4406 1385 4461 etiam
1415 4414 1472 4460 et
1513 4405 1777 4484 haeretici,

198 4507 292 4579 qui
322 4506 693 4563 sinceritatem
725 4517 1005 4558 sacrarum
1042 4499 1442 4569 Scripturarum
1472 4497 1585 4552 suis
1630 4512 1779 4551 erro-

199 4600 355 4657 ribus
390 4602 761 4665 corrumpunt,
790 4602 846 4648 et
867 4592 1116 4647 homines
1142 4589 1295 4645 falsis
1331 4587 1594 4643 doctrinis
1637 4587 1780 4642 deci-

194 4690 379 4763 piunt.
407 4685 473 4742 lli
493 4700 622 4755 ergo
643 4698 833 4739 omnes
857 4698 962 4737 non
990 4679 1398 4751 apprehendent
1432 4678 1777 4748 sapientiam,

192 4784 322 4853 quia
368 4780 603 4850 Spiritus
627 4785 849 4833 sanctus
887 4773 1181 4845 disciplinae
1202 4770 1422 4842 effugiet
1466 4771 1683 4836 fictum;
1726 4778 1781 4824 et

193 4874 252 4928 iu
305 4868 629 4926 malevolam
681 4867 917 4921 animam
957 4879 1065 4919 non
1109 4861 1354 4918 introibit
1402 4860 1686 4931 sapientia.
1737 4860 1782 4916 E

190 4962 481 5022 contrario
505 4969 685 5015 autem
718 4958 963 5013 homines
1005 4954 1225 5017 sensati,
1259 4953 1361 5008 hoc
1398 4960 1503 5017 est,
1536 4952 1782 5007 homines

1805 4456 1856 4515 D

1890 3219 2005 3285 Dei,
2055 3220 2225 3274 donec
2261 3227 2463 3274 :eterna
2494 3218 2742 3275 claritate
2786 3219 2981 3275 divina:
3031 3219 3331 3289 maiestatis
3358 3222 3480 3277 cuin

1888 3309 2093 3382 angelis
2130 3309 2224 3363 Dei
2253 3308 2637 3378 perpetualiter
2664 3308 2928 3364 satientur
2951 3349 2965 3374 ,
3020 3318 3076 3365 et
3106 3310 3397 3381 impleatur
3426 3313 3481 3366 in

1887 3402 1966 3457 eis
1993 3400 2122 3457 illud
2145 3401 2444 3458 Psalmistze
2467 3399 2612 3470 quod
2636 3400 2702 3455 de
2723 3400 2911 3456 electis
2933 3400 3027 3456 Dei
3055 3402 3155 3457 sub
3183 3410 3311 3473 typo
3326 3403 3482 3458 bona:

1887 3493 2098 3549 arboris
2144 3492 2407 3562 protulit.
2458 3492 2685 3546 dicens:
2747 3510 2766 3542 ‹
2797 3490 2915 3545 Erit
2962 3499 3222 3563 tanquam
3275 3494 3478 3563 lignum

1886 3584 2028 3655 quod
2075 3584 2373 3655 plantatum
2399 3592 2484 3639 est
2511 3598 2665 3638 secus
2692 3583 2954 3638 decursus
2980 3599 3246 3654 aquarum
3272 3624 3287 3649 ,
3334 3584 3480 3653 quod

1886 3675 2119 3729 fructum
2158 3691 2315 3729 suum
2343 3674 2493 3730 dabit
2521 3674 2572 3728 in
2603 3682 2843 3742 tempore
2872 3688 3007 3739 suo;
3058 3682 3115 3728 et
3145 3673 3332 3727 folium
3362 3672 3480 3741 ejus

1884 3783 1990 3822 non
2033 3768 2263 3833 decidet,
2317 3775 2372 3822 et
2412 3767 2590 3822 omnia
2636 3781 2968 3836 quacunque
3017 3764 3206 3821 fecerit
3258 3780 3482 3835 prospe-

1886 3861 2151 3913 rabuntur
2186 3858 2358 3931 (Psal.
2396 3857 2459 3927 ι).
2493 3876 2512 3909 ι
2571 3856 2941 3911 Ambulabunt
2987 3857 3132 3911 enim
3179 3855 3246 3910 de
3279 3855 3480 3909 virtute

1884 3950 1941 4005 in
1971 3950 2257 4013 virtutem;
2287 3946 2556 4002 videbitur
2587 3946 2727 4000 Deus
2750 3946 2974 4000 deorum
3010 3945 3065 3999 in
3092 3943 3244 3999 Sion.
3277 3943 3320 3997 E
3350 3958 3475 3997 cono

1886 4042 2055 4097 trario
2083 4053 2233 4106 vero,
2283 4038 2413 4108 quid
2448 4044 2705 4108 sequatur
2738 4037 2803 4092 de
2842 4035 3169 4091 adversariis
3203 4034 3335 4106 legis
3381 4035 3476 4089 Dci

1883 4133 2179 4188 videamus.
2282 4120 2283 4123 “

1960 4242 1978 4274 ι
2012 4222 2128 4277 Non
2152 4230 2237 4277 est
2264 4216 2505 4289 speciosa
2533 4217 2652 4273 laus
2672 4216 2727 4272 in
2757 4230 2852 4272 ore
2873 4214 3197 4286 peccatoris,
3220 4212 3474 4283 quoniam

1889 4334 1907 4366 ι
1937 4330 2045 4369 non
2065 4320 2147 4368 est
2176 4327 2207 4366 a
2238 4310 2468 4366 Domino
2493 4310 2709 4365 missus.
2751 4328 2770 4362 ι
2799 4306 2917 4363 Non
2947 4314 3030 4363 est
3053 4305 3195 4361 enim
3219 4304 3331 4359 Deo
3356 4303 3473 4374 pla-

1880 4407 2002 4463 cita
2039 4403 2283 4461 doctrina
2337 4402 2739 4465 haereticorum,
2787 4413 2909 4470 qua:
2948 4396 3138 4452 fraude
3165 4403 3221 4451 et
3269 4394 3475 4450 malitia

1861 4550 1865 4555 .
1881 4500 2040 4569 plena
2069 4505 2171 4561 est,
2201 4504 2258 4552 et
2282 4493 2563 4549 mendacio
2588 4491 2809 4556 sordet;
2853 4504 2956 4544 nec
2986 4487 3087 4559 ipsi
3112 4501 3179 4541 ex
3208 4485 3340 4549 Deo,
3372 4483 3475 4540 hoc

1881 4599 2000 4657 est,
2048 4589 2116 4644 ab
2152 4586 2355 4657 Spiritu
2386 4584 2481 4639 Dei
2541 4590 2667 4639 sunt
2708 4581 2778 4637 ad
2817 4578 3220 4652 prredicandum
3258 4574 3472 4640 directi,

1882 4680 1980 4737 sed
2003 4678 2238 4749 maligno
2267 4674 2458 4747 spiritu
2485 4671 2654 4727 inflati
2691 4686 2756 4726 ex
2784 4669 2947 4726 corde
2974 4683 3073 4723 suo
3099 4664 3379 4737 proferunt
3408 4676 3470 4717 ea

1882 4788 2003 4842 quae
2029 4784 2283 4840 perverse
2323 4768 2635 4837 loquuntur.
2679 4764 2755 4818 De
2798 4762 2994 4833 quibus
3023 4758 3311 4813 Psalmista
3343 4757 3421 4811 ait
3451 4773 3463 4809 :

1888 4878 1908 4912 ι
1946 4860 2110 4915 Labia
2140 4857 2322 4913 dolosa
2354 4856 2409 4910 in
2437 4854 2619 4917 corde,
2674 4860 2730 4908 et
2760 4851 2924 4906 corde
2949 4848 3111 4904 locuti
3136 4853 3261 4901 sunt
3289 4845 3428 4900 mala
3458 4864 3471 4899 :

1881 4951 2154 5022 disperdat
2182 4947 2439 5003 Dominus
2461 4946 2714 5000 universa
2746 4942 2886 4997 labia
2913 4939 3121 5004 dolosa,
3151 4945 3207 4994 et
3235 4936 3475 5006 linguam

191 5054 457 5112 catholici
482 5061 538 5106 et
568 5048 900 5120 religiosi,hi
925 5044 1405 5113 obtiantilli,quia
1433 5041 1776 5113 cogitatione,
1793 5084 1866 5129 ,ἃ
1883 5040 2277 5109 magniloquam
2313 5051 2328 5091 :
2387 5036 2480 5107 qui
2545 5034 2840 5089 dixerunt:
2902 5030 3172 5129 Linguam
3228 5034 3474 5129 nostram

1793 5104 1828 5137 ιτ

192 5160 479 5208 sermone,
507 5142 665 5199 simul
692 5150 747 5196 et
770 5155 934 5210 opere
964 5139 1157 5195 divina:
1182 5137 1479 5191 decernunt
1502 5134 1781 5202 obtempe-

192 5253 326 5294 rare
362 5234 644 5290 voluntati.
696 5232 955 5301 Superius
999 5230 1144 5284 enim
1195 5228 1437 5292 dixerat,
1486 5224 1629 5295 quod
1687 5224 1779 5293 qui

186 5330 487 5389 continens
511 5334 657 5383 esset
670 5324 911 5395 justitite,
930 5325 974 5378 is
993 5319 1421 5393 apprehenderet
1437 5318 1776 5388 sapientiam,

184 5433 246 5479 et
303 5422 556 5478 obviaret
583 5418 659 5473 illi
703 5418 855 5488 quasi
902 5422 1078 5470 mater
1126 5410 1508 5476 bonorilicata;
1556 5421 1612 5464 et
1638 5423 1780 5462 nunc

1882 5130 2369 5202 magnificabimus,
2419 5127 2557 5182 labia
2597 5133 2781 5180 nostra
2818 5138 2849 5178 a
2876 5120 3032 5177 nobis
3056 5127 3201 5185 sunt,
3231 5118 3354 5189 quis
3379 5132 3475 5171 no-

1882 5232 1993 5280 ster
2024 5222 2281 5277 Dominus
2302 5217 2603 5291 (Paal.xr)?
2637 5237 2656 5270 ι
2714 5215 2853 5271 Hinc
2878 5223 2929 5270 et
2951 5229 3050 5285 per
3074 5210 3365 5268 Jeremiam
3393 5206 3474 5261 di-

1885 5316 2054 5371 citur:
2084 5334 2101 5365 ι
2120 5312 2279 5367 Falso
2305 5310 2580 5381 prophetae
2600 5308 2963 5365 vaticinanlur
2986 5305 3039 5359 in
3064 5302 3282 5358 nomine
3313 5311 3464 5350 meo:

1887 5424 1993 5461 non
2020 5405 2141 5461 misi
2167 5420 2278 5467 eos,
2307 5411 2362 5457 et
2391 5417 2495 5457 non
2520 5400 2751 5473 praecepi
2772 5399 2875 5464 eis,
2902 5410 3077 5465 neque
3110 5393 3318 5446 locutus
3347 5400 3466 5440 sum

186 5514 334 5570 dicit
391 5518 668 5567 sensatnnt
699 5479 969 5563 hominem
1003 5506 1225 5560 olmare
1260 5501 1432 5557 eidem
1478 5499 1778 5568 sapientize,
1830 5498 1956 5573 yad
1983 5512 2095 5552 eos.
2147 5494 2423 5550 V'isionem
2470 5492 2807 5556 mendacem,
2857 5494 2913 5543 et
2956 5479 3360 5573 divinationem,
3411 5479 3468 5528 et

186 5618 252 5665 ut
302 5602 675 5673 intelligamus
718 5599 953 5654 divinam
1002 5597 1255 5666 pietatem
1303 5606 1518 5661 semper
1548 5605 1776 5659 pronam

188 5715 321 5759 case
377 5697 445 5755 ad
477 5691 924 5756 misericordiam,
961 5698 1015 5744 et
1061 5694 1249 5759 sponte
1275 5699 1426 5739 suam
1469 5681 1779 5748 hominibus

1888 5587 2325 5650 fraudulentiam,
2352 5592 2407 5640 et
2441 5582 2806 5639 seductioncm
2835 5575 3016 5635 cordis
3035 5570 3118 5628 sui
3142 5565 3473 5643 prophetattt

1888 5678 2042 5733 vobis
2068 5674 2239 5748 (Hier.
2274 5672 2405 5744 XIV).
