3904 6184
455 336 559 396 885

1088 339 1149 392 Β.
1191 334 1445 391 ΒΑΒΑΝΙ
1483 335 1703 392 MAURI
1738 333 2003 390 ARCHlEl

2110 331 2410 389 MOGUNT.
2454 330 2742 387 OPERUM
2782 330 2961 386 PARS
2998 331 3037 385 l.

3596 337 3681 390 8‘35

530 472 548 502 ι
588 451 851 518 Quoniam
885 466 917 505 a
943 452 1052 505 Deo
1083 449 1319 520 profecta
1347 458 1430 503 est
1451 449 1735 519 sapientia.
1769 467 1787 499 ι
1831 444 2017 502 Omnis
2046 450 2093 507 Α
2118 454 2237 500 est:
2297 463 2317 495 ι
2354 443 2700 515 Concupiscis
2737 446 3098 515 sapientiam?
3136 444 3304 500 Serva
3338 447 3609 515 mandata,
3637 460 3684 504 et

454 543 596 596 enim
626 541 882 611 sapientia
916 538 1077 609 (sicut
1128 536 1452 608 principium
1500 537 1620 591 libri
1666 535 1825 603 hujus
1861 543 2029 590 testa-
2090 596 2111 611 ἦ
2134 533 2392 589 Dominus
2416 534 2678 603 praebebit
2704 534 2848 588 illam
2878 533 2972 587 tibi
3001 533 3258 603 (EccliJ).
3301 554 3319 587 ι

455 632 562 701 tur)
592 646 621 683 a
646 630 869 683 Domino
897 628 1003 683 Deo
1025 636 1128 693 est,
1160 628 1284 697 quia
1315 626 1564 682 Christus
1605 625 1914 696 unigenitus
1933 620 2029 678 Dei

452 721 619 775 Filius
650 737 681 775 a
726 720 836 774 Deo
879 718 1039 773 Patre
1079 726 1237 773 natus
1264 726 1366 781 est,
1396 717 1485 786 qui
1514 716 1567 769 in
1593 713 1885 786 Evangelio
1914 714 2026 767 ait:

458 831 474 861 ε
513 812 663 865 Exivi
691 827 719 864 a
749 810 928 874 Patre,
959 819 1013 864 et
1036 809 1156 863 veni
1186 810 1239 862 in
1278 807 1536 861 mundum
1583 804 1762 876 (Ioan.
1792 803 1903 876 va)
1930 822 1944 870 ;
1974 810 2029 859 et

450 903 687 956 iterum:
730 919 747 950 ι
782 901 891 971 Ego
933 899 1023 953 lux
1074 899 1125 952 in
1169 898 1313 952 hunc
1361 896 1619 950 mundum
1666 894 1788 948 veni
1841 891 2023 964 (Joan.

448 993 571 1064 xu).
604 1014 620 1045 ι
670 991 715 1045 Α
744 992 856 1048 Deo
904 991 1048 1044 enim
1096 987 1338 1059 profecta
1381 994 1465 1041 est
1514 984 1800 1056 sapientia,
1837 983 1964 1052 quia
1993 998 2025 1036 a

450 1085 595 1139 fonte
635 1085 757 1138 vita:
784 1082 1044 1153 processit
1074 1080 1315 1135 veritatis
1363 1078 1631 1142 doctrina,
1663 1076 1749 1132 eui
1777 1076 1881 1133 rite
1910 1091 2026 1130 om-

449 1176 534 1230 nis
572 1173 828 1245 competit
851 1173 986 1238 laus,
1016 1171 1189 1226 virtus
1227 1177 1282 1224 et
1310 1168 1499 1240 gloria.
1554 1165 1705 1222 Unde
1751 1174 1806 1221 et
1847 1165 2024 1235 sequi«

449 1275 537 1321 tur
569 1285 583 1321 :

525 1374 543 1406 ι
576 1353 865 1425 Sapientiae
891 1349 1034 1407 enim
1078 1348 1174 1405 Dei
1203 1347 1401 1403 astabit
1428 1346 1565 1411 laus,
1603 1352 1659 1400 et
1688 1344 1738 1399 in
1764 1358 1857 1399 ore
1878 1342 2021 1399 ﬁdeli

456 1450 476 1482 σ
497 1432 819 1497 abundabit,
846 1442 899 1486 et
919 1434 1227 1487 dominator
1254 1433 1406 1487 dabit
1425 1447 1543 1487 eam
1574 1431 1673 1486 illi.
1712 1451 1730 1483 ι
1757 1430 1853 1482 Dat
1874 1431 2018 1486 enim

454 1522 718 1577 Dominus
743 1522 884 1576 lideli
906 1522 1135 1576 amatori
1167 1537 1268 1577 suo
1298 1522 1631 1576 intellectum
1663 1521 1941 1591 sapientiae
1963 1530 2018 1576 et

457 1614 619 1668 verba
652 1613 972 1683 prudentie,
1003 1621 1061 1667 ut
1087 1613 1220 1684 legis
1253 1627 1367 1669 suae
1395 1624 1553 1667 verax
1576 1612 1786 1681 agnitor
1818 1618 1873 1667 et
1904 1612 2019 1667 ido-

447 1720 587 1760 nens
617 1705 809 1761 doctor
842 1706 1079 1773 existat;
1150 1716 1253 1760 nec
1305 1706 1421 1775 ipse
1480 1706 1681 1761 donum
1750 1703 2018 1775 largitatis

450 1810 560 1852 Sum
591 1794 750 1849 alicui
783 1794 1004 1857 invidet.
1039 1795 1131 1863 qui
1159 1795 1273 1849 vult
1309 1806 1498 1850 omnes
1524 1794 1772 1850 homines
1830 1792 2021 1849 salvos

449 1900 594 1947 esse,
633 1893 691 1940 et
722 1884 787 1938 ad
805 1883 1135 1953 agnitionem
1167 1884 1415 1940 veritatis
1467 1884 1752 1954 pervenire
1799 1883 1850 1954 (Ι
1878 1880 2015 1939 Tim.

449 1979 547 2044 tl);
579 1972 702 2028 ideo
742 1982 1139 2041 consequenter
1164 1974 1313 2028 dicit.

518 2095 538 2127 ι
572 2074 688 2130 Non
719 2076 918 2130 dixeris
956 2089 1053 2145 per
1081 2076 1246 2130 Deum
1269 2074 1420 2129 abest
1446 2092 1459 2128 :
1489 2088 1609 2143 qua:
1638 2070 1758 2128 odit
1781 2071 1923 2127 enim
1951 2086 2020 2127 ne

442 2162 654 2218 feceris.
690 2183 710 2216 ι
772 2163 1078 2218 Cavendum
1129 2171 1213 2218 est
1261 2177 1328 2217 ne
1355 2177 1420 2217 ea
1460 2162 1753 2235 faciamus,
1794 2174 1915 2230 quae
1939 2160 2018 2215 illi

441 2253 726 2324 displicere
749 2255 966 2308 omnino
991 2270 1096 2308 non
1126 2252 1459 2324 ignoramus,
1486 2257 1541 2306 et
1563 2250 1641 2305 sic
1667 2250 1783 2320 ejus
1807 2248 2022 2319 saple‘no

441 2345 528 2398 ιὶιε
555 2346 819 2400 veraciter
870 2344 1162 2415 participes
1213 2359 1416 2398 sumus.
1467 2342 1618 2398 Unde
1652 2346 1714 2397 et‘
1756 2342 2019 2412 scriptum

438 2494 1655 2519 ...Μ-..Μὰ

2209 643 2227 674 ι
2265 623 2381 679 Νοιι
2416 625 2564 679 dicas
2594 643 2606 677 :
2652 624 2743 678 Ille
2773 639 2860 678 me
2892 623 3235 694 implanavit;
3284 639 3391 679 non
3432 625 3574 679 enim
3605 642 3684 681 ne-

2138 730 2156 763 ι
2192 714 2413 769 cessarii
2455 721 2579 769 sunt
2607 712 2680 768 illi
2723 713 2967 769 homines
2997 713 3166 783 impii.
3211 734 3230 767 ι
3281 713 3399 769 Νοη
3443 724 3529 770 est
3558 716 3683 770 enim

2129 804 2330 860 erroris
2360 803 2553 869 nostri,
2602 811 2658 859 et
2696 819 2876 874 pravae
2917 804 3144 858 actionis
3182 819 3345 858 causa
3390 803 3501 859 Deo
3530 804 3681 873 depu-

2129 897 2309 962 tanda,
2345 896 2469 965 quia
2499 895 2652 949 ruina
2677 904 2859 950 nostra
2886 911 2992 951 non
3013 902 3098 951 est
3117 894 3194 949 illi
3225 896 3560 960 necessaria,
3600 897 3685 951 sed

2128 986 2299 1054 magis
2334 986 2445 1054 ipse
2470 984 2663 1041 allevat
2691 1000 2881 1039 omnes
2905 984 2994 1053 qui
3039 993 3222 1050 ruunt,
3249 993 3302 1038 et
3327 985 3485 1054 erigit
3508 1000 3683 1040 omnes

2125 1075 2326 1141 elisos;
2376 1075 2443 1129 de
2472 1090 2579 1144 quo
2622 1073 2854 1129 Iacobus
2902 1074 3175 1144 apostolus
3216 1075 3271 1128 in
3314 1075 3548 1144 Epistola
3597 1090 3682 1130 sua

2126 1165 2360 1235 scripsit,
2396 1165 2581 1220 dicens
2610 1179 2625 1219 :
2658 1183 2676 1216 ι
2710 1164 2879 1221 Nemo
2900 1180 3022 1219 cum
3048 1170 3301 1229 tentatur,
3331 1165 3475 1220 dicat
3502 1166 3638 1235 quod
3656 1182 3683 1218 ει

2124 1256 2235 1311 Deo
2265 1263 2534 1310 tentetur:
2588 1256 2729 1310 Deus
2777 1254 2923 1309 enim
2970 1255 3264 1309 intentator
3307 1255 3571 1310 malorum
3609 1264 3684 1309 est

2124 1343 2333 1417 (Jacob.
2368 1344 2409 1415 ι)
2440 1361 2455 1411 ;
2487 1363 2507 1397 ι
2550 1342 2868 1399 subauditur
2907 1351 3376 1407 tentamentorum,
3415 1344 3531 1413 ipse
3550 1344 3680 1399 enim

2122 1433 2390 1488 neminem
2419 1440 2606 1488 tentat.
2636 1452 2655 1485 ι
2687 1432 2764 1487 Ea
2789 1431 3033 1487 videlicet
3059 1433 3374 1497 tentatione,
3408 1447 3528 1502 qua:
3551 1434 3681 1489 decis

2119 1523 2198 1593 pit
2232 1524 2461 1579 miseros
2490 1530 2551 1578 ut
2581 1530 2805 1594 peccent
2832 1540 2845 1576 :
2882 1541 2901 1575 ι
2922 1505 3109 1577 ’Βοιιιιε
3141 1530 3226 1577 est
3265 1523 3409 1577 enim
3438 1523 3682 1580 Dominus

2119 1615 2461 1689 sperantibus
2487 1615 2541 1672 in
2591 1631 2682 1685 se,
2733 1615 3230 1687 animaequzerenti
3276 1613 3425 1669 illum
3476 1614 3682 1687 (Three.

2118 1708 2222 1781 ιιι).
2264 1727 2283 1761 ι

2197 1818 2217 1852 ι
2259 1799 2430 1856 Omne
2455 1808 2919 1856 exsecramentum
2947 1800 3150 1856 erroris
3176 1800 3289 1856 odit
3308 1800 3472 1865 Deus,
3501 1810 3556 1854 et
3585 1818 3680 1857 non

2124 1911 2145 1945 ‹
2187 1892 2291 1948 erit
2329 1892 2561 1948 amabile
2605 1892 2915 1947 timentibus
2942 1891 3110 1946 illum.
3142 1909 3164 1944 ι
3205 1891 3358 1947 Sicut
3403 1892 3548 1947 enim
3573 1908 3678 1947 om-

2114 1999 2237 2039 nem
2272 1997 2511 2039 errorem
2539 1983 2834 2039 detestatur
2864 1980 3027 2046 Deus,
3073 1981 3151 2036 sic
3175 1989 3230 2036 et
3275 1980 3363 2036 ille
3400 1981 3491 2051 qui
3541 1981 3680 2035 timet

2114 2075 2307 2142 Deum,
2357 2083 2673 2131 exsecratur
2699 2075 3003 2130 universam
3051 2074 3255 2129 erroris
3277 2074 3597 2145 nequitiam,
3631 2084 3679 2128 et

2113 2167 2260 2222 omni
2311 2167 2489 2222 studio
2533 2174 2696 2236 atque
2723 2166 3017 2238 sagacitate
3054 2164 3268 2221 festinat
3302 2164 3584 2236 pervenire
3618 2165 3678 2218 ad

2119 2258 2360 2315 veritatis
2385 2258 2657 2315 notitiam.

1613 2643 1910 2722 LIBER
1984 2642 2473 2737 QUARTUS,

951 2881 1176 2940 CAPUT
1209 2864 1499 2941 Ριιιιιιιιι.

440 2975 591 3041 Quod
623 2975 760 3028 Deus
806 2974 870 3028 ab
916 2975 1062 3029 initio
1107 2976 1368 3031 hominem
1416 2977 1729 3031 constituens
1755 2977 1808 3030 in
1844 2993 2003 3031 manu

880 3062 985 3107 {sua
1011 3044 1285 3099 consilium
1316 3045 1543 3115 reliquit.

513 3172 530 3205 ι
566 3155 704 3209 Deus
749 3154 816 3206 ah
847 3152 998 3208 initio
1035 3155 1310 3209 constituit
1336 3155 1607 3211 hominem
1631 3196 1646 3223 ,
1686 3163 1742 3211 et
1791 3154 2008 3226 reliquit

441 3267 457 3295 ι
497 3246 645 3299 illum
677 3247 728 3300 in
776 3261 934 3299 manu
984 3247 1190 3301 consilii
1242 3247 1365 3302 sui:
1406 3246 1603 3318 adjecit
1657 3248 1910 3303 mandata
1952 3257 2007 3304 et

439 3358 458 3389 ε
496 3347 762 3408 praecepta
790 3355 905 3394 sua.
928 3360 947 3392 ›
977 3339 1232 3395 Conditor
1258 3354 1385 3409 ergo
1413 3350 1594 3395 noster
1617 3339 1830 3415 quando
1855 3354 2006 3395 crea-

434 3434 509 3486 vit
535 3432 730 3487 etelum
758 3442 812 3487 et
853 3443 1070 3499 terram,
1100 3442 1154 3489 et
1181 3435 1425 3490 diversas
1473 3435 1680 3506 species
1705 3435 2001 3507 germinum

433 3531 594 3591 atque
621 3523 931 3579 animalium
962 3526 1015 3580 in
1036 3525 1116 3581 eis
1156 3539 1278 3581 esse
1304 3526 1600 3591 constituit,
1632 3525 1904 3582 hominem
1934 3528 2002 3581 ad

434 3611 719 3682 imaginem
771 3628 920 3667 suam
964 3615 1234 3681 condidit,
1277 3615 1593 3685 ueterisque
1642 3615 2003 3671 animantibus

432 3701 580 3756 illum
612 3702 881 3772 praefecit,
913 3705 1046 3761 dans
1089 3705 1163 3761 illi
1189 3705 1416 3762 liberum
1463 3706 1768 3771 arbitrium,
1800 3714 1861 3760 ut
1887 3708 2002 3777 ipse

430 3794 715 3865 imaginem
756 3796 845 3851 Dei
872 3805 1081 3862 tenens,
1135 3804 1333 3866 quanto
1360 3796 1641 3867 gloriosior
1676 3782 1865 3852 fuisset
1891 3813 1999 3853 cae--

430 3886 579 3952 teris,
613 3895 763 3942 tanto
793 3889 1036 3944 devotior
1069 3896 1212 3944 esset
1249 3888 1303 3942 in
1331 3884 1662 3956 subjectione
1689 3888 1772 3943 sui
1811 3888 1995 3943 condi-

432 3979 580 4032 toris.
614 3978 718 4033 Sed
746 3979 833 4034 ille
854 3981 1052 4036 abusus
1072 3995 1326 4036 concessa
1349 3980 1452 4036 hac
1474 3988 1739 4051 potestate
1762 3995 1859 4050 per
1877 3995 1999 4051 sug-

428 4071 722 4139 gestionem
752 4072 955 4141 antiqui
997 4073 1260 4140 serpentis
1282 4073 1455 4129 erexit
1475 4089 1534 4129 se
1562 4074 1631 4128 in
1648 4074 1998 4129 contrarieta-

430 4171 534 4213 tem
584 4161 667 4215 sui
713 4161 954 4225 artiﬁcis,
986 4163 1171 4217 volens
1198 4163 1415 4233 propria
1444 4165 1521 4218 uti
1548 4173 1815 4232 potestate
1837 4205 1852 4227 ,
1895 4180 1996 4219 nec

427 4251 816 4321 subditus‘esse
858 4253 957 4306 sub
982 4252 1243 4307 creatoris
1280 4253 1362 4306 sui
1407 4252 1788 4308 dominatione.
1841 4252 1995 4310 Unde

428 4342 627 4396 factum
649 4353 731 4399 est
750 4352 809 4399 ut
834 4352 1201 4414 transgressor
1223 4345 1595 4400 mandatorum
1609 4346 1704 4402 Dei
1731 4348 1989 4416 existens,

2109 2884 2282 2940 solum
2310 2884 2521 2954 culpam
2568 2881 2725 2936 mala:
2751 2881 3042 2938 voluntatis
3083 2890 3139 2938 et
3184 2882 3413 2939 actionis
3440 2884 3675 2939 remitte-

2108 2984 2210 3043 ret,
2241 2977 2335 3031 sed
2362 2976 2525 3030 etiam
2559 2974 2699 3028 bene
2727 2972 2882 3041 velle,
2912 2989 3072 3045 agere
3100 2982 3262 3045 atque
3290 2975 3343 3029 in
3366 2976 3452 3030 his
3474 2991 3677 3046 perma-

2033 3092 2077 3155 C
2108 3082 2237 3123 nere
2264 3068 2491 3123 donaret
2517 3087 2528 3121 :
2564 3082 2583 3116 ι
2616 3063 2785 3121 Omne
2810 3065 2956 3120 enim
2978 3105 2993 3130 ,
3029 3066 3201 3136 inquit
3226 3065 3505 3136 apostolus
3532 3065 3677 3121 Jaco-

2107 3158 2229 3225 bus,
2275 3159 2457 3215 datum
2494 3160 2753 3231 optimum
2778 3199 2793 3225 ,
2841 3165 2895 3212 et
2939 3171 3097 3213 omne
3143 3156 3342 3212 donum
3384 3157 3675 3226 perfectum

2108 3247 2390 3303 desursum
2417 3256 2521 3313 est,
2550 3248 2883 3305 descendens
2911 3263 2942 3301 a
2982 3256 3137 3317 patre
3160 3246 3424 3301 luminum
3470 3248 3677 3319 (Iacob.

2105 3339 2145 3410 ι)
2178 3358 2191 3393 :
2223 3359 2241 3392 ι
2271 3341 2364 3411 qui
2389 3340 2544 3410 quale
2578 3341 2651 3396 sit
2681 3337 2912 3395 liberum
2938 3340 3242 3407 arbitrium,
3275 3342 3422 3410 quod
3443 3344 3677 3395 humano

2103 3431 2294 3500 spiritu
2320 3432 2515 3502 agitur,
2562 3440 2618 3488 et
2642 3432 2799 3502 quale
2838 3432 2908 3487 sit
2931 3432 3071 3502 quod
3097 3446 3127 3485 a
3152 3430 3264 3486 Deo
3306 3433 3533 3503 regitur,
3563 3435 3670 3488 evi-

2101 3522 2292 3577 denter
2319 3522 2593 3587 ostendit,
2638 3523 2823 3578 dicens
2852 3540 2864 3575 :
2918 3540 2936 3572 ι
2971 3521 3122 3589 Quod
3156 3522 3200 3577 si
3226 3522 3401 3577 zelum
3433 3539 3675 3578 amarum

2102 3615 2327 3679 habetis,
2352 3623 2409 3670 et
2431 3615 2803 3671 contentiones
2830 3615 2938 3669 sint
2960 3615 3013 3668 in
3043 3613 3292 3669 cordibus
3317 3616 3533 3681 vestris,
3576 3634 3675 3671 no-

2100 3703 2194 3760 lite
2221 3703 2437 3776 gloriari
2470 3705 2754 3760 adversum
2784 3706 3063 3760 veritatem
3113 3712 3168 3759 et
3194 3708 3485 3763 mendaces
3513 3723 3632 3763 esse
3656 3726 3667 3759 :

2100 3806 2208 3847 non
2253 3801 2336 3849 est
2387 3795 2491 3849 ista
2539 3795 2798 3865 sapientia
2847 3793 3130 3850 desursum
3177 3795 3533 3863 descendens,
3579 3800 3673 3853 sed

2099 3892 2334 3951 terrena,
2362 3885 2632 3953 animalis,
2669 3886 2965 3953 diabolica;
2993 3887 3083 3941 ubi
3120 3888 3261 3941 cnim
3298 3889 3446 3945 zelus
3471 3899 3526 3945 et
3550 3907 3673 3946 con-

2098 3975 2291 4042 tentio,
2340 3976 2412 4031 ibi
2439 3976 2798 4031 inconstantia
2827 3985 2881 4031 et
2914 3992 3072 4032 omne
3095 3992 3230 4048 opus
3262 3993 3486 4047 pravum
3512 3995 3527 4034 :
3552 3996 3672 4051 qua:

2096 4076 2277 4123 autem
2330 4069 2608 4124 desursum
2650 4075 2731 4123 est
2760 4068 3049 4136 sapientia,
3077 4070 3308 4138 primum
3333 4071 3551 4139 quidem
3571 4088 3675 4142 pu-

2096 4157 2215 4213 dica
2247 4166 2349 4224 est,
2373 4157 2563 4214 deinde
2589 4158 2832 4229 pacifica,
2868 4158 3127 4224 modesta,
3157 4160 3455 4227 suadibilis,
3512 4162 3670 4231 plena

2095 4250 2466 4305 misericordia
2500 4258 2554 4305 et
2576 4248 2839 4305 fructibus
2860 4250 3035 4316 bonis,
3077 4266 3179 4304 non
3207 4250 3527 4319 dijudicans,
3552 4255 3674 4309 sine

2094 4339 2432 4394 simulatione
2471 4338 2673 4411 (Iacob.
2694 4338 2798 4412 ιιι).
2836 4359 2855 4391 ι
2889 4338 3206 4409 Quicunque
3229 4356 3358 4412 ergo
3387 4343 3473 4398 his
3503 4344 3671 4398 virtu-

427 4431 479 4486 id
509 4434 648 4501 quod
680 4434 958 4490 sublimius
991 4436 1197 4505 accepit
1234 4450 1346 4505 pra:
1388 4437 1597 4492 cazteris
1620 4478 1635 4503 ,
1665 4437 1989 4494 minoratum

2110 4431 2236 4485 ibus
2264 4430 2479 4485 student
2504 4438 2667 4499 atque
2707 4430 2988 4494 inhaerent,
3026 4445 3131 4483 non
3159 4445 3282 4491 sua,
3314 4432 3409 4486 sed
3433 4448 3667 4503 superna

425 4526 650 4580 haberet
668 4526 811 4580 omni
851 4535 1088 4596 tempore
1111 4536 1221 4581 suae
1243 4528 1725 4597 peregrinationis;
1756 4544 1863 4586 nec
1876 4528 1987 4597 jam

425 4616 580 4671 aliter
605 4618 801 4672 salvari
846 4619 1048 4688 possit,
1099 4618 1199 4672 nisi
1226 4632 1324 4687 per
1350 4619 1578 4688 gratiam
1608 4616 1739 4673 Jesu
1763 4619 1987 4687 Christi,

422 4709 669 4764 videlicet
691 4710 773 4763 sui
803 4709 1214 4777 Redemptoris;
1266 4708 1494 4764 liberum
1519 4709 1660 4763 enim
1705 4711 1988 4765 arbitrium

424 4816 482 4856 se
511 4808 891 4865 excaecaverat,
920 4808 974 4854 et
997 4799 1169 4870 ipsum
1195 4813 1253 4854 se
1293 4798 1599 4853 illuminare
1620 4813 1726 4853 non
1754 4806 1986 4869 poterat.

422 4892 574 4947 Nunc
616 4901 791 4948 autem
838 4892 980 4947 idem
1021 4892 1305 4947 arbitrium
1345 4902 1662 4947 conversum
1705 4899 1829 4959 est,
1880 4906 1987 4945 non

423 4997 710 5048 eversum;
759 4991 816 5037 et
838 4983 1091 5037 donatum
1139 4990 1223 5036 est
1249 4981 1298 5036 ei
1329 4981 1485 5037 aliter
1515 4981 1672 5047 velle,
1718 4982 1876 5037 aliter
1901 4997 1979 5037 sa-

421 5088 569 5145 pere,
592 5071 747 5125 aliter
772 5087 951 5142 agere,
974 5080 1029 5126 et
1056 5071 1470 5126 incolumitatem
1515 5086 1667 5126 suam
1698 5087 1803 5126 non
1824 5072 1877 5125 in
1907 5086 1984 5137 se,

421 5163 516 5219 sed
546 5162 599 5216 in
624 5162 830 5216 medico
858 5162 1141 5227 collocare,
1199 5163 1320 5231 quia
1344 5160 1573 5215 necdum
1614 5169 1724 5214 tam
1749 5160 1987 5231 perfecta

419 5253 591 5308 utitur
619 5250 870 5316 sanitate,
920 5259 1073 5305 utea
1097 5261 1219 5318 (pne
1265 5249 1314 5303 ei
1342 5258 1664 5313 nocuerant,
1720 5259 1989 5317 nequeant

412 5343 523 5413 jam
555 5355 770 5406 nocere,
794 5349 887 5394 aut
911 5340 964 5393 in
992 5337 1292 5394 salubribus
1318 5338 1487 5407 possit
1508 5339 1618 5408 jam
1646 5339 1851 5393 viribus
1877 5342 1987 5394 suis

419 5443 740 5502 temperare.
768 5429 1002 5485 Proinde
1047 5430 1207 5484 homo
1235 5427 1326 5496 qui
1358 5427 1412 5480 in
1441 5426 1610 5482 libero
1638 5428 1859 5482 arbitrio
1886 5430 1987 5484 fuit

419 5523 609 5588 malus,
637 5524 691 5578 in
717 5523 832 5593 ipso
855 5521 1026 5577 libero
1071 5519 1293 5576 arbitrio
1325 5518 1496 5574 factus
1522 5528 1604 5575 est
1629 5521 1837 5588 bonus;
1892 5525 1985 5578 sed

420 5628 515 5680 per
539 5627 595 5666 se
625 5613 814 5678 malus,
846 5627 945 5682 per
963 5612 1131 5665 Deum
1153 5610 1345 5673 bonus,
1376 5611 1465 5678 qui
1493 5626 1615 5665 enm
1652 5611 1724 5664 ita
1749 5612 1801 5665 in
1836 5612 1981 5666 illum

416 5700 673 5755 initialem
725 5702 979 5759 honorem
1010 5703 1115 5757 alio
1143 5701 1295 5758 initio
1334 5702 1664 5769 reformavit,
1697 5711 1755 5757 ut
1797 5703 1845 5757 ei
1874 5718 1979 5758 non

2091 4521 2352 4590 sapientia
2376 4520 2622 4575 illustrati
2652 4527 2815 4574 sunt:
2849 4521 3102 4589 quoniam
3145 4521 3405 4577 Dominus
3440 4524 3533 4577 dat
3571 4539 3665 4577 sa-

2088 4614 2363 4682 pientiam,
2393 4622 2447 4669 et
2469 4631 2498 4668 a
2517 4614 2652 4669 facie
2679 4615 2792 4684 ejus
2813 4614 3039 4669 scientia
3068 4624 3123 4668 et
3150 4615 3454 4671 intellectus
3481 4614 3659 4689 (Pror.

2090 4705 2152 4775 ιι)
2176 4722 2190 4770 ;
2218 4714 2273 4760 et
2302 4706 2415 4760 haec
2443 4721 2627 4761 eorum
2656 4701 2938 4761 verissima
2960 4706 3123 4776 gloria
3160 4716 3263 4771 est,
3291 4708 3332 4761 si
3361 4724 3468 4763 non
3500 4710 3551 4762 in
3581 4725 3663 4764 sc.

2090 4797 2183 4852 sed
2210 4797 2263 4850 in
2290 4797 2514 4852 Domino
2542 4798 2858 4866 gloriantur.
3247 4857 3257 4871 ν

2163 4906 2181 4938 ι
2220 4887 2277 4942 Si
2301 4888 2536 4943 volueris
2577 4888 2833 4944 mandata
2862 4903 3182 4943 conservare
3206 4928 3222 4953 ,
3264 4891 3661 4963 eonservalnnrt

2095 4994 2114 5027 ι
2150 4986 2222 5043 te,
2252 4986 2307 5033 et
2334 4978 2387 5032 in
2410 4986 2724 5048 perpetuum
2753 4978 2911 5033 fidem
2940 4977 3191 5049 placitam
3232 4977 3436 5034 facere.
3475 4999 3495 5031 ι
3526 4979 3659 5046 Qui-

2088 5085 2298 5139 cunque
2322 5085 2450 5141 ergo
2477 5071 2726 5125 mandata
2748 5070 2843 5124 Dei
2866 5069 3168 5137 custodire,
3196 5076 3251 5125 et
3277 5071 3532 5139 operibus
3554 5071 3659 5124 im-

2087 5159 2234 5227 plere
2260 5160 2512 5231 elegerit,
2544 5158 2809 5229 ﬁdemque
2834 5167 3035 5214 rectam
3059 5168 3115 5214 et
3142 5159 3466 5215 catholicam
3491 5174 3663 5229 usque

2088 5252 2140 5305 in
2166 5252 2323 5306 linem
2350 5252 2471 5305 vita:
2491 5251 2747 5315 tenuerit,
2775 5251 2841 5304 ab
2871 5249 3081 5304 insidiis
3100 5251 3303 5320 antiqui
3330 5250 3505 5305 hostis
3529 5250 3658 5304 illa}-

2087 5358 2179 5397 sus
2205 5342 2303 5397 sub
2330 5341 2661 5410 protectione
2683 5340 3064 5410 omnipotentis
3091 5340 3184 5394 Dei
3211 5340 3455 5394 manebit
3482 5358 3496 5393 :
3530 5339 3653 5408 quia

2085 5440 2139 5485 ct
2163 5432 2276 5501 ipsa
2301 5429 2516 5485 Veritas
2544 5431 2597 5485 in
2619 5431 2907 5501 Evangelia
2931 5430 3201 5495 ostendit,
3250 5429 3346 5484 ubi
3370 5430 3452 5484 ait
3480 5445 3498 5484 :
3547 5446 3565 5480 ι
3592 5426 3653 5482 Si

2085 5524 2205 5593 quis
2242 5538 2543 5578 sermonem
2572 5538 2749 5577 meum
2771 5524 3090 5587 servaverit,
3120 5531 3351 5576 mortem
3385 5536 3494 5577 non
3512 5521 3655 5575 vide-

2085 5615 2164 5669 bit
2182 5615 2237 5668 in
2264 5624 2523 5670 reternum
2554 5614 2732 5686 (Joan.
2757 5618 2929 5683 vin)»
2956 5616 3024 5669 Et
3049 5615 3214 5669 item:
3244 5632 3264 5664 ι
3299 5615 3357 5668 Si
3382 5614 3504 5685 quis
3525 5612 3647 5666 dili-

2085 5704 2161 5775 git
2182 5720 2285 5771 me,
2326 5715 2629 5761 sermonem
2673 5722 2847 5762 meum
2901 5706 3174 5773 servabit;
3216 5714 3272 5761 ct
3316 5706 3478 5761 Pater
3500 5719 3653 5760 mens
