3904 6184
233 300 335 356 865

1117 288 1471 347 COMMENT.
1509 289 1573 342 IN
1612 286 2225 345 ECCLESIASTICUM.
2265 320 2333 328 —
2371 288 2496 345 LIB.
2537 289 2625 345 ιν.

3388 294 3492 347 866

232 412 415 481 diliget
446 421 594 471 eum,
645 412 700 458 et
730 403 798 458 ad
847 417 970 458 eum
1018 402 1327 458 veniemus.
1368 408 1422 456 et
1469 400 1803 455 mansionem
1832 405 1880 465 Α
1908 399 2120 455 Domini
2169 416 2383 471 semper
2411 400 2842 472 contemplemur
2888 402 3058 457 bonos
3102 410 3158 456 et
3186 402 3387 469 uitales,
3440 417 3493 462 et

230 500 368 572 apud
391 513 514 553 eum
547 494 807 550 faciemus
831 491 1014 566 (Joan.
1044 492 1175 562 xw).
1218 511 1236 544 ι

305 610 323 641 ι
355 588 617 660 Apposuit
648 586 741 641 libi
770 600 965 654 aquam
1001 594 1054 639 et
1082 584 1281 655 ignem,
1310 584 1376 639 ad
1404 583 1545 652 quod
1573 582 1809 638 volueris

234 702 251 730 ι
288 679 503 751 porrige
547 692 770 731 manum
820 682 988 729 tuam.
1025 694 1043 726 ι
1104 674 1162 728 In
1214 674 1336 745 igne
1380 674 1656 730 tribulatio
1683 715 1697 740 ,
1752 675 1858 768 inu

226 783 368 838 aqua
391 766 727 838 refrigerium
755 765 1095 835 exprimitur.
1126 764 1383 834 Apposita
1409 780 1539 834 ergo
1564 773 1689 819 sunt
1716 780 1794 819 co.

230 874 345 912 ram
397 856 553 913 nobis
581 854 856 910 tribulatio
881 896 897 921 ,
926 863 981 908 et
1005 855 1335 926 prosperitas
1359 871 1373 919 ;
1403 860 1448 909 si
1478 854 1807 910 voluerimus

224 960 389 1015 opere
414 958 672 999 exercere
692 943 945 998 mandata
977 942 1091 1007 Dei,
1138 943 1456 998 habebimus
1481 944 1807 1000 consolatio—

227 1055 352 1094 nem
377 1038 500 1093 vitte
524 1047 776 1103 aeternaa;
823 1037 871 1092 si
908 1047 1093 1093 autem
1122 1045 1520 1107 contemptores
1546 1037 1806 1092 fuerimus

224 1130 602 1185 mandatorum
632 1128 767 1199 ejus,
803 1137 1059 1199 sequetur
1085 1145 1183 1185 nos
1225 1129 1281 1185 in
1313 1129 1496 1185 furore
1518 1146 1689 1200 preme
1716 1147 1806 1201 ge-

223 1219 418 1274 hennze
447 1235 461 1271 :
492 1217 634 1289 quod
674 1227 732 1272 et
756 1217 1177 1273 evidentioribus
1207 1227 1599 1288 consequenter
1620 1220 1802 1289 expri-

225 1310 395 1364 mitur
421 1309 623 1375 vcrbis,
646 1323 768 1363 cum
794 1306 1163 1380 subjungitur:

301 1419 319 1452 ι
354 1399 494 1454 Ante
533 1400 807 1455 hominem
834 1400 940 1455 vita
962 1410 1017 1455 et
1040 1417 1207 1466 mors,
1250 1402 1447 1456 bonum
1476 1411 1530 1458 et
1556 1405 1755 1458 malum
1785 1426 1799 1459 :

228 1511 247 1543 ι
290 1491 435 1561 quod
460 1490 723 1562 placuerit
749 1490 798 1545 ei
825 1531 840 1555 ,
886 1491 1104 1546 dabitur
1131 1491 1227 1546 illi.
1261 1512 1278 1545 ι
1334 1492 1515 1548 Multis
1555 1495 1700 1549 enim
1746 1494 1800 1548 in

220 1583 356 1637 locis
374 1591 563 1638 sancta
592 1582 870 1653 Scriptura
916 1599 1013 1639 nos
1043 1583 1263 1638 instruit
1284 1585 1551 1653 quomodo
1578 1601 1673 1655 per
1701 1587 1801 1641 ob-

218 1671 548 1725 servantiam
579 1678 967 1741 przeceptorum
993 1670 1087 1725 Dei
1116 1672 1385 1742 possimus
1419 1674 1658 1728 hzere-Jcs
1683 1674 1798 1728 ﬁeri

1912 492 2121 547 noverit
2148 492 2352 559 omnia,
2381 500 2558 546 tamen
2582 491 2797 561 proprie
2822 491 2961 546 oculi
2992 492 3387 562 ejus'dicuntur
3427 497 3495 550 ad

1912 585 2162 639 timentes
2192 601 2317 638 eum
2358 585 2649 653 respicere,
2691 584 2816 653 quia
2844 584 3225 638 misericordite
3263 584 3379 653 ejus
3409 587 3495 641 in-

1911 672 2076 727 tuitus
2103 673 2170 727 ad
2192 673 2310 728 illos
2341 674 2573 727 maxime
2610 674 2865 744 respicit;
2913 682 2967 728 et
2992 690 3055 727 ea
3077 672 3275 727 dicitur
3301 692 3497 746 agnos-

1909 779 2055 828 cere,
2086 780 2203 832 qua:
2224 772 2437 819 constat
2470 780 2593 819 eum
2620 766 2851 834 probare
2879 780 2894 830 ;
2926 779 3098 833 eaque
3124 765 3350 829 nescire,
3374 782 3494 836 qua:

1908 858 2053 912 nullo
2082 858 2240 913 modo
2281 859 2395 913 vult
2418 860 2669 929 probare.
2703 859 2856 914 Unde
2886 859 3146 927 scriptum
3186 850 3300 914 est:
3338 878 3356 909 ς
3388 860 3497 915 No-

1906 949 1983 1003 vit
2013 950 2270 1004 Dominus
2298 950 2436 1003 viam
2453 948 2749 1017 justorum,
2781 959 2836 1004 et
2855 950 2958 1004 iter
2985 949 3268 1020 impiorum
3292 951 3493 1019 peribit

1908 1037 2079 1111 (Psal.
2110 1037 2147 1109 ι)
2180 1056 2192 1091 :
2224 1038 2358 1092 llinc
2387 1048 2440 1093 et
2470 1040 2522 1092 in
2550 1039 2839 1109 Evangelio
2859 1039 3054 1109 legitur
3079 1040 3146 1093 ad
3171 1039 3362 1093 stultas
3390 1040 3495 1093 vir-

1907 1128 2060 1198 gines
2088 1128 2363 1213 pulsantes
2392 1129 2609 1194 ostium,
2634 1139 2689 1184 et
2714 1129 2991 1184 introitum
3020 1144 3142 1184 sero
3166 1139 3491 1198 qumrentcs,

1907 1222 2021 1292 ipse
2059 1222 2315 1277 Dominus
2345 1223 2688 1293 respondisse
2713 1239 2725 1275 :
2758 1223 2929 1277 Amen
2957 1223 3077 1278 dico
3104 1222 3277 1289 vobis,
3309 1224 3493 1278 nescio

1906 1333 2001 1373 vos
2024 1318 2240 1389 (Matth.
2272 1318 2399 1391 xxv)
2429 1336 2440 1372 :
2477 1338 2496 1371 ι
2527 1326 2582 1373 et
2608 1317 2727 1372 ideo
2752 1316 2880 1386 quid
2907 1316 3210 1371 faciendum
3242 1316 3396 1370 nobis
3424 1318 3495 1371 sit

1904 1418 2300 1477 consequenter
2344 1408 2581 1464 ostendit
2606 1400 2641 1471 ,’
2676 1407 2859 1461 dicens
2892 1424 2904 1459 :
2974 1426 2992 1457 ι
3028 1406 3256 1475 Vigilate
3286 1407 3489 1495 itaque,

1905 1499 2030 1567 quia
2067 1499 2287 1553 nescitis
2335 1500 2476 1553 diem
2507 1514 2683 1567 neque
2727 1499 2936 1551 horam.
2977 1516 2995 1548 ι
3030 1496 3227 1550 Beatus
3255 1511 3383 1567 ergo
3409 1505 3494 1550 est

1903 1590 1995 1657 qui
2021 1590 2205 1660 vigilat
2232 1605 2460 1660 semper,
2495 1597 2549 1644 et
2598 1588 2830 1642 custodit
2862 1586 3180 1641 vestimenta
3217 1601 3338 1649 sua,
3392 1586 3493 1639 hoc

1902 1689 2007 1743 est,
2031 1690 2184 1735 actus
2217 1696 2364 1745 suos,
2397 1696 2463 1736 ne
2506 1680 2679 1733 nudus
2710 1678 2969 1742 ambulet,
3018 1684 3074 1731 et
3107 1692 3212 1732 non
3247 1676 3493 1729 videlicet

218 1761 457 1815 ewlestis
498 1761 648 1831 regni
674 1777 689 1824 ;
716 1772 772 1818 et
795 1778 826 1818 e
849 1761 1123 1817 contrario
1152 1761 1387 1831 qualiter
1406 1778 1504 1832 per
1529 1763 1799 1834 negligen—
1832 1752 1875 1810 Β
1904 1786 2102 1825 vacuus
2132 1771 2285 1825 bonis
2321 1770 2574 1839 operibus
2602 1770 2654 1823 in
2686 1769 2918 1823 adventu
2959 1767 3157 1838 judicis
3185 1777 3442 1837 appareat
3473 1785 3487 1823 :

218 1854 350 1906 tiam
376 1861 430 1907 et
457 1861 820 1924 contemptum
848 1853 1136 1909 verborum
1163 1853 1297 1924 ejus,
1325 1854 1525 1909 erimus
1544 1854 1798 1925 pabulum

218 1946 358 2016 ignis
390 1946 598 2000 :eterni.
637 1944 787 2002 Unde
830 1946 886 2000 in
927 1945 1344 2001 Deuteronomio
1377 1946 1635 2016 scriptum
1674 1954 1795 2002 est:

222 2054 242 2086 ι
281 2035 337 2091 Si
362 2036 586 2092 audiens
599 2036 803 2106 judicia
827 2036 1039 2092 Domini
1073 2038 1396 2093 custodieris
1421 2054 1485 2093 ea
1506 2048 1561 2093 et
1584 2039 1797 2106 feceris,

216 2127 487 2183 custodiet
526 2126 783 2183 Dominus
817 2127 958 2183 Deus
986 2136 1110 2183 tuus
1139 2128 1233 2184 tibi
1262 2136 1477 2198 pactum
1506 2137 1561 2184 et
1584 2130 1799 2186 miseri-

216 2220 478 2283 cordiam,
510 2234 671 2290 quam
698 2218 901 2289 juravit
925 2221 1171 2290 patrihus
1201 2220 1322 2284 tuis,
1355 2228 1412 2276 et
1430 2221 1615 2292 diliget
1645 2230 1715 2286 te,
1746 2231 1801 2277 et

218 2309 601 2379 multiplicabit
625 2308 804 2382 (Deut.
836 2316 954 2380 vn).
985 2331 1004 2364 ›
1058 2309 1125 2365 Et
1152 2311 1349 2366 iterum
1378 2329 1391 2365 :
1430 2329 1449 2362 α
1484 2311 1693 2379 Sciens,
1724 2313 1802 2367 in-

215 2401 353 2470 quit,
385 2401 512 2471 quia
532 2402 792 2456 Dominus
813 2402 955 2458 Deus
991 2410 1114 2458 tuus
1144 2402 1259 2471 ipse
1286 2410 1370 2458 est
1397 2403 1539 2459 Deus
1561 2401 1718 2459 fortis
1746 2411 1801 2459 et

216 2491 412 2557 ﬁdelis,
458 2492 765 2547 custodiens
789 2499 1003 2562 pactum
1029 2499 1085 2546 et
1116 2492 1540 2548 misericordiam
1573 2493 1799 2565 diligen-

214 2581 360 2637 tibus
383 2598 462 2648 se,
494 2591 548 2637 et
573 2582 661 2637 his
686 2582 778 2652 qui
804 2582 1113 2638 custodiunt
1140 2590 1407 2653 prtecepla
1434 2584 1549 2654 ejus
1576 2584 1628 2641 in
1655 2584 1799 2640 mille

213 2674 628 2744 generationes;
660 2681 716 2727 et
744 2672 974 2729 reddens
1013 2673 1318 2729 odientihus
1366 2690 1424 2729 se
1462 2677 1645 2730 statim
1670 2716 1684 2740 ,
1726 2677 1797 2729 ita

212 2771 275 2816 nt
300 2763 578 2832 disperdat
610 2776 703 2817 eos
726 2802 741 2826 ,
789 2771 843 2816 et
867 2762 1005 2817 ultra
1036 2779 1142 2817 non
1168 2762 1398 2830 diﬂ‘erat,
1445 2765 1688 2834 protinus
1720 2764 1800 2823 eis

214 2854 509 2909 restituens
529 2853 673 2923 quod
698 2860 974 2908 merentur
994 2852 1205 2926 (Ibid)
1245 2873 1263 2905 ι
1290 2851 1425 2908 Hinc
1454 2864 1508 2908 et
1529 2869 1626 2924 per
1653 2853 1801 2908 Psal-

214 2946 431 2999 mistam
459 2945 656 3000 dicitur
681 2963 693 2998 :
741 2963 761 2996 ‹
794 2945 1041 3001 Custodit
1071 2945 1329 3000 Dominus
1363 2960 1552 3000 omnes
1578 2944 1801 3016 diligen-

212 3047 296 3091 tes
323 3053 401 3101 se,
431 3045 487 3092 et
509 3051 696 3091 omnes
715 3045 1030 3107 peccatores
1056 3037 1330 3107 disperdet
1352 3034 1523 3108 (Psal.
1548 3036 1747 3109 cxuv).
1773 3056 1791 3088 ι

212 3128 351 3185 lliuc
377 3139 434 3185 et
462 3128 716 3185 Salomon
747 3130 823 3184 ait
848 3150 860 3184 :
900 3148 919 3180 ι
952 3130 1296 3185 Abominatio
1319 3138 1403 3186 est
1434 3129 1660 3186 Domino
1692 3130 1799 3184 vita
1827 3111 1874 3173 C-

211 3220 399 3290 impii;
431 3221 524 3291 qui
560 3220 805 3291 sequitur
834 3219 1099 3288 justitiam
1118 3260 1133 3286 ,
1162 3220 1400 3292 diligitur
1425 3224 1493 3276 ab
1522 3236 1587 3276 eo
1614 3218 1797 3292 (Prov.

208 3309 327 3380 xv).
358 3328 377 3361 ι
409 3308 547 3365 Hinc
571 3316 625 3365 et
661 3310 777 3380 ipsa
811 3308 1024 3364 Veritas
1051 3309 1104 3362 in
1130 3308 1419 3380 Evangelia
1439 3308 1554 3363 ait:
1585 3329 1602 3360 ι
1640 3308 1698 3365 Si
1725 3309 1802 3364 vis

208 3402 278 3457 ad
304 3402 474 3455 vitam
524 3401 754 3473 ingredi,
783 3416 939 3457 serva
969 3400 1223 3455 mandata
1251 3400 1465 3474 (Matth.
1503 3399 1638 3471 xxx).
1675 3422 1696 3454 ι
1736 3402 1802 3456 Ει

209 3494 383 3548 item:
423 3512 442 3544 ι
469 3490 573 3559 Qui
604 3492 845 3557 solverit,
878 3491 1071 3562 inquit,
1102 3507 1269 3545 unum
1297 3491 1363 3547 de
1388 3488 1659 3546 mandatis
1684 3492 1803 3547 istis

209 3586 476 3651 minimis,
504 3593 561 3640 et
579 3585 826 3640 docuerit
848 3584 928 3640 sic
954 3584 1221 3650 homines,
1246 3584 1500 3641 minimus
1520 3584 1799 3645 vocabitur

210 3678 265 3734 in
290 3693 459 3748 regno
480 3676 760 3732 ccelorum.
794 3675 896 3742 Qui
918 3684 1095 3731 autem
1123 3674 1312 3730 fecerit
1337 3684 1392 3729 et
1421 3674 1684 3740 docuerit,
1716 3674 1803 3728 hic

212 3784 449 3841 magnus
496 3768 780 3824 vocabitur
816 3769 872 3822 in
912 3783 1076 3840 regno
1114 3767 1374 3823 ctelorum
1424 3766 1641 3840 (Matth.
1670 3766 1744 3838 v).
1780 3785 1797 3818 ι

212 3861 281 3915 Εῑ
309 3861 472 3914 item:
526 3876 544 3909 ι
578 3857 693 3913 Νοη
721 3867 807 3913 est
840 3858 1003 3914 arbor
1052 3858 1216 3925 bona,
1259 3873 1378 3928 quae
1417 3857 1546 3912 facit
1595 3856 1805 3911 fructus

213 3952 430 4018 malos;
474 3965 648 4022 neque
672 3953 836 4008 arbor
863 3951 1023 4018 mala,
1055 3950 1258 4007 faciens
1294 3950 1528 4007 fructum
1558 3950 1758 4009 bonum
1787 3968 1800 4004 :

215 4060 557 4116 unaqureque
583 4043 725 4099 enim
766 4045 930 4100 arbor
972 4060 1038 4099 ex
1063 4042 1241 4109 fructu
1283 4058 1382 4099 suo
1421 4043 1801 4115 cognoscitur:

221 4136 400 4192 omnis
426 4136 609 4201 arbor,
641 4151 760 4206 qua:
784 4151 890 4192 non
918 4134 1048 4190 facit
1075 4133 1310 4190 fructum
1336 4136 1558 4202 bonum,
1586 4136 1804 4192 excide-

212 4239 311 4285 tur
338 4229 472 4284 etin
496 4229 673 4300 ignem
700 4229 948 4283 mittetur
984 4225 1135 4300 (Luc.
1165 4225 1271 4299 vi):
1298 4247 1317 4278 ι

300 4340 319 4373 ι
349 4320 619 4388 Quoniam
663 4318 831 4374 multa
853 4318 1115 4389 sapientia
1143 4318 1261 4384 Dei,
1287 4325 1341 4374 et
1360 4318 1518 4373 fortis
1542 4317 1595 4373 in
1617 4326 1809 4388 poten-

227 4431 246 4463 ι
280 4412 377 4477 tia,
400 4411 591 4466 videns
611 4424 800 4465 omnes
820 4409 937 4465 sine
960 4408 1380 4463 intermissione.
1408 4427 1427 4458 ›
1458 4405 1646 4463 Nullus
1663 4407 1809 4462 enim

216 4500 569 4571 przesentiam
595 4499 692 4556 Dei
719 4498 954 4571 etl'ugere
990 4506 1188 4570 potest,
1218 4514 1318 4554 nec
1345 4498 1544 4569 aliquid
1571 4499 1810 4570 cogitare

217 4604 316 4650 aut
366 4608 532 4666 agere
578 4594 720 4663 quod
763 4609 888 4649 eum
939 4592 1122 4648 lateat.
1172 4590 1325 4647 Unde
1375 4591 1636 4661 scriptum
1686 4598 1809 4645 est:

226 4706 247 4737 ς
279 4687 487 4742 Omnes
509 4686 609 4739 via:
632 4685 911 4740 hominum
940 4692 1127 4754 patent
1143 4681 1313 4739 oculis
1331 4680 1483 4751 ejus;
1521 4681 1809 4751 spirituum

214 4779 559 4849 ponderator
598 4785 683 4833 est
709 4776 989 4841 Dominus,
1036 4775 1162 4845 quia
1198 4773 1452 4843 majestas
1482 4775 1597 4845 ejus
1627 4773 1808 4828 omnia

210 4868 635 4939 comprehendit
666 4865 846 4939 (Prov.
874 4868 1006 4940 XVI).
1048 4886 1067 4919 ι
1117 4865 1270 4934 Quod
1289 4875 1344 4920 et
1370 4865 1652 4920 Psalmista
1676 4882 1809 4921 cou-

206 4964 493 5025 siderans,
524 4962 600 5015 ait
632 4978 644 5014 :
678 4979 698 5011 ι
727 4960 843 5028 Quo
873 4960 961 5016 ibo
998 4975 1029 5013 a
1056 4960 1245 5030 Spiritu
1273 4967 1379 5024 tuo,
1412 4967 1464 5014 et
1487 4974 1517 5013 a
1551 4957 1688 5013 facie
1722 4967 1809 5012 tua

206 5071 330 5124 quo
354 5052 563 5124 fugiam
587 5069 599 5103 :
651 5051 695 5107 si
724 5051 1019 5106 ascendere
1047 5050 1103 5105 in
1133 5049 1324 5105 ccelnm
1347 5091 1361 5115 ,
1406 5058 1463 5104 tu
1492 5048 1601 5104 illic
1630 5065 1722 5115 es;
1766 5048 1811 5103 si

202 5146 563 5204 descendero
614 5144 670 5206 in
725 5140 1026 5207 infernum,
1071 5141 1200 5196 ades
1256 5137 1428 5212 (Psal.
1467 5128 1751 5209 cxxxvnt).
1788 5159 1807 5193 ι

202 5242 291 5297 Et
333 5239 460 5294 ideo
491 5250 710 5292 necesse
751 5244 834 5291 est
884 5244 944 5289 ut
989 5235 1152 5290 homo
1179 5248 1394 5302 semper
1441 5234 1497 5288 in
1526 5233 1671 5289 omni
1705 5233 1812 5286 vita

200 5348 324 5391 sua
377 5338 572 5385 cantus
612 5329 712 5394 sit,
761 5336 817 5382 et
860 5342 927 5382 ea
977 5328 1213 5399 cogitet,
1254 5326 1507 5396 loquatur
1566 5334 1619 5382 et
1665 5335 1811 5396 agat,

194 5438 347 5497 qua:
376 5418 561 5476 divino
592 5417 701 5474 sint
727 5417 889 5487 digna,
911 5426 1224 5487 conspectu,
1276 5426 1331 5471 et
1355 5432 1475 5485 qua:
1500 5415 1573 5470 illi
1601 5416 1814 5486 placere

190 5516 465 5575 valeant.
1473 5525 1478 5531 '

303 5626 320 5657 ι
355 5602 513 5660 Oculi
543 5603 752 5658 Domini
784 5604 850 5658 ad
877 5603 1128 5659 timentes
1152 5617 1296 5668 eum,
1327 5608 1381 5656 et
1420 5602 1533 5670 ipse
1561 5609 1817 5671 agnoscet

200 5716 233 5751 ς
293 5683 536 5753 omnem
568 5709 789 5767 operam
834 5694 1086 5751 hominis.
1117 5713 1135 5745 ι
1193 5692 1451 5759 Quamvis
1498 5707 1626 5764 ergo
1671 5691 1815 5748 oculi

1836 4460 1887 4521 D

1900 1863 2025 1931 quia
2056 1864 2133 1916 ira
2162 1864 2262 1918 viri
2294 1880 2398 1917 non
2432 1870 2617 1933 parcet
2662 1862 2717 1916 in
2746 1861 2831 1917 die
2877 1861 3141 1923 vindictae,
3167 1870 3222 1914 et
3252 1876 3343 1914 rex
3396 1861 3490 1929 qui

1900 1955 2052 2010 sedet
2079 1955 2131 2010 in
2162 1956 2295 2010 solio
2338 1955 2526 2023 judieii
2577 1956 2805 2025 dissipat
2854 1968 3014 2008 omne
3066 1952 3263 2006 malum
3292 1953 3489 2005 intuitu

1899 2057 2017 2097 suo.
2063 2041 2225 2096 Juxta
2253 2052 2335 2098 est
2364 2044 2508 2097 enim
2539 2044 2655 2098 dies
2684 2042 2915 2107 Domini,
2958 2050 3012 2095 et
3042 2039 3386 2095 tribulabitur
3414 2039 3488 2094 ibi

1901 2133 2076 2188 fortis.

1976 2247 1993 2277 ε
2029 2226 2236 2281 Nemini
2275 2227 2549 2281 mandavit
2600 2225 2764 2294 impie
2808 2239 2968 2295 agere
3008 2232 3063 2277 et
3092 2225 3292 2279 nemini
3341 2225 3491 2279 dedit

1906 2335 1924 2369 ι
1956 2319 2187 2387 spatium
2231 2318 2508 2387 peccandi.
2543 2337 2561 2369 ι
2596 2315 2748 2371 Sicut
2774 2316 2919 2370 enim
2960 2316 3220 2369 Dominus
3258 2331 3363 2370 non
3406 2326 3490 2371 est

1901 2418 2089 2463 auctor
2118 2418 2463 2478 peccatorum
2513 2416 2821 2462 nostrorum
2842 2447 2855 2470 ,
2889 2406 2962 2460 ita
2990 2421 3089 2459 nec
3130 2406 3362 2474 spatium
3392 2407 3491 2460 ali-

1900 2502 2042 2569 quod
2080 2500 2335 2568 temporis
2363 2499 2661 2561 concessit,
2713 2498 2764 2551 in
2790 2512 2897 2567 quo
2929 2497 3088 2551 homo
3123 2498 3337 2566 impune
3364 2513 3490 2567 pec-

1901 2607 2025 2646 care
2051 2592 2222 2660 possit
2249 2608 2263 2656 ;
2296 2591 2388 2645 sed
2418 2606 2634 2659 semper
2656 2590 2875 2643 mandat
2899 2604 3017 2659 qua:
3052 2600 3198 2644 recta
3234 2599 3381 2655 sunt,
3434 2598 3489 2644 et

1900 2683 2115 2738 cohibet
2144 2683 2417 2737 hominem
2437 2696 2467 2735 a
2492 2681 2718 2736 delictis.

1976 2791 1995 2824 ι
2032 2772 2146 2826 Non
2174 2772 2317 2826 enim
2345 2772 2680 2840 concupiscit
2710 2770 3101 2825 multitudinem
3148 2769 3380 2823 ﬁliorum
3410 2770 3493 2823 in-

1906 2882 1925 2914 c
1964 2862 2199 2916 fidelium
2228 2869 2283 2916 et
2313 2862 2603 2915 inutilium.
2642 2881 2660 2911 ι
2720 2859 3067 2915 Solummodo
3106 2874 3233 2929 ergo
3261 2858 3335 2912 illi
3370 2858 3488 2927 pla-

1901 2961 2004 3016 cet,
2046 2952 2191 3022 quod
2220 2953 2418 3006 bonum
2450 2960 2571 3016 est;
2625 2952 2802 3005 omnis
2829 2948 3368 3017 autem-perversitas
3410 2950 3494 3002 in-

1904 3042 2140 3098 ﬁdelium
2179 3051 2233 3096 et
2262 3041 2530 3096 inutilium
2557 3042 2605 3095 ei
2636 3040 2920 3110 displicet:
2977 3059 2994 3088 ι
3022 3038 3286 3105 Quoniam
3310 3037 3491 3106 justus

1905 3133 2185 3197 Dominus,
2213 3143 2266 3186 et
2288 3129 2556 3199 justitiam
2582 3131 2789 3194 dilexit,
2819 3130 3123 3199 :equitatem
3156 3129 3285 3182 vidit
3310 3129 3490 3183 vultus

1900 3224 2019 3294 ejus
2047 3243 2060 3279 :
2106 3225 2220 3279 odit
2244 3238 2434 3278 omnes
2455 3223 2547 3293 qui
2574 3230 2869 3291 operantur
2896 3220 3266 3289 iniquitatem,
3296 3230 3351 3274 et
3370 3235 3493 3288 per-

1901 3317 1989 3371 det
2017 3331 2207 3372 omnes
2228 3315 2321 3385 qui
2349 3314 2642 3384 loquuntur
2670 3311 3009 3366 mendacium
3038 3307 3210 3393 (Pent.
3238 3309 3313 3378 χ).
3349 3329 3369 3362 ι

2536 3423 2764 3480 CAPUT
2798 3423 2861 3476 ll.

1900 3518 1981 3573 De
2019 3518 2355 3573 multitudine
2402 3516 2634 3586 ﬁliorum
2687 3513 2949 3567 malorum
2991 3529 3095 3566 non
3143 3528 3256 3566 esse
3296 3511 3489 3567 ltrtan-

2044 3590 2169 3643 dum
2190 3607 2209 3644 :
2234 3604 2459 3658 quorum
2481 3602 2638 3656 opera
2675 3600 2914 3654 perversa
2953 3591 3343 3637 commemorat.

1975 3681 2127 3753 (CAP.
2161 3679 2296 3751 κεί.)
2322 3699 2342 3732 ι
2377 3678 2455 3734 Ne
2473 3676 2790 3749 jucunderis
2812 3676 2866 3729 in
2895 3674 3023 3729 ﬁliis
3061 3674 3262 3743 impiis,
3289 3674 3334 3728 si
3356 3672 3495 3728 mul-

1909 3791 1928 3826 ι
1968 3772 2315 3841 tiplicentur;
2346 3784 2452 3823 non
2476 3766 2765 3823 ohlecteris
2793 3780 2956 3834 super
2986 3765 3159 3835 ipsos,
3193 3763 3237 3818 si
3264 3778 3370 3819 non
3409 3771 3495 3819 est

1911 3884 1929 3916 ι
1973 3865 2131 3918 timor
2161 3862 2257 3916 Dei
2295 3862 2348 3916 in
2385 3861 2529 3924 illis;
2579 3873 2685 3913 non
2709 3858 2900 3912 credas
2924 3856 3047 3910 vitae
3072 3854 3311 3920 illorum,
3352 3864 3407 3909 et
3428 3870 3499 3911 ne

1912 3976 1930 4008 ι
1973 3952 2278 4025 respexeris
2328 3952 2382 4006 in
2435 3948 2652 4004 labores
2702 3947 2934 4001 illorum.
2966 3965 2985 3996 ι
3049 3943 3177 3998 Haec
3226 3944 3495 3999 sententia

1907 4055 2096 4103 contra
2127 4059 2221 4099 eos
2249 4042 2390 4098 valet
2427 4040 2518 4110 qui
2540 4038 2873 4095 delectantur
2923 4035 2977 4089 in
3018 4034 3360 4089 multitudine
3395 4034 3496 4091 oh-

1907 4136 2249 4207 sequentium
2295 4140 2350 4189 et
2401 4131 2454 4187 in
2488 4130 2661 4186 turbis
2698 4127 3083 4199 discipulorum
3109 4166 3125 4191 ,
3172 4140 3275 4180 nec
3304 4130 3499 4180 curant

1908 4235 2091 4285 utrum
2119 4224 2418 4283 secundum
2463 4222 2713 4276 timorem
2760 4219 2856 4275 Dei
2883 4224 3290 4282 conversentur,
3319 4217 3500 4286 operi-

1908 4322 2117 4390 busque
2166 4316 2475 4374 deserviant
2517 4314 2761 4384 justitiae,
2819 4329 2889 4369 an
2938 4311 3233 4382 sceleribus
3269 4310 3499 4366 diversis

1911 4411 2271 4482 implicentur.
2301 4408 2437 4464 Cum
2459 4405 2796 4461 solummodo
2824 4404 2912 4458 illa
2939 4419 3067 4457 vera
3093 4403 3167 4458 sit
3185 4403 3240 4456 in
3268 4403 3501 4459 subditis

1913 4501 2217 4567 delectatio,
2273 4498 2362 4554 ubi
2407 4512 2600 4555 sensus
2636 4495 2921 4567 prudentia
2968 4501 3024 4549 et
3070 4495 3328 4550 honestas
3379 4495 3501 4549 vitae

1914 4596 2340 4651 commendatur.
2366 4590 2633 4646 Creterum
2679 4586 2872 4642 melius
2895 4592 2979 4640 est
3006 4584 3058 4638 in
3085 4593 3295 4640 secreta
3313 4599 3502 4653 quem-

1914 4686 2048 4742 libet
2069 4685 2264 4755 degere
2294 4682 2425 4746 vita,
2454 4695 2616 4750 quam
2662 4678 2803 4733 inter
2828 4675 3255 4744 indisciplinatos
3291 4684 3501 4743 tempo-

1914 4793 2034 4833 rum
2074 4791 2292 4831 suorum
2346 4772 2607 4828 inutiliter
2644 4781 2966 4824 consumere
3013 4765 3206 4836 spatia.
3260 4762 3414 4821 Unde
3443 4770 3501 4824 et

1913 4868 2158 4939 sequitur
2180 4884 2192 4919 :

1989 4977 2008 5010 ι
2047 4956 2234 5011 Melior
2252 4963 2336 5010 est
2362 4954 2508 5009 enim
2556 4966 2694 5007 unus
2724 4951 2919 5005 timens
2946 4949 3136 5014 Deum,
3166 4962 3330 5017 quam
3356 4946 3505 5004 mille

1921 5067 1940 5100 ι
1974 5047 2070 5102 ﬁlii
2122 5046 2271 5117 impii
2306 5064 2318 5099 :
2352 5044 2483 5099 utile
2521 5042 2658 5099 mori
2706 5042 2823 5098 sine
2852 5041 2979 5097 ﬁliis
3004 5056 3166 5111 quam
3200 5039 3506 5110 relinquere

1920 5162 1939 5194 ι
1977 5141 2115 5196 ﬁlios
2136 5139 2349 5210 impios.
2379 5157 2397 5190 ι
2430 5136 2541 5192 Hoc
2566 5144 2622 5191 et
2656 5134 2906 5191 Salvator
2940 5134 2993 5188 in
3026 5131 3318 5203 Evangelio
3345 5132 3501 5187 inve-

1916 5232 2063 5287 nitur
2090 5229 2339 5302 probare,
2387 5229 2478 5284 ubi
2528 5227 2712 5283 docuit
2759 5225 3051 5296 discipulos
3097 5240 3226 5281 suos
3254 5224 3322 5279 ab
3354 5222 3503 5277 omni

1921 5301 2174 5381 seandalo
2203 5337 2413 5387 cavere,
2439 5301 2661 5378 dicens:
2716 5339 2735 5371 ι
2768 5319 2825 5375 Si
2849 5319 3036 5375 oculus
3070 5326 3196 5373 tuus
3232 5314 3502 5371 scandali-

1922 5422 2011 5469 zat
2035 5422 2105 5480 te,
2150 5428 2282 5470 erue
2310 5427 2432 5468 eum
2458 5420 2513 5467 et
2535 5411 2739 5482 projice
2766 5411 2864 5465 abs
2898 5417 2971 5463 te.
3025 5408 3232 5462 Bonum
3272 5410 3355 5459 est
3380 5416 3505 5457 cum

1921 5522 2031 5565 uno
2066 5506 2222 5563 oculo
2266 5507 2471 5561 intrare
2498 5505 2553 5559 in
2580 5519 2803 5575 regnum
2851 5502 2987 5563 Dei,
3024 5515 3186 5569 quam
3212 5498 3345 5553 duos
3370 5510 3505 5551 ocu-

1921 5598 2003 5654 los
2026 5597 2313 5653 habentem
2338 5596 2480 5651 mitti
2507 5595 2559 5650 in
2588 5595 2888 5665 gehennam
2919 5590 3057 5661 ignis
3082 5604 3096 5652 ;
3128 5595 3183 5642 et
3208 5586 3253 5641 si
3282 5586 3504 5641 dextera

1925 5706 2117 5747 manus
2136 5699 2227 5746 tua
2254 5688 2588 5746 scandalizat
2630 5695 2703 5753 te,
2749 5682 3004 5740 abscinde
3036 5694 3161 5735 eam
3200 5686 3256 5734 et
3302 5675 3507 5749 projice
