3904 6184
435 340 540 398 867

1106 326 1167 379 Β.
1210 318 1464 377 RABANI
1501 316 1721 374 MAURI
1759 310 2079 369 ARCIIIEP.
2124 303 2436 362 MOGUNT.
2480 292 2763 356 OPERUM
2804 297 2985 353 PARS
3019 296 3107 352 IV.

3609 296 3724 353 338

436 456 536 510 abs
563 459 652 506 te:
704 442 923 516 expedit
949 440 1091 496 enim
1118 438 1211 493 tibi
1242 445 1298 491 ut
1327 441 1516 506 pereat
1561 447 1726 486 unum
1755 426 2027 483 membro-
2054 432 2100 489 Α
2130 431 2184 478 et
2209 421 2529 492 semctipsos
2576 418 2631 471 in
2671 415 2924 485 laqueum
2976 412 3295 482 perditionis
3333 422 3552 468 reterns:
3596 416 3729 469 mit.

435 560 559 600 rum
588 550 821 602 tuorum,
851 549 1014 605 quam
1039 538 1208 586 totum
1228 543 1424 600 corpus
1451 536 1601 581 tuum
1630 530 1721 577 eat
1750 522 1803 576 in
1832 520 2030 591 gehen-

440 651 564 691 nam
595 629 811 704 (Matth.
857 622 943 697 ν).
980 642 1002 677 ι

508 764 528 795 ι
564 741 646 795 Ah
669 753 777 793 uno
806 742 1022 791 sensato
1048 730 1437 788 inhabitabitur
1460 727 1656 796 patria,
1702 732 1756 778 et
1785 739 1816 778 a
1848 721 2024 776 tribus

438 854 458 886 ‹
492 830 673 901 impiis
694 829 990 883 deseretur.
1023 843 1042 875 ι
1084 823 1196 877 Hoc
1224 828 1309 876 est
1331 834 1360 873 a
1388 818 1655 873 catholico
1681 814 1897 885 populo,
1934 810 2025 882 qui

438 926 491 978 in
523 923 728 976 unitate
760 917 885 972 ﬁdei
932 921 1304 977 conversatur,
1335 921 1480 964 terra
1520 905 1776 961 Ecclesia:
1815 903 2028 957 inhabi—

434 1016 636 1069 tabitur
654 1052 669 1077 ,
695 1018 750 1065 ct
783 1008 851 1062 ab
879 1006 1169 1067 haereticis,
1199 1003 1289 1073 qui
1315 1003 1369 1055 in
1396 1010 1599 1056 sancta:
1614 996 1899 1052 Trinitatis
1924 996 2027 1050 ﬁde

433 1111 643 1168 errant,
675 1102 973 1156 deseretur.
1006 1097 1083 1150 De
1103 1096 1298 1164 quibus
1318 1089 1696 1146 dicitJoannes
1718 1087 2023 1158 apostolus:

437 1214 458 1245 ‹
494 1194 571 1247 Ex
601 1189 757 1247 nobis
801 1188 1073 1250 exierunt,
1104 1183 1197 1238 sed
1232 1198 1338 1236 non
1365 1188 1521 1235 erant
1549 1194 1614 1233 ex
1640 1177 1834 1242 nobis;
1869 1176 1913 1231 si
1958 1192 2023 1231 ex

434 1283 591 1339 nobis
639 1287 861 1341 essent,
925 1273 1350 1347 permansissent
1402 1270 1588 1339 utique
1634 1267 1915 1321 nobiscum
1974 1265 2024 1337 (I

432 1367 597 1425 Joan.
626 1367 711 1440 ιι).
742 1386 762 1418 ι
810 1364 981 1418 Aliter
1007 1403 1023 1428 ,
1076 1375 1214 1415 unus
1256 1365 1504 1414 sensatus
1551 1354 1775 1425 intelligi
1826 1362 2025 1425 potest,

434 1463 528 1535 qui
577 1458 870 1516 secundum
926 1454 1167 1525 regulam
1216 1459 1419 1507 sancta:
1469 1449 1767 1520 Scriptura:
1821 1448 1926 1503 ﬁde
1970 1456 2026 1502 et

436 1565 599 1620 opere
630 1550 681 1603 in
713 1546 903 1602 semita
948 1549 1229 1615 permanet
1243 1540 1506 1609 justitite:
1535 1546 1646 1593 tres
1672 1545 1851 1591 autem
1876 1536 2025 1607 impii

436 1640 529 1709 qui
552 1636 781 1708 patriam
801 1635 1060 1690 deserunt
1086 1672 1100 1697 ,
1131 1630 1207 1685 illi
1239 1639 1363 1685 sunt
1387 1628 1478 1698 qui
1504 1627 1851 1698 cogitatione,
1879 1625 2027 1681 locu-

438 1731 584 1784 tione
611 1735 665 1782 et
687 1740 871 1795 opere,
896 1721 1212 1789 semetipsos
1236 1735 1266 1773 a
1290 1718 1554 1774 bonorum
1575 1723 1919 1785 sequestrant
1939 1730 2025 1769 so-

436 1821 668 1883 cietate,
723 1830 824 1869 nec
854 1813 968 1882 jam
1000 1812 1053 1865 in
1088 1809 1263 1879 patria
1295 1806 1633 1863 consistunt:
1668 1805 1794 1875 quia
1817 1821 1914 1875 per
1937 1804 2021 1858 di-

439 1922 592 1963 versa
656 1904 861 1961 scelera
922 1917 955 1955 a
1021 1899 1259 1954 ﬁdelium
1333 1897 1605 1952 consortio
1677 1911 1737 1950 se
1801 1893 2019 1950 abscin-

438 1998 591 2052 dunt.

513 2131 531 2160 ‹
561 2109 724 2163 Multa
750 2105 876 2160 talia
902 2103 1038 2159 vidit
1068 2101 1257 2158 oculus
1283 2116 1456 2167 meus,
1486 2109 1541 2155 et
1565 2100 1787 2156 fortiora
1833 2101 2025 2154 horum

440 2220 460 2252 ι
500 2200 705 2254 audivit
749 2198 897 2252 auris
924 2211 1067 2251 mea.
1104 2214 1123 2247 ι
1155 2195 1370 2262 Quanto
1420 2194 1564 2248 enim
1591 2194 1711 2263 quis
1750 2194 2029 2248 ardentius

436 2290 598 2345 discit
626 2289 795 2359 legem
839 2287 954 2348 Dei,
1005 2293 1157 2341 tanto
1195 2283 1400 2353 majore
1449 2283 1689 2338 scientia:
1732 2283 2030 2337 illustratur

438 2382 677 2446 lumine;
711 2388 767 2435 et
785 2386 991 2448 quanto
1013 2378 1322 2448 diligentius
1366 2376 1622 2431 mandata
1653 2376 1748 2430 Dei
1773 2390 2027 2431 servave-

439 2473 528 2537 rit,
558 2480 708 2525 tanto
733 2470 965 2540 amplius
989 2468 1043 2522 in
1071 2466 1318 2537 profectu
1361 2467 1623 2520 virtutum
1651 2474 1708 2520 et
1745 2466 2030 2520 charitatis

439 2565 637 2619 mentis
657 2577 765 2618 sua:
786 2562 964 2616 sinum
992 2559 1208 2614 dilatari
1235 2558 1511 2630 gaudebit.
1545 2557 1697 2613 Unde
1735 2557 1851 2627 ipsa
1880 2556 2032 2612 Veri-

441 2667 525 2712 tas
552 2656 667 2709 ait:
706 2672 723 2704 ‹
755 2652 856 2720 Qui
889 2651 1051 2706 habet
1081 2651 1333 2705 mandata
1361 2663 1481 2704 mea
1519 2661 1575 2704 ct
1601 2656 1783 2703 servat
1827 2662 1915 2711 ea,
1942 2646 2031 2702 ille

440 2759 523 2806 est
548 2748 637 2819 qui
665 2746 837 2816 diligit
861 2759 987 2809 me;
1029 2744 1122 2813 qui
1157 2752 1338 2799 autem
1366 2741 1539 2812 diligit
1580 2756 1688 2804 me,
1720 2739 1970 2809 diligetur
2001 2753 2033 2793 a

439 2838 603 2893 Patre
632 2852 774 2902 meo,
822 2844 878 2890 et
907 2849 1008 2906 ego
1041 2834 1258 2901 diligam
1300 2848 1446 2899 eum,
1484 2841 1539 2888 et
1584 2830 1941 2888 manifestabo
1983 2830 2033 2886 ei

441 2929 703 2998 meipsum
732 2925 915 2999 (Joan.
946 2922 1080 2997 xlv).

517 3062 535 3093 ι
570 3041 628 3096 ln
659 3052 928 3110 synagoga
967 3036 1308 3106 peccantium
1356 3034 1644 3090 exardebit
1688 3034 1851 3105 ignis,
1883 3041 1937 3087 et
1979 3032 2034 3086 in

446 3151 464 3182 ι
504 3138 660 3200 gente
708 3125 1013 3182 incredibili
1061 3124 1368 3178 exardescit
1392 3124 1492 3177 ira.
1531 3143 1550 3175 ›
1611 3123 1695 3177 Ira
1726 3123 1924 3177 divinae
1954 3122 2035 3176 in-
2062 3127 2106 3191 ρ

442 3219 770 3290 dignationis
795 3225 850 3271 et
878 3214 1019 3285 ignis
1038 3214 1202 3284 justas
1222 3214 1442 3269 ultionis
1464 3215 1518 3269 in
1535 3214 1876 3283 peccantium
1903 3214 2039 3267 mul-

446 3309 673 3363 titudine
714 3316 767 3360 et
796 3306 851 3359 in
880 3302 1117 3357 ﬁdelium
1152 3312 1296 3359 cmtu
1334 3304 1531 3357 merito
1558 3301 1884 3368 exardescit,
1911 3303 2038 3372 quia

445 3401 579 3455 dura
604 3414 755 3453 mens
778 3398 994 3452 illorum
1017 3395 1454 3450 comminationis
1479 3395 1574 3450 Dei
1608 3395 1899 3449 vindictam
1925 3411 2033 3449 non

446 3489 682 3560 expavit,
710 3502 810 3543 nec
846 3488 917 3543 ob
947 3487 1306 3541 reverentiam
1347 3486 1584 3541 nominis
1618 3484 1734 3555 ejus
1764 3501 1823 3542 se
1856 3501 1887 3540 a
1915 3503 2042 3557 pec—

447 3581 585 3636 catis
614 3594 888 3644 coercere,
916 3586 971 3635 et
1011 3576 1238 3646 iustitiae
1262 3577 1518 3648 operibus
1568 3577 1821 3632 insistere
1848 3577 2037 3632 voluit.

452 3671 602 3727 Unde
632 3670 831 3725 dicitur
848 3684 945 3739 per
964 3668 1295 3738 Prophetam
1320 3685 1333 3721 :
1390 3686 1409 3719 ί
1436 3667 1588 3721 l’luet
1609 3681 1771 3737 super
1792 3676 2043 3736 peccato,-

449 3778 537 3816 res
568 3762 789 3831 laqueus
814 3779 828 3816 :
876 3762 1039 3831 ignis,
1083 3759 1329 3829 sulphur,
1360 3768 1416 3814 et
1436 3758 1661 3830 spiritus
1683 3757 2040 3828 procellarum

448 3870 573 3924 pars
601 3853 784 3908 calieis
804 3868 990 3908 eorum
1019 3850 1195 3925 (Psal.
1220 3851 1297 3923 x).
1340 3871 1358 3905 ι

525 3985 545 4018 ‹
583 3965 697 4021 Νοη
728 3975 1093 4023 exoraverunt
1117 3980 1217 4035 pro
1239 3964 1479 4035 peccatis
1504 3964 1617 4019 suis
1634 3963 1839 4033 antiqui
1864 3964 2047 4034 gigan-

456 4078 475 4109 ι
513 4070 615 4124 tes,
644 4059 734 4127 qui
762 4059 1023 4114 destructi
1066 4067 1194 4114 sunt
1228 4058 1563 4114 conﬁdentes
1588 4075 1699 4114 sua:
1743 4060 1951 4125 virtuti,
1991 4068 2047 4114 et

457 4168 476 4200 ι
512 4164 617 4202 non
641 4149 883 4217 pepercit
907 4131 1330 4219 peregrinationi
1355 4148 1518 4214 Loth,
1540 4157 1596 4203 et
1623 4158 1938 4204 exsecratus
1962 4159 2046 4205 est

464 4259 477 4292 ι
512 4239 632 4294 illos
659 4254 768 4310 pra":
791 4240 1043 4310 superbia
1077 4241 1230 4295 verbi
1265 4240 1500 4295 illorum.
1532 4240 1649 4296 Non
1675 4242 1932 4297 misertus
1963 4250 2047 4296 est

460 4346 479 4379 ‹
518 4327 620 4383 illis
662 4336 874 4399 gentem
910 4336 1080 4383 totam
1111 4330 1363 4399 perdens,
1414 4340 1470 4385 et
1504 4330 1854 4386 extollentem
1903 4346 1961 4385 se
1991 4332 2046 4385 in

461 4440 480 4471 ‹
516 4420 627 4474 suis
652 4420 911 4489 peccatis.
949 4440 968 4472 ι
1020 4419 1276 4491 Gigantes
1296 4422 1395 4478 hos
1417 4422 1670 4493 appellat,
1703 4424 1794 4493 qui
1816 4424 2046 4478 terrenis

456 4509 740 4563 desideriis
788 4509 980 4564 irretiti
1007 4550 1021 4575 ,
1067 4518 1124 4565 et
1149 4521 1495 4579 peccatorum
1544 4512 1774 4567 sarcinis
1804 4528 2044 4582 prtcgra-

456 4600 598 4664 vati,
639 4614 734 4654 cor
777 4598 1104 4653 indomabile
1132 4608 1366 4667 gerunt,
1412 4615 1514 4655 nec
1541 4601 1606 4655 ad
1655 4601 2043 4670 paenitudinem

460 4689 589 4744 illud
632 4687 848 4744 flectere
894 4688 1282 4755 consentiunt;
1339 4697 1623 4758 propterea
1674 4689 2045 4744 misericordia

463 4780 555 4835 Dei
586 4780 810 4851 indigni,
840 4780 1221 4835 detrimentum
1244 4795 1355 4835 suae
1386 4779 1577 4835 salutis
1604 4781 1965 4851 perpetientes
1989 4782 2043 4836 in

461 4870 740 4923 interitum
768 4878 1030 4925 aeternum
1062 4880 1364 4938 corruunt;
1427 4881 1653 4943 possunt
1695 4882 1752 4927 et
1802 4872 2043 4929 hazretici

461 4960 561 5013 hoc
590 4962 805 5015 nomine
851 4961 1159 5032 designari,
1199 4965 1290 5033 qui
1342 4964 1677 5019 conﬁdentes
1708 4966 1761 5018 in
1803 4966 2047 5021 scicntia:

463 5065 574 5104 suae
609 5052 824 5124 virtute,
882 5064 938 5107 et
986 5055 1039 5108 in
1070 5055 1273 5111 divitiis
1314 5057 1609 5127 gloriantes
1637 5060 1937 5122 rhetoricae,
1977 5062 2044 5115 ab

465 5141 669 5195 erroris
710 5143 793 5196 sui
819 5143 976 5199 devio
1004 5147 1280 5213 recedere,
1312 5158 1368 5201 et
1396 5149 1461 5202 ad
1489 5151 1628 5203 viam
1657 5151 1904 5205 veritatis
1924 5167 2049 5206 con-

465 5233 600 5287 verti
625 5233 957 5299 detrectant;
995 5236 1199 5292 idcirco
1226 5240 1647 5308 peregrinationi
1676 5240 1911 5308 illorum,
1940 5258 2044 5312 qua

466 5338 495 5375 a
520 5321 785 5377 catholica
817 5322 918 5377 ﬁde
954 5335 1200 5379 extorres
1223 5325 1337 5380 ﬁeri
1365 5328 1662 5398 elegerunt,
1698 5330 1936 5383 divinant
1964 5330 2048 5399 ju-

467 5411 664 5465 dicium
704 5428 808 5465 non
847 5422 1052 5483 parcet,
1100 5415 1192 5469 sed
1226 5423 1390 5471 totam
1424 5428 1637 5487 gentem
1678 5418 1891 5474 illorum
1926 5437 2050 5491 pcr-

466 5501 575 5565 det,
623 5516 914 5559 exsecrans
958 5520 1053 5560 eos
1092 5507 1327 5560 maxime
1366 5517 1585 5578 propter
1617 5511 1921 5580 superbiam
1958 5513 2051 5566 do-

468 5595 659 5650 ctrina:
687 5611 939 5666 nequam.
968 5609 1024 5654 et
1042 5599 1439 5667 extollendam,
1469 5618 1572 5672 qua
1601 5603 1655 5656 in
1679 5604 1911 5673 peccatis
1940 5605 2053 5660 suis

471 5688 827 5752 superhiendo
849 5704 908 5745 se
925 5689 1178 5759 iactitant
1220 5702 1622 5749 contemnentes
1645 5693 1903 5761 judicium
1934 5697 2044 5757 Dci,

2130 522 2325 569 tentes.

2201 622 2220 655 ‹
2263 602 2332 656 Et
2359 600 2501 655 sicut
2536 604 2795 653 sexcenta
2844 592 3011 648 millia
3056 593 3335 663 peditum,
3374 593 3468 663 qui
3496 608 3731 665 congre—

2130 713 2150 745 ι
2186 700 2307 763 gata
2334 697 2462 746 sunt
2503 688 2557 742 in
2584 686 2840 742 duritiam
2879 683 3061 739 cordis
3099 682 3202 737 sui.
3239 702 3259 733 ι
3291 684 3511 739 Veteris
3542 699 3728 739 recor-

2127 784 2286 838 datur
2307 778 2567 844 historiae,
2593 776 2685 831 ubi
2710 782 2967 830 sexcenta
2998 773 3102 828 tria
3133 774 3302 828 millia
3327 772 3727 839 Israelitarum,

2125 874 2218 943 qui
2240 855 2491 928 exierunt
2525 869 2592 923 de
2612 866 2848 938 Egypto
2878 875 3105 936 prepter
3134 864 3391 918 duritiam
3422 867 3607 920 cordis
3633 867 3725 920 sui

2126 962 2383 1036 prostrati
2410 967 2535 1016 sunt
2563 960 2618 1014 in
2646 959 2899 1021 deserto,
2930 963 2985 1011 et
3015 970 3173 1010 nemo
3195 955 3408 1010 illorum
3438 957 3490 1011 iu
3517 966 3728 1010 terram

2128 1049 2566 1124 repromissionis
2610 1048 2835 1102 intravit
2872 1055 3071 1115 pra-ter
3094 1045 3258 1101 Jnsue
3298 1056 3355 1101 et
3386 1047 3572 1112 Caleb,
3625 1047 3730 1116 qni

2128 1144 2337 1197 sincera
2366 1140 2471 1193 ﬁde
2515 1146 2571 1193 et
2598 1136 2775 1191 devoti
2806 1136 2860 1189 in
2909 1136 3005 1190 Dei
3048 1135 3274 1189 servitio
3301 1145 3733 1204 permanserunt

2129 1232 2319 1303 (Num.
2361 1227 2496 1299 xiv).

2203 1340 2221 1371 «
2258 1319 2395 1374 Etsi
2442 1332 2584 1372 unus
2622 1316 2814 1371 fuisset
2861 1323 3185 1379 cervreatus,
3228 1314 3427 1369 mirum
3452 1317 3498 1370 si
3529 1312 3730 1372 fuisset

2134 1432 2152 1463 ι
2182 1410 2457 1465 immunis.
2497 1429 2516 1461 ι
2566 1407 2808 1463 Censura
2841 1407 2986 1461 enim
3010 1406 3175 1461 divini
3194 1405 3385 1475 judicii
3407 1409 3726 1478 :equitatem

2127 1508 2312 1556 servat
2337 1500 2391 1553 in
2418 1498 2690 1564 omnibus,
2727 1504 2782 1552 et
2812 1498 2931 1552 ideo
2954 1512 3056 1551 nec
3093 1497 3186 1550 uni
3208 1512 3310 1552 nec
3338 1497 3582 1567 pluribus
3603 1516 3727 1569 par-

2127 1600 2236 1657 cet,
2264 1591 2308 1646 si
2338 1605 2398 1645 se
2426 1605 2455 1644 a
2480 1588 2719 1660 peccatis
2766 1604 2873 1643 non
2905 1588 3310 1652 cenverterint;
3344 1588 3548 1642 nullum
3573 1592 3721 1643 enim

2127 1691 2434 1754 peccatum,
2460 1690 2520 1734 ut
2547 1680 2600 1733 in
2632 1678 2914 1749 Scriptura
2945 1686 3170 1732 testatur
3196 1677 3361 1744 Deus,
3393 1679 3725 1749 impunitum

2054 1782 2099 1839 Β
2129 1775 2442 1841 dimittitur,
2471 1774 2596 1845 quia
2629 1781 2723 1827 aut
2750 1774 2913 1828 homo
2942 1772 3053 1843 ipse
3076 1787 3290 1842 prauam
3318 1774 3527 1843 peccati
3556 1773 3611 1828 in
3636 1790 3728 1829 se-

2127 1871 2359 1941 metipso
2411 1867 2619 1939 exigit,
2657 1876 2752 1920 aut
2806 1865 3036 1921 districti
3067 1863 3267 1935 judicis
3315 1867 3726 1923 examinatione

2125 1960 2401 2029 punietur.

2205 2067 2223 2098 ι
2259 2047 2624 2101 Misericordia
2656 2046 2798 2101 enim
2828 2054 2883 2099 et
2910 2045 2987 2098 ira
3018 2054 3102 2100 est
3128 2061 3251 2100 cum
3275 2046 3385 2102 illo.
3412 2047 3611 2103 Potens
3630 2066 3726 2104 ex-

2134 2159 2152 2192 ι
2190 2139 2389 2205 oratio,
2450 2148 2505 2192 et
2559 2136 2840 2192 effundens
2896 2137 3053 2190 iram.
3095 2156 3113 2188 ι
3149 2136 3518 2193 Misericordia
3572 2142 3723 2195 enim

2136 2250 2166 2291 ε,
2190 2230 2402 2286 Domini
2433 2244 2595 2298 super
2624 2228 2876 2283 timentes
2906 2243 3029 2283 eum
3057 2229 3343 2295 redundat,
3379 2241 3433 2285 et
3465 2230 3544 2285 ira
3591 2248 3719 2286 con-

2137 2341 2156 2374 t
2196 2320 2555 2392 temptoribus
2582 2320 2700 2389 ejus
2724 2328 3028 2388 prmparata
3053 2330 3158 2374 est.
3200 2340 3218 2372 ι
3248 2320 3406 2390 Apud
3436 2336 3560 2377 cum
3585 2338 3723 2392 pura

2132 2422 2185 2470 et
2213 2414 2402 2469 devota
2434 2413 2661 2467 multum
2690 2412 2945 2481 praevalet
2973 2413 3170 2477 oratio,
3219 2421 3273 2467 et
3303 2410 3455 2470 furor
3490 2414 3609 2485 ejus
3630 2433 3725 2471 su-

2131 2520 2229 2575 per
2255 2520 2352 2559 cor
2381 2503 2728 2574 imptenilens
2779 2502 3015 2558 hominis
3065 2503 3254 2572 iniqui,
3285 2506 3372 2559 cui
3401 2519 3565 2575 pcena
3599 2510 3725 2561 vin-

2133 2595 2290 2650 dictae
2326 2602 2477 2650 recte
2506 2593 2833 2650 offendetur.

2210 2705 2229 2737 ι
2275 2685 2585 2742 Secundum
2637 2687 3068 2743 misericordiam
3121 2703 3297 2754 suam,
3345 2704 3428 2744 διο
3452 2691 3726 2761 correptio

2141 2798 2158 2831 ι
2194 2778 2380 2834 illius:
2429 2778 2703 2834 hominem
2756 2779 3055 2835 secundum
3117 2794 3280 2851 opera
3304 2795 3405 2834 sua
3432 2780 3659 2849 iudicat.
3700 2803 3718 2833 ι

2132 2870 2219 2912 --“
2237 2890 2256 2922 ‹
2283 2870 2471 2927 Justus
2493 2886 2622 2942 ergo
2670 2879 2753 2926 est
2788 2869 3051 2926 Dominus
3079 2872 3130 2926 in
3158 2873 3409 2927 omnibus
3457 2872 3561 2927 viis
3589 2873 3720 2935 suis,

2136 2973 2190 3021 et
2217 2972 2439 3019 sanctus
2460 2964 2516 3019 in
2546 2963 2800 3019 omnibus
2828 2962 3081 3034 operibus
3106 2964 3238 3031 suis,
3266 2963 3359 3034 qui
3384 2964 3571 3018 reddet
3603 2965 3723 3019 uni-

2137 3055 2334 3125 cuique
2383 3054 2680 3111 secundum
2720 3070 2884 3124 opera
2932 3071 3068 3110 sua:
3111 3055 3197 3109 his
3241 3055 3483 3125 quidem,
3515 3056 3604 3125 qui
3633 3071 3722 3109 se-

2139 3146 2374 3201 cundum
2404 3145 2719 3216 patientiam
2769 3145 2895 3200 boni
2925 3146 3109 3215 operis
3138 3146 3568 3200 misericordiam
3606 3145 3657 3215 cj
3684 3161 3725 3199 :s

2138 3234 2540 3305 praestolamur,
2568 3233 2793 3305 gloriam
2820 3244 2874 3290 et
2897 3235 3157 3290 honorem
3182 3244 3240 3289 et
3263 3235 3723 3306 incorruptionem

2139 3324 2529 3394 quaerentibus,
2580 3325 2747 3379 vitam
2776 3335 3070 3391 aeternam;
3122 3326 3209 3381 his
3236 3333 3442 3392 autem,
3480 3328 3571 3397 qui
3603 3336 3727 3381 sunt

2138 3431 2205 3472 ex
2233 3416 2600 3482 contentione,
2630 3424 2684 3471 et
2709 3407 2800 3487 qui
2832 3432 2940 3472 non
2970 3418 3320 3488 acquiescant
3347 3417 3585 3482 veritati,
3608 3434 3728 3473 cre-

2141 3506 2276 3562 dunt
2316 3514 2500 3562 autem
2552 3507 2847 3576 iniquitati,
2888 3507 3024 3561 iram
3055 3517 3111 3562 et
3146 3508 3596 3578 indignationem,
3626 3507 3725 3560 tri-

2140 3596 2473 3653 hulationem
2502 3605 2557 3653 et
2585 3598 2890 3667 angustiam
2921 3596 3099 3669 (Rom.
3133 3599 3218 3669 ιι),
3257 3618 3275 3649 ι
3312 3608 3374 3652 ut
3397 3598 3722 3668 perpetuali—

2143 3706 2228 3751 ter
2256 3696 2311 3750 in
2343 3695 2467 3766 igne
2493 3695 2806 3749 crucientur
2832 3702 3054 3749 aeterno.

2219 3806 2238 3839 ‹
2278 3786 2398 3841 Non
2428 3785 2648 3857 effugiet
2677 3786 2731 3839 in
2762 3785 2949 3854 rapina
2979 3793 3254 3854 peccator,
3285 3793 3343 3838 et
3388 3799 3496 3838 non
3546 3794 3721 3837 retar-

2155 3895 2169 3927 ι
2205 3876 2356 3932 dabit
2404 3873 2717 3930 sull'erentia
2746 3873 3176 3930 misericordiam
3230 3874 3499 3929 facientis.
3539 3893 3557 3926 ι
3592 3874 3721 3928 Pec-

2144 3974 2297 4021 cator
2336 3965 2533 4035 quippe
2563 3965 2615 4019 in
2659 3965 2845 4034 rapina
2876 3980 2985 4019 non
3020 3964 3261 4035 effugiet,
3305 3965 3429 4035 quia
3457 3967 3729 4033 rapacita-

2145 4059 2214 4114 tis
2242 4072 2354 4113 suze
2382 4058 2583 4129 justam
2630 4057 2873 4112 exsolvet
2903 4057 3196 4112 vindictam
3222 4074 3237 4123 ;
3271 4068 3327 4113 et
3359 4072 3464 4111 non
3491 4057 3731 4127 protela-

2147 4161 2234 4206 tur
2256 4150 2566 4206 sulferentia
2582 4153 2737 4205 miser
2751 4150 3005 4205 icordiam
3028 4149 3299 4216 facientis,
3324 4151 3448 4220 quia
3464 4151 3728 4219 patientia

2145 4256 2440 4312 pauperum
2469 4255 2576 4295 non
2606 4240 2805 4310 peribit
2846 4240 2900 4293 in
2930 4239 3113 4307 ﬁnem,
3157 4240 3253 4296 sed
3281 4240 3548 4311 condigna
3584 4256 3735 4294 mer-

2146 4332 2277 4387 cede
2332 4331 2791 4387 remunerahitur.
2823 4328 2978 4386 Unde
3019 4332 3134 4401 ipsa
3175 4330 3392 4387 \‘eritas
3449 4331 3735 4400 discipulis

2151 4426 2204 4479 in
2248 4422 2541 4494 Evangelio
2567 4424 2643 4478 ait
2672 4442 2685 4476 :
2721 4444 2739 4473 ι
2777 4423 2832 4477 ln
2864 4423 3126 4494 patientia
3174 4432 3354 4477 vestra
3385 4422 3733 4492 possidelzitis

2149 4515 2358 4568 animas
2406 4522 2619 4568 vestras
2664 4512 2815 4584 (Luc.
2850 4513 2987 4583 xm).
3030 4532 3049 4565 ›
3089 4532 3106 4563 t
3146 4513 3291 4567 Beati
3323 4512 3731 4571 misericordes,

2148 4602 2403 4673 quoniam
2435 4603 2536 4673 ipsi
2566 4603 2995 4658 misericordiam
3025 4605 3742 4671 conscquenturMatth.s-),t

2226 4715 2244 4746 ι
2286 4695 2476 4750 Omnis
2502 4694 2879 4750 misericordia
2912 4694 3071 4749 faciet
3114 4694 3291 4749 locum
3319 4693 3599 4761 unicuique
3634 4706 3734 4746 δρα

2154 4805 2171 4836 ι
2208 4788 2443 4842 cundum
2499 4787 2753 4841 meritum
2801 4801 3026 4856 operum
3059 4802 3303 4851 suorum,
3350 4795 3407 4839 et
3434 4784 3731 4840 secundum

2153 4897 2172 4929 ι
2212 4877 2539 4932 intellectum
2565 4878 3015 4947 peregrinationis
3041 4857 3231 4946 ipsius:
3263 4896 3281 4928 ι
3310 4876 3492 4932 Gloria
3524 4884 3730 4935 autem,

2149 4969 2345 5031 honor,
2370 4977 2423 5021 ct
2444 4983 2544 5036 pax
2586 4967 2689 5021 erit
2728 4968 2874 5020 omni
2919 4968 3161 5037 operanti
3187 4967 3389 5023 bonum
3421 4985 3434 5019 :
3472 4964 3730 5035 quoniam

2150 5061 2242 5130 qui
2267 5061 2496 5114 seminat
2522 5062 2573 5113 in
2606 5059 2999 5125 benedictione,
3034 5060 3099 5114 de
3128 5059 3586 5114 benedictionibus
3609 5073 3733 5109 mc-

2152 5161 2228 5206 tet
2262 5152 2425 5205 vitam
2479 5160 2758 5205 aeternam.
2820 5149 2973 5217 Quod
3027 5159 3207 5205 autem
3243 5150 3375 5204 dicit
3424 5148 3736 5204 misericor-

2152 5246 2294 5299 diam
2335 5244 2513 5299 facere
2556 5244 2732 5298 locum
2762 5244 3050 5312 unicuique
3077 5242 3374 5297 secundum
3399 5241 3731 5296 intellectum

2150 5333 2595 5405 peregrinationis
2638 5333 2827 5403 ipsius,
2852 5332 3085 5387 ostendit
3114 5333 3258 5401 quod
3304 5334 3597 5401 quicunque
3627 5331 3739 5384 120-

2154 5424 2237 5477 nis
2260 5423 2514 5493 cperibus
2539 5431 2711 5477 certat
2745 5422 2996 5477 mandata
3043 5421 3138 5475 Dci
3186 5422 3460 5476 custodire
3488 5420 3536 5473 in
3560 5418 3736 5481 huius

2151 5510 2603 5583 peregrinationis
2653 5522 2910 5582 tempore,
2942 5520 2995 5565 et
3021 5512 3110 5580 pio
3140 5511 3325 5565 labore
3353 5526 3473 5566 cum
3519 5507 3732 5576 gemitu

2152 5617 2204 5657 ct
2258 5604 2510 5675 lacrymis
2547 5606 2726 5659 studet
2762 5612 2981 5673 peccata
3029 5617 3124 5656 sua
3164 5603 3479 5663 emundare,
3520 5606 3730 5651 averna

2155 5698 2335 5765 quiete
2388 5698 2683 5753 merchitur
2736 5694 3023 5751 consolari.
3084 5695 3238 5751 Unde
3288 5697 3533 5766 scriptum
3576 5700 3727 5745 cst;
