3928 6182
286 300 403 360 859
488 334 497 347 -

1182 264 1538 366 COLiMENT.
1580 313 1645 366 IN
1685 314 2288 379 ECCLESIASTICUM.
2312 356 2383 368 —-
2422 328 2549 382 LIB.
2589 328 2677 383 ιν.

3463 347 3565 403 870

298 434 320 463 ι
359 416 511 470 Beati
533 417 626 486 qui
648 416 835 487 lugent
870 434 1033 483 nunc,
1075 421 1328 489 quoniam
1362 421 1463 491 ipsi
1517 424 1873 480 consolabun-
1904 432 1955 491 Α
1981 430 2060 486 dit
2120 434 2348 490 virtutes
2381 456 2392 490 :
2428 440 2493 493 de
2539 441 2736 509 quibus
2786 446 3050 514 scriptum
3102 459 3184 506 est
3221 470 3232 506 :
3273 472 3291 503 ι
3328 456 3567 516 Laudato

292 516 406 560 tur.
437 508 590 562 Beati
613 509 706 578 qui
740 511 988 564 csuriunt
1014 519 1068 565 et
1096 512 1289 567 sitiunt
1308 512 1601 581 justitiam,
1630 519 1887 587 quoniam

292 600 399 669 ipsi
455 601 849 655 saturabuntur
874 600 1091 673 (Matth.
1126 604 1180 675 ν)
1213 621 1225 659 :
1263 624 1280 655 ι
1334 607 1461 661 hinc
1507 615 1563 661 et
1612 607 1886 679 Sapientia

284 692 411 745 ait:
448 710 468 742 ι
506 690 609 759 Qui
655 692 902 763 sequitur
925 693 1188 763 justitiam
1237 703 1290 750 et
1319 697 1771 764 misericordiam,
1804 701 1886 755 in-

290 781 477 837 veniet
507 782 672 836 vitam
700 790 754 837 et
772 781 1040 851 justitiam
1071 793 1124 839 et
1149 784 1377 853 gloriam
1409 784 1590 856 (Prov.
1622 788 1757 859 xxi).
1789 810 1807 842 ι

900 871 1129 928 CAPUT
1158 873 1243 927 lll.
1750 895 1831 963 θ

291 948 819 1040 Sapientia-docete:
840 963 966 1017 dum
992 975 1170 1040 peccat
1197 966 1337 1040 quis,
1353 967 1417 1040 ξπ
1438 967 1613 1040 domo,
1645 969 1709 1040 in,
1730 948 1878 1040 (13.70,

363 1035 417 1085 in
444 1034 626 1104 corde,
648 1033 714 1104 in
744 1032 897 1104 lecto,
928 1032 1031 1104 non
1059 1032 1240 1088 dicati:
1266 1034 1307 1087 Α
1342 1036 1450 1091 Dco
1480 1032 1798 1104 abscondar',
1828 1032 1874 1093 et

362 1103 582 1175 quiante
606 1102 783 1156 videt?
813 1103 1102 1175 quiaDeus
1123 1107 1300 1159 omnia
1322 1123 1418 1160 sua
1451 1108 1722 1175 majestate
1752 1102 1877 1163 con-

360 1172 512 1240 spicit
534 1182 691 1242 atque
720 1174 1133 1243 comprehendit.

364 1282 381 1313 ι
413 1261 532 1316 Non
585 1263 779 1318 dicas:
831 1261 881 1317 Α
928 1264 1040 1320 Deo
1073 1265 1400 1332 abscondar,
1457 1276 1513 1321 et
1568 1284 1634 1322 ex
1665 1284 1877 1325 summo

282 1357 412 1427 quis
440 1356 548 1410 mei
574 1357 1010 1413 memorabitur?
1048 1359 1105 1413 In
1136 1346 1333 1430 populo
1365 1378 1559 1434 magno
1583 1379 1688 1419 non
1713 1380 1878 1437 agno-

281 1465 453 1505 scar:
487 1466 608 1520 quae
657 1460 743 1507 est
797 1453 944 1508 enim
991 1454 1172 1509 anima
1221 1469 1340 1510 mea
1383 1458 1434 1511 in
1467 1467 1576 1512 tam
1612 1459 1874 1515 immensa

280 1541 580 1594 creatura?
604 1560 624 1592 ι
662 1541 858 1613 Arguit
880 1557 975 1597 eos
999 1544 1090 1612 qui
1116 1545 1302 1599 dicunt
1331 1546 1499 1601 Deum
1547 1563 1655 1602 non
1683 1563 1875 1606 curare

282 1630 554 1696 mortalia,
595 1639 653 1686 et
693 1632 811 1687 vias
860 1633 1140 1688 hominum
1171 1651 1278 1690 non
1330 1638 1662 1704 examinare,
1693 1650 1874 1695 osten-

281 1721 421 1776 dens
464 1721 754 1780 manifeste
803 1724 947 1794 quod
992 1726 1107 1781 haec
1139 1726 1301 1797 impia
1331 1729 1403 1783 sit
1429 1730 1706 1797 cogitatio,
1750 1746 1871 1785 cum

1989 534 2134 586 cuiu,
2165 524 2286 578 cmli
2331 526 2612 593 culorum,
2642 538 2695 584 et
2724 546 2878 600 aqua:
2907 550 3027 603 quae
3061 551 3222 607 super
3250 548 3419 600 caelos
3444 562 3572 606 sunt

1988 612 2209 668 laudent
2240 632 2434 671 nomen
2470 620 2682 674 Domini
2709 620 2883 689 (Psal.
2909 630 3133 699 exuuii)
3160 646 3174 693 ;
3210 633 3263 684 in
3295 644 3451 690 terra:
3475 653 3568 693 ve-

1987 719 2047 759 ro
2074 707 2334 761 vocabulo
2362 708 2606 764 homines
2627 719 2682 765 et
2718 721 3033 770 terrestrem
3065 730 3398 790 creaturam,
3424 727 3566 783 sicut

1984 795 2039 849 in
2068 796 2247 867 abyssi
2286 797 2567 853 inl‘ernalia
2621 802 2843 858 denotat
2871 805 2988 861 loca
3041 816 3096 862 et
3137 811 3359 880 spiritus
3385 818 3477 885 qui
3511 820 3566 874 in

1984 887 2117 957 ipsis
2169 902 2562 947 conversantur
2590 912 2603 948 :
2645 911 2765 965 quae
2795 899 2973 953 omnia
3014 901 3069 955 in
3099 917 3388 974 conspectu
3420 925 3569 965 sum-

1983 978 2056 1030 mi
2077 975 2277 1045 judicis
2302 987 2801 1052 commovebuntur,
2835 990 2958 1057 quia
3003 992 3120 1061 ejus
3151 995 3343 1052 timore
3367 1015 3432 1054 ac
3460 1012 3568 1055 ter-

1982 1084 2108 1124 rore
2142 1074 2543 1138 concutiuntur,
2593 1087 2649 1131 et
2701 1082 3061 1136 reverentiam
3094 1086 3337 1143 tribuunt
3377 1091 3563 1147 virtuti

1980 1167 2030 1211 et
2062 1161 2338 1229 sapientia:
2384 1164 2500 1227 Dei,
2530 1182 2628 1235 per
2658 1184 2817 1237 quem
2852 1169 2995 1225 facta
3027 1183 3153 1228 sunt
3182 1178 3385 1243 omnia,
3408 1181 3563 1250 juxta

1980 1248 2219 1318 Apostoli
2263 1257 2605 1311 sententiam.
2642 1278 2660 1308 ‹
2695 1259 2752 1313 ln
2782 1263 2998 1318 nomine
3031 1263 3156 1320 Jesu
3211 1282 3373 1322 omne
3411 1248 3561 1341 genu

1977 1339 2231 1397 ﬂectatur
2285 1346 2609 1414 caelestium,
2679 1355 3043 1421 terrestrium,
3106 1370 3160 1413 et
3224 1339 3563 1419 inferuerunt

1980 1427 2147 1499 (Phil.
2166 1431 2248 1505 ιι).
2280 1453 2298 1485 ›
2333 1434 2439 1491 Per
2461 1448 2672 1495 montes
2694 1443 2838 1497 enim
2854 1453 2906 1499 et
2926 1447 3090 1501 colles
3110 1451 3407 1517 potentium
3435 1470 3560 1522 per—

1981 1534 2115 1573 sona
2143 1521 2589 1592 demonstratur;
2620 1538 2675 1583 et
2699 1545 2795 1599 per
2827 1531 3176 1590 fundamenta
3216 1546 3397 1606 terrze,
3436 1521 3563 1597 con-

1978 1610 2099 1665 silia
2144 1615 2409 1668 mentium
2442 1618 2819 1674 humanarum.
2850 1622 2977 1678 lla‘c
3027 1642 3157 1697 ergo
3207 1631 3273 1684 ad
3309 1631 3564 1687 intuitum

1978 1702 2073 1755 Dei
2105 1706 2554 1775 contremiscunt,
2598 1711 2723 1779 quia
2776 1712 2891 1779 ejus
2923 1715 3112 1771 ditioni
3165 1722 3386 1778 cumino
3435 1725 3565 1777 sul;—

279 1814 465 1869 omnis
492 1813 769 1884 Scriptura
819 1792 972 1871 sacra
1019 1792 1251 1872 testem}
1283 1818 1419 1873 nihil
1460 1792 1630 1876 la'lere
1676 1792 1868 1885 Deum,
1902 1808 1947 1865 Β
1976 1792 2214 1849 dttntur:
2250 1796 2305 1851 in
2344 1797 2623 1869 Scriptura
2678 1805 2874 1873 quippe
2922 1820 3078 1860 sacra
3129 1825 3271 1879 saepe
3299 1815 3562 1869 montium

276 1910 343 1957 ct
368 1902 536 1958 oculis
565 1904 681 1974 ejus
721 1915 914 1959 cuncta
940 1914 1147 1976 patere.
1181 1907 1332 1963 Hauc
1377 1910 1541 1964 etiam
1567 1912 1869 1966 errantium

278 1994 605 2048 sententiam
636 1995 983 2065 reprehendit
1002 1996 1224 2067 Eliphaz
1255 1998 1623 2066 Themanites,
1648 2001 1701 2055 in
1730 2001 1871 2057 libro

278 2081 407 2148 Job,
446 2084 520 2138 ita
545 2085 730 2140 dicens
761 2094 783 2138 ε’
815 2104 832 2136 ι
871 2086 953 2140 An
981 2103 1091 2142 non
1120 2088 1325 2159 cogitas
1346 2091 1489 2159 quod
1520 2090 1661 2147 Deus
1689 2093 1869 2147 excel-

281 2175 399 2230 sior
423 2176 564 2232 cmlo
612 2177 702 2243 sit,
732 2184 788 2231 et
823 2193 986 2247 super
1014 2179 1292 2235 stellarum
1341 2184 1574 2239 vertices
1612 2185 1866 2240 sublime-

279 2266 418 2319 tur?
452 2265 519 2320 Et
545 2267 682 2321 dicis
710 2283 723 2320 :
754 2266 893 2333 Quid
921 2268 1067 2322 enim
1116 2271 1265 2324 novit
1319 2272 1598 2339 Dominus,
1641 2285 1694 2328 et
1716 2277 1870 2344 quasi

278 2369 384 2424 per
436 2354 721 2426 caliginem
745 2357 995 2428 judicat?
1050 2358 1230 2415 Nubes
1281 2360 1562 2418 latibulum
1600 2366 1737 2435 ejus,
1772 2381 1872 2421 nec

279 2452 474 2498 nostra
500 2446 813 2501 considerat
840 2465 852 2500 :
879 2455 932 2503 et
965 2449 1111 2503 circa
1149 2451 1400 2507 cardines
1424 2453 1548 2508 coeli
1577 2457 1869 2523 perambu-

279 2536 360 2589 lat
386 2536 532 2605 (Job.
564 2537 663 2607 xl).
696 2537 787 2593 Sic
817 2549 873 2594 et
895 2538 1185 2596 Psalmista
1231 2544 1499 2599 veraciter
1536 2547 1630 2601 Dei
1678 2556 1868 2617 poten-

278 2627 414 2680 tiam
448 2627 775 2697 intelligens,
829 2631 902 2684 ita
934 2630 1133 2699 iniquis
1162 2633 1541 2702 exprobrando
1570 2636 1645 2689 ait
1674 2651 1690 2689 :
1729 2655 1746 2687 ε
1781 2636 1868 2691 ln-

280 2715 514 2785 telligite
568 2732 711 2771 nunc
766 2719 858 2788 qui
912 2719 1234 2790 insipientes
1285 2723 1417 2777 estis
1461 2723 1514 2777 in
1565 2725 1783 2795 populo,
1817 2735 1871 2780 et

276 2807 435 2863 stulti
481 2807 768 2879 aliquando
823 2810 1039 2879 sapite:
1071 2809 1173 2877 Qui
1214 2810 1478 2881 plantavit
1522 2828 1731 2880 aurem,
1762 2831 1865 2869 non

278 2899 512 2955 audiet?
541 2909 636 2954 aut
657 2900 749 2969 qui
778 2900 934 2955 ﬁnxit
978 2902 1217 2969 oculum,
1262 2919 1370 2959 non
1399 2905 1749 2960 considerat?
1773 2908 1865 2978 qui

275 2992 509 3061 corripit
553 3001 768 3062 gentes,
822 3008 930 3048 non
975 2995 1207 3064 arguet?
1253 2996 1346 3065 qui
1399 2996 1557 3051 docet
1593 2998 1863 3053 hominem

276 3081 606 3135 scientiam?
666 3080 927 3137 Dominus
968 3083 1120 3138 novit
1169 3084 1524 3155 cogitationes
1580 3086 1861 3140 hominum

1978 1886 2199 1940 nomine
2247 1890 2654 1957 praadicantium
2692 1893 2919 1949 altitudo
2947 1896 3211 1967 signatur.
3244 1903 3319 1955 De
3367 1904 3563 1971 quibus

1973 1996 2071 2050 per
2099 1979 2442 2037 Psalmistam
2466 1984 2702 2038 dicitur:
2741 2007 2758 2036 ι
2795 1986 3103 2057 Suscipiunt
3142 2001 3351 2048 tuentes
3373 2010 3560 2062 pacem

1971 2073 2169 2143 populo
2197 2083 2287 2127 tuo
2320 2072 2493 2144 (Psal.
2529 2076 2678 2147 uxr)
2708 2096 2719 2130 :
2758 2097 2776 2127 ι
2817 2079 2978 2132 electi
3012 2081 3208 2152 quippe
3237 2086 3561 2152 praedicato-

1973 2179 2061 2219 res
2086 2173 2304 2241 teternte
2328 2166 2517 2234 patria:
2556 2182 2662 2221 non
2706 2168 2979 2223 immerito
3011 2180 3222 2226 montes
3267 2184 3556 2243 vocantur,

1970 2256 2094 2325 quia
2132 2271 2229 2324 per
2255 2256 2378 2311 vitae
2407 2273 2518 2312 sua:
2550 2258 2924 2314 celsitudinem
2977 2262 3084 2315 ima
3114 2271 3380 2319 terrarum
3408 2268 3561 2323 dese-

1972 2353 2118 2408 runt,
2149 2354 2202 2399 et
2224 2346 2363 2400 cudo
2391 2348 2672 2417 propinqui
2708 2350 2879 2416 ﬁunt;
2919 2351 3174 2419 subjectis
3213 2370 3341 2423 ergo
3365 2358 3561 2413 divina:

1969 2435 2234 2490 voluntati
2273 2436 2460 2491 electis
2507 2439 2600 2493 Dei
2648 2439 2760 2493 sola
2813 2451 3072 2511 repugnat
3117 2459 3268 2500 mens
3294 2449 3557 2515 superbo-

1972 2546 2113 2595 rum,
2148 2530 2241 2584 sed
2279 2532 2552 2586 contraire
2582 2532 2655 2586 illi
2688 2542 2961 2604 satagens,
2990 2536 3104 2604 ipso
3131 2551 3188 2591 se
3223 2537 3403 2607 gladio
3428 2556 3558 2594 con-

1971 2622 2311 2677 tradictionis
2364 2623 2606 2694 frangit:
2640 2626 2814 2679 ordini
2870 2627 3085 2682 interno
3130 2631 3401 2698 renititur,
3462 2633 3556 2687 sed

1970 2710 2081 2766 suis
2124 2713 2267 2768 victa
2321 2716 2610 2770 conatibus
2657 2715 2873 2783 ligatur.
2912 2717 3065 2773 Unde
3099 2719 3153 2773 in
3181 2719 3284 2775 Job
3313 2722 3385 2775 ita
3423 2724 3558 2777 scri-

1967 2809 2118 2871 ptum
2160 2812 2244 2857 est
2279 2821 2291 2857 :
2331 2821 2349 2853 (
2385 2803 2519 2870 Quis
2552 2805 2752 2859 restitit
2785 2806 2831 2860 ci
2863 2814 2916 2861 et
2945 2823 3130 2876 pacem
3176 2810 3406 2864 habuit?
3432 2813 3557 2880 quia

1968 2906 2222 2961 perversa
2253 2908 2408 2948 mens
2433 2894 2574 2949 unde
2602 2910 2661 2950 se
2690 2902 2878 2950 contra
2905 2906 3182 2953 auctorem
3216 2900 3397 2970 erigit,
3428 2902 3556 2962 inde

1966 2996 2025 3036 se
2061 2982 2115 3035 in
2145 2983 2435 3053 semetipsa
2477 2985 2796 3051 confundit;
2847 2987 3048 3043 habere
3090 3005 3220 3060 ergo
3251 3006 3438 3060 pacem
3472 3008 3555 3047 re-

1967 3069 2163 3125 sistens
2212 3087 2320 3126 non
2374 3080 2577 3142 potest,
2631 3075 2760 3144 quia
2788 3075 2915 3129 dum
2942 3079 3249 3146 superbiam
3304 3081 3554 3136 confusio

275 3170 537 3241 quoniam
563 3186 717 3228 vana:
741 3180 867 3227 sunt
902 3172 1074 3245 (Psal.
1099 3153 1274 3248 xcnij.
1310 3195 1328 3227 ι
1357 3176 1424 3230 Et
1453 3177 1615 3231 item:
1651 3196 1668 3229 ι
1700 3177 1863 3232 Scru-

1975 3160 2237 3230 sequitur,
2288 3165 2433 3231 quod
2481 3164 2644 3218 stulte
2686 3182 2786 3235 per
2824 3166 3040 3237 culpam
3092 3171 3319 3239 geritur,
3370 3172 3554 3226 hocin

276 3273 425 3327 tans,
450 3263 645 3332 inquit,
697 3265 860 3320 corda
885 3272 941 3319 et
969 3280 1128 3321 renes
1153 3266 1295 3322 Deus
1323 3266 1475 3338 (Psul
1503 3269 1618 3341 vn).
1658 3291 1674 3321 ι
1710 3270 1863 3327 Unde

277 3366 335 3409 et
356 3370 459 3425 per
490 3354 836 3411 Salomonem
890 3358 1128 3413 dicitur:
1173 3378 1191 3409 ι
1232 3360 1431 3415 Omnes
1461 3362 1559 3415 via:
1586 3363 1862 3415 hominum

273 3454 472 3515 patent
495 3446 667 3502 oculis
697 3448 791 3502 Dei
818 3446 1001 3514 (Prov.
1030 3437 1145 3519 xw)
1176 3468 1188 3503 :
1228 3468 1247 3502 ι
1282 3449 1415 3505 Hinc
1439 3460 1494 3504 et
1522 3468 1617 3520 per
1640 3451 1862 3506 Paulum

275 3537 518 3592 dicitur:
561 3556 579 3589 ι
617 3536 780 3594 Vivus
803 3548 889 3593 est
917 3538 1060 3593 enim
1116 3554 1295 3595 sermo
1339 3541 1453 3605 Dei,
1489 3555 1541 3596 et
1566 3543 1778 3607 ellicax,
1806 3554 1861 3598 et

272 3627 668 3698 penetrabilior
720 3630 870 3684 omni
920 3629 1096 3701 gladio
1150 3632 1412 3701 ancipiti:
1442 3642 1498 3686 et
1548 3634 1862 3705 pertingens

274 3732 452 3787 usque
505 3718 574 3773 ad
607 3718 924 3774 divisionem
963 3720 1155 3775 animae
1183 3736 1247 3776 ac
1272 3722 1512 3791 spiritus,
1541 3739 1860 3794 compagum

273 3826 497 3880 quoque
535 3818 593 3866 et
634 3810 1017 3877 medullarum,
1076 3828 1140 3868 ac
1167 3814 1433 3868 discretor
1476 3816 1858 3885 cogitationqu

276 3910 334 3955 et
358 3901 724 3956 intentionum
756 3901 936 3956 cordis
972 3901 1156 3972 (Hebr.
1187 3906 1284 3973 ιν).

352 4010 372 4041 ι
414 3992 555 4046 Ecce
587 3992 785 4048 coelum
811 4001 867 4046 et
915 3992 1037 4047 coeli
1068 3993 1349 4059 ccelorum,
1379 3995 1606 4065 abyssus
1650 4005 1706 4052 et
1733 3998 1856 4052 uni-

296 4103 311 4131 ι
354 4096 515 4137 versa
544 4090 727 4149 terra;
775 4090 832 4137 et
879 4097 1000 4151 qua:
1028 4082 1081 4136 in
1107 4083 1187 4137 eis
1216 4092 1343 4137 sunt
1368 4084 1424 4138 in
1473 4095 1766 4156 conspectu
1800 4088 1859 4142 il-

286 4191 303 4220 ι
345 4171 452 4227 lius
499 4172 1016 4239 commovebuntur;
1057 4181 1269 4229 montes
1295 4175 1453 4230 simul
1488 4184 1544 4231 et
1599 4178 1765 4234 colles
1793 4188 1853 4234 et

279 4282 299 4314 ι
335 4261 692 4317 fundamenta
723 4273 902 4331 terrae,
950 4272 1007 4319 et
1033 4279 1155 4320 cum
1184 4270 1531 4337 conspexerit
1577 4269 1668 4326 illa
1692 4271 1855 4340 Deus,

279 4370 299 4403 ι
338 4360 583 4408 tremore
610 4355 987 4410 concutientur
1017 4373 1029 4408 :
1062 4355 1196 4409 etin
1232 4358 1482 4416 omnibus
1505 4360 1588 4416 his
1616 4362 1859 4417 insensa-

279 4463 300 4497 ι
339 4456 454 4501 tum
499 4454 584 4501 est
621 4462 737 4502 cor.
772 4467 791 4498 ι
840 4447 1135 4502 Enumerat
1174 4450 1444 4520 praecipua
1487 4452 1553 4508 de
1592 4454 1856 4510 creaturis

272 4536 399 4601 Dei,
426 4535 661 4606 qualiter
682 4537 861 4592 omnia
887 4539 1180 4593 secundum
1220 4540 1549 4597 voluntatem
1567 4559 1719 4599 suam
1750 4546 1859 4600 dis-

272 4626 460 4696 posuit
513 4635 673 4696 atque
719 4625 1017 4695 dispensat,
1068 4637 1127 4683 ut
1169 4629 1519 4700 intelligatur,
1585 4636 1630 4688 si
1660 4636 1865 4706 majora

274 4717 538 4786 majestas
566 4716 682 4785 ejus
712 4719 1142 4787 comprehendit,
1170 4721 1385 4776 minora
1408 4724 1569 4778 etiam
1593 4724 1683 4780 illo
1704 4729 1864 4784 modo

272 4823 401 4861 cum
436 4805 606 4859 latere
634 4820 738 4860 non
767 4821 944 4876 posse.
975 4807 1126 4862 Nulla
1159 4811 1306 4864 enim
1336 4821 1587 4868 creatura
1619 4816 1863 4873 invisibi-

270 4899 342 4953 lis
366 4897 528 4951 estin
565 4907 853 4968 conspectu
882 4898 1020 4967 ejus,
1051 4902 1177 4970 quia
1223 4905 1505 4974 aequaliter
1551 4919 1606 4961 et
1636 4926 1856 4982 magno-

273 5005 399 5042 rum
427 4996 481 5043 et
501 5003 795 5057 parvorum
824 4990 937 5060 ipse
964 5001 1177 5047 creator
1202 5003 1284 5048 est
1307 5011 1321 5059 ;
1345 4998 1598 5065 quoniam
1623 5016 1688 5054 ex
1718 5002 1858 5069 ipso,

270 5091 331 5136 et
367 5094 469 5151 per
497 5081 694 5151 ipsum,
729 5092 783 5137 et
812 5082 864 5136 in
912 5083 1030 5152 ipso
1061 5094 1186 5139 sunt
1209 5088 1423 5153 omnia;
1459 5096 1513 5143 et
1538 5091 1720 5145 omnia
1765 5106 1860 5160 pa-

272 5181 410 5228 vent
434 5181 492 5228 et
526 5175 960 5230 contremiscunt
1018 5175 1086 5228 ad
1144 5187 1333 5231 nutum
1364 5180 1518 5249 ejus:
1553 5182 1666 5235 sola
1712 5184 1857 5239 enim

270 5266 563 5323 rationalis
592 5275 855 5323 creatura:
903 5268 1153 5324 voluntas
1181 5269 1233 5322 in
1286 5274 1554 5339 perversis
1584 5278 1857 5330 contraria

266 5358 352 5414 illi
376 5357 566 5420 sentit,
593 5357 691 5412 sed
716 5372 825 5411 non
853 5359 1182 5427 praevalebit,
1210 5361 1335 5429 quia
1362 5364 1417 5416 in
1454 5364 1725 5421 voluntate
1748 5383 1859 5422 om-

269 5447 578 5518 nipotentis
628 5449 923 5503 conditoris
979 5449 1227 5506 universa
1264 5462 1389 5507 sunt
1431 5456 1627 5521 posita,
1658 5465 1713 5510 et
1751 5473 1855 5511 non

267 5548 363 5595 est
416 5538 509 5606 qui
559 5538 730 5606 possit
787 5540 1042 5595 resistere
1093 5543 1353 5599 voluntati
1406 5544 1543 5612 ejus,
1596 5548 1856 5604 Dominus

265 5631 423 5685 enim
455 5630 832 5686 universorum
884 5634 999 5705 ipse
1025 5647 1127 5690 est.
1163 5638 1385 5707 Mystice
1420 5648 1601 5693 autem
1633 5641 1685 5694 in
1733 5644 1853 5697 coeli

268 5723 499 5779 nomine
529 5724 775 5778 militiam
811 5728 1086 5783 cmlcstem
1121 5739 1171 5784 et
1204 5732 1471 5800 angelicas
1500 5734 1854 5799 comprehen-

1968 3254 2177 3321 agentis
2201 3269 2359 3324 poena
2384 3256 2708 3312 mirabiliter
2730 3259 3045 3315 ordinatur.-

2045 3384 2061 3413 ι
2095 3365 2162 3418 Et
2181 3381 2343 3419 omne
2364 3382 2459 3420 cor
2481 3368 2800 3439 intelligitur
2823 3371 2890 3425 ab
2916 3372 3030 3436 illo,
3060 3381 3114 3426 et
3138 3372 3252 3427 vias
3280 3357 3558 3446 illiusquis

1972 3474 1990 3505 ε
2031 3456 2278 3526 intelligit
2314 3475 2325 3510 :
2360 3466 2414 3511 ct
2440 3461 2735 3529 procellam
2767 3477 2927 3530 quam
2962 3480 3078 3519 nec-
3116 3465 3306 3519 oculus
3356 3468 3559 3523 videbit

1971 3563 1989 3597 ι
2029 3546 2305 3601 hominis?
2339 3568 2357 3599 ι
2391 3547 2523 3602 Cum
2569 3551 2714 3605 enim
2762 3553 2942 3607 omnia
2985 3554 3250 3623 sapientia
3282 3556 3558 3614 Creatoris

1963 3639 2122 3703 sciat,
2173 3648 2228 3692 et
2262 3641 2443 3695 omnia
2475 3642 2748 3698 noscenda
2808 3644 3090 3711 dijudicet,
3133 3647 3556 3715 profunditatem

1964 3737 2144 3784 tamen
2197 3730 2405 3784 consilii
2456 3735 2541 3785 sui
2567 3741 2623 3786 et
2652 3735 2952 3803 potentiam
2986 3736 3195 3805 judicii,
3252 3754 3372 3806 qua:
3419 3756 3549 3810 pro-
3619 3790 3628 3805 ,

1962 3820 2109 3874 cellae
2132 3823 2352 3875 nomine
2382 3822 2470 3876 hic
2491 3822 2824 3894 designatur,
2867 3841 3028 3882 nemo
3056 3836 3343 3896 penetrare
3396 3840 3551 3899 pote-

1962 3912 2053 3977 rit,
2086 3912 2339 3980 quoniam
2364 3911 2520 3980 juxta
2552 3915 2604 3969 id
2633 3919 2776 3985 quod
2807 3919 3085 3985 sequitur:

2037 4042 2054 4073 ‹
2095 4022 2227 4076 Nam
2258 4022 2489 4093 plurima
2527 4041 2691 4095 opera
2719 4025 2860 4081 illius
2883 4038 3010 4082 sunt
3042 4029 3094 4082 in
3129 4031 3429 4096 absconsis,
3457 4033 3549 4088 sed

1964 4132 1982 4162 ί
2028 4109 2434 4180 operajustitize
2486 4114 2608 4182 quis
2658 4116 2990 4180 cnuntiabit,
3023 4126 3116 4171 aut
3166 4119 3289 4187 quis
3316 4121 3550 4176 sustine-

1965 4218 1983 4249 ι
2029 4201 2185 4254 bit?»
2221 4200 2354 4267 Quia
2385 4217 2447 4255 ea
2472 4202 2651 4257 nullus
2671 4206 2734 4258 ad
2759 4205 3018 4274 liquidum
3050 4207 3367 4278 dignoscere
3391 4220 3545 4280 pote-

1958 4291 2067 4346 rit:
2104 4311 2119 4342 ‹
2158 4292 2722 4361 lncomprehensibilia
2754 4297 2897 4351 enim
2936 4298 3284 4367 suntjudicia
3324 4302 3459 4372 ejus,
3490 4313 3547 4358 et

1958 4379 2360 4451 investigabiles
2415 4381 2516 4435 via:
2561 4383 2698 4452 ejus.
2747 4404 2764 4434 ι
2798 4384 3027 4439 Tantum
3065 4402 3195 4458 ergo
3248 4389 3376 4443 hinc
3405 4392 3545 4446 ratio

1881 4506 1935 4564 Β
1960 4478 2224 4526 creatum
2273 4486 2565 4541 agnoscere
2621 4476 2839 4543 poterit,
2876 4486 3136 4546 quantum
3171 4479 3247 4533 illi
3297 4482 3540 4537 revelare

1964 4558 2197 4615 voluerit
2249 4561 2425 4631 pietas
2458 4560 2750 4633 largitoris.
2808 4562 2962 4620 Unde
3020 4565 3263 4622 dicitur:
3306 4588 3325 4619 ‹
3369 4568 3546 4640 Opera

1959 4649 2186 4718 justitite
2215 4653 2339 4722 quis
2369 4655 2709 4710 enuntiabit?
2744 4665 2837 4710 aut
2859 4658 2980 4727 quis
3006 4660 3334 4715 sustinebit?
3368 4681 3386 4713 ι
3420 4664 3547 4732 quia

1965 4742 2106 4798 sicut
2130 4759 2288 4800 nemo
2312 4747 2597 4803 enuntiare
2649 4759 2830 4818 potest
2861 4749 3088 4817 justitia:
3113 4753 3205 4806 Dei
3239 4754 3545 4809 sublimita-

1965 4838 2095 4898 tem,
2146 4833 2221 4887 ita
2251 4849 2352 4889 nec
2388 4835 2614 4890 sufferre
2648 4837 2788 4890 valet
2831 4836 3161 4905 judiciorum
3212 4842 3331 4910 ejus
3364 4845 3547 4899 distri-

1964 4921 2216 4987 ctionem,
2248 4923 2350 4977 nisi
2394 4926 2476 4978 cui
2507 4925 2619 4993 ipse
2646 4926 2944 4993 donaverit,
2991 4937 3047 4983 et
3082 4940 3344 5000 quantum
3380 4934 3545 4989 dona-

1964 5013 2122 5066 verit.

2039 5123 2057 5154 ι
2094 5105 2275 5176 Longe
2308 5108 2457 5161 enim
2507 5115 2589 5163 est
2643 5117 3024 5167 testamentum
3054 5128 3084 5167 a
3112 5115 3460 5185 quihusdam,
3488 5128 3541 5175 et

1967 5212 1984 5242 ‹
2026 5193 2377 5264 interrogatio
2400 5197 2636 5251 omnium
2668 5198 2721 5253 in
2743 5202 3209 5259 consummatione
3226 5215 3325 5261 est.
3364 5227 3381 5259 ι
3407 5207 3541 5261 Lon-

1962 5298 2027 5354 ge
2054 5294 2135 5339 cst
2161 5293 2539 5341 testamentum
2569 5304 2597 5342 a
2624 5290 2867 5360 paganis,
2900 5292 2991 5360 qui
3039 5293 3355 5349 idololatria.-
3382 5309 3538 5347 exer-

1963 5381 2087 5427 cent
2127 5373 2420 5431 falsitatem
2447 5396 2461 5443 ;
2494 5378 2650 5449 longe
2679 5389 2762 5435 est
2795 5392 2851 5435 ct
2878 5382 2946 5436 ab
2971 5384 3259 5445 haereticis,
3288 5381 3379 5450 qui
3410 5380 3535 5433 ﬁdei

1963 5464 2276 5524 deserentes
2327 5471 2633 5535 veritatem,
2691 5481 2870 5527 sertas
2932 5480 3248 5527 construunt
3296 5469 3534 5534 erroris;

1960 5556 2116 5627 longe
2154 5568 2237 5613 est
2280 5569 2333 5614 et
2358 5576 2387 5612 a
2419 5561 2573 5615 malis
2627 5563 2925 5627 catholicis,
2968 5564 3058 5631 qui
3091 5564 3215 5615 licet
3240 5561 3399 5614 ﬁdem
3440 5576 3529 5615 re-

1961 5658 2101 5703 ctam
2157 5660 2393 5712 teneant,
2425 5661 2599 5705 tamen
2640 5668 2803 5722 opera
2842 5653 2961 5705 ﬁdei
2992 5651 3253 5719 condigna
3282 5666 3385 5704 non
3432 5650 3527 5703 ha-

1960 5737 2105 5803 bent,
2135 5750 2186 5794 et
2227 5750 2510 5809 propterea
2557 5739 2862 5795 testamenti
2894 5738 2987 5792 Dei
3023 5739 3288 5792 veraciter
3309 5740 3533 5808 particio
