  <div class='ocr_page' id='page_1' title='image "/cluster/home/n/w/nwhite01/storage/ocr_20150623/109/hvd.32044054759741/441.png"; bbox 0 0 3904 6184; ppageno 0'>
   <div class='ocr_carea' id='block_1_1' title="bbox 415 325 513 380">
    <p class='ocr_par' dir='ltr' id='par_1_1' title="bbox 415 325 513 380">
     <span class='ocr_line' id='line_1_1' title="bbox 415 325 513 380; baseline -0.01 0"><span class='ocrx_word' id='word_1_1' title='bbox 415 325 513 380; x_wconf 78' lang='lat'><strong>871</strong></span> 
     </span>
    </p>
   </div>
   <div class='ocr_carea' id='block_1_2' title="bbox 1053 304 2005 373">
    <p class='ocr_par' dir='ltr' id='par_1_2' title="bbox 1053 314 2002 373">
     <span class='ocr_line' id='line_1_2' title="bbox 1053 314 2002 373; baseline -0.005 0"><span class='ocrx_word' id='word_1_2' title='bbox 1053 320 1113 373; x_wconf 86' lang='grc' dir='ltr'><strong>Β.</strong></span> <span class='ocrx_word' id='word_1_3' title='bbox 1155 316 1406 372; x_wconf 77' lang='grc' dir='ltr'><strong>ΒΑΒΑΝΙ</strong></span> <span class='ocrx_word' id='word_1_4' title='bbox 1441 315 1665 371; x_wconf 76' lang='lat' dir='ltr'><strong>MAURl</strong></span> <span class='ocrx_word' id='word_1_5' title='bbox 1704 314 2002 369; x_wconf 78' lang='lat' dir='ltr'><strong>ARCHIEP</strong></span> 
     </span>
    </p>
   </div>
   <div class='ocr_carea' id='block_1_3' title="bbox 2114 304 3046 373">
    <p class='ocr_par' dir='ltr' id='par_1_3' title="bbox 2118 304 3046 368">
     <span class='ocr_line' id='line_1_3' title="bbox 2118 304 3046 368; baseline -0.012 0"><span class='ocrx_word' id='word_1_6' title='bbox 2118 306 2378 368; x_wconf 76' lang='lat' dir='ltr'><strong>OGUNT.</strong></span> <span class='ocrx_word' id='word_1_7' title='bbox 2419 305 2705 365; x_wconf 73' lang='lat' dir='ltr'><strong>OPERUM</strong></span> <span class='ocrx_word' id='word_1_8' title='bbox 2741 304 2919 361; x_wconf 77' lang='lat' dir='ltr'><strong>PARS</strong></span> <span class='ocrx_word' id='word_1_9' title='bbox 2957 305 3046 359; x_wconf 76' lang='lat' dir='ltr'><strong>IV.</strong></span> 
     </span>
    </p>
   </div>
   <div class='ocr_carea' id='block_1_4' title="bbox 3577 300 3680 358">
    <p class='ocr_par' dir='ltr' id='par_1_4' title="bbox 3577 300 3680 358">
     <span class='ocr_line' id='line_1_4' title="bbox 3577 300 3680 358; baseline -0.019 0"><span class='ocrx_word' id='word_1_10' title='bbox 3577 300 3680 358; x_wconf 63' lang='lat'><strong>87&#39;!</strong></span> 
     </span>
    </p>
   </div>
   <div class='ocr_carea' id='block_1_5' title="bbox 416 414 3685 503">
    <p class='ocr_par' dir='ltr' id='par_1_5' title="bbox 416 414 3685 503">
     <span class='ocr_line' id='line_1_5' title="bbox 416 414 3685 503; baseline -0.005 -16"><span class='ocrx_word' id='word_1_11' title='bbox 416 448 517 503; x_wconf 85' lang='lat' dir='ltr'><strong>pes</strong></span> <span class='ocrx_word' id='word_1_12' title='bbox 558 414 667 486; x_wconf 82' lang='lat' dir='ltr'><strong>non</strong></span> <span class='ocrx_word' id='word_1_13' title='bbox 694 436 856 492; x_wconf 87' lang='lat' dir='ltr'><strong>sunt,</strong></span> <span class='ocrx_word' id='word_1_14' title='bbox 889 448 907 477; x_wconf 78' lang='grc' dir='ltr'><strong>ι</strong></span> <span class='ocrx_word' id='word_1_15' title='bbox 946 431 1072 495; x_wconf 82' lang='lat' dir='ltr'><strong>quia</strong></span> <span class='ocrx_word' id='word_1_16' title='bbox 1097 425 1374 480; x_wconf 76' lang='lat' dir='ltr'><strong>auditores</strong></span> <span class='ocrx_word' id='word_1_17' title='bbox 1424 424 1560 494; x_wconf 82' lang='lat' dir='ltr'><strong>legis</strong></span> <span class='ocrx_word' id='word_1_18' title='bbox 1587 439 1693 478; x_wconf 89' lang='lat' dir='ltr'><strong>non</strong></span> <span class='ocrx_word' id='word_1_19' title='bbox 1718 422 1991 491; x_wconf 86' lang='lat' dir='ltr'><strong>justillca-</strong></span> <span class='ocrx_word' id='word_1_20' title='bbox 2025 428 2069 485; x_wconf 77' lang='grc' dir='ltr'><strong>Α</strong></span> <span class='ocrx_word' id='word_1_21' title='bbox 2104 439 2121 470; x_wconf 78' lang='grc' dir='ltr'><strong>ι</strong></span> <span class='ocrx_word' id='word_1_22' title='bbox 2164 429 2213 474; x_wconf 89' lang='lat' dir='ltr'><strong>et</strong></span> <span class='ocrx_word' id='word_1_23' title='bbox 2242 419 2393 473; x_wconf 90' lang='lat' dir='ltr'><strong>initia</strong></span> <span class='ocrx_word' id='word_1_24' title='bbox 2426 418 2665 487; x_wconf 89' lang='lat' dir='ltr'><strong>ipsorum</strong></span> <span class='ocrx_word' id='word_1_25' title='bbox 2698 416 2751 469; x_wconf 89' lang='lat' dir='ltr'><strong>in</strong></span> <span class='ocrx_word' id='word_1_26' title='bbox 2801 414 3049 485; x_wconf 77' lang='lat' dir='ltr'><strong>gentibus</strong></span> <span class='ocrx_word' id='word_1_27' title='bbox 3076 418 3209 471; x_wconf 85' lang='lat' dir='ltr'><strong>suis.</strong></span> <span class='ocrx_word' id='word_1_28' title='bbox 3248 437 3265 467; x_wconf 73' lang='grc' dir='ltr'><strong>ι</strong></span> <span class='ocrx_word' id='word_1_29' title='bbox 3304 415 3381 470; x_wconf 86' lang='lat' dir='ltr'><strong>Ex</strong></span> <span class='ocrx_word' id='word_1_30' title='bbox 3411 432 3521 486; x_wconf 88' lang='lat' dir='ltr'><strong>quo</strong></span> <span class='ocrx_word' id='word_1_31' title='bbox 3557 431 3685 486; x_wconf 84' lang='lat' dir='ltr'><strong>ergo</strong></span> 
     </span>
    </p>
   </div>
   <div class='ocr_carea' id='block_1_6' title="bbox 421 514 1999 591">
    <p class='ocr_par' dir='ltr' id='par_1_6' title="bbox 421 514 1999 591">
     <span class='ocr_line' id='line_1_6' title="bbox 421 514 1999 591; baseline -0.008 -12"><span class='ocrx_word' id='word_1_32' title='bbox 421 532 622 580; x_wconf 84' lang='lat' dir='ltr'><strong>buntur</strong></span> <span class='ocrx_word' id='word_1_33' title='bbox 658 518 798 591; x_wconf 90' lang='lat' dir='ltr'><strong>apud</strong></span> <span class='ocrx_word' id='word_1_34' title='bbox 841 518 1034 581; x_wconf 88' lang='lat' dir='ltr'><strong>Deum,</strong></span> <span class='ocrx_word' id='word_1_35' title='bbox 1085 516 1181 571; x_wconf 90' lang='lat' dir='ltr'><strong>sed</strong></span> <span class='ocrx_word' id='word_1_36' title='bbox 1238 515 1471 570; x_wconf 74' lang='lat' dir='ltr'><strong>factores</strong></span> <span class='ocrx_word' id='word_1_37' title='bbox 1524 515 1679 584; x_wconf 83' lang='lat' dir='ltr'><strong>legis.</strong></span> <span class='ocrx_word' id='word_1_38' title='bbox 1722 534 1740 566; x_wconf 72' lang='grc' dir='ltr'><strong>ι</strong></span> <span class='ocrx_word' id='word_1_39' title='bbox 1802 514 1999 567; x_wconf 90' lang='lat' dir='ltr'><strong>Dicunt</strong></span> 
     </span>
    </p>
   </div>
   <div class='ocr_carea' id='block_1_7' title="bbox 421 605 2000 676">
    <p class='ocr_par' dir='ltr' id='par_1_7' title="bbox 421 605 2000 676">
     <span class='ocr_line' id='line_1_7' title="bbox 421 605 2000 676; baseline -0.008 -5"><span class='ocrx_word' id='word_1_40' title='bbox 421 615 564 672; x_wconf 84' lang='lat' dir='ltr'><strong>enim</strong></span> <span class='ocrx_word' id='word_1_41' title='bbox 590 627 648 667; x_wconf 90' lang='lat' dir='ltr'><strong>se</strong></span> <span class='ocrx_word' id='word_1_42' title='bbox 673 623 832 663; x_wconf 89' lang='lat' dir='ltr'><strong>nosse</strong></span> <span class='ocrx_word' id='word_1_43' title='bbox 868 608 1061 672; x_wconf 85' lang='lat' dir='ltr'><strong>Deum,</strong></span> <span class='ocrx_word' id='word_1_44' title='bbox 1101 605 1261 661; x_wconf 81' lang='lat' dir='ltr'><strong>factis</strong></span> <span class='ocrx_word' id='word_1_45' title='bbox 1292 613 1470 660; x_wconf 85' lang='lat' dir='ltr'><strong>autem</strong></span> <span class='ocrx_word' id='word_1_46' title='bbox 1499 613 1699 676; x_wconf 88' lang='lat' dir='ltr'><strong>negant</strong></span> <span class='ocrx_word' id='word_1_47' title='bbox 1725 622 1740 671; x_wconf 86' lang='lat'><strong>;</strong></span> <span class='ocrx_word' id='word_1_48' title='bbox 1776 605 1872 660; x_wconf 88' lang='lat' dir='ltr'><strong>sed</strong></span> <span class='ocrx_word' id='word_1_49' title='bbox 1902 605 2000 658; x_wconf 80' lang='lat' dir='ltr'><strong>ho-</strong></span> 
     </span>
    </p>
   </div>
   <div class='ocr_carea' id='block_1_8' title="bbox 422 697 1998 769">
    <p class='ocr_par' dir='ltr' id='par_1_8' title="bbox 422 697 1998 769">
     <span class='ocr_line' id='line_1_8' title="bbox 422 697 1998 769; baseline -0.006 -10"><span class='ocrx_word' id='word_1_50' title='bbox 422 722 543 760; x_wconf 87' lang='lat' dir='ltr'><strong>rum</strong></span> <span class='ocrx_word' id='word_1_51' title='bbox 596 701 838 757; x_wconf 89' lang='lat' dir='ltr'><strong>omnium</strong></span> <span class='ocrx_word' id='word_1_52' title='bbox 882 699 1236 769; x_wconf 75' lang='lat' dir='ltr'><strong>interrogatio</strong></span> <span class='ocrx_word' id='word_1_53' title='bbox 1268 698 1322 751; x_wconf 93' lang='lat' dir='ltr'><strong>in</strong></span> <span class='ocrx_word' id='word_1_54' title='bbox 1375 697 1844 751; x_wconf 84' lang='lat' dir='ltr'><strong>consummatione</strong></span> <span class='ocrx_word' id='word_1_55' title='bbox 1892 703 1998 759; x_wconf 89' lang='lat' dir='ltr'><strong>est,</strong></span> 
     </span>
    </p>
   </div>
   <div class='ocr_carea' id='block_1_9' title="bbox 420 786 2000 868">
    <p class='ocr_par' dir='ltr' id='par_1_9' title="bbox 420 786 2000 868">
     <span class='ocr_line' id='line_1_9' title="bbox 420 786 2000 868; baseline -0.008 -16"><span class='ocrx_word' id='word_1_56' title='bbox 420 795 636 868; x_wconf 89' lang='lat' dir='ltr'><strong>quando</strong></span> <span class='ocrx_word' id='word_1_57' title='bbox 680 790 736 847; x_wconf 93' lang='lat' dir='ltr'><strong>in</strong></span> <span class='ocrx_word' id='word_1_58' title='bbox 784 791 873 846; x_wconf 90' lang='lat' dir='ltr'><strong>die</strong></span> <span class='ocrx_word' id='word_1_59' title='bbox 889 789 1080 859; x_wconf 90' lang='lat' dir='ltr'><strong>judicii</strong></span> <span class='ocrx_word' id='word_1_60' title='bbox 1103 788 1302 860; x_wconf 87' lang='lat' dir='ltr'><strong>singuli</strong></span> <span class='ocrx_word' id='word_1_61' title='bbox 1329 788 1556 842; x_wconf 90' lang='lat' dir='ltr'><strong>reddent</strong></span> <span class='ocrx_word' id='word_1_62' title='bbox 1600 787 1864 841; x_wconf 89' lang='lat' dir='ltr'><strong>rationem</strong></span> <span class='ocrx_word' id='word_1_63' title='bbox 1888 786 2000 839; x_wconf 86' lang='lat' dir='ltr'><strong>Deo</strong></span> 
     </span>
    </p>
   </div>
   <div class='ocr_carea' id='block_1_10' title="bbox 420 879 2002 961">
    <p class='ocr_par' dir='ltr' id='par_1_10' title="bbox 420 879 2002 961">
     <span class='ocr_line' id='line_1_10' title="bbox 420 879 2002 961; baseline -0.009 -15"><span class='ocrx_word' id='word_1_64' title='bbox 420 907 519 961; x_wconf 85' lang='lat' dir='ltr'><strong>pro</strong></span> <span class='ocrx_word' id='word_1_65' title='bbox 545 887 830 942; x_wconf 86' lang='lat' dir='ltr'><strong>animabus</strong></span> <span class='ocrx_word' id='word_1_66' title='bbox 868 885 982 939; x_wconf 90' lang='lat' dir='ltr'><strong>suis</strong></span> <span class='ocrx_word' id='word_1_67' title='bbox 1013 902 1026 937; x_wconf 91' lang='lat'>:</span> <span class='ocrx_word' id='word_1_68' title='bbox 1064 900 1083 933; x_wconf 84' lang='grc'><strong><em>‹</em></strong></span> <span class='ocrx_word' id='word_1_69' title='bbox 1114 890 1169 938; x_wconf 92' lang='lat' dir='ltr'><strong>et</strong></span> <span class='ocrx_word' id='word_1_70' title='bbox 1205 890 1332 936; x_wconf 91' lang='lat' dir='ltr'><strong>tunc</strong></span> <span class='ocrx_word' id='word_1_71' title='bbox 1366 880 1591 949; x_wconf 85' lang='lat' dir='ltr'><strong>recipiet</strong></span> <span class='ocrx_word' id='word_1_72' title='bbox 1631 879 2002 949; x_wconf 81' lang='lat' dir='ltr'><strong>unusquisque</strong></span> 
     </span>
    </p>
   </div>
   <div class='ocr_carea' id='block_1_11' title="bbox 421 970 2002 1052">
    <p class='ocr_par' dir='ltr' id='par_1_11' title="bbox 421 970 2002 1052">
     <span class='ocr_line' id='line_1_11' title="bbox 421 970 2002 1052; baseline -0.008 -16"><span class='ocrx_word' id='word_1_73' title='bbox 421 980 639 1052; x_wconf 83' lang='lat' dir='ltr'><strong>propria</strong></span> <span class='ocrx_word' id='word_1_74' title='bbox 661 976 906 1048; x_wconf 89' lang='lat' dir='ltr'><strong>corporis</strong></span> <span class='ocrx_word' id='word_1_75' title='bbox 933 975 1017 1030; x_wconf 91' lang='lat' dir='ltr'><strong>sui</strong></span> <span class='ocrx_word' id='word_1_76' title='bbox 1053 981 1213 1044; x_wconf 80' lang='lat' dir='ltr'><strong>prout</strong></span> <span class='ocrx_word' id='word_1_77' title='bbox 1236 974 1426 1049; x_wconf 78' lang='lat' dir='ltr'><strong>gessit,</strong></span> <span class='ocrx_word' id='word_1_78' title='bbox 1480 972 1592 1026; x_wconf 86' lang='lat' dir='ltr'><strong>sive</strong></span> <span class='ocrx_word' id='word_1_79' title='bbox 1632 971 1856 1035; x_wconf 90' lang='lat' dir='ltr'><strong>bonum,</strong></span> <span class='ocrx_word' id='word_1_80' title='bbox 1888 970 2002 1024; x_wconf 91' lang='lat' dir='ltr'><strong>sive</strong></span> 
     </span>
    </p>
   </div>
   <div class='ocr_carea' id='block_1_12' title="bbox 426 1073 704 1141">
    <p class='ocr_par' dir='ltr' id='par_1_12' title="bbox 426 1073 704 1141">
     <span class='ocr_line' id='line_1_12' title="bbox 426 1073 704 1141; baseline -0.025 -13"><span class='ocrx_word' id='word_1_81' title='bbox 426 1073 646 1141; x_wconf 87' lang='lat' dir='ltr'><strong>malum.</strong></span> <span class='ocrx_word' id='word_1_82' title='bbox 686 1090 704 1121; x_wconf 76' lang='grc' dir='ltr'><strong>ι</strong></span> 
     </span>
    </p>
   </div>
   <div class='ocr_carea' id='block_1_13' title="bbox 500 1150 2004 1229">
    <p class='ocr_par' dir='ltr' id='par_1_13' title="bbox 500 1150 2004 1229">
     <span class='ocr_line' id='line_1_13' title="bbox 500 1150 2004 1229; baseline -0.009 -13"><span class='ocrx_word' id='word_1_83' title='bbox 500 1183 519 1214; x_wconf 87' lang='grc'>‹</span> <span class='ocrx_word' id='word_1_84' title='bbox 565 1162 665 1229; x_wconf 90' lang='lat' dir='ltr'><strong>Qui</strong></span> <span class='ocrx_word' id='word_1_85' title='bbox 692 1160 994 1215; x_wconf 85' lang='lat' dir='ltr'><strong>minoratur</strong></span> <span class='ocrx_word' id='word_1_86' title='bbox 1019 1157 1182 1211; x_wconf 88' lang='lat' dir='ltr'><strong>corde</strong></span> <span class='ocrx_word' id='word_1_87' title='bbox 1221 1154 1427 1224; x_wconf 84' lang='lat' dir='ltr'><strong>cogitat</strong></span> <span class='ocrx_word' id='word_1_88' title='bbox 1469 1152 1669 1216; x_wconf 90' lang='lat' dir='ltr'><strong>inania,</strong></span> <span class='ocrx_word' id='word_1_89' title='bbox 1697 1159 1753 1206; x_wconf 88' lang='lat' dir='ltr'><strong>et</strong></span> <span class='ocrx_word' id='word_1_90' title='bbox 1776 1150 1860 1203; x_wconf 88' lang='lat' dir='ltr'><strong>vir</strong></span> <span class='ocrx_word' id='word_1_91' title='bbox 1896 1152 2004 1203; x_wconf 87' lang='lat' dir='ltr'><strong>im-</strong></span> 
     </span>
    </p>
   </div>
   <div class='ocr_carea' id='block_1_14' title="bbox 432 1241 2009 1322">
    <p class='ocr_par' dir='ltr' id='par_1_14' title="bbox 432 1241 2009 1322">
     <span class='ocr_line' id='line_1_14' title="bbox 432 1241 2009 1322; baseline -0.008 -18"><span class='ocrx_word' id='word_1_92' title='bbox 432 1271 450 1304; x_wconf 81' lang='grc' dir='ltr'><strong>ι</strong></span> <span class='ocrx_word' id='word_1_93' title='bbox 490 1252 726 1322; x_wconf 88' lang='lat' dir='ltr'><strong>prudens</strong></span> <span class='ocrx_word' id='word_1_94' title='bbox 754 1258 810 1303; x_wconf 93' lang='lat' dir='ltr'><strong>et</strong></span> <span class='ocrx_word' id='word_1_95' title='bbox 842 1262 1032 1302; x_wconf 88' lang='lat' dir='ltr'><strong>errans</strong></span> <span class='ocrx_word' id='word_1_96' title='bbox 1077 1245 1282 1316; x_wconf 84' lang='lat' dir='ltr'><strong>cogitat</strong></span> <span class='ocrx_word' id='word_1_97' title='bbox 1325 1242 1509 1299; x_wconf 90' lang='lat' dir='ltr'><strong>stulta.</strong></span> <span class='ocrx_word' id='word_1_98' title='bbox 1547 1260 1565 1292; x_wconf 73' lang='grc' dir='ltr'><strong>ι</strong></span> <span class='ocrx_word' id='word_1_99' title='bbox 1602 1241 1901 1295; x_wconf 83' lang='lat' dir='ltr'><strong>Minoratur</strong></span> <span class='ocrx_word' id='word_1_100' title='bbox 1920 1252 2009 1293; x_wconf 90' lang='lat' dir='ltr'><strong>er-</strong></span> 
     </span>
    </p>
   </div>
   <div class='ocr_carea' id='block_1_15' title="bbox 425 1330 2005 1414">
    <p class='ocr_par' dir='ltr' id='par_1_15' title="bbox 425 1330 2005 1414">
     <span class='ocr_line' id='line_1_15' title="bbox 425 1330 2005 1414; baseline -0.009 -17"><span class='ocrx_word' id='word_1_101' title='bbox 425 1358 495 1414; x_wconf 83' lang='lat' dir='ltr'><strong>go</strong></span> <span class='ocrx_word' id='word_1_102' title='bbox 522 1342 703 1403; x_wconf 88' lang='lat' dir='ltr'><strong>corde,</strong></span> <span class='ocrx_word' id='word_1_103' title='bbox 736 1339 830 1408; x_wconf 89' lang='lat' dir='ltr'><strong>qui</strong></span> <span class='ocrx_word' id='word_1_104' title='bbox 886 1336 1091 1391; x_wconf 88' lang='lat' dir='ltr'><strong>recedit</strong></span> <span class='ocrx_word' id='word_1_105' title='bbox 1124 1352 1155 1389; x_wconf 87' lang='lat' dir='ltr'><strong>a</strong></span> <span class='ocrx_word' id='word_1_106' title='bbox 1182 1335 1430 1389; x_wconf 79' lang='lat' dir='ltr'><strong>veritatis</strong></span> <span class='ocrx_word' id='word_1_107' title='bbox 1455 1332 1691 1387; x_wconf 86' lang='lat' dir='ltr'><strong>tramite.</strong></span> <span class='ocrx_word' id='word_1_108' title='bbox 1734 1331 1831 1385; x_wconf 88' lang='lat' dir='ltr'><strong>Hic</strong></span> <span class='ocrx_word' id='word_1_109' title='bbox 1857 1330 2005 1401; x_wconf 89' lang='lat' dir='ltr'><strong>cogi-</strong></span> 
     </span>
    </p>
   </div>
   <div class='ocr_carea' id='block_1_16' title="bbox 429 1423 2008 1497">
    <p class='ocr_par' dir='ltr' id='par_1_16' title="bbox 429 1423 2008 1497">
     <span class='ocr_line' id='line_1_16' title="bbox 429 1423 2008 1497; baseline -0.006 -11"><span class='ocrx_word' id='word_1_110' title='bbox 429 1441 507 1486; x_wconf 89' lang='lat' dir='ltr'><strong>tat</strong></span> <span class='ocrx_word' id='word_1_111' title='bbox 527 1431 730 1495; x_wconf 89' lang='lat' dir='ltr'><strong>inania,</strong></span> <span class='ocrx_word' id='word_1_112' title='bbox 758 1430 861 1483; x_wconf 89' lang='lat' dir='ltr'><strong>hoc</strong></span> <span class='ocrx_word' id='word_1_113' title='bbox 899 1435 983 1482; x_wconf 89' lang='lat' dir='ltr'><strong>est</strong></span> <span class='ocrx_word' id='word_1_114' title='bbox 1003 1426 1137 1481; x_wconf 85' lang='lat' dir='ltr'><strong>falsa</strong></span> <span class='ocrx_word' id='word_1_115' title='bbox 1158 1441 1258 1497; x_wconf 91' lang='lat' dir='ltr'><strong>pro</strong></span> <span class='ocrx_word' id='word_1_116' title='bbox 1285 1424 1433 1479; x_wconf 88' lang='lat' dir='ltr'><strong>veris</strong></span> <span class='ocrx_word' id='word_1_117' title='bbox 1463 1423 1753 1477; x_wconf 88' lang='lat' dir='ltr'><strong>meditatur</strong></span> <span class='ocrx_word' id='word_1_118' title='bbox 1774 1423 2008 1476; x_wconf 88' lang='lat' dir='ltr'><strong>condere</strong></span> 
     </span>
    </p>
   </div>
   <div class='ocr_carea' id='block_1_17' title="bbox 427 1516 2007 1593">
    <p class='ocr_par' dir='ltr' id='par_1_17' title="bbox 427 1516 2007 1593">
     <span class='ocr_line' id='line_1_17' title="bbox 427 1516 2007 1593; baseline -0.007 -16"><span class='ocrx_word' id='word_1_119' title='bbox 427 1524 719 1593; x_wconf 80' lang='lat' dir='ltr'><strong>dogmata;</strong></span> <span class='ocrx_word' id='word_1_120' title='bbox 750 1526 843 1573; x_wconf 91' lang='lat' dir='ltr'><strong>aut</strong></span> <span class='ocrx_word' id='word_1_121' title='bbox 888 1519 934 1572; x_wconf 87' lang='lat' dir='ltr'><strong>si</strong></span> <span class='ocrx_word' id='word_1_122' title='bbox 985 1517 1120 1572; x_wconf 84' lang='lat' dir='ltr'><strong>falsa</strong></span> <span class='ocrx_word' id='word_1_123' title='bbox 1156 1532 1265 1571; x_wconf 91' lang='lat' dir='ltr'><strong>non</strong></span> <span class='ocrx_word' id='word_1_124' title='bbox 1294 1516 1471 1580; x_wconf 84' lang='lat' dir='ltr'><strong>docet,</strong></span> <span class='ocrx_word' id='word_1_125' title='bbox 1523 1530 1780 1584; x_wconf 85' lang='lat' dir='ltr'><strong>perversa</strong></span> <span class='ocrx_word' id='word_1_126' title='bbox 1829 1522 2007 1568; x_wconf 91' lang='lat' dir='ltr'><strong>tamen</strong></span> 
     </span>
    </p>
   </div>
   <div class='ocr_carea' id='block_1_18' title="bbox 428 1605 2009 1683">
    <p class='ocr_par' dir='ltr' id='par_1_18' title="bbox 428 1605 2009 1683">
     <span class='ocr_line' id='line_1_18' title="bbox 428 1605 2009 1683; baseline -0.006 -16"><span class='ocrx_word' id='word_1_127' title='bbox 428 1614 646 1683; x_wconf 87' lang='lat' dir='ltr'><strong>impune</strong></span> <span class='ocrx_word' id='word_1_128' title='bbox 681 1627 740 1666; x_wconf 89' lang='lat' dir='ltr'><strong>se</strong></span> <span class='ocrx_word' id='word_1_129' title='bbox 791 1609 965 1665; x_wconf 87' lang='lat' dir='ltr'><strong>credit</strong></span> <span class='ocrx_word' id='word_1_130' title='bbox 1009 1622 1166 1679; x_wconf 87' lang='lat' dir='ltr'><strong>posse</strong></span> <span class='ocrx_word' id='word_1_131' title='bbox 1219 1622 1382 1678; x_wconf 88' lang='lat' dir='ltr'><strong>agere</strong></span> <span class='ocrx_word' id='word_1_132' title='bbox 1426 1621 1613 1676; x_wconf 85' lang='lat' dir='ltr'><strong>opera.</strong></span> <span class='ocrx_word' id='word_1_133' title='bbox 1643 1605 1744 1660; x_wconf 85' lang='lat' dir='ltr'><strong>Hic</strong></span> <span class='ocrx_word' id='word_1_134' title='bbox 1772 1620 1902 1676; x_wconf 87' lang='lat' dir='ltr'><strong>ergo</strong></span> <span class='ocrx_word' id='word_1_135' title='bbox 1924 1605 2009 1659; x_wconf 90' lang='lat' dir='ltr'><strong>vir</strong></span> 
     </span>
    </p>
   </div>
   <div class='ocr_carea' id='block_1_19' title="bbox 429 1696 2005 1773">
    <p class='ocr_par' dir='ltr' id='par_1_19' title="bbox 429 1696 2005 1773">
     <span class='ocr_line' id='line_1_19' title="bbox 429 1696 2005 1773; baseline -0.006 -15"><span class='ocrx_word' id='word_1_136' title='bbox 429 1703 741 1773; x_wconf 85' lang='lat' dir='ltr'><strong>imprudens</strong></span> <span class='ocrx_word' id='word_1_137' title='bbox 768 1710 825 1755; x_wconf 87' lang='lat' dir='ltr'><strong>et</strong></span> <span class='ocrx_word' id='word_1_138' title='bbox 849 1715 1039 1756; x_wconf 88' lang='lat' dir='ltr'><strong>errans</strong></span> <span class='ocrx_word' id='word_1_139' title='bbox 1060 1699 1257 1754; x_wconf 91' lang='lat' dir='ltr'><strong>merito</strong></span> <span class='ocrx_word' id='word_1_140' title='bbox 1295 1697 1515 1763; x_wconf 89' lang='lat' dir='ltr'><strong>dicitur,</strong></span> <span class='ocrx_word' id='word_1_141' title='bbox 1557 1697 1684 1767; x_wconf 89' lang='lat' dir='ltr'><strong>quia</strong></span> <span class='ocrx_word' id='word_1_142' title='bbox 1711 1696 1874 1752; x_wconf 88' lang='lat' dir='ltr'><strong>stulta</strong></span> <span class='ocrx_word' id='word_1_143' title='bbox 1902 1696 2005 1749; x_wconf 88' lang='lat' dir='ltr'><strong>hu-</strong></span> 
     </span>
    </p>
   </div>
   <div class='ocr_carea' id='block_1_20' title="bbox 2102 505 3686 579">
    <p class='ocr_par' dir='ltr' id='par_1_20' title="bbox 2102 505 3686 579">
     <span class='ocr_line' id='line_1_20' title="bbox 2102 505 3686 579; baseline -0.011 -11"><span class='ocrx_word' id='word_1_144' title='bbox 2102 512 2337 568; x_wconf 89' lang='lat' dir='ltr'><strong>hominis</strong></span> <span class='ocrx_word' id='word_1_145' title='bbox 2373 509 2724 579; x_wconf 87' lang='lat' dir='ltr'><strong>propaginem</strong></span> <span class='ocrx_word' id='word_1_146' title='bbox 2757 506 2986 561; x_wconf 86' lang='lat' dir='ltr'><strong>dilatare</strong></span> <span class='ocrx_word' id='word_1_147' title='bbox 3040 505 3182 560; x_wconf 89' lang='lat' dir='ltr'><strong>Deus</strong></span> <span class='ocrx_word' id='word_1_148' title='bbox 3227 506 3514 575; x_wconf 82' lang='lat' dir='ltr'><strong>disposuit,</strong></span> <span class='ocrx_word' id='word_1_149' title='bbox 3570 509 3686 563; x_wconf 71' lang='lat' dir='ltr'><strong>si“-</strong></span> 
     </span>
    </p>
   </div>
   <div class='ocr_carea' id='block_1_21' title="bbox 2102 596 3689 674">
    <p class='ocr_par' dir='ltr' id='par_1_21' title="bbox 2102 596 3689 674">
     <span class='ocr_line' id='line_1_21' title="bbox 2102 596 3689 674; baseline -0.004 -18"><span class='ocrx_word' id='word_1_150' title='bbox 2102 602 2347 674; x_wconf 79' lang='lat' dir='ltr'><strong>gul-arum</strong></span> <span class='ocrx_word' id='word_1_151' title='bbox 2375 600 2615 670; x_wconf 86' lang='lat' dir='ltr'><strong>gentium</strong></span> <span class='ocrx_word' id='word_1_152' title='bbox 2644 598 2908 667; x_wconf 87' lang='lat' dir='ltr'><strong>originem</strong></span> <span class='ocrx_word' id='word_1_153' title='bbox 2938 610 3035 666; x_wconf 92' lang='lat' dir='ltr'><strong>per</strong></span> <span class='ocrx_word' id='word_1_154' title='bbox 3058 604 3241 666; x_wconf 77' lang='lat' dir='ltr'><strong>partes</strong></span> <span class='ocrx_word' id='word_1_155' title='bbox 3268 596 3513 666; x_wconf 88' lang='lat' dir='ltr'><strong>singulas</strong></span> <span class='ocrx_word' id='word_1_156' title='bbox 3533 613 3689 652; x_wconf 77' lang='lat' dir='ltr'><strong>mun-</strong></span> 
     </span>
    </p>
   </div>
   <div class='ocr_carea' id='block_1_22' title="bbox 2106 690 3688 758">
    <p class='ocr_par' dir='ltr' id='par_1_22' title="bbox 2106 690 3688 758">
     <span class='ocr_line' id='line_1_22' title="bbox 2106 690 3688 758; baseline -0.003 -9"><span class='ocrx_word' id='word_1_157' title='bbox 2106 695 2158 749; x_wconf 88' lang='lat' dir='ltr'><strong>di</strong></span> <span class='ocrx_word' id='word_1_158' title='bbox 2190 692 2468 756; x_wconf 84' lang='lat' dir='ltr'><strong>discrevit,</strong></span> <span class='ocrx_word' id='word_1_159' title='bbox 2499 690 2571 744; x_wconf 88' lang='lat' dir='ltr'><strong>ita</strong></span> <span class='ocrx_word' id='word_1_160' title='bbox 2603 698 2662 744; x_wconf 92' lang='lat' dir='ltr'><strong>ut</strong></span> <span class='ocrx_word' id='word_1_161' title='bbox 2692 703 3030 758; x_wconf 52' lang='lat' dir='ltr'><strong>unaquaque</strong></span> <span class='ocrx_word' id='word_1_162' title='bbox 3066 703 3200 758; x_wconf 87' lang='lat' dir='ltr'><strong>gens</strong></span> <span class='ocrx_word' id='word_1_163' title='bbox 3226 703 3291 743; x_wconf 84' lang='lat' dir='ltr'><strong>ex</strong></span> <span class='ocrx_word' id='word_1_164' title='bbox 3320 690 3567 758; x_wconf 88' lang='lat' dir='ltr'><strong>parentis</strong></span> <span class='ocrx_word' id='word_1_165' title='bbox 3607 693 3688 745; x_wconf 85' lang='lat' dir='ltr'><strong>sui</strong></span> 
     </span>
    </p>
   </div>
   <div class='ocr_carea' id='block_1_23' title="bbox 2105 780 3691 853">
    <p class='ocr_par' dir='ltr' id='par_1_23' title="bbox 2105 780 3691 853">
     <span class='ocr_line' id='line_1_23' title="bbox 2105 780 3691 853; baseline -0.003 -12"><span class='ocrx_word' id='word_1_166' title='bbox 2105 785 2371 841; x_wconf 90' lang='lat' dir='ltr'><strong>vocabulo</strong></span> <span class='ocrx_word' id='word_1_167' title='bbox 2399 782 2767 844; x_wconf 82' lang='lat' dir='ltr'><strong>denominata,</strong></span> <span class='ocrx_word' id='word_1_168' title='bbox 2792 780 2950 837; x_wconf 84' lang='lat' dir='ltr'><strong>sedes</strong></span> <span class='ocrx_word' id='word_1_169' title='bbox 2972 781 3218 850; x_wconf 89' lang='lat' dir='ltr'><strong>proprias</strong></span> <span class='ocrx_word' id='word_1_170' title='bbox 3242 781 3295 835; x_wconf 92' lang='lat' dir='ltr'><strong>in</strong></span> <span class='ocrx_word' id='word_1_171' title='bbox 3324 781 3552 852; x_wconf 87' lang='lat' dir='ltr'><strong>singulis</strong></span> <span class='ocrx_word' id='word_1_172' title='bbox 3575 800 3691 853; x_wconf 78' lang='lat' dir='ltr'><strong>prc-</strong></span> 
     </span>
    </p>
   </div>
   <div class='ocr_carea' id='block_1_24' title="bbox 2106 869 3689 943">
    <p class='ocr_par' dir='ltr' id='par_1_24' title="bbox 2106 869 3689 943">
     <span class='ocr_line' id='line_1_24' title="bbox 2106 869 3689 943; baseline -0.002 -14"><span class='ocrx_word' id='word_1_173' title='bbox 2106 874 2300 929; x_wconf 82' lang='lat' dir='ltr'><strong>vinciis</strong></span> <span class='ocrx_word' id='word_1_174' title='bbox 2353 872 2674 943; x_wconf 89' lang='lat' dir='ltr'><strong>possideret.</strong></span> <span class='ocrx_word' id='word_1_175' title='bbox 2725 869 2947 941; x_wconf 80' lang='lat' dir='ltr'><strong>Mystice</strong></span> <span class='ocrx_word' id='word_1_176' title='bbox 3002 878 3183 925; x_wconf 89' lang='lat' dir='ltr'><strong>autem</strong></span> <span class='ocrx_word' id='word_1_177' title='bbox 3214 870 3396 924; x_wconf 77' lang='lat' dir='ltr'><strong>divina</strong></span> <span class='ocrx_word' id='word_1_178' title='bbox 3423 875 3689 941; x_wconf 82' lang='lat' dir='ltr'><strong>sapientia</strong></span> 
     </span>
    </p>
   </div>
   <div class='ocr_carea' id='block_1_25' title="bbox 2107 963 3692 1041">
    <p class='ocr_par' dir='ltr' id='par_1_25' title="bbox 2107 963 3692 1041">
     <span class='ocr_line' id='line_1_25' title="bbox 2107 963 3692 1041; baseline -0.002 -19"><span class='ocrx_word' id='word_1_179' title='bbox 2107 966 2405 1041; x_wconf 69' lang='lat' dir='ltr'><strong>Ecclesjam</strong></span> <span class='ocrx_word' id='word_1_180' title='bbox 2439 979 2592 1019; x_wconf 88' lang='lat' dir='ltr'><strong>suam</strong></span> <span class='ocrx_word' id='word_1_181' title='bbox 2620 964 2926 1028; x_wconf 91' lang='lat' dir='ltr'><strong>instituens,</strong></span> <span class='ocrx_word' id='word_1_182' title='bbox 2955 976 3054 1032; x_wconf 89' lang='lat' dir='ltr'><strong>per</strong></span> <span class='ocrx_word' id='word_1_183' title='bbox 3094 963 3261 1017; x_wconf 87' lang='lat' dir='ltr'><strong>totius</strong></span> <span class='ocrx_word' id='word_1_184' title='bbox 3306 972 3491 1034; x_wconf 89' lang='lat' dir='ltr'><strong>partes</strong></span> <span class='ocrx_word' id='word_1_185' title='bbox 3541 965 3692 1019; x_wconf 77' lang='lat' dir='ltr'><strong>orbis</strong></span> 
     </span>
    </p>
   </div>
   <div class='ocr_carea' id='block_1_26' title="bbox 2108 1053 3679 1125">
    <p class='ocr_par' dir='ltr' id='par_1_26' title="bbox 2108 1053 3679 1125">
     <span class='ocr_line' id='line_1_26' title="bbox 2108 1053 3679 1125; baseline -0.003 -12"><span class='ocrx_word' id='word_1_186' title='bbox 2108 1059 2253 1113; x_wconf 88' lang='lat' dir='ltr'><strong>illam</strong></span> <span class='ocrx_word' id='word_1_187' title='bbox 2280 1056 2544 1120; x_wconf 84' lang='lat' dir='ltr'><strong>dilatavit,</strong></span> <span class='ocrx_word' id='word_1_188' title='bbox 2567 1063 2730 1123; x_wconf 90' lang='lat' dir='ltr'><strong>atque</strong></span> <span class='ocrx_word' id='word_1_189' title='bbox 2755 1054 2809 1107; x_wconf 91' lang='lat' dir='ltr'><strong>in</strong></span> <span class='ocrx_word' id='word_1_190' title='bbox 2839 1053 3064 1124; x_wconf 81' lang='lat' dir='ltr'><strong>singulis</strong></span> <span class='ocrx_word' id='word_1_191' title='bbox 3093 1055 3344 1125; x_wconf 84' lang='lat' dir='ltr'><strong>gentibus</strong></span> <span class='ocrx_word' id='word_1_192' title='bbox 3369 1055 3679 1117; x_wconf 86' lang='lat' dir='ltr'><strong>collocavit,</strong></span> 
     </span>
    </p>
   </div>
   <div class='ocr_carea' id='block_1_27' title="bbox 2108 1144 3691 1219">
    <p class='ocr_par' dir='ltr' id='par_1_27' title="bbox 2108 1144 3691 1219">
     <span class='ocr_line' id='line_1_27' title="bbox 2108 1144 3691 1219; baseline -0.002 -14"><span class='ocrx_word' id='word_1_193' title='bbox 2108 1152 2184 1205; x_wconf 92' lang='lat' dir='ltr'><strong>ita</strong></span> <span class='ocrx_word' id='word_1_194' title='bbox 2212 1157 2274 1204; x_wconf 92' lang='lat' dir='ltr'><strong>ut</strong></span> <span class='ocrx_word' id='word_1_195' title='bbox 2301 1147 2557 1219; x_wconf 87' lang='lat' dir='ltr'><strong>specialia</strong></span> <span class='ocrx_word' id='word_1_196' title='bbox 2614 1145 2832 1200; x_wconf 90' lang='lat' dir='ltr'><strong>nomina</strong></span> <span class='ocrx_word' id='word_1_197' title='bbox 2874 1144 2929 1198; x_wconf 91' lang='lat' dir='ltr'><strong>in</strong></span> <span class='ocrx_word' id='word_1_198' title='bbox 2961 1145 3189 1199; x_wconf 86' lang='lat' dir='ltr'><strong>diversis</strong></span> <span class='ocrx_word' id='word_1_199' title='bbox 3232 1145 3368 1201; x_wconf 86' lang='lat' dir='ltr'><strong>locis</strong></span> <span class='ocrx_word' id='word_1_200' title='bbox 3389 1146 3691 1202; x_wconf 80' lang='lat' dir='ltr'><strong>vindicaret</strong></span> 
     </span>
    </p>
   </div>
   <div class='ocr_carea' id='block_1_28' title="bbox 2107 1233 3687 1306">
    <p class='ocr_par' dir='ltr' id='par_1_28' title="bbox 2107 1233 3687 1306">
     <span class='ocr_line' id='line_1_28' title="bbox 2107 1233 3687 1306; baseline -0.004 -9"><span class='ocrx_word' id='word_1_201' title='bbox 2107 1241 2231 1298; x_wconf 86' lang='lat' dir='ltr'><strong>sibi.</strong></span> <span class='ocrx_word' id='word_1_202' title='bbox 2269 1240 2419 1295; x_wconf 87' lang='lat' dir='ltr'><strong>Unde</strong></span> <span class='ocrx_word' id='word_1_203' title='bbox 2441 1246 2525 1292; x_wconf 90' lang='lat' dir='ltr'><strong>est</strong></span> <span class='ocrx_word' id='word_1_204' title='bbox 2548 1237 2692 1306; x_wconf 90' lang='lat' dir='ltr'><strong>quod</strong></span> <span class='ocrx_word' id='word_1_205' title='bbox 2717 1235 2771 1289; x_wconf 91' lang='lat' dir='ltr'><strong>in</strong></span> <span class='ocrx_word' id='word_1_206' title='bbox 2812 1233 3132 1305; x_wconf 80' lang='lat' dir='ltr'><strong>Apocalypsi</strong></span> <span class='ocrx_word' id='word_1_207' title='bbox 3176 1243 3384 1304; x_wconf 89' lang='lat' dir='ltr'><strong>septem</strong></span> <span class='ocrx_word' id='word_1_208' title='bbox 3408 1236 3687 1300; x_wconf 78' lang='lat' dir='ltr'><strong>Ecclesiis,</strong></span> 
     </span>
    </p>
   </div>
   <div class='ocr_carea' id='block_1_29' title="bbox 2107 1325 3691 1402">
    <p class='ocr_par' dir='ltr' id='par_1_29' title="bbox 2107 1325 3691 1402">
     <span class='ocr_line' id='line_1_29' title="bbox 2107 1325 3691 1402; baseline -0.003 -16"><span class='ocrx_word' id='word_1_209' title='bbox 2107 1347 2227 1402; x_wconf 61' lang='lat' dir='ltr'><strong>quat</strong></span> <span class='ocrx_word' id='word_1_210' title='bbox 2248 1331 2469 1385; x_wconf 77' lang='lat' dir='ltr'><strong>fuerunt</strong></span> <span class='ocrx_word' id='word_1_211' title='bbox 2490 1328 2541 1382; x_wconf 93' lang='lat' dir='ltr'><strong>in</strong></span> <span class='ocrx_word' id='word_1_212' title='bbox 2566 1326 2718 1390; x_wconf 84' lang='lat' dir='ltr'><strong>Asia,</strong></span> <span class='ocrx_word' id='word_1_213' title='bbox 2754 1339 2933 1381; x_wconf 84' lang='lat' dir='ltr'><strong>sermo</strong></span> <span class='ocrx_word' id='word_1_214' title='bbox 2960 1325 3055 1379; x_wconf 88' lang='lat' dir='ltr'><strong>Dei</strong></span> <span class='ocrx_word' id='word_1_215' title='bbox 3083 1325 3322 1380; x_wconf 91' lang='lat' dir='ltr'><strong>directus</strong></span> <span class='ocrx_word' id='word_1_216' title='bbox 3352 1327 3444 1391; x_wconf 88' lang='lat' dir='ltr'><strong>sit,</strong></span> <span class='ocrx_word' id='word_1_217' title='bbox 3475 1328 3691 1396; x_wconf 87' lang='lat' dir='ltr'><strong>quando</strong></span> 
     </span>
    </p>
   </div>
   <div class='ocr_carea' id='block_1_30' title="bbox 2109 1418 3692 1494">
    <p class='ocr_par' dir='ltr' id='par_1_30' title="bbox 2109 1418 3692 1494">
     <span class='ocr_line' id='line_1_30' title="bbox 2109 1418 3692 1494; baseline -0.004 -14"><span class='ocrx_word' id='word_1_218' title='bbox 2109 1424 2302 1494; x_wconf 81' lang='lat' dir='ltr'><strong>angelo</strong></span> <span class='ocrx_word' id='word_1_219' title='bbox 2326 1422 2574 1493; x_wconf 71' lang='lat' dir='ltr'><strong>Smyrna:</strong></span> <span class='ocrx_word' id='word_1_220' title='bbox 2608 1419 2884 1483; x_wconf 65' lang='lat' dir='ltr'><strong>Ecclesiae,</strong></span> <span class='ocrx_word' id='word_1_221' title='bbox 2912 1427 2968 1472; x_wconf 89' lang='lat' dir='ltr'><strong>et</strong></span> <span class='ocrx_word' id='word_1_222' title='bbox 2994 1418 3185 1488; x_wconf 82' lang='lat' dir='ltr'><strong>angelo</strong></span> <span class='ocrx_word' id='word_1_223' title='bbox 3227 1418 3476 1490; x_wconf 77' lang='lat' dir='ltr'><strong>Pergami</strong></span> <span class='ocrx_word' id='word_1_224' title='bbox 3502 1419 3692 1474; x_wconf 80' lang='lat' dir='ltr'><strong>Eccle-</strong></span> 
     </span>
    </p>
   </div>
   <div class='ocr_carea' id='block_1_31' title="bbox 2109 1508 3694 1585">
    <p class='ocr_par' dir='ltr' id='par_1_31' title="bbox 2109 1508 3694 1585">
     <span class='ocr_line' id='line_1_31' title="bbox 2109 1508 3694 1585; baseline -0.004 -13"><span class='ocrx_word' id='word_1_225' title='bbox 2109 1517 2226 1581; x_wconf 66' lang='lat' dir='ltr'><strong>siae,</strong></span> <span class='ocrx_word' id='word_1_226' title='bbox 2255 1513 2555 1585; x_wconf 89' lang='lat' dir='ltr'><strong>angeloque</strong></span> <span class='ocrx_word' id='word_1_227' title='bbox 2584 1511 2857 1581; x_wconf 67' lang='lat' dir='ltr'><strong>Thyatira:</strong></span> <span class='ocrx_word' id='word_1_228' title='bbox 2906 1508 3180 1574; x_wconf 67' lang='lat' dir='ltr'><strong>Ecclesia),</strong></span> <span class='ocrx_word' id='word_1_229' title='bbox 3231 1510 3483 1565; x_wconf 86' lang='lat' dir='ltr'><strong>similiter</strong></span> <span class='ocrx_word' id='word_1_230' title='bbox 3507 1520 3561 1565; x_wconf 92' lang='lat' dir='ltr'><strong>et</strong></span> <span class='ocrx_word' id='word_1_231' title='bbox 3593 1527 3694 1566; x_wconf 76' lang='lat' dir='ltr'><strong>cu:—</strong></span> 
     </span>
    </p>
   </div>
   <div class='ocr_carea' id='block_1_32' title="bbox 2111 1601 3693 1675">
    <p class='ocr_par' dir='ltr' id='par_1_32' title="bbox 2111 1601 3693 1675">
     <span class='ocr_line' id='line_1_32' title="bbox 2111 1601 3693 1675; baseline -0.002 -14"><span class='ocrx_word' id='word_1_232' title='bbox 2111 1606 2244 1661; x_wconf 89' lang='lat' dir='ltr'><strong>teris</strong></span> <span class='ocrx_word' id='word_1_233' title='bbox 2270 1603 2600 1675; x_wconf 83' lang='lat' dir='ltr'><strong>evangelista</strong></span> <span class='ocrx_word' id='word_1_234' title='bbox 2635 1602 2873 1658; x_wconf 82' lang='lat' dir='ltr'><strong>Joannes</strong></span> <span class='ocrx_word' id='word_1_235' title='bbox 2891 1601 3044 1669; x_wconf 80' lang='lat' dir='ltr'><strong>jussu</strong></span> <span class='ocrx_word' id='word_1_236' title='bbox 3076 1602 3172 1656; x_wconf 91' lang='lat' dir='ltr'><strong>Dei</strong></span> <span class='ocrx_word' id='word_1_237' title='bbox 3221 1603 3535 1659; x_wconf 87' lang='lat' dir='ltr'><strong>admonitus</strong></span> <span class='ocrx_word' id='word_1_238' title='bbox 3560 1605 3693 1658; x_wconf 86' lang='lat' dir='ltr'><strong>scri-</strong></span> 
     </span>
    </p>
   </div>
   <div class='ocr_carea' id='block_1_33' title="bbox 2110 1692 3691 1768">
    <p class='ocr_par' dir='ltr' id='par_1_33' title="bbox 2110 1692 3691 1768">
     <span class='ocr_line' id='line_1_33' title="bbox 2110 1692 3691 1768; baseline -0.002 -15"><span class='ocrx_word' id='word_1_239' title='bbox 2110 1699 2238 1768; x_wconf 89' lang='lat' dir='ltr'><strong>psit,</strong></span> <span class='ocrx_word' id='word_1_240' title='bbox 2278 1705 2331 1750; x_wconf 92' lang='lat' dir='ltr'><strong>et</strong></span> <span class='ocrx_word' id='word_1_241' title='bbox 2358 1711 2421 1750; x_wconf 90' lang='lat' dir='ltr'><strong>ea</strong></span> <span class='ocrx_word' id='word_1_242' title='bbox 2444 1710 2564 1765; x_wconf 80' lang='lat' dir='ltr'><strong>quae</strong></span> <span class='ocrx_word' id='word_1_243' title='bbox 2611 1695 2667 1750; x_wconf 90' lang='lat' dir='ltr'><strong>in</strong></span> <span class='ocrx_word' id='word_1_244' title='bbox 2720 1695 2801 1749; x_wconf 90' lang='lat' dir='ltr'><strong>eis</strong></span> <span class='ocrx_word' id='word_1_245' title='bbox 2838 1692 3056 1748; x_wconf 77' lang='lat' dir='ltr'><strong>fuerunt</strong></span> <span class='ocrx_word' id='word_1_246' title='bbox 3100 1693 3419 1764; x_wconf 82' lang='lat' dir='ltr'><strong>corrigenda</strong></span> <span class='ocrx_word' id='word_1_247' title='bbox 3469 1696 3691 1767; x_wconf 87' lang='lat' dir='ltr'><strong>singulis</strong></span> 
     </span>
    </p>
   </div>
   <div class='ocr_carea' id='block_1_34' title="bbox 419 1782 2943 1864">
    <p class='ocr_par' dir='ltr' id='par_1_34' title="bbox 419 1782 2943 1864">
     <span class='ocr_line' id='line_1_34' title="bbox 419 1782 2943 1864; baseline -0.004 -14"><span class='ocrx_word' id='word_1_248' title='bbox 419 1794 716 1864; x_wconf 88' lang='lat' dir='ltr'><strong>juscemodi</strong></span> <span class='ocrx_word' id='word_1_249' title='bbox 752 1801 836 1849; x_wconf 84' lang='lat' dir='ltr'><strong>est</strong></span> <span class='ocrx_word' id='word_1_250' title='bbox 882 1791 1170 1853; x_wconf 80' lang='lat' dir='ltr'><strong>aestimatio</strong></span> <span class='ocrx_word' id='word_1_251' title='bbox 1196 1808 1210 1844; x_wconf 87' lang='lat'><strong>:</strong></span> <span class='ocrx_word' id='word_1_252' title='bbox 1248 1808 1266 1841; x_wconf 77' lang='grc' dir='ltr'><strong>ι</strong></span> <span class='ocrx_word' id='word_1_253' title='bbox 1304 1790 1433 1856; x_wconf 70' lang='lat' dir='ltr'><strong>Qum</strong></span> <span class='ocrx_word' id='word_1_254' title='bbox 1457 1789 1603 1844; x_wconf 89' lang='lat' dir='ltr'><strong>enim</strong></span> <span class='ocrx_word' id='word_1_255' title='bbox 1658 1787 2005 1842; x_wconf 82' lang='lat' dir='ltr'><strong>seminaverit</strong></span> <span class='ocrx_word' id='word_1_256' title='bbox 2034 1782 2080 1840; x_wconf 87' lang='lat' dir='ltr'><strong>B</strong></span> <span class='ocrx_word' id='word_1_257' title='bbox 2108 1787 2451 1844; x_wconf 88' lang='lat' dir='ltr'><strong>annuntiavit</strong></span> <span class='ocrx_word' id='word_1_258' title='bbox 2478 1785 2663 1858; x_wconf 80' lang='lat' dir='ltr'><strong>(Apoc.</strong></span> <span class='ocrx_word' id='word_1_259' title='bbox 2694 1800 2732 1849; x_wconf 83' lang='grc' dir='ltr'><strong>ι,</strong></span> <span class='ocrx_word' id='word_1_260' title='bbox 2761 1796 2819 1849; x_wconf 83' lang='grc' dir='ltr'><strong>ιι,</strong></span> <span class='ocrx_word' id='word_1_261' title='bbox 2841 1786 2943 1856; x_wconf 85' lang='grc' dir='ltr'><strong>ιιι).</strong></span> 
     </span>
    </p>
   </div>
   <div class='ocr_carea' id='block_1_35' title="bbox 427 1876 2007 1951">
    <p class='ocr_par' dir='ltr' id='par_1_35' title="bbox 427 1876 2007 1951">
     <span class='ocr_line' id='line_1_35' title="bbox 427 1876 2007 1951; baseline -0.008 -10"><span class='ocrx_word' id='word_1_262' title='bbox 427 1888 612 1951; x_wconf 82' lang='grc' dir='ltr'><strong>Ιιοωο,</strong></span> <span class='ocrx_word' id='word_1_263' title='bbox 651 1887 765 1939; x_wconf 81' lang='lat' dir='ltr'><strong>haec</strong></span> <span class='ocrx_word' id='word_1_264' title='bbox 793 1893 848 1938; x_wconf 90' lang='lat' dir='ltr'><strong>et</strong></span> <span class='ocrx_word' id='word_1_265' title='bbox 874 1890 1081 1938; x_wconf 89' lang='lat' dir='ltr'><strong>metet:</strong></span> <span class='ocrx_word' id='word_1_266' title='bbox 1120 1901 1139 1933; x_wconf 78' lang='grc' dir='ltr'><strong>ι</strong></span> <span class='ocrx_word' id='word_1_267' title='bbox 1185 1880 1440 1950; x_wconf 84' lang='lat' dir='ltr'><strong>quoniam</strong></span> <span class='ocrx_word' id='word_1_268' title='bbox 1471 1880 1613 1933; x_wconf 91' lang='lat' dir='ltr'><strong>Deus</strong></span> <span class='ocrx_word' id='word_1_269' title='bbox 1664 1892 1768 1931; x_wconf 91' lang='lat' dir='ltr'><strong>non</strong></span> <span class='ocrx_word' id='word_1_270' title='bbox 1815 1876 2007 1931; x_wconf 84' lang='lat' dir='ltr'><strong>irride-</strong></span> 
     </span>
    </p>
   </div>
   <div class='ocr_carea' id='block_1_36' title="bbox 429 1968 2008 2044">
    <p class='ocr_par' dir='ltr' id='par_1_36' title="bbox 429 1968 2008 2044">
     <span class='ocr_line' id='line_1_36' title="bbox 429 1968 2008 2044; baseline -0.008 -11"><span class='ocrx_word' id='word_1_271' title='bbox 429 1989 539 2043; x_wconf 88' lang='lat' dir='ltr'><strong>tur,</strong></span> <span class='ocrx_word' id='word_1_272' title='bbox 595 1978 690 2033; x_wconf 88' lang='lat' dir='ltr'><strong>sed</strong></span> <span class='ocrx_word' id='word_1_273' title='bbox 746 1976 1036 2044; x_wconf 90' lang='lat' dir='ltr'><strong>unicuique</strong></span> <span class='ocrx_word' id='word_1_274' title='bbox 1069 1972 1365 2029; x_wconf 89' lang='lat' dir='ltr'><strong>secundum</strong></span> <span class='ocrx_word' id='word_1_275' title='bbox 1402 1970 1619 2041; x_wconf 90' lang='lat' dir='ltr'><strong>propria</strong></span> <span class='ocrx_word' id='word_1_276' title='bbox 1658 1968 1845 2025; x_wconf 89' lang='lat' dir='ltr'><strong>reddet</strong></span> <span class='ocrx_word' id='word_1_277' title='bbox 1895 1981 2008 2022; x_wconf 88' lang='lat' dir='ltr'><strong>me-</strong></span> 
     </span>
    </p>
   </div>
   <div class='ocr_carea' id='block_1_37' title="bbox 429 2070 555 2123">
    <p class='ocr_par' dir='ltr' id='par_1_37' title="bbox 429 2070 555 2123">
     <span class='ocr_line' id='line_1_37' title="bbox 429 2070 555 2123; baseline -0.008 0"><span class='ocrx_word' id='word_1_278' title='bbox 429 2070 555 2123; x_wconf 90' lang='lat' dir='ltr'><strong>rita.</strong></span> 
     </span>
    </p>
   </div>
   <div class='ocr_carea' id='block_1_38' title="bbox 1067 2153 1366 2209">
    <p class='ocr_par' dir='ltr' id='par_1_38' title="bbox 1067 2153 1366 2209">
     <span class='ocr_line' id='line_1_38' title="bbox 1067 2153 1366 2209; baseline -0.007 -1"><span class='ocrx_word' id='word_1_279' title='bbox 1067 2153 1251 2209; x_wconf 82' lang='lat' dir='ltr'><strong>APUT</strong></span> <span class='ocrx_word' id='word_1_280' title='bbox 1280 2153 1366 2207; x_wconf 85' lang='lat' dir='ltr'><strong>IV.</strong></span> 
     </span>
    </p>
   </div>
   <div class='ocr_carea' id='block_1_39' title="bbox 428 2241 2009 2327">
    <p class='ocr_par' dir='ltr' id='par_1_39' title="bbox 428 2241 2009 2327">
     <span class='ocr_line' id='line_1_39' title="bbox 428 2241 2009 2327; baseline -0.008 -22"><span class='ocrx_word' id='word_1_281' title='bbox 428 2249 737 2305; x_wconf 69' lang='lat' dir='ltr'><strong>Exhortatio</strong></span> <span class='ocrx_word' id='word_1_282' title='bbox 791 2248 1072 2319; x_wconf 71' lang='lat' dir='ltr'><strong>Sapientia:</strong></span> <span class='ocrx_word' id='word_1_283' title='bbox 1150 2243 1379 2327; x_wconf 76' lang='lat' dir='ltr'><strong>qualiter</strong></span> <span class='ocrx_word' id='word_1_284' title='bbox 1423 2241 1717 2312; x_wconf 75' lang='lat' dir='ltr'><strong>disciplina:</strong></span> <span class='ocrx_word' id='word_1_285' title='bbox 1767 2250 2009 2295; x_wconf 79' lang='lat' dir='ltr'><strong>teneatur</strong></span> 
     </span>
    </p>
   </div>
   <div class='ocr_carea' id='block_1_40' title="bbox 1008 2333 1225 2370">
    <p class='ocr_par' dir='ltr' id='par_1_40' title="bbox 1008 2333 1225 2370">
     <span class='ocr_line' id='line_1_40' title="bbox 1008 2333 1225 2370; baseline 0 0"><span class='ocrx_word' id='word_1_286' title='bbox 1008 2342 1017 2349; x_wconf 82' lang='lat'><em>‘</em></span> <span class='ocrx_word' id='word_1_287' title='bbox 1119 2333 1225 2370; x_wconf 75' lang='grc' dir='ltr'><strong>ινια.</strong></span> 
     </span>
    </p>
   </div>
   <div class='ocr_carea' id='block_1_41' title="bbox 504 2423 2010 2496">
    <p class='ocr_par' dir='ltr' id='par_1_41' title="bbox 504 2423 2010 2496">
     <span class='ocr_line' id='line_1_41' title="bbox 504 2423 2010 2496; baseline -0.003 -14"><span class='ocrx_word' id='word_1_288' title='bbox 504 2450 523 2482; x_wconf 73' lang='grc' dir='ltr'><strong>ε</strong></span> <span class='ocrx_word' id='word_1_289' title='bbox 559 2431 699 2486; x_wconf 85' lang='lat' dir='ltr'><strong>Audi</strong></span> <span class='ocrx_word' id='word_1_290' title='bbox 721 2445 827 2495; x_wconf 89' lang='lat' dir='ltr'><strong>me,</strong></span> <span class='ocrx_word' id='word_1_291' title='bbox 872 2428 969 2494; x_wconf 83' lang='lat' dir='ltr'><strong>ﬁli,</strong></span> <span class='ocrx_word' id='word_1_292' title='bbox 1000 2437 1057 2482; x_wconf 92' lang='lat' dir='ltr'><strong>et</strong></span> <span class='ocrx_word' id='word_1_293' title='bbox 1084 2428 1232 2483; x_wconf 91' lang='lat' dir='ltr'><strong>disce</strong></span> <span class='ocrx_word' id='word_1_294' title='bbox 1258 2426 1600 2496; x_wconf 90' lang='lat' dir='ltr'><strong>disciplinam</strong></span> <span class='ocrx_word' id='word_1_295' title='bbox 1623 2439 1833 2489; x_wconf 87' lang='lat' dir='ltr'><strong>sensus,</strong></span> <span class='ocrx_word' id='word_1_296' title='bbox 1871 2435 1927 2477; x_wconf 90' lang='lat' dir='ltr'><strong>et</strong></span> <span class='ocrx_word' id='word_1_297' title='bbox 1954 2423 2010 2477; x_wconf 91' lang='lat' dir='ltr'><strong>in</strong></span> 
     </span>
    </p>
   </div>
   <div class='ocr_carea' id='block_1_42' title="bbox 433 2513 2012 2583">
    <p class='ocr_par' dir='ltr' id='par_1_42' title="bbox 433 2513 2012 2583">
     <span class='ocr_line' id='line_1_42' title="bbox 433 2513 2012 2583; baseline -0.006 -8"><span class='ocrx_word' id='word_1_298' title='bbox 433 2545 450 2575; x_wconf 79' lang='grc' dir='ltr'><strong>ι</strong></span> <span class='ocrx_word' id='word_1_299' title='bbox 485 2523 665 2577; x_wconf 83' lang='lat' dir='ltr'><strong>verbis</strong></span> <span class='ocrx_word' id='word_1_300' title='bbox 687 2522 823 2576; x_wconf 89' lang='lat' dir='ltr'><strong>meis</strong></span> <span class='ocrx_word' id='word_1_301' title='bbox 849 2520 1067 2573; x_wconf 84' lang='lat' dir='ltr'><strong>attende</strong></span> <span class='ocrx_word' id='word_1_302' title='bbox 1094 2526 1146 2572; x_wconf 81' lang='lat' dir='ltr'><strong>tn</strong></span> <span class='ocrx_word' id='word_1_303' title='bbox 1173 2518 1337 2573; x_wconf 88' lang='lat' dir='ltr'><strong>corde</strong></span> <span class='ocrx_word' id='word_1_304' title='bbox 1359 2526 1472 2582; x_wconf 92' lang='lat' dir='ltr'><strong>tuo,</strong></span> <span class='ocrx_word' id='word_1_305' title='bbox 1497 2524 1553 2570; x_wconf 91' lang='lat' dir='ltr'><strong>et</strong></span> <span class='ocrx_word' id='word_1_306' title='bbox 1574 2515 1748 2570; x_wconf 89' lang='lat' dir='ltr'><strong>dicam</strong></span> <span class='ocrx_word' id='word_1_307' title='bbox 1773 2515 1826 2568; x_wconf 91' lang='lat' dir='ltr'><strong>in</strong></span> <span class='ocrx_word' id='word_1_308' title='bbox 1850 2513 2012 2583; x_wconf 71' lang='lat' dir='ltr'><strong>aequi-</strong></span> 
     </span>
    </p>
   </div>
   <div class='ocr_carea' id='block_1_43' title="bbox 434 2608 2010 2681">
    <p class='ocr_par' dir='ltr' id='par_1_43' title="bbox 434 2608 2010 2681">
     <span class='ocr_line' id='line_1_43' title="bbox 434 2608 2010 2681; baseline -0.006 -15"><span class='ocrx_word' id='word_1_309' title='bbox 434 2636 451 2666; x_wconf 79' lang='grc' dir='ltr'><strong>ι</strong></span> <span class='ocrx_word' id='word_1_310' title='bbox 493 2622 605 2669; x_wconf 87' lang='lat' dir='ltr'><strong>tate</strong></span> <span class='ocrx_word' id='word_1_311' title='bbox 656 2611 1017 2681; x_wconf 90' lang='lat' dir='ltr'><strong>disciplinam,</strong></span> <span class='ocrx_word' id='word_1_312' title='bbox 1065 2618 1122 2663; x_wconf 91' lang='lat' dir='ltr'><strong>et</strong></span> <span class='ocrx_word' id='word_1_313' title='bbox 1171 2608 1457 2663; x_wconf 89' lang='lat' dir='ltr'><strong>scrutabor</strong></span> <span class='ocrx_word' id='word_1_314' title='bbox 1500 2620 1758 2662; x_wconf 88' lang='lat' dir='ltr'><strong>enarrare</strong></span> <span class='ocrx_word' id='word_1_315' title='bbox 1799 2619 2010 2673; x_wconf 78' lang='lat' dir='ltr'><strong>sapien-</strong></span> 
     </span>
    </p>
   </div>
   <div class='ocr_carea' id='block_1_44' title="bbox 437 2691 2010 2768">
    <p class='ocr_par' dir='ltr' id='par_1_44' title="bbox 437 2691 2010 2768">
     <span class='ocr_line' id='line_1_44' title="bbox 437 2691 2010 2768; baseline -0.003 -16"><span class='ocrx_word' id='word_1_316' title='bbox 437 2722 454 2752; x_wconf 78' lang='grc' dir='ltr'><strong>ι</strong></span> <span class='ocrx_word' id='word_1_317' title='bbox 497 2702 649 2756; x_wconf 89' lang='lat' dir='ltr'><strong>tiam.</strong></span> <span class='ocrx_word' id='word_1_318' title='bbox 685 2720 705 2753; x_wconf 75' lang='grc' dir='ltr'><strong>ι</strong></span> <span class='ocrx_word' id='word_1_319' title='bbox 752 2700 1022 2754; x_wconf 83' lang='lat' dir='ltr'><strong>Admonet</strong></span> <span class='ocrx_word' id='word_1_320' title='bbox 1063 2707 1287 2768; x_wconf 89' lang='lat' dir='ltr'><strong>paterna</strong></span> <span class='ocrx_word' id='word_1_321' title='bbox 1339 2695 1700 2752; x_wconf 85' lang='lat' dir='ltr'><strong>sollicitudine</strong></span> <span class='ocrx_word' id='word_1_322' title='bbox 1726 2694 1811 2748; x_wconf 91' lang='lat' dir='ltr'><strong>vir</strong></span> <span class='ocrx_word' id='word_1_323' title='bbox 1836 2691 2010 2748; x_wconf 87' lang='lat' dir='ltr'><strong>eccle-</strong></span> 
     </span>
    </p>
   </div>
   <div class='ocr_carea' id='block_1_45' title="bbox 429 2785 2009 2859">
    <p class='ocr_par' dir='ltr' id='par_1_45' title="bbox 429 2785 2009 2859">
     <span class='ocr_line' id='line_1_45' title="bbox 429 2785 2009 2859; baseline -0.006 -13"><span class='ocrx_word' id='word_1_324' title='bbox 429 2792 682 2847; x_wconf 84' lang='lat' dir='ltr'><strong>siasticus</strong></span> <span class='ocrx_word' id='word_1_325' title='bbox 707 2805 821 2856; x_wconf 91' lang='lat' dir='ltr'><strong>eos,</strong></span> <span class='ocrx_word' id='word_1_326' title='bbox 878 2804 1015 2859; x_wconf 88' lang='lat' dir='ltr'><strong>quos</strong></span> <span class='ocrx_word' id='word_1_327' title='bbox 1051 2789 1149 2844; x_wconf 80' lang='lat' dir='ltr'><strong>ﬁlii</strong></span> <span class='ocrx_word' id='word_1_328' title='bbox 1200 2796 1477 2857; x_wconf 88' lang='lat' dir='ltr'><strong>nuncupat</strong></span> <span class='ocrx_word' id='word_1_329' title='bbox 1519 2785 1737 2841; x_wconf 87' lang='lat' dir='ltr'><strong>nomine</strong></span> <span class='ocrx_word' id='word_1_330' title='bbox 1781 2790 1836 2839; x_wconf 91' lang='lat' dir='ltr'><strong>et</strong></span> <span class='ocrx_word' id='word_1_331' title='bbox 1858 2791 2009 2854; x_wconf 90' lang='lat' dir='ltr'><strong>optat</strong></span> 
     </span>
    </p>
   </div>
   <div class='ocr_carea' id='block_1_46' title="bbox 432 2874 2010 2950">
    <p class='ocr_par' dir='ltr' id='par_1_46' title="bbox 432 2874 2010 2950">
     <span class='ocr_line' id='line_1_46' title="bbox 432 2874 2010 2950; baseline -0.006 -13"><span class='ocrx_word' id='word_1_332' title='bbox 432 2882 633 2937; x_wconf 88' lang='lat' dir='ltr'><strong>habere</strong></span> <span class='ocrx_word' id='word_1_333' title='bbox 659 2880 795 2940; x_wconf 85' lang='lat' dir='ltr'><strong>loco,</strong></span> <span class='ocrx_word' id='word_1_334' title='bbox 828 2886 888 2934; x_wconf 91' lang='lat' dir='ltr'><strong>ut</strong></span> <span class='ocrx_word' id='word_1_335' title='bbox 913 2878 1257 2950; x_wconf 89' lang='lat' dir='ltr'><strong>disciplinam</strong></span> <span class='ocrx_word' id='word_1_336' title='bbox 1307 2891 1503 2933; x_wconf 84' lang='lat' dir='ltr'><strong>sensus</strong></span> <span class='ocrx_word' id='word_1_337' title='bbox 1527 2875 1761 2940; x_wconf 87' lang='lat' dir='ltr'><strong>discant,</strong></span> <span class='ocrx_word' id='word_1_338' title='bbox 1793 2874 1897 2929; x_wconf 89' lang='lat' dir='ltr'><strong>hoc</strong></span> <span class='ocrx_word' id='word_1_339' title='bbox 1927 2881 2010 2930; x_wconf 87' lang='lat' dir='ltr'><strong>est</strong></span> 
     </span>
    </p>
   </div>
   <div class='ocr_carea' id='block_1_47' title="bbox 430 2964 2009 3033">
    <p class='ocr_par' dir='ltr' id='par_1_47' title="bbox 430 2964 2009 3033">
     <span class='ocr_line' id='line_1_47' title="bbox 430 2964 2009 3033; baseline -0.004 -8"><span class='ocrx_word' id='word_1_340' title='bbox 430 2971 552 3025; x_wconf 78' lang='lat' dir='ltr'><strong>ﬁdei</strong></span> <span class='ocrx_word' id='word_1_341' title='bbox 584 2970 804 3025; x_wconf 87' lang='lat' dir='ltr'><strong>audiant</strong></span> <span class='ocrx_word' id='word_1_342' title='bbox 856 2970 1165 3033; x_wconf 86' lang='lat' dir='ltr'><strong>veritatem,</strong></span> <span class='ocrx_word' id='word_1_343' title='bbox 1224 2974 1279 3022; x_wconf 90' lang='lat' dir='ltr'><strong>et</strong></span> <span class='ocrx_word' id='word_1_344' title='bbox 1307 2967 1592 3022; x_wconf 83' lang='lat' dir='ltr'><strong>attendant</strong></span> <span class='ocrx_word' id='word_1_345' title='bbox 1624 2965 1680 3020; x_wconf 92' lang='lat' dir='ltr'><strong>in</strong></span> <span class='ocrx_word' id='word_1_346' title='bbox 1718 2964 1883 3020; x_wconf 85' lang='lat' dir='ltr'><strong>corde</strong></span> <span class='ocrx_word' id='word_1_347' title='bbox 1911 2978 2009 3019; x_wconf 79' lang='lat' dir='ltr'><strong>suo</strong></span> 
     </span>
    </p>
   </div>
   <div class='ocr_carea' id='block_1_48' title="bbox 431 3060 2010 3133">
    <p class='ocr_par' dir='ltr' id='par_1_48' title="bbox 431 3060 2010 3133">
     <span class='ocr_line' id='line_1_48' title="bbox 431 3060 2010 3133; baseline -0.003 -15"><span class='ocrx_word' id='word_1_348' title='bbox 431 3065 496 3119; x_wconf 89' lang='lat' dir='ltr'><strong>ad</strong></span> <span class='ocrx_word' id='word_1_349' title='bbox 526 3065 691 3119; x_wconf 85' lang='lat' dir='ltr'><strong>verba</strong></span> <span class='ocrx_word' id='word_1_350' title='bbox 722 3064 913 3133; x_wconf 82' lang='lat' dir='ltr'><strong>ipsius,</strong></span> <span class='ocrx_word' id='word_1_351' title='bbox 947 3063 1159 3118; x_wconf 80' lang='lat' dir='ltr'><strong>scilicet</strong></span> <span class='ocrx_word' id='word_1_352' title='bbox 1203 3071 1265 3116; x_wconf 82' lang='lat' dir='ltr'><strong>at</strong></span> <span class='ocrx_word' id='word_1_353' title='bbox 1290 3062 1407 3118; x_wconf 90' lang='lat' dir='ltr'><strong>sine</strong></span> <span class='ocrx_word' id='word_1_354' title='bbox 1435 3060 1741 3117; x_wconf 87' lang='lat' dir='ltr'><strong>cessatione</strong></span> <span class='ocrx_word' id='word_1_355' title='bbox 1790 3074 2010 3115; x_wconf 88' lang='lat' dir='ltr'><strong>servare</strong></span> 
     </span>
    </p>
   </div>
   <div class='ocr_carea' id='block_1_49' title="bbox 2185 1870 3691 1942">
    <p class='ocr_par' dir='ltr' id='par_1_49' title="bbox 2185 1870 3691 1942">
     <span class='ocr_line' id='line_1_49' title="bbox 2185 1870 3691 1942; baseline -0.004 -10"><span class='ocrx_word' id='word_1_356' title='bbox 2185 1899 2206 1932; x_wconf 76' lang='grc' dir='ltr'><strong>ι</strong></span> <span class='ocrx_word' id='word_1_357' title='bbox 2252 1878 2480 1935; x_wconf 87' lang='lat' dir='ltr'><strong>Ornavit</strong></span> <span class='ocrx_word' id='word_1_358' title='bbox 2505 1878 2559 1931; x_wconf 89' lang='lat' dir='ltr'><strong>in</strong></span> <span class='ocrx_word' id='word_1_359' title='bbox 2587 1882 2848 1929; x_wconf 69' lang='lat' dir='ltr'><strong>artet&#39;num</strong></span> <span class='ocrx_word' id='word_1_360' title='bbox 2885 1886 3048 1942; x_wconf 88' lang='lat' dir='ltr'><strong>opera</strong></span> <span class='ocrx_word' id='word_1_361' title='bbox 3095 1873 3328 1937; x_wconf 87' lang='lat' dir='ltr'><strong>illorum,</strong></span> <span class='ocrx_word' id='word_1_362' title='bbox 3359 1887 3461 1928; x_wconf 86' lang='lat' dir='ltr'><strong>nec</strong></span> <span class='ocrx_word' id='word_1_363' title='bbox 3490 1870 3691 1928; x_wconf 83' lang='lat' dir='ltr'><strong>esurie-</strong></span> 
     </span>
    </p>
   </div>
   <div class='ocr_carea' id='block_1_50' title="bbox 2115 1964 3693 2034">
    <p class='ocr_par' dir='ltr' id='par_1_50' title="bbox 2115 1964 3693 2034">
     <span class='ocr_line' id='line_1_50' title="bbox 2115 1964 3693 2034; baseline -0.003 -12"><span class='ocrx_word' id='word_1_364' title='bbox 2115 1990 2134 2022; x_wconf 77' lang='grc' dir='ltr'><strong>ι</strong></span> <span class='ocrx_word' id='word_1_365' title='bbox 2168 1976 2296 2025; x_wconf 89' lang='lat' dir='ltr'><strong>runt</strong></span> <span class='ocrx_word' id='word_1_366' title='bbox 2327 1983 2427 2023; x_wconf 90' lang='lat' dir='ltr'><strong>nec</strong></span> <span class='ocrx_word' id='word_1_367' title='bbox 2448 1967 2867 2029; x_wconf 84' lang='lat' dir='ltr'><strong>laboraverunt;</strong></span> <span class='ocrx_word' id='word_1_368' title='bbox 2898 1972 2953 2018; x_wconf 86' lang='lat' dir='ltr'><strong>et</strong></span> <span class='ocrx_word' id='word_1_369' title='bbox 2992 1979 3100 2019; x_wconf 93' lang='lat' dir='ltr'><strong>non</strong></span> <span class='ocrx_word' id='word_1_370' title='bbox 3126 1964 3455 2020; x_wconf 88' lang='lat' dir='ltr'><strong>destiterunt</strong></span> <span class='ocrx_word' id='word_1_371' title='bbox 3477 1964 3548 2018; x_wconf 85' lang='lat' dir='ltr'><strong>ab</strong></span> <span class='ocrx_word' id='word_1_372' title='bbox 3569 1977 3693 2034; x_wconf 82' lang='lat' dir='ltr'><strong>ope-</strong></span> 
     </span>
    </p>
   </div>
   <div class='ocr_carea' id='block_1_51' title="bbox 2116 2054 3693 2126">
    <p class='ocr_par' dir='ltr' id='par_1_51' title="bbox 2116 2054 3693 2126">
     <span class='ocr_line' id='line_1_51' title="bbox 2116 2054 3693 2126; baseline -0.001 -15"><span class='ocrx_word' id='word_1_373' title='bbox 2116 2079 2135 2111; x_wconf 82' lang='grc' dir='ltr'><strong>ι</strong></span> <span class='ocrx_word' id='word_1_374' title='bbox 2180 2060 2333 2114; x_wconf 90' lang='lat' dir='ltr'><strong>ribus</strong></span> <span class='ocrx_word' id='word_1_375' title='bbox 2367 2058 2499 2113; x_wconf 89' lang='lat' dir='ltr'><strong>suis.</strong></span> <span class='ocrx_word' id='word_1_376' title='bbox 2535 2076 2554 2108; x_wconf 77' lang='grc' dir='ltr'><strong>ι</strong></span> <span class='ocrx_word' id='word_1_377' title='bbox 2586 2055 2919 2126; x_wconf 66' lang='lat' dir='ltr'><strong>Prmparavit</strong></span> <span class='ocrx_word' id='word_1_378' title='bbox 2942 2055 3089 2109; x_wconf 90' lang='lat' dir='ltr'><strong>enim</strong></span> <span class='ocrx_word' id='word_1_379' title='bbox 3137 2055 3281 2109; x_wconf 90' lang='lat' dir='ltr'><strong>Deus</strong></span> <span class='ocrx_word' id='word_1_380' title='bbox 3308 2069 3477 2124; x_wconf 88' lang='lat' dir='ltr'><strong>opera</strong></span> <span class='ocrx_word' id='word_1_381' title='bbox 3510 2054 3693 2109; x_wconf 77' lang='lat' dir='ltr'><strong>Eccle-</strong></span> 
     </span>
    </p>
   </div>
   <div class='ocr_carea' id='block_1_52' title="bbox 2109 2144 3687 2216">
    <p class='ocr_par' dir='ltr' id='par_1_52' title="bbox 2109 2144 3687 2216">
     <span class='ocr_line' id='line_1_52' title="bbox 2109 2144 3687 2216; baseline -0.004 -10"><span class='ocrx_word' id='word_1_382' title='bbox 2109 2152 2202 2207; x_wconf 65' lang='lat' dir='ltr'><strong>sia:</strong></span> <span class='ocrx_word' id='word_1_383' title='bbox 2227 2165 2356 2213; x_wconf 83' lang='lat' dir='ltr'><strong>suae,</strong></span> <span class='ocrx_word' id='word_1_384' title='bbox 2386 2158 2442 2203; x_wconf 92' lang='lat' dir='ltr'><strong>et</strong></span> <span class='ocrx_word' id='word_1_385' title='bbox 2466 2146 2748 2203; x_wconf 89' lang='lat' dir='ltr'><strong>cbaritatis</strong></span> <span class='ocrx_word' id='word_1_386' title='bbox 2778 2144 3062 2216; x_wconf 75' lang='lat' dir='ltr'><strong>splendore</strong></span> <span class='ocrx_word' id='word_1_387' title='bbox 3102 2146 3273 2215; x_wconf 86' lang='lat' dir='ltr'><strong>ipsam</strong></span> <span class='ocrx_word' id='word_1_388' title='bbox 3300 2146 3687 2216; x_wconf 84' lang='lat' dir='ltr'><strong>perpetualiter</strong></span> 
     </span>
    </p>
   </div>
   <div class='ocr_carea' id='block_1_53' title="bbox 2109 2234 3693 2307">
    <p class='ocr_par' dir='ltr' id='par_1_53' title="bbox 2109 2234 3693 2307">
     <span class='ocr_line' id='line_1_53' title="bbox 2109 2234 3693 2307; baseline -0.004 -11"><span class='ocrx_word' id='word_1_389' title='bbox 2109 2239 2398 2296; x_wconf 88' lang='lat' dir='ltr'><strong>illustravit</strong></span> <span class='ocrx_word' id='word_1_390' title='bbox 2426 2255 2440 2292; x_wconf 92' lang='lat'><strong>:</strong></span> <span class='ocrx_word' id='word_1_391' title='bbox 2469 2245 2754 2307; x_wconf 87' lang='lat' dir='ltr'><strong>propterea</strong></span> <span class='ocrx_word' id='word_1_392' title='bbox 2786 2234 2985 2289; x_wconf 88' lang='lat' dir='ltr'><strong>nullam</strong></span> <span class='ocrx_word' id='word_1_393' title='bbox 3014 2235 3275 2289; x_wconf 85' lang='lat' dir='ltr'><strong>virtutum</strong></span> <span class='ocrx_word' id='word_1_394' title='bbox 3305 2236 3584 2303; x_wconf 71' lang='lat' dir='ltr'><strong>patiuntur</strong></span> <span class='ocrx_word' id='word_1_395' title='bbox 3605 2249 3693 2306; x_wconf 86' lang='lat' dir='ltr'><strong>pe-</strong></span> 
     </span>
    </p>
   </div>
   <div class='ocr_carea' id='block_1_54' title="bbox 2109 2325 3690 2397">
    <p class='ocr_par' dir='ltr' id='par_1_54' title="bbox 2109 2325 3690 2397">
     <span class='ocr_line' id='line_1_54' title="bbox 2109 2325 3690 2397; baseline -0.004 -12"><span class='ocrx_word' id='word_1_396' title='bbox 2109 2330 2343 2396; x_wconf 88' lang='lat' dir='ltr'><strong>nuriam,</strong></span> <span class='ocrx_word' id='word_1_397' title='bbox 2370 2343 2471 2384; x_wconf 87' lang='lat' dir='ltr'><strong>nec</strong></span> <span class='ocrx_word' id='word_1_398' title='bbox 2516 2327 2749 2397; x_wconf 79' lang='lat' dir='ltr'><strong>pigritiae</strong></span> <span class='ocrx_word' id='word_1_399' title='bbox 2796 2325 3116 2381; x_wconf 83' lang='lat' dir='ltr'><strong>lassitudine</strong></span> <span class='ocrx_word' id='word_1_400' title='bbox 3146 2325 3426 2389; x_wconf 78' lang='lat' dir='ltr'><strong>deﬁciunt,</strong></span> <span class='ocrx_word' id='word_1_401' title='bbox 3466 2326 3565 2381; x_wconf 85' lang='lat' dir='ltr'><strong>sed</strong></span> <span class='ocrx_word' id='word_1_402' title='bbox 3618 2326 3690 2379; x_wconf 86' lang='lat' dir='ltr'><strong>in-</strong></span> 
     </span>
    </p>
   </div>
   <div class='ocr_carea' id='block_1_55' title="bbox 2111 2416 3259 2488">
    <p class='ocr_par' dir='ltr' id='par_1_55' title="bbox 2111 2416 3259 2488">
     <span class='ocr_line' id='line_1_55' title="bbox 2111 2416 3259 2488; baseline -0.007 -12"><span class='ocrx_word' id='word_1_403' title='bbox 2111 2422 2242 2477; x_wconf 89' lang='lat' dir='ltr'><strong>tenti</strong></span> <span class='ocrx_word' id='word_1_404' title='bbox 2272 2420 2433 2476; x_wconf 90' lang='lat' dir='ltr'><strong>bonis</strong></span> <span class='ocrx_word' id='word_1_405' title='bbox 2458 2418 2714 2488; x_wconf 85' lang='lat' dir='ltr'><strong>operibus</strong></span> <span class='ocrx_word' id='word_1_406' title='bbox 2742 2431 2956 2486; x_wconf 90' lang='lat' dir='ltr'><strong>semper</strong></span> <span class='ocrx_word' id='word_1_407' title='bbox 2984 2416 3259 2471; x_wconf 89' lang='lat' dir='ltr'><strong>insistunt.</strong></span> 
     </span>
    </p>
   </div>
   <div class='ocr_carea' id='block_1_56' title="bbox 2185 2508 3687 2581">
    <p class='ocr_par' dir='ltr' id='par_1_56' title="bbox 2185 2508 3687 2581">
     <span class='ocr_line' id='line_1_56' title="bbox 2185 2508 3687 2581; baseline -0.001 -16"><span class='ocrx_word' id='word_1_408' title='bbox 2185 2532 2203 2565; x_wconf 84' lang='grc'><strong>‹</strong></span> <span class='ocrx_word' id='word_1_409' title='bbox 2242 2511 2623 2581; x_wconf 88' lang='lat' dir='ltr'><strong>Unusquisque</strong></span> <span class='ocrx_word' id='word_1_410' title='bbox 2675 2509 2980 2580; x_wconf 81' lang='lat' dir='ltr'><strong>proximum</strong></span> <span class='ocrx_word' id='word_1_411' title='bbox 3038 2508 3138 2563; x_wconf 86' lang='lat' dir='ltr'><strong>sibi</strong></span> <span class='ocrx_word' id='word_1_412' title='bbox 3189 2522 3295 2563; x_wconf 88' lang='lat' dir='ltr'><strong>non</strong></span> <span class='ocrx_word' id='word_1_413' title='bbox 3341 2510 3687 2580; x_wconf 83' lang='lat' dir='ltr'><strong>angustiahit,</strong></span> 
     </span>
    </p>
   </div>
   <div class='ocr_carea' id='block_1_57' title="bbox 2114 2598 3695 2673">
    <p class='ocr_par' dir='ltr' id='par_1_57' title="bbox 2114 2598 3695 2673">
     <span class='ocr_line' id='line_1_57' title="bbox 2114 2598 3695 2673; baseline -0.002 -17"><span class='ocrx_word' id='word_1_414' title='bbox 2114 2623 2132 2656; x_wconf 71' lang='grc' dir='ltr'>ς</span> <span class='ocrx_word' id='word_1_415' title='bbox 2178 2617 2351 2673; x_wconf 88' lang='lat' dir='ltr'><strong>usque</strong></span> <span class='ocrx_word' id='word_1_416' title='bbox 2375 2602 2429 2656; x_wconf 93' lang='lat' dir='ltr'><strong>in</strong></span> <span class='ocrx_word' id='word_1_417' title='bbox 2453 2614 2648 2655; x_wconf 71' lang='lat' dir='ltr'><strong>aevum.</strong></span> <span class='ocrx_word' id='word_1_418' title='bbox 2687 2619 2706 2650; x_wconf 75' lang='grc' dir='ltr'><strong>ι</strong></span> <span class='ocrx_word' id='word_1_419' title='bbox 2732 2598 2886 2665; x_wconf 86' lang='lat' dir='ltr'><strong>-Quia</strong></span> <span class='ocrx_word' id='word_1_420' title='bbox 2915 2616 2935 2649; x_wconf 75' lang='grc' dir='ltr'><strong>ι</strong></span> <span class='ocrx_word' id='word_1_421' title='bbox 2967 2598 3204 2654; x_wconf 85' lang='lat' dir='ltr'><strong>charitas</strong></span> <span class='ocrx_word' id='word_1_422' title='bbox 3230 2614 3337 2653; x_wconf 90' lang='lat' dir='ltr'><strong>non</strong></span> <span class='ocrx_word' id='word_1_423' title='bbox 3363 2601 3695 2669; x_wconf 57' lang='lat' dir='ltr'><strong>qumritqux</strong></span> 
     </span>
    </p>
   </div>
   <div class='ocr_carea' id='block_1_58' title="bbox 2116 2689 3692 2763">
    <p class='ocr_par' dir='ltr' id='par_1_58' title="bbox 2116 2689 3692 2763">
     <span class='ocr_line' id='line_1_58' title="bbox 2116 2689 3692 2763; baseline -0.001 -16"><span class='ocrx_word' id='word_1_424' title='bbox 2116 2713 2135 2747; x_wconf 75' lang='grc' dir='ltr'><strong>ι</strong></span> <span class='ocrx_word' id='word_1_425' title='bbox 2168 2709 2264 2751; x_wconf 88' lang='lat' dir='ltr'><strong>sua</strong></span> <span class='ocrx_word' id='word_1_426' title='bbox 2291 2702 2417 2748; x_wconf 91' lang='lat' dir='ltr'><strong>sunt</strong></span> <span class='ocrx_word' id='word_1_427' title='bbox 2467 2691 2517 2763; x_wconf 88' lang='lat' dir='ltr'><strong>(I</strong></span> <span class='ocrx_word' id='word_1_428' title='bbox 2560 2691 2685 2745; x_wconf 87' lang='lat' dir='ltr'><strong>Cor.</strong></span> <span class='ocrx_word' id='word_1_429' title='bbox 2714 2691 2858 2760; x_wconf 84' lang='lat' dir='ltr'><strong>xm),</strong></span> <span class='ocrx_word' id='word_1_430' title='bbox 2896 2709 2913 2740; x_wconf 84' lang='grc'><strong>›</strong></span> <span class='ocrx_word' id='word_1_431' title='bbox 2949 2689 3044 2745; x_wconf 90' lang='lat' dir='ltr'><strong>sed</strong></span> <span class='ocrx_word' id='word_1_432' title='bbox 3088 2704 3209 2759; x_wconf 64' lang='lat' dir='ltr'><strong>quae</strong></span> <span class='ocrx_word' id='word_1_433' title='bbox 3237 2689 3490 2745; x_wconf 85' lang='lat' dir='ltr'><strong>aliorum.</strong></span> <span class='ocrx_word' id='word_1_434' title='bbox 3544 2691 3692 2747; x_wconf 82' lang='lat' dir='ltr'><strong>Unde</strong></span> 
     </span>
    </p>
   </div>
   <div class='ocr_carea' id='block_1_59' title="bbox 2108 2780 3688 2857">
    <p class='ocr_par' dir='ltr' id='par_1_59' title="bbox 2108 2780 3688 2857">
     <span class='ocr_line' id='line_1_59' title="bbox 2108 2780 3688 2857; baseline -0.005 -16"><span class='ocrx_word' id='word_1_435' title='bbox 2108 2784 2366 2857; x_wconf 67' lang='lat' dir='ltr'><strong>praecepit</strong></span> <span class='ocrx_word' id='word_1_436' title='bbox 2392 2781 2705 2852; x_wconf 83' lang='lat' dir='ltr'><strong>Apostolus,</strong></span> <span class='ocrx_word' id='word_1_437' title='bbox 2743 2780 2928 2836; x_wconf 88' lang='lat' dir='ltr'><strong>dicens</strong></span> <span class='ocrx_word' id='word_1_438' title='bbox 2956 2799 2967 2834; x_wconf 92' lang='lat'>:</span> <span class='ocrx_word' id='word_1_439' title='bbox 3008 2800 3028 2833; x_wconf 83' lang='grc'><em>‹</em></span> <span class='ocrx_word' id='word_1_440' title='bbox 3075 2781 3355 2850; x_wconf 87' lang='lat' dir='ltr'><strong>Tanquam</strong></span> <span class='ocrx_word' id='word_1_441' title='bbox 3388 2780 3519 2836; x_wconf 84' lang='lat' dir='ltr'><strong>ﬁliis</strong></span> <span class='ocrx_word' id='word_1_442' title='bbox 3541 2782 3688 2837; x_wconf 84' lang='lat' dir='ltr'><strong>dico:</strong></span> 
     </span>
    </p>
   </div>
   <div class='ocr_carea' id='block_1_60' title="bbox 2109 2872 3691 2944">
    <p class='ocr_par' dir='ltr' id='par_1_60' title="bbox 2109 2872 3691 2944">
     <span class='ocr_line' id='line_1_60' title="bbox 2109 2872 3691 2944; baseline -0.002 -12"><span class='ocrx_word' id='word_1_443' title='bbox 2109 2876 2418 2933; x_wconf 80' lang='lat' dir='ltr'><strong>Dilatazuini</strong></span> <span class='ocrx_word' id='word_1_444' title='bbox 2449 2883 2505 2931; x_wconf 90' lang='lat' dir='ltr'><strong>et</strong></span> <span class='ocrx_word' id='word_1_445' title='bbox 2522 2888 2640 2941; x_wconf 86' lang='lat' dir='ltr'><strong>vos,</strong></span> <span class='ocrx_word' id='word_1_446' title='bbox 2670 2882 2724 2928; x_wconf 92' lang='lat' dir='ltr'><strong>et</strong></span> <span class='ocrx_word' id='word_1_447' title='bbox 2754 2872 2921 2928; x_wconf 86' lang='lat' dir='ltr'><strong>nolite</strong></span> <span class='ocrx_word' id='word_1_448' title='bbox 2964 2873 3152 2944; x_wconf 83' lang='lat' dir='ltr'><strong>jugum</strong></span> <span class='ocrx_word' id='word_1_449' title='bbox 3184 2874 3383 2928; x_wconf 88' lang='lat' dir='ltr'><strong>ducere</strong></span> <span class='ocrx_word' id='word_1_450' title='bbox 3425 2888 3553 2929; x_wconf 81' lang='lat' dir='ltr'><strong>cum</strong></span> <span class='ocrx_word' id='word_1_451' title='bbox 3578 2874 3691 2929; x_wconf 73' lang='lat' dir='ltr'><strong>inﬁ-</strong></span> 
     </span>
    </p>
   </div>
   <div class='ocr_carea' id='block_1_61' title="bbox 2109 2964 3687 3036">
    <p class='ocr_par' dir='ltr' id='par_1_61' title="bbox 2109 2964 3687 3036">
     <span class='ocr_line' id='line_1_61' title="bbox 2109 2964 3687 3036; baseline -0.003 -13"><span class='ocrx_word' id='word_1_452' title='bbox 2109 2967 2342 3023; x_wconf 89' lang='lat' dir='ltr'><strong>delibus.</strong></span> <span class='ocrx_word' id='word_1_453' title='bbox 2371 2986 2390 3019; x_wconf 76' lang='grc' dir='ltr'><strong>ι</strong></span> <span class='ocrx_word' id='word_1_454' title='bbox 2429 2965 2683 3021; x_wconf 88' lang='lat' dir='ltr'><strong>Latitudo</strong></span> <span class='ocrx_word' id='word_1_455' title='bbox 2710 2964 2950 3021; x_wconf 84' lang='lat' dir='ltr'><strong>mandati</strong></span> <span class='ocrx_word' id='word_1_456' title='bbox 3007 2965 3245 3021; x_wconf 86' lang='lat' dir='ltr'><strong>charitas</strong></span> <span class='ocrx_word' id='word_1_457' title='bbox 3276 2972 3381 3029; x_wconf 88' lang='lat' dir='ltr'><strong>est,</strong></span> <span class='ocrx_word' id='word_1_458' title='bbox 3430 2965 3560 3036; x_wconf 74' lang='lat' dir='ltr'><strong>quia</strong></span> <span class='ocrx_word' id='word_1_459' title='bbox 3604 2964 3687 3020; x_wconf 87' lang='lat' dir='ltr'><strong>ubi</strong></span> 
     </span>
    </p>
   </div>
   <div class='ocr_carea' id='block_1_62' title="bbox 2111 3040 3688 3125">
    <p class='ocr_par' dir='ltr' id='par_1_62' title="bbox 2111 3040 3688 3125">
     <span class='ocr_line' id='line_1_62' title="bbox 2111 3040 3688 3125; baseline -0.002 -14"><span class='ocrx_word' id='word_1_460' title='bbox 2111 3040 2577 3119; x_wconf 40' lang='lat' dir='ltr'><strong>cbaritas&#39;manet,</strong></span> <span class='ocrx_word' id='word_1_461' title='bbox 2620 3068 2728 3111; x_wconf 86' lang='lat' dir='ltr'><strong>non</strong></span> <span class='ocrx_word' id='word_1_462' title='bbox 2757 3062 2886 3109; x_wconf 74' lang='lat' dir='ltr'><strong>sunt</strong></span> <span class='ocrx_word' id='word_1_463' title='bbox 2926 3055 3209 3125; x_wconf 66' lang='lat' dir='ltr'><strong>angustiae.</strong></span> <span class='ocrx_word' id='word_1_464' title='bbox 3260 3054 3318 3108; x_wconf 81' lang='lat' dir='ltr'><strong>in</strong></span> <span class='ocrx_word' id='word_1_465' title='bbox 3348 3054 3468 3124; x_wconf 90' lang='lat' dir='ltr'><strong>ipsa</strong></span> <span class='ocrx_word' id='word_1_466' title='bbox 3515 3054 3688 3109; x_wconf 85' lang='lat' dir='ltr'><strong>latitu-</strong></span> 
     </span>
    </p>
   </div>
   <div class='ocr_carea' id='block_1_63' title="bbox 429 3123 3693 3241">
    <p class='ocr_par' dir='ltr' id='par_1_63' title="bbox 429 3123 3693 3241">
     <span class='ocr_line' id='line_1_63' title="bbox 429 3123 3693 3241; baseline -0.003 -29"><span class='ocrx_word' id='word_1_467' title='bbox 429 3157 683 3211; x_wconf 86' lang='lat' dir='ltr'><strong>studeant</strong></span> <span class='ocrx_word' id='word_1_468' title='bbox 724 3123 788 3241; x_wconf 71' lang='lat' dir='ltr'><strong>ea</strong></span> <span class='ocrx_word' id='word_1_469' title='bbox 817 3123 937 3224; x_wconf 75' lang='lat' dir='ltr'><strong>quae</strong></span> <span class='ocrx_word' id='word_1_470' title='bbox 975 3154 1044 3207; x_wconf 90' lang='lat' dir='ltr'><strong>ad</strong></span> <span class='ocrx_word' id='word_1_471' title='bbox 1079 3168 1290 3207; x_wconf 89' lang='lat' dir='ltr'><strong>morum</strong></span> <span class='ocrx_word' id='word_1_472' title='bbox 1336 3152 1612 3223; x_wconf 88' lang='lat' dir='ltr'><strong>pertinent</strong></span> <span class='ocrx_word' id='word_1_473' title='bbox 1656 3151 2006 3220; x_wconf 85' lang='lat' dir='ltr'><strong>probitatem,</strong></span> <span class='ocrx_word' id='word_1_474' title='bbox 2036 3123 2080 3185; x_wconf 67' lang='grc' dir='ltr'>Ο</span> <span class='ocrx_word' id='word_1_475' title='bbox 2111 3149 2237 3204; x_wconf 91' lang='lat' dir='ltr'><strong>dine</strong></span> <span class='ocrx_word' id='word_1_476' title='bbox 2261 3156 2381 3205; x_wconf 90' lang='lat' dir='ltr'><strong>erat</strong></span> <span class='ocrx_word' id='word_1_477' title='bbox 2399 3147 2688 3217; x_wconf 76' lang='lat' dir='ltr'><strong>Apostolus</strong></span> <span class='ocrx_word' id='word_1_478' title='bbox 2733 3163 2855 3202; x_wconf 88' lang='lat' dir='ltr'><strong>cum</strong></span> <span class='ocrx_word' id='word_1_479' title='bbox 2881 3123 3124 3204; x_wconf 77' lang='lat' dir='ltr'><strong>diceret:</strong></span> <span class='ocrx_word' id='word_1_480' title='bbox 3170 3167 3190 3199; x_wconf 71' lang='grc' dir='ltr'><strong>ι</strong></span> <span class='ocrx_word' id='word_1_481' title='bbox 3226 3147 3300 3204; x_wconf 89' lang='lat' dir='ltr'><strong>Os</strong></span> <span class='ocrx_word' id='word_1_482' title='bbox 3323 3123 3572 3205; x_wconf 89' lang='lat' dir='ltr'><strong>nostrum</strong></span> <span class='ocrx_word' id='word_1_483' title='bbox 3604 3166 3693 3220; x_wconf 78' lang='lat' dir='ltr'><strong>pa-</strong></span> 
     </span>
    </p>
   </div>
   <div class='ocr_carea' id='block_1_64' title="bbox 428 3243 2014 3314">
    <p class='ocr_par' dir='ltr' id='par_1_64' title="bbox 428 3243 2014 3314">
     <span class='ocr_line' id='line_1_64' title="bbox 428 3243 2014 3314; baseline -0.004 -12"><span class='ocrx_word' id='word_1_484' title='bbox 428 3255 485 3302; x_wconf 92' lang='lat' dir='ltr'><strong>et</strong></span> <span class='ocrx_word' id='word_1_485' title='bbox 504 3248 582 3301; x_wconf 90' lang='lat' dir='ltr'><strong>sic</strong></span> <span class='ocrx_word' id='word_1_486' title='bbox 611 3245 880 3301; x_wconf 90' lang='lat' dir='ltr'><strong>veraciter</strong></span> <span class='ocrx_word' id='word_1_487' title='bbox 912 3243 1208 3314; x_wconf 77' lang='lat' dir='ltr'><strong>disciplina:</strong></span> <span class='ocrx_word' id='word_1_488' title='bbox 1241 3252 1297 3298; x_wconf 92' lang='lat' dir='ltr'><strong>et</strong></span> <span class='ocrx_word' id='word_1_489' title='bbox 1317 3243 1595 3313; x_wconf 62' lang='lat' dir='ltr'><strong>sapientia:</strong></span> <span class='ocrx_word' id='word_1_490' title='bbox 1631 3243 1826 3297; x_wconf 72' lang='lat' dir='ltr'><strong>divinae</strong></span> <span class='ocrx_word' id='word_1_491' title='bbox 1852 3250 2014 3297; x_wconf 89' lang='lat' dir='ltr'><strong>erunt</strong></span> 
     </span>
    </p>
   </div>
   <div class='ocr_carea' id='block_1_65' title="bbox 432 3334 2011 3404">
    <p class='ocr_par' dir='ltr' id='par_1_65' title="bbox 432 3334 2011 3404">
     <span class='ocr_line' id='line_1_65' title="bbox 432 3334 2011 3404; baseline -0.003 -12"><span class='ocrx_word' id='word_1_492' title='bbox 432 3337 784 3392; x_wconf 87' lang='lat' dir='ltr'><strong>meditatores</strong></span> <span class='ocrx_word' id='word_1_493' title='bbox 814 3353 827 3388; x_wconf 91' lang='lat'><strong>:</strong></span> <span class='ocrx_word' id='word_1_494' title='bbox 854 3334 980 3404; x_wconf 89' lang='lat' dir='ltr'><strong>quia</strong></span> <span class='ocrx_word' id='word_1_495' title='bbox 1015 3352 1035 3385; x_wconf 71' lang='grc' dir='ltr'><strong>ι</strong></span> <span class='ocrx_word' id='word_1_496' title='bbox 1075 3334 1168 3404; x_wconf 89' lang='lat' dir='ltr'><strong>qui</strong></span> <span class='ocrx_word' id='word_1_497' title='bbox 1199 3335 1422 3389; x_wconf 82' lang='lat' dir='ltr'><strong>verbum</strong></span> <span class='ocrx_word' id='word_1_498' title='bbox 1452 3335 1550 3390; x_wconf 92' lang='lat' dir='ltr'><strong>Dei</strong></span> <span class='ocrx_word' id='word_1_499' title='bbox 1589 3334 1787 3389; x_wconf 90' lang='lat' dir='ltr'><strong>retinet</strong></span> <span class='ocrx_word' id='word_1_500' title='bbox 1813 3334 1868 3388; x_wconf 89' lang='lat' dir='ltr'><strong>in</strong></span> <span class='ocrx_word' id='word_1_501' title='bbox 1891 3348 2011 3389; x_wconf 84' lang='lat' dir='ltr'><strong>cor-</strong></span> 
     </span>
    </p>
   </div>
   <div class='ocr_carea' id='block_1_66' title="bbox 432 3423 1935 3495">
    <p class='ocr_par' dir='ltr' id='par_1_66' title="bbox 432 3423 1935 3495">
     <span class='ocr_line' id='line_1_66' title="bbox 432 3423 1935 3495; baseline -0.003 -13"><span class='ocrx_word' id='word_1_502' title='bbox 432 3427 499 3482; x_wconf 94' lang='lat' dir='ltr'><strong>de</strong></span> <span class='ocrx_word' id='word_1_503' title='bbox 523 3428 664 3482; x_wconf 90' lang='lat' dir='ltr'><strong>bono</strong></span> <span class='ocrx_word' id='word_1_504' title='bbox 686 3434 743 3480; x_wconf 93' lang='lat' dir='ltr'><strong>et</strong></span> <span class='ocrx_word' id='word_1_505' title='bbox 762 3426 987 3495; x_wconf 83' lang='lat' dir='ltr'><strong>optimo,</strong></span> <span class='ocrx_word' id='word_1_506' title='bbox 1026 3423 1260 3481; x_wconf 85' lang='lat' dir='ltr'><strong>fructum</strong></span> <span class='ocrx_word' id='word_1_507' title='bbox 1287 3423 1476 3480; x_wconf 81' lang='lat' dir='ltr'><strong>atl‘cret</strong></span> <span class='ocrx_word' id='word_1_508' title='bbox 1505 3425 1558 3480; x_wconf 91' lang='lat' dir='ltr'><strong>in</strong></span> <span class='ocrx_word' id='word_1_509' title='bbox 1593 3425 1875 3494; x_wconf 87' lang='lat' dir='ltr'><strong>patientia.</strong></span> <span class='ocrx_word' id='word_1_510' title='bbox 1916 3445 1935 3478; x_wconf 77' lang='grc' dir='ltr'><strong>ι</strong></span> 
     </span>
    </p>
   </div>
   <div class='ocr_carea' id='block_1_67' title="bbox 507 3515 2012 3582">
    <p class='ocr_par' dir='ltr' id='par_1_67' title="bbox 507 3515 2012 3582">
     <span class='ocr_line' id='line_1_67' title="bbox 507 3515 2012 3582; baseline 0.001 -13"><span class='ocrx_word' id='word_1_511' title='bbox 507 3537 525 3569; x_wconf 78' lang='grc' dir='ltr'><strong>ι</strong></span> <span class='ocrx_word' id='word_1_512' title='bbox 565 3517 633 3572; x_wconf 87' lang='grc' dir='ltr'><strong>Ει</strong></span> <span class='ocrx_word' id='word_1_513' title='bbox 660 3517 714 3572; x_wconf 90' lang='lat' dir='ltr'><strong>in</strong></span> <span class='ocrx_word' id='word_1_514' title='bbox 740 3516 921 3572; x_wconf 91' lang='lat' dir='ltr'><strong>verbis</strong></span> <span class='ocrx_word' id='word_1_515' title='bbox 969 3516 1105 3572; x_wconf 91' lang='lat' dir='ltr'><strong>meis</strong></span> <span class='ocrx_word' id='word_1_516' title='bbox 1130 3516 1348 3572; x_wconf 89' lang='lat' dir='ltr'><strong>attende</strong></span> <span class='ocrx_word' id='word_1_517' title='bbox 1376 3516 1432 3570; x_wconf 90' lang='lat' dir='ltr'><strong>in</strong></span> <span class='ocrx_word' id='word_1_518' title='bbox 1466 3516 1632 3571; x_wconf 88' lang='lat' dir='ltr'><strong>corde</strong></span> <span class='ocrx_word' id='word_1_519' title='bbox 1661 3523 1774 3582; x_wconf 91' lang='lat' dir='ltr'><strong>tuo,</strong></span> <span class='ocrx_word' id='word_1_520' title='bbox 1810 3523 1868 3571; x_wconf 91' lang='lat' dir='ltr'><strong>et</strong></span> <span class='ocrx_word' id='word_1_521' title='bbox 1891 3515 2012 3572; x_wconf 90' lang='lat' dir='ltr'><strong>dico</strong></span> 
     </span>
    </p>
   </div>
   <div class='ocr_carea' id='block_1_68' title="bbox 435 3608 2010 3681">
    <p class='ocr_par' dir='ltr' id='par_1_68' title="bbox 435 3608 2010 3681">
     <span class='ocr_line' id='line_1_68' title="bbox 435 3608 2010 3681; baseline -0.001 -17"><span class='ocrx_word' id='word_1_522' title='bbox 435 3629 455 3663; x_wconf 73' lang='grc' dir='ltr'><strong>ι</strong></span> <span class='ocrx_word' id='word_1_523' title='bbox 492 3611 546 3665; x_wconf 92' lang='lat' dir='ltr'><strong>in</strong></span> <span class='ocrx_word' id='word_1_524' title='bbox 569 3611 825 3681; x_wconf 66' lang='lat' dir='ltr'><strong>(equitate</strong></span> <span class='ocrx_word' id='word_1_525' title='bbox 848 3609 1070 3680; x_wconf 89' lang='lat' dir='ltr'><strong>spiritus</strong></span> <span class='ocrx_word' id='word_1_526' title='bbox 1109 3611 1362 3673; x_wconf 89' lang='lat' dir='ltr'><strong>virtutes,</strong></span> <span class='ocrx_word' id='word_1_527' title='bbox 1410 3624 1549 3678; x_wconf 90' lang='lat' dir='ltr'><strong>quas</strong></span> <span class='ocrx_word' id='word_1_528' title='bbox 1577 3608 1755 3679; x_wconf 77' lang='lat' dir='ltr'><strong>posuit</strong></span> <span class='ocrx_word' id='word_1_529' title='bbox 1791 3609 1935 3663; x_wconf 90' lang='lat' dir='ltr'><strong>Deus</strong></span> <span class='ocrx_word' id='word_1_530' title='bbox 1956 3609 2010 3663; x_wconf 89' lang='lat' dir='ltr'><strong>in</strong></span> 
     </span>
    </p>
   </div>
   <div class='ocr_carea' id='block_1_69' title="bbox 435 3701 2011 3775">
    <p class='ocr_par' dir='ltr' id='par_1_69' title="bbox 435 3701 2011 3775">
     <span class='ocr_line' id='line_1_69' title="bbox 435 3701 2011 3775; baseline -0.003 -16"><span class='ocrx_word' id='word_1_531' title='bbox 435 3726 453 3758; x_wconf 77' lang='grc' dir='ltr'><strong>ι</strong></span> <span class='ocrx_word' id='word_1_532' title='bbox 487 3720 651 3775; x_wconf 84' lang='lat' dir='ltr'><strong>opera</strong></span> <span class='ocrx_word' id='word_1_533' title='bbox 685 3718 782 3759; x_wconf 90' lang='lat' dir='ltr'><strong>sua</strong></span> <span class='ocrx_word' id='word_1_534' title='bbox 812 3703 882 3758; x_wconf 89' lang='lat' dir='ltr'><strong>ab</strong></span> <span class='ocrx_word' id='word_1_535' title='bbox 932 3703 1109 3769; x_wconf 86' lang='lat' dir='ltr'><strong>initio,</strong></span> <span class='ocrx_word' id='word_1_536' title='bbox 1142 3702 1273 3758; x_wconf 91' lang='lat' dir='ltr'><strong>etin</strong></span> <span class='ocrx_word' id='word_1_537' title='bbox 1310 3702 1540 3757; x_wconf 83' lang='lat' dir='ltr'><strong>veritate</strong></span> <span class='ocrx_word' id='word_1_538' title='bbox 1584 3701 1806 3756; x_wconf 89' lang='lat' dir='ltr'><strong>enuntio</strong></span> <span class='ocrx_word' id='word_1_539' title='bbox 1836 3701 2011 3756; x_wconf 84' lang='lat' dir='ltr'><strong>scien-</strong></span> 
     </span>
    </p>
   </div>
   <div class='ocr_carea' id='block_1_70' title="bbox 435 3792 2008 3867">
    <p class='ocr_par' dir='ltr' id='par_1_70' title="bbox 435 3792 2008 3867">
     <span class='ocr_line' id='line_1_70' title="bbox 435 3792 2008 3867; baseline -0.004 -15"><span class='ocrx_word' id='word_1_540' title='bbox 435 3818 454 3851; x_wconf 84' lang='grc'><strong>‹</strong></span> <span class='ocrx_word' id='word_1_541' title='bbox 490 3799 619 3852; x_wconf 88' lang='lat' dir='ltr'><strong>tiam</strong></span> <span class='ocrx_word' id='word_1_542' title='bbox 666 3796 806 3867; x_wconf 86' lang='lat' dir='ltr'><strong>ejus,</strong></span> <span class='ocrx_word' id='word_1_543' title='bbox 836 3804 892 3850; x_wconf 91' lang='lat' dir='ltr'><strong>et</strong></span> <span class='ocrx_word' id='word_1_544' title='bbox 922 3795 974 3850; x_wconf 91' lang='lat' dir='ltr'><strong>in</strong></span> <span class='ocrx_word' id='word_1_545' title='bbox 1007 3794 1214 3865; x_wconf 89' lang='lat' dir='ltr'><strong>judicio</strong></span> <span class='ocrx_word' id='word_1_546' title='bbox 1253 3794 1348 3848; x_wconf 90' lang='lat' dir='ltr'><strong>Dei</strong></span> <span class='ocrx_word' id='word_1_547' title='bbox 1390 3807 1557 3863; x_wconf 88' lang='lat' dir='ltr'><strong>opera</strong></span> <span class='ocrx_word' id='word_1_548' title='bbox 1586 3792 1754 3862; x_wconf 88' lang='lat' dir='ltr'><strong>ipsius</strong></span> <span class='ocrx_word' id='word_1_549' title='bbox 1794 3792 1863 3846; x_wconf 90' lang='lat' dir='ltr'><strong>ab</strong></span> <span class='ocrx_word' id='word_1_550' title='bbox 1903 3792 2008 3847; x_wconf 87' lang='lat' dir='ltr'><strong>ini-</strong></span> 
     </span>
    </p>
   </div>
   <div class='ocr_carea' id='block_1_71' title="bbox 436 3880 2010 3953">
    <p class='ocr_par' dir='ltr' id='par_1_71' title="bbox 436 3880 2010 3953">
     <span class='ocr_line' id='line_1_71' title="bbox 436 3880 2010 3953; baseline -0.001 -16"><span class='ocrx_word' id='word_1_551' title='bbox 436 3907 454 3937; x_wconf 76' lang='grc' dir='ltr'><strong>ι</strong></span> <span class='ocrx_word' id='word_1_552' title='bbox 500 3888 591 3943; x_wconf 91' lang='lat' dir='ltr'><strong>tio.</strong></span> <span class='ocrx_word' id='word_1_553' title='bbox 631 3907 649 3938; x_wconf 77' lang='grc' dir='ltr'><strong>ι</strong></span> <span class='ocrx_word' id='word_1_554' title='bbox 694 3886 793 3953; x_wconf 89' lang='lat' dir='ltr'><strong>Qui</strong></span> <span class='ocrx_word' id='word_1_555' title='bbox 824 3885 969 3939; x_wconf 86' lang='lat' dir='ltr'><strong>enim</strong></span> <span class='ocrx_word' id='word_1_556' title='bbox 994 3884 1157 3939; x_wconf 90' lang='lat' dir='ltr'><strong>corde</strong></span> <span class='ocrx_word' id='word_1_557' title='bbox 1185 3884 1393 3938; x_wconf 90' lang='lat' dir='ltr'><strong>intento</strong></span> <span class='ocrx_word' id='word_1_558' title='bbox 1415 3881 1664 3937; x_wconf 86' lang='lat' dir='ltr'><strong>veritatis</strong></span> <span class='ocrx_word' id='word_1_559' title='bbox 1693 3880 1896 3952; x_wconf 88' lang='lat' dir='ltr'><strong>appetit</strong></span> <span class='ocrx_word' id='word_1_560' title='bbox 1918 3881 2010 3936; x_wconf 85' lang='lat' dir='ltr'><strong>ha-</strong></span> 
     </span>
    </p>
   </div>
   <div class='ocr_carea' id='block_1_72' title="bbox 428 3969 2010 4047">
    <p class='ocr_par' dir='ltr' id='par_1_72' title="bbox 428 3969 2010 4047">
     <span class='ocr_line' id='line_1_72' title="bbox 428 3969 2010 4047; baseline -0.007 -12"><span class='ocrx_word' id='word_1_561' title='bbox 428 3982 558 4036; x_wconf 86' lang='lat' dir='ltr'><strong>bere</strong></span> <span class='ocrx_word' id='word_1_562' title='bbox 581 3978 851 4043; x_wconf 88' lang='lat' dir='ltr'><strong>notitiam,</strong></span> <span class='ocrx_word' id='word_1_563' title='bbox 884 3976 999 4047; x_wconf 90' lang='lat' dir='ltr'><strong>ipse</strong></span> <span class='ocrx_word' id='word_1_564' title='bbox 1045 3974 1375 4029; x_wconf 89' lang='lat' dir='ltr'><strong>intellectum</strong></span> <span class='ocrx_word' id='word_1_565' title='bbox 1403 3973 1645 4029; x_wconf 89' lang='lat' dir='ltr'><strong>sobrium</strong></span> <span class='ocrx_word' id='word_1_566' title='bbox 1666 3987 1789 4028; x_wconf 90' lang='lat' dir='ltr'><strong>cum</strong></span> <span class='ocrx_word' id='word_1_567' title='bbox 1816 3969 2010 4026; x_wconf 79' lang='lat' dir='ltr'><strong>eﬂ‘eetu</strong></span> 
     </span>
    </p>
   </div>
   <div class='ocr_carea' id='block_1_73' title="bbox 430 4062 2010 4136">
    <p class='ocr_par' dir='ltr' id='par_1_73' title="bbox 430 4062 2010 4136">
     <span class='ocr_line' id='line_1_73' title="bbox 430 4062 2010 4136; baseline -0.003 -13"><span class='ocrx_word' id='word_1_568' title='bbox 430 4070 687 4124; x_wconf 89' lang='lat' dir='ltr'><strong>virtutum</strong></span> <span class='ocrx_word' id='word_1_569' title='bbox 714 4067 769 4121; x_wconf 91' lang='lat' dir='ltr'><strong>in</strong></span> <span class='ocrx_word' id='word_1_570' title='bbox 798 4066 916 4136; x_wconf 85' lang='lat' dir='ltr'><strong>lege</strong></span> <span class='ocrx_word' id='word_1_571' title='bbox 964 4065 1175 4120; x_wconf 89' lang='lat' dir='ltr'><strong>Domini</strong></span> <span class='ocrx_word' id='word_1_572' title='bbox 1208 4064 1429 4119; x_wconf 80' lang='lat' dir='ltr'><strong>festinat</strong></span> <span class='ocrx_word' id='word_1_573' title='bbox 1481 4064 1723 4130; x_wconf 89' lang='lat' dir='ltr'><strong>habere;</strong></span> <span class='ocrx_word' id='word_1_574' title='bbox 1756 4072 1813 4118; x_wconf 89' lang='lat' dir='ltr'><strong>et</strong></span> <span class='ocrx_word' id='word_1_575' title='bbox 1837 4062 1915 4118; x_wconf 89' lang='lat' dir='ltr'><strong>sic</strong></span> <span class='ocrx_word' id='word_1_576' title='bbox 1942 4063 2010 4118; x_wconf 89' lang='lat' dir='ltr'><strong>ad</strong></span> 
     </span>
    </p>
   </div>
   <div class='ocr_carea' id='block_1_74' title="bbox 429 4152 2011 4230">
    <p class='ocr_par' dir='ltr' id='par_1_74' title="bbox 429 4152 2011 4230">
     <span class='ocr_line' id='line_1_74' title="bbox 429 4152 2011 4230; baseline -0.003 -20"><span class='ocrx_word' id='word_1_577' title='bbox 429 4156 656 4230; x_wconf 80' lang='lat' dir='ltr'><strong>gratiam</strong></span> <span class='ocrx_word' id='word_1_578' title='bbox 681 4153 775 4208; x_wconf 92' lang='lat' dir='ltr'><strong>Dei</strong></span> <span class='ocrx_word' id='word_1_579' title='bbox 798 4153 1166 4223; x_wconf 89' lang='lat' dir='ltr'><strong>accipiendam</strong></span> <span class='ocrx_word' id='word_1_580' title='bbox 1213 4153 1415 4223; x_wconf 90' lang='lat' dir='ltr'><strong>poterit</strong></span> <span class='ocrx_word' id='word_1_581' title='bbox 1461 4153 1793 4224; x_wconf 86' lang='lat' dir='ltr'><strong>pertingere,</strong></span> <span class='ocrx_word' id='word_1_582' title='bbox 1836 4152 1911 4205; x_wconf 90' lang='lat' dir='ltr'><strong>ita</strong></span> <span class='ocrx_word' id='word_1_583' title='bbox 1950 4157 2011 4205; x_wconf 92' lang='lat' dir='ltr'><strong>ut</strong></span> 
     </span>
    </p>
   </div>
   <div class='ocr_carea' id='block_1_75' title="bbox 430 4243 2009 4316">
    <p class='ocr_par' dir='ltr' id='par_1_75' title="bbox 430 4243 2009 4316">
     <span class='ocr_line' id='line_1_75' title="bbox 430 4243 2009 4316; baseline -0.003 -15"><span class='ocrx_word' id='word_1_584' title='bbox 430 4246 567 4302; x_wconf 85' lang='lat' dir='ltr'><strong>sciat</strong></span> <span class='ocrx_word' id='word_1_585' title='bbox 599 4260 822 4316; x_wconf 85' lang='lat' dir='ltr'><strong>operum</strong></span> <span class='ocrx_word' id='word_1_586' title='bbox 844 4244 941 4298; x_wconf 93' lang='lat' dir='ltr'><strong>Dei</strong></span> <span class='ocrx_word' id='word_1_587' title='bbox 964 4243 1032 4298; x_wconf 90' lang='lat' dir='ltr'><strong>ab</strong></span> <span class='ocrx_word' id='word_1_588' title='bbox 1058 4244 1283 4299; x_wconf 85' lang='lat' dir='ltr'><strong>exordio</strong></span> <span class='ocrx_word' id='word_1_589' title='bbox 1329 4244 1616 4311; x_wconf 89' lang='lat' dir='ltr'><strong>rationem,</strong></span> <span class='ocrx_word' id='word_1_590' title='bbox 1655 4257 1776 4314; x_wconf 67' lang='lat' dir='ltr'><strong>quae</strong></span> <span class='ocrx_word' id='word_1_591' title='bbox 1818 4256 2009 4298; x_wconf 88' lang='lat' dir='ltr'><strong>secun-</strong></span> 
     </span>
    </p>
   </div>
   <div class='ocr_carea' id='block_1_76' title="bbox 430 4336 2006 4410">
    <p class='ocr_par' dir='ltr' id='par_1_76' title="bbox 430 4336 2006 4410">
     <span class='ocr_line' id='line_1_76' title="bbox 430 4336 2006 4410; baseline -0.002 -16"><span class='ocrx_word' id='word_1_592' title='bbox 430 4340 557 4394; x_wconf 91' lang='lat' dir='ltr'><strong>dum</strong></span> <span class='ocrx_word' id='word_1_593' title='bbox 579 4336 1062 4410; x_wconf 89' lang='lat' dir='ltr'><strong>justumjudicium</strong></span> <span class='ocrx_word' id='word_1_594' title='bbox 1093 4353 1248 4393; x_wconf 90' lang='lat' dir='ltr'><strong>suum</strong></span> <span class='ocrx_word' id='word_1_595' title='bbox 1284 4339 1353 4392; x_wconf 89' lang='lat' dir='ltr'><strong>ab</strong></span> <span class='ocrx_word' id='word_1_596' title='bbox 1401 4338 1555 4394; x_wconf 89' lang='lat' dir='ltr'><strong>initio</strong></span> <span class='ocrx_word' id='word_1_597' title='bbox 1583 4338 1698 4408; x_wconf 89' lang='lat' dir='ltr'><strong>ipse</strong></span> <span class='ocrx_word' id='word_1_598' title='bbox 1718 4337 2006 4404; x_wconf 90' lang='lat' dir='ltr'><strong>ordinavit,</strong></span> 
     </span>
    </p>
   </div>
   <div class='ocr_carea' id='block_1_77' title="bbox 426 4426 2086 4525">
    <p class='ocr_par' dir='ltr' id='par_1_77' title="bbox 426 4426 2086 4525">
     <span class='ocr_line' id='line_1_77' title="bbox 426 4426 2086 4525; baseline 0 -42"><span class='ocrx_word' id='word_1_599' title='bbox 426 4438 483 4484; x_wconf 93' lang='lat' dir='ltr'><strong>et</strong></span> <span class='ocrx_word' id='word_1_600' title='bbox 528 4430 583 4483; x_wconf 91' lang='lat' dir='ltr'><strong>in</strong></span> <span class='ocrx_word' id='word_1_601' title='bbox 639 4436 782 4483; x_wconf 89' lang='lat' dir='ltr'><strong>statu</strong></span> <span class='ocrx_word' id='word_1_602' title='bbox 834 4426 1173 4483; x_wconf 83' lang='lat' dir='ltr'><strong>rectitudinis</strong></span> <span class='ocrx_word' id='word_1_603' title='bbox 1219 4441 1538 4496; x_wconf 89' lang='lat' dir='ltr'><strong>permanere</strong></span> <span class='ocrx_word' id='word_1_604' title='bbox 1587 4428 1845 4483; x_wconf 88' lang='lat' dir='ltr'><strong>decrevit.</strong></span> <span class='ocrx_word' id='word_1_605' title='bbox 1899 4426 2008 4483; x_wconf 89' lang='lat' dir='ltr'><strong>Sed</strong></span> <span class='ocrx_word' id='word_1_606' title='bbox 2032 4465 2086 4525; x_wconf 71' lang='grc' dir='ltr'>Β</span> 
     </span>
    </p>
   </div>
   <div class='ocr_carea' id='block_1_78' title="bbox 426 4519 2007 4592">
    <p class='ocr_par' dir='ltr' id='par_1_78' title="bbox 426 4519 2007 4592">
     <span class='ocr_line' id='line_1_78' title="bbox 426 4519 2007 4592; baseline -0.002 -16"><span class='ocrx_word' id='word_1_607' title='bbox 426 4523 554 4592; x_wconf 88' lang='lat' dir='ltr'><strong>quia</strong></span> <span class='ocrx_word' id='word_1_608' title='bbox 578 4536 706 4591; x_wconf 90' lang='lat' dir='ltr'><strong>pars</strong></span> <span class='ocrx_word' id='word_1_609' title='bbox 732 4528 995 4577; x_wconf 86' lang='lat' dir='ltr'><strong>creaturae</strong></span> <span class='ocrx_word' id='word_1_610' title='bbox 1040 4535 1138 4592; x_wconf 87' lang='lat' dir='ltr'><strong>per</strong></span> <span class='ocrx_word' id='word_1_611' title='bbox 1170 4536 1492 4577; x_wconf 87' lang='lat' dir='ltr'><strong>consensum</strong></span> <span class='ocrx_word' id='word_1_612' title='bbox 1523 4520 1792 4577; x_wconf 87' lang='lat' dir='ltr'><strong>suasionis</strong></span> <span class='ocrx_word' id='word_1_613' title='bbox 1823 4519 2007 4574; x_wconf 79' lang='lat' dir='ltr'><strong>diabo-</strong></span> 
     </span>
    </p>
   </div>
   <div class='ocr_carea' id='block_1_79' title="bbox 409 4612 2005 4682">
    <p class='ocr_par' dir='ltr' id='par_1_79' title="bbox 409 4612 2005 4682">
     <span class='ocr_line' id='line_1_79' title="bbox 409 4612 2005 4682; baseline -0.003 -13"><span class='ocrx_word' id='word_1_614' title='bbox 409 4615 425 4669; x_wconf 91' lang='grc' dir='ltr'><strong>ι</strong></span> <span class='ocrx_word' id='word_1_615' title='bbox 452 4615 546 4668; x_wconf 73' lang='lat' dir='ltr'><strong>icze</strong></span> <span class='ocrx_word' id='word_1_616' title='bbox 573 4614 785 4679; x_wconf 88' lang='lat' dir='ltr'><strong>cecidit,</strong></span> <span class='ocrx_word' id='word_1_617' title='bbox 816 4628 1006 4668; x_wconf 89' lang='lat' dir='ltr'><strong>rursus</strong></span> <span class='ocrx_word' id='word_1_618' title='bbox 1028 4628 1148 4667; x_wconf 90' lang='lat' dir='ltr'><strong>eam</strong></span> <span class='ocrx_word' id='word_1_619' title='bbox 1172 4613 1409 4668; x_wconf 88' lang='lat' dir='ltr'><strong>auctoris</strong></span> <span class='ocrx_word' id='word_1_620' title='bbox 1454 4612 1537 4666; x_wconf 92' lang='lat' dir='ltr'><strong>sui</strong></span> <span class='ocrx_word' id='word_1_621' title='bbox 1563 4612 1801 4682; x_wconf 87' lang='lat' dir='ltr'><strong>potentia</strong></span> <span class='ocrx_word' id='word_1_622' title='bbox 1823 4628 1854 4667; x_wconf 89' lang='lat' dir='ltr'><strong>a</strong></span> <span class='ocrx_word' id='word_1_623' title='bbox 1877 4626 2005 4667; x_wconf 86' lang='lat' dir='ltr'><strong>casu</strong></span> 
     </span>
    </p>
   </div>
   <div class='ocr_carea' id='block_1_80' title="bbox 428 4702 2007 4773">
    <p class='ocr_par' dir='ltr' id='par_1_80' title="bbox 428 4702 2007 4773">
     <span class='ocr_line' id='line_1_80' title="bbox 428 4702 2007 4773; baseline -0.002 -13"><span class='ocrx_word' id='word_1_624' title='bbox 428 4706 638 4771; x_wconf 85' lang='lat' dir='ltr'><strong>erexit;</strong></span> <span class='ocrx_word' id='word_1_625' title='bbox 675 4704 994 4760; x_wconf 85' lang='lat' dir='ltr'><strong>mirabiliter</strong></span> <span class='ocrx_word' id='word_1_626' title='bbox 1017 4704 1163 4760; x_wconf 91' lang='lat' dir='ltr'><strong>enim</strong></span> <span class='ocrx_word' id='word_1_627' title='bbox 1212 4704 1552 4773; x_wconf 89' lang='lat' dir='ltr'><strong>omnipotens</strong></span> <span class='ocrx_word' id='word_1_628' title='bbox 1590 4703 1733 4757; x_wconf 90' lang='lat' dir='ltr'><strong>Deus</strong></span> <span class='ocrx_word' id='word_1_629' title='bbox 1754 4702 1822 4757; x_wconf 88' lang='lat' dir='ltr'><strong>ab</strong></span> <span class='ocrx_word' id='word_1_630' title='bbox 1852 4702 2007 4757; x_wconf 86' lang='lat' dir='ltr'><strong>initio</strong></span> 
     </span>
    </p>
   </div>
   <div class='ocr_carea' id='block_1_81' title="bbox 427 4792 2004 4866">
    <p class='ocr_par' dir='ltr' id='par_1_81' title="bbox 427 4792 2004 4866">
     <span class='ocr_line' id='line_1_81' title="bbox 427 4792 2004 4866; baseline -0.003 -17"><span class='ocrx_word' id='word_1_631' title='bbox 427 4805 735 4855; x_wconf 80' lang='lat' dir='ltr'><strong>creaturam</strong></span> <span class='ocrx_word' id='word_1_632' title='bbox 762 4810 917 4851; x_wconf 90' lang='lat' dir='ltr'><strong>suam</strong></span> <span class='ocrx_word' id='word_1_633' title='bbox 944 4810 1044 4866; x_wconf 90' lang='lat' dir='ltr'><strong>per</strong></span> <span class='ocrx_word' id='word_1_634' title='bbox 1064 4795 1289 4850; x_wconf 86' lang='lat' dir='ltr'><strong>verbum</strong></span> <span class='ocrx_word' id='word_1_635' title='bbox 1342 4809 1500 4849; x_wconf 91' lang='lat' dir='ltr'><strong>suum</strong></span> <span class='ocrx_word' id='word_1_636' title='bbox 1529 4792 1791 4857; x_wconf 86' lang='lat' dir='ltr'><strong>condidit,</strong></span> <span class='ocrx_word' id='word_1_637' title='bbox 1819 4800 1875 4846; x_wconf 87' lang='lat' dir='ltr'><strong>et</strong></span> <span class='ocrx_word' id='word_1_638' title='bbox 1899 4793 2004 4846; x_wconf 88' lang='lat' dir='ltr'><strong>mi-</strong></span> 
     </span>
    </p>
   </div>
   <div class='ocr_carea' id='block_1_82' title="bbox 433 4883 2003 4955">
    <p class='ocr_par' dir='ltr' id='par_1_82' title="bbox 433 4883 2003 4955">
     <span class='ocr_line' id='line_1_82' title="bbox 433 4883 2003 4955; baseline -0.002 -15"><span class='ocrx_word' id='word_1_639' title='bbox 433 4887 655 4943; x_wconf 88' lang='lat' dir='ltr'><strong>rabilius</strong></span> <span class='ocrx_word' id='word_1_640' title='bbox 682 4888 738 4941; x_wconf 91' lang='lat' dir='ltr'><strong>in</strong></span> <span class='ocrx_word' id='word_1_641' title='bbox 767 4887 873 4943; x_wconf 83' lang='lat' dir='ltr'><strong>ﬁne</strong></span> <span class='ocrx_word' id='word_1_642' title='bbox 902 4887 1221 4943; x_wconf 79' lang='lat' dir='ltr'><strong>saeculorum</strong></span> <span class='ocrx_word' id='word_1_643' title='bbox 1266 4900 1363 4955; x_wconf 91' lang='lat' dir='ltr'><strong>per</strong></span> <span class='ocrx_word' id='word_1_644' title='bbox 1386 4884 1637 4939; x_wconf 90' lang='lat' dir='ltr'><strong>eumdem</strong></span> <span class='ocrx_word' id='word_1_645' title='bbox 1671 4883 2003 4951; x_wconf 85' lang='lat' dir='ltr'><strong>unigenitum</strong></span> 
     </span>
    </p>
   </div>
   <div class='ocr_carea' id='block_1_83' title="bbox 432 4974 2003 5046">
    <p class='ocr_par' dir='ltr' id='par_1_83' title="bbox 432 4974 2003 5046">
     <span class='ocr_line' id='line_1_83' title="bbox 432 4974 2003 5046; baseline -0.001 -16"><span class='ocrx_word' id='word_1_646' title='bbox 432 4976 626 5030; x_wconf 85' lang='lat' dir='ltr'><strong>Filium</strong></span> <span class='ocrx_word' id='word_1_647' title='bbox 648 4991 803 5030; x_wconf 88' lang='lat' dir='ltr'><strong>suum</strong></span> <span class='ocrx_word' id='word_1_648' title='bbox 839 4992 958 5031; x_wconf 91' lang='lat' dir='ltr'><strong>eam</strong></span> <span class='ocrx_word' id='word_1_649' title='bbox 998 4978 1290 5046; x_wconf 88' lang='lat' dir='ltr'><strong>reparavit,</strong></span> <span class='ocrx_word' id='word_1_650' title='bbox 1341 4975 1555 5044; x_wconf 87' lang='lat' dir='ltr'><strong>quando</strong></span> <span class='ocrx_word' id='word_1_651' title='bbox 1585 4976 1881 5039; x_wconf 86' lang='lat' dir='ltr'><strong>hominem,</strong></span> <span class='ocrx_word' id='word_1_652' title='bbox 1910 4974 2003 5044; x_wconf 89' lang='lat' dir='ltr'><strong>qui</strong></span> 
     </span>
    </p>
   </div>
   <div class='ocr_carea' id='block_1_84' title="bbox 432 5067 2003 5141">
    <p class='ocr_par' dir='ltr' id='par_1_84' title="bbox 432 5067 2003 5141">
     <span class='ocr_line' id='line_1_84' title="bbox 432 5067 2003 5141; baseline -0.004 -14"><span class='ocrx_word' id='word_1_653' title='bbox 432 5074 498 5127; x_wconf 88' lang='lat' dir='ltr'><strong>ad</strong></span> <span class='ocrx_word' id='word_1_654' title='bbox 529 5070 814 5141; x_wconf 87' lang='lat' dir='ltr'><strong>imaginem</strong></span> <span class='ocrx_word' id='word_1_655' title='bbox 839 5071 935 5125; x_wconf 90' lang='lat' dir='ltr'><strong>Dei</strong></span> <span class='ocrx_word' id='word_1_656' title='bbox 955 5080 1172 5126; x_wconf 89' lang='lat' dir='ltr'><strong>creatus</strong></span> <span class='ocrx_word' id='word_1_657' title='bbox 1201 5079 1302 5134; x_wconf 91' lang='lat' dir='ltr'><strong>est,</strong></span> <span class='ocrx_word' id='word_1_658' title='bbox 1337 5068 1547 5123; x_wconf 87' lang='lat' dir='ltr'><strong>arbitrii</strong></span> <span class='ocrx_word' id='word_1_659' title='bbox 1578 5068 1826 5123; x_wconf 88' lang='lat' dir='ltr'><strong>libertate</strong></span> <span class='ocrx_word' id='word_1_660' title='bbox 1856 5067 2003 5122; x_wconf 84' lang='lat' dir='ltr'><strong>dela-</strong></span> 
     </span>
    </p>
   </div>
   <div class='ocr_carea' id='block_1_85' title="bbox 431 5161 2002 5237">
    <p class='ocr_par' dir='ltr' id='par_1_85' title="bbox 431 5161 2002 5237">
     <span class='ocr_line' id='line_1_85' title="bbox 431 5161 2002 5237; baseline -0.004 -17"><span class='ocrx_word' id='word_1_661' title='bbox 431 5179 609 5237; x_wconf 87' lang='lat' dir='ltr'><strong>psum,</strong></span> <span class='ocrx_word' id='word_1_662' title='bbox 640 5178 856 5216; x_wconf 89' lang='lat' dir='ltr'><strong>rursum</strong></span> <span class='ocrx_word' id='word_1_663' title='bbox 884 5177 981 5231; x_wconf 88' lang='lat' dir='ltr'><strong>per</strong></span> <span class='ocrx_word' id='word_1_664' title='bbox 1007 5163 1237 5234; x_wconf 85' lang='lat' dir='ltr'><strong>gratiam</strong></span> <span class='ocrx_word' id='word_1_665' title='bbox 1265 5177 1417 5216; x_wconf 89' lang='lat' dir='ltr'><strong>suam</strong></span> <span class='ocrx_word' id='word_1_666' title='bbox 1448 5161 1499 5215; x_wconf 92' lang='lat' dir='ltr'><strong>in</strong></span> <span class='ocrx_word' id='word_1_667' title='bbox 1530 5161 1817 5231; x_wconf 86' lang='lat' dir='ltr'><strong>pristinum</strong></span> <span class='ocrx_word' id='word_1_668' title='bbox 1843 5161 2002 5215; x_wconf 90' lang='lat' dir='ltr'><strong>resti-</strong></span> 
     </span>
    </p>
   </div>
   <div class='ocr_carea' id='block_1_86' title="bbox 434 5251 2004 5321">
    <p class='ocr_par' dir='ltr' id='par_1_86' title="bbox 434 5251 2004 5321">
     <span class='ocr_line' id='line_1_86' title="bbox 434 5251 2004 5321; baseline -0.004 -12"><span class='ocrx_word' id='word_1_669' title='bbox 434 5254 556 5319; x_wconf 89' lang='lat' dir='ltr'><strong>tuit,</strong></span> <span class='ocrx_word' id='word_1_670' title='bbox 587 5261 640 5307; x_wconf 90' lang='lat' dir='ltr'><strong>et</strong></span> <span class='ocrx_word' id='word_1_671' title='bbox 664 5252 1035 5308; x_wconf 88' lang='lat' dir='ltr'><strong>ordinahiliter</strong></span> <span class='ocrx_word' id='word_1_672' title='bbox 1064 5266 1130 5305; x_wconf 90' lang='lat' dir='ltr'><strong>ac</strong></span> <span class='ocrx_word' id='word_1_673' title='bbox 1146 5251 1293 5321; x_wconf 86' lang='lat' dir='ltr'><strong>juste</strong></span> <span class='ocrx_word' id='word_1_674' title='bbox 1316 5266 1438 5305; x_wconf 88' lang='lat' dir='ltr'><strong>eum</strong></span> <span class='ocrx_word' id='word_1_675' title='bbox 1492 5252 1674 5305; x_wconf 89' lang='lat' dir='ltr'><strong>vivere</strong></span> <span class='ocrx_word' id='word_1_676' title='bbox 1711 5251 1911 5315; x_wconf 90' lang='lat' dir='ltr'><strong>docuit,</strong></span> <span class='ocrx_word' id='word_1_677' title='bbox 1942 5259 2004 5304; x_wconf 88' lang='lat' dir='ltr'><strong>ut</strong></span> 
     </span>
    </p>
   </div>
   <div class='ocr_carea' id='block_1_87' title="bbox 428 5344 2000 5420">
    <p class='ocr_par' dir='ltr' id='par_1_87' title="bbox 428 5344 2000 5420">
     <span class='ocr_line' id='line_1_87' title="bbox 428 5344 2000 5420; baseline -0.004 -17"><span class='ocrx_word' id='word_1_678' title='bbox 428 5348 570 5420; x_wconf 78' lang='lat' dir='ltr'><strong>quod</strong></span> <span class='ocrx_word' id='word_1_679' title='bbox 609 5346 760 5415; x_wconf 87' lang='lat' dir='ltr'><strong>origo</strong></span> <span class='ocrx_word' id='word_1_680' title='bbox 791 5359 897 5398; x_wconf 90' lang='lat' dir='ltr'><strong>non</strong></span> <span class='ocrx_word' id='word_1_681' title='bbox 927 5344 1275 5409; x_wconf 86' lang='lat' dir='ltr'><strong>custodierat,</strong></span> <span class='ocrx_word' id='word_1_682' title='bbox 1316 5347 1588 5413; x_wconf 86' lang='lat' dir='ltr'><strong>reparatio</strong></span> <span class='ocrx_word' id='word_1_683' title='bbox 1615 5353 1960 5399; x_wconf 68' lang='lat' dir='ltr'><strong>conservaret</strong></span> <span class='ocrx_word' id='word_1_684' title='bbox 1988 5361 2000 5396; x_wconf 93' lang='lat'>:</span> 
     </span>
    </p>
   </div>
   <div class='ocr_carea' id='block_1_88' title="bbox 430 5435 2005 5507">
    <p class='ocr_par' dir='ltr' id='par_1_88' title="bbox 430 5435 2005 5507">
     <span class='ocr_line' id='line_1_88' title="bbox 430 5435 2005 5507; baseline -0.004 -13"><span class='ocrx_word' id='word_1_685' title='bbox 430 5441 532 5494; x_wconf 85' lang='lat' dir='ltr'><strong>hoc</strong></span> <span class='ocrx_word' id='word_1_686' title='bbox 560 5452 687 5507; x_wconf 84' lang='lat' dir='ltr'><strong>ergo</strong></span> <span class='ocrx_word' id='word_1_687' title='bbox 712 5437 838 5493; x_wconf 88' lang='lat' dir='ltr'><strong>licet</strong></span> <span class='ocrx_word' id='word_1_688' title='bbox 884 5437 974 5491; x_wconf 91' lang='lat' dir='ltr'><strong>hic</strong></span> <span class='ocrx_word' id='word_1_689' title='bbox 1021 5436 1201 5505; x_wconf 88' lang='lat' dir='ltr'><strong>aliquo</strong></span> <span class='ocrx_word' id='word_1_690' title='bbox 1230 5437 1389 5491; x_wconf 90' lang='lat' dir='ltr'><strong>modo</strong></span> <span class='ocrx_word' id='word_1_691' title='bbox 1419 5436 1700 5490; x_wconf 74' lang='lat' dir='ltr'><strong>historiam</strong></span> <span class='ocrx_word' id='word_1_692' title='bbox 1730 5435 2005 5505; x_wconf 83' lang='lat' dir='ltr'><strong>explicans</strong></span> 
     </span>
    </p>
   </div>
   <div class='ocr_carea' id='block_1_89' title="bbox 431 5526 2005 5594">
    <p class='ocr_par' dir='ltr' id='par_1_89' title="bbox 431 5526 2005 5594">
     <span class='ocr_line' id='line_1_89' title="bbox 431 5526 2005 5594; baseline -0.002 -11"><span class='ocrx_word' id='word_1_693' title='bbox 431 5537 658 5594; x_wconf 76' lang='lat' dir='ltr'><strong>retexet,</strong></span> <span class='ocrx_word' id='word_1_694' title='bbox 697 5536 874 5582; x_wconf 86' lang='lat' dir='ltr'><strong>tamen</strong></span> <span class='ocrx_word' id='word_1_695' title='bbox 914 5526 1107 5581; x_wconf 85' lang='lat' dir='ltr'><strong>altiore</strong></span> <span class='ocrx_word' id='word_1_696' title='bbox 1152 5540 1312 5580; x_wconf 88' lang='lat' dir='ltr'><strong>sensu</strong></span> <span class='ocrx_word' id='word_1_697' title='bbox 1343 5533 1544 5581; x_wconf 86' lang='lat' dir='ltr'><strong>statum</strong></span> <span class='ocrx_word' id='word_1_698' title='bbox 1590 5536 1793 5581; x_wconf 80' lang='lat' dir='ltr'><strong>sancL&#39;e</strong></span> <span class='ocrx_word' id='word_1_699' title='bbox 1824 5527 2005 5582; x_wconf 84' lang='lat' dir='ltr'><strong>Eccle-</strong></span> 
     </span>
    </p>
   </div>
   <div class='ocr_carea' id='block_1_90' title="bbox 427 5614 1129 5670">
    <p class='ocr_par' dir='ltr' id='par_1_90' title="bbox 427 5614 1129 5670">
     <span class='ocr_line' id='line_1_90' title="bbox 427 5614 1129 5670; baseline -0.003 -1"><span class='ocrx_word' id='word_1_700' title='bbox 427 5617 520 5670; x_wconf 73' lang='lat' dir='ltr'><strong>siae</strong></span> <span class='ocrx_word' id='word_1_701' title='bbox 550 5615 780 5670; x_wconf 78' lang='lat' dir='ltr'><strong>dilucide</strong></span> <span class='ocrx_word' id='word_1_702' title='bbox 802 5614 1129 5670; x_wconf 73' lang='lat' dir='ltr'><strong>manifestat.</strong></span> 
     </span>
    </p>
   </div>
   <div class='ocr_carea' id='block_1_91' title="bbox 504 5706 1999 5777">
    <p class='ocr_par' dir='ltr' id='par_1_91' title="bbox 504 5706 1999 5777">
     <span class='ocr_line' id='line_1_91' title="bbox 504 5706 1999 5777; baseline 0 -20"><span class='ocrx_word' id='word_1_703' title='bbox 504 5724 521 5757; x_wconf 80' lang='grc' dir='ltr'><strong>ι</strong></span> <span class='ocrx_word' id='word_1_704' title='bbox 558 5707 640 5761; x_wconf 82' lang='lat' dir='ltr'><strong>Ab</strong></span> <span class='ocrx_word' id='word_1_705' title='bbox 668 5708 1002 5763; x_wconf 90' lang='lat' dir='ltr'><strong>institutione</strong></span> <span class='ocrx_word' id='word_1_706' title='bbox 1023 5709 1259 5776; x_wconf 82' lang='lat' dir='ltr'><strong>ipsorum</strong></span> <span class='ocrx_word' id='word_1_707' title='bbox 1297 5706 1541 5760; x_wconf 89' lang='lat' dir='ltr'><strong>distinxit</strong></span> <span class='ocrx_word' id='word_1_708' title='bbox 1575 5716 1759 5777; x_wconf 90' lang='lat' dir='ltr'><strong>partes</strong></span> <span class='ocrx_word' id='word_1_709' title='bbox 1788 5706 1999 5759; x_wconf 89' lang='lat' dir='ltr'><strong>illorum</strong></span> 
     </span>
    </p>
   </div>
   <div class='ocr_carea' id='block_1_92' title="bbox 2112 3236 3690 3304">
    <p class='ocr_par' dir='ltr' id='par_1_92' title="bbox 2112 3236 3690 3304">
     <span class='ocr_line' id='line_1_92' title="bbox 2112 3236 3690 3304; baseline 0.001 -11"><span class='ocrx_word' id='word_1_710' title='bbox 2112 3247 2188 3294; x_wconf 92' lang='lat' dir='ltr'><strong>tet</strong></span> <span class='ocrx_word' id='word_1_711' title='bbox 2214 3238 2284 3292; x_wconf 89' lang='lat' dir='ltr'><strong>ad</strong></span> <span class='ocrx_word' id='word_1_712' title='bbox 2312 3252 2428 3304; x_wconf 89' lang='lat' dir='ltr'><strong>vos,</strong></span> <span class='ocrx_word' id='word_1_713' title='bbox 2459 3252 2493 3294; x_wconf 89' lang='grc' dir='ltr'>ο</span> <span class='ocrx_word' id='word_1_714' title='bbox 2528 3236 2810 3300; x_wconf 82' lang='lat' dir='ltr'><strong>Corinthii,</strong></span> <span class='ocrx_word' id='word_1_715' title='bbox 2851 3252 2948 3292; x_wconf 86' lang='lat' dir='ltr'><strong>cor</strong></span> <span class='ocrx_word' id='word_1_716' title='bbox 2975 3246 3219 3292; x_wconf 86' lang='lat' dir='ltr'><strong>nostrum</strong></span> <span class='ocrx_word' id='word_1_717' title='bbox 3261 3238 3547 3293; x_wconf 80' lang='lat' dir='ltr'><strong>dilatatam</strong></span> <span class='ocrx_word' id='word_1_718' title='bbox 3591 3249 3690 3303; x_wconf 85' lang='lat' dir='ltr'><strong>est,</strong></span> 
     </span>
    </p>
   </div>
   <div class='ocr_carea' id='block_1_93' title="bbox 2110 3325 3691 3399">
    <p class='ocr_par' dir='ltr' id='par_1_93' title="bbox 2110 3325 3691 3399">
     <span class='ocr_line' id='line_1_93' title="bbox 2110 3325 3691 3399; baseline 0.001 -16"><span class='ocrx_word' id='word_1_719' title='bbox 2110 3342 2217 3384; x_wconf 90' lang='lat' dir='ltr'><strong>non</strong></span> <span class='ocrx_word' id='word_1_720' title='bbox 2240 3328 2630 3399; x_wconf 90' lang='lat' dir='ltr'><strong>angustiamini</strong></span> <span class='ocrx_word' id='word_1_721' title='bbox 2666 3327 2722 3382; x_wconf 89' lang='lat' dir='ltr'><strong>in</strong></span> <span class='ocrx_word' id='word_1_722' title='bbox 2754 3327 2906 3382; x_wconf 88' lang='lat' dir='ltr'><strong>vobis</strong></span> <span class='ocrx_word' id='word_1_723' title='bbox 2937 3325 3024 3398; x_wconf 84' lang='grc' dir='ltr'><strong>(ΙΙ</strong></span> <span class='ocrx_word' id='word_1_724' title='bbox 3047 3326 3170 3381; x_wconf 83' lang='lat' dir='ltr'><strong>Cor.</strong></span> <span class='ocrx_word' id='word_1_725' title='bbox 3194 3327 3294 3399; x_wconf 75' lang='lat' dir='ltr'><strong>vi).</strong></span> <span class='ocrx_word' id='word_1_726' title='bbox 3326 3347 3344 3379; x_wconf 72' lang='grc' dir='ltr'><strong>ι</strong></span> <span class='ocrx_word' id='word_1_727' title='bbox 3393 3329 3523 3384; x_wconf 80' lang='lat' dir='ltr'><strong>Ideo</strong></span> <span class='ocrx_word' id='word_1_728' title='bbox 3550 3332 3691 3384; x_wconf 84' lang='lat' dir='ltr'><strong>enim</strong></span> 
     </span>
    </p>
   </div>
   <div class='ocr_carea' id='block_1_94' title="bbox 2108 3418 3689 3493">
    <p class='ocr_par' dir='ltr' id='par_1_94' title="bbox 2108 3418 3689 3493">
     <span class='ocr_line' id='line_1_94' title="bbox 2108 3418 3689 3493; baseline 0.001 -19"><span class='ocrx_word' id='word_1_729' title='bbox 2108 3419 2237 3475; x_wconf 89' lang='lat' dir='ltr'><strong>alibi</strong></span> <span class='ocrx_word' id='word_1_730' title='bbox 2257 3419 2452 3490; x_wconf 90' lang='lat' dir='ltr'><strong>legitur</strong></span> <span class='ocrx_word' id='word_1_731' title='bbox 2480 3437 2493 3474; x_wconf 87' lang='lat'><strong>:</strong></span> <span class='ocrx_word' id='word_1_732' title='bbox 2527 3438 2545 3470; x_wconf 79' lang='grc' dir='ltr'><strong>ι</strong></span> <span class='ocrx_word' id='word_1_733' title='bbox 2580 3418 2774 3473; x_wconf 89' lang='lat' dir='ltr'><strong>Latum</strong></span> <span class='ocrx_word' id='word_1_734' title='bbox 2812 3421 3125 3475; x_wconf 85' lang='lat' dir='ltr'><strong>mandatum</strong></span> <span class='ocrx_word' id='word_1_735' title='bbox 3163 3428 3311 3475; x_wconf 80' lang='lat' dir='ltr'><strong>tuum</strong></span> <span class='ocrx_word' id='word_1_736' title='bbox 3340 3422 3498 3478; x_wconf 80' lang='lat' dir='ltr'><strong>valde</strong></span> <span class='ocrx_word' id='word_1_737' title='bbox 3520 3420 3689 3493; x_wconf 75' lang='lat' dir='ltr'><strong>(Psal.</strong></span> 
     </span>
    </p>
   </div>
   <div class='ocr_carea' id='block_1_95' title="bbox 2109 3512 3694 3585">
    <p class='ocr_par' dir='ltr' id='par_1_95' title="bbox 2109 3512 3694 3585">
     <span class='ocr_line' id='line_1_95' title="bbox 2109 3512 3694 3585; baseline 0.001 -16"><span class='ocrx_word' id='word_1_738' title='bbox 2109 3512 2297 3585; x_wconf 84' lang='lat' dir='ltr'><strong>cxviu)</strong></span> <span class='ocrx_word' id='word_1_739' title='bbox 2330 3532 2342 3568; x_wconf 88' lang='lat'><strong>:</strong></span> <span class='ocrx_word' id='word_1_740' title='bbox 2376 3533 2395 3565; x_wconf 76' lang='grc' dir='ltr'><strong>ι</strong></span> <span class='ocrx_word' id='word_1_741' title='bbox 2429 3514 2572 3585; x_wconf 83' lang='lat' dir='ltr'><strong>quod</strong></span> <span class='ocrx_word' id='word_1_742' title='bbox 2603 3520 2688 3569; x_wconf 90' lang='lat' dir='ltr'><strong>est</strong></span> <span class='ocrx_word' id='word_1_743' title='bbox 2710 3514 2875 3568; x_wconf 88' lang='lat' dir='ltr'><strong>latum</strong></span> <span class='ocrx_word' id='word_1_744' title='bbox 2913 3514 3225 3569; x_wconf 88' lang='lat' dir='ltr'><strong>mandatum</strong></span> <span class='ocrx_word' id='word_1_745' title='bbox 3249 3515 3434 3570; x_wconf 86' lang='lat' dir='ltr'><strong>datum</strong></span> <span class='ocrx_word' id='word_1_746' title='bbox 3454 3534 3473 3569; x_wconf 86' lang='lat'><strong>:</strong></span> <span class='ocrx_word' id='word_1_747' title='bbox 3505 3535 3525 3567; x_wconf 81' lang='grc' dir='ltr'><strong>ι</strong></span> <span class='ocrx_word' id='word_1_748' title='bbox 3555 3515 3694 3571; x_wconf 60' lang='lat' dir='ltr'><strong>Man.</strong></span> 
     </span>
    </p>
   </div>
   <div class='ocr_carea' id='block_1_96' title="bbox 2108 3606 3694 3680">
    <p class='ocr_par' dir='ltr' id='par_1_96' title="bbox 2108 3606 3694 3680">
     <span class='ocr_line' id='line_1_96' title="bbox 2108 3606 3694 3680; baseline -0.001 -18"><span class='ocrx_word' id='word_1_749' title='bbox 2108 3606 2295 3662; x_wconf 82' lang='lat' dir='ltr'><strong>datum</strong></span> <span class='ocrx_word' id='word_1_750' title='bbox 2351 3621 2550 3663; x_wconf 91' lang='lat' dir='ltr'><strong>novum</strong></span> <span class='ocrx_word' id='word_1_751' title='bbox 2597 3606 2666 3661; x_wconf 90' lang='lat' dir='ltr'><strong>do</strong></span> <span class='ocrx_word' id='word_1_752' title='bbox 2717 3607 2889 3673; x_wconf 90' lang='lat' dir='ltr'><strong>vobis,</strong></span> <span class='ocrx_word' id='word_1_753' title='bbox 2922 3613 2983 3662; x_wconf 90' lang='lat' dir='ltr'><strong>ut</strong></span> <span class='ocrx_word' id='word_1_754' title='bbox 3019 3622 3116 3662; x_wconf 86' lang='lat' dir='ltr'><strong>vos</strong></span> <span class='ocrx_word' id='word_1_755' title='bbox 3166 3608 3401 3663; x_wconf 86' lang='lat' dir='ltr'><strong>invicem</strong></span> <span class='ocrx_word' id='word_1_756' title='bbox 3454 3607 3694 3680; x_wconf 74' lang='lat' dir='ltr'><strong>diligatis</strong></span> 
     </span>
    </p>
   </div>
   <div class='ocr_carea' id='block_1_97' title="bbox 2111 3697 3694 3772">
    <p class='ocr_par' dir='ltr' id='par_1_97' title="bbox 2111 3697 3694 3772">
     <span class='ocr_line' id='line_1_97' title="bbox 2111 3697 3694 3772; baseline -0.001 -19"><span class='ocrx_word' id='word_1_757' title='bbox 2111 3697 2296 3772; x_wconf 71' lang='lat' dir='ltr'><strong>(loco.</strong></span> <span class='ocrx_word' id='word_1_758' title='bbox 2347 3698 2494 3770; x_wconf 81' lang='lat' dir='ltr'><strong>xm).</strong></span> <span class='ocrx_word' id='word_1_759' title='bbox 2534 3717 2553 3750; x_wconf 75' lang='grc' dir='ltr'><strong>ι</strong></span> <span class='ocrx_word' id='word_1_760' title='bbox 2587 3697 2836 3754; x_wconf 85' lang='lat' dir='ltr'><strong>Charitas</strong></span> <span class='ocrx_word' id='word_1_761' title='bbox 2874 3712 3005 3770; x_wconf 85' lang='lat' dir='ltr'><strong>ergo</strong></span> <span class='ocrx_word' id='word_1_762' title='bbox 3049 3713 3157 3753; x_wconf 88' lang='lat' dir='ltr'><strong>non</strong></span> <span class='ocrx_word' id='word_1_763' title='bbox 3206 3706 3551 3769; x_wconf 86' lang='lat' dir='ltr'><strong>angustatur.</strong></span> <span class='ocrx_word' id='word_1_764' title='bbox 3606 3698 3694 3752; x_wconf 72' lang='lat' dir='ltr'><strong>V’is</strong></span> 
     </span>
    </p>
   </div>
   <div class='ocr_carea' id='block_1_98' title="bbox 2112 3790 3694 3863">
    <p class='ocr_par' dir='ltr' id='par_1_98' title="bbox 2112 3790 3694 3863">
     <span class='ocr_line' id='line_1_98' title="bbox 2112 3790 3694 3863; baseline 0.001 -20"><span class='ocrx_word' id='word_1_765' title='bbox 2112 3804 2218 3844; x_wconf 92' lang='lat' dir='ltr'><strong>non</strong></span> <span class='ocrx_word' id='word_1_766' title='bbox 2275 3790 2556 3860; x_wconf 86' lang='lat' dir='ltr'><strong>angustari</strong></span> <span class='ocrx_word' id='word_1_767' title='bbox 2591 3790 2647 3844; x_wconf 92' lang='lat' dir='ltr'><strong>in</strong></span> <span class='ocrx_word' id='word_1_768' title='bbox 2700 3791 2886 3845; x_wconf 86' lang='lat' dir='ltr'><strong>terra?</strong></span> <span class='ocrx_word' id='word_1_769' title='bbox 2913 3790 2972 3845; x_wconf 83' lang='lat' dir='ltr'><strong>In</strong></span> <span class='ocrx_word' id='word_1_770' title='bbox 3019 3790 3130 3847; x_wconf 85' lang='lat' dir='ltr'><strong>lato</strong></span> <span class='ocrx_word' id='word_1_771' title='bbox 3176 3791 3402 3856; x_wconf 84' lang='lat' dir='ltr'><strong>habita;</strong></span> <span class='ocrx_word' id='word_1_772' title='bbox 3433 3792 3694 3863; x_wconf 77' lang='lat' dir='ltr'><strong>quidquid</strong></span> 
     </span>
    </p>
   </div>
   <div class='ocr_carea' id='block_1_99' title="bbox 2113 3878 3695 3953">
    <p class='ocr_par' dir='ltr' id='par_1_99' title="bbox 2113 3878 3695 3953">
     <span class='ocr_line' id='line_1_99' title="bbox 2113 3878 3695 3953; baseline 0.002 -19"><span class='ocrx_word' id='word_1_773' title='bbox 2113 3879 2257 3934; x_wconf 88' lang='lat' dir='ltr'><strong>enim</strong></span> <span class='ocrx_word' id='word_1_774' title='bbox 2278 3879 2376 3935; x_wconf 91' lang='lat' dir='ltr'><strong>tibi</strong></span> <span class='ocrx_word' id='word_1_775' title='bbox 2400 3878 2589 3934; x_wconf 79' lang='lat' dir='ltr'><strong>fecerit</strong></span> <span class='ocrx_word' id='word_1_776' title='bbox 2618 3881 2803 3947; x_wconf 88' lang='lat' dir='ltr'><strong>homo,</strong></span> <span class='ocrx_word' id='word_1_777' title='bbox 2860 3896 2964 3936; x_wconf 88' lang='lat' dir='ltr'><strong>non</strong></span> <span class='ocrx_word' id='word_1_778' title='bbox 2992 3889 3046 3935; x_wconf 91' lang='lat' dir='ltr'><strong>te</strong></span> <span class='ocrx_word' id='word_1_779' title='bbox 3090 3889 3367 3953; x_wconf 89' lang='lat' dir='ltr'><strong>angustat,</strong></span> <span class='ocrx_word' id='word_1_780' title='bbox 3400 3882 3531 3952; x_wconf 85' lang='lat' dir='ltr'><strong>quia</strong></span> <span class='ocrx_word' id='word_1_781' title='bbox 3565 3882 3695 3937; x_wconf 79' lang='lat' dir='ltr'><strong>iilud</strong></span> 
     </span>
    </p>
   </div>
   <div class='ocr_carea' id='block_1_100' title="bbox 2109 3971 3696 4045">
    <p class='ocr_par' dir='ltr' id='par_1_100' title="bbox 2109 3971 3696 4045">
     <span class='ocr_line' id='line_1_100' title="bbox 2109 3971 3696 4045; baseline 0.001 -20"><span class='ocrx_word' id='word_1_782' title='bbox 2109 3971 2312 4042; x_wconf 88' lang='lat' dir='ltr'><strong>diligis,</strong></span> <span class='ocrx_word' id='word_1_783' title='bbox 2342 3971 2483 4041; x_wconf 87' lang='lat' dir='ltr'><strong>quod</strong></span> <span class='ocrx_word' id='word_1_784' title='bbox 2505 3987 2612 4028; x_wconf 88' lang='lat' dir='ltr'><strong>non</strong></span> <span class='ocrx_word' id='word_1_785' title='bbox 2640 3980 2798 4027; x_wconf 89' lang='lat' dir='ltr'><strong>nocet</strong></span> <span class='ocrx_word' id='word_1_786' title='bbox 2828 3990 2840 4024; x_wconf 88' lang='lat'><strong>:</strong></span> <span class='ocrx_word' id='word_1_787' title='bbox 2873 3973 3054 4038; x_wconf 90' lang='lat' dir='ltr'><strong>homo,</strong></span> <span class='ocrx_word' id='word_1_788' title='bbox 3085 3974 3251 4029; x_wconf 85' lang='lat' dir='ltr'><strong>Deum</strong></span> <span class='ocrx_word' id='word_1_789' title='bbox 3276 3972 3476 4045; x_wconf 86' lang='lat' dir='ltr'><strong>diligis,</strong></span> <span class='ocrx_word' id='word_1_790' title='bbox 3503 3974 3696 4029; x_wconf 79' lang='lat' dir='ltr'><strong>frater-</strong></span> 
     </span>
    </p>
   </div>
   <div class='ocr_carea' id='block_1_101' title="bbox 2109 4061 3694 4135">
    <p class='ocr_par' dir='ltr' id='par_1_101' title="bbox 2109 4061 3694 4135">
     <span class='ocr_line' id='line_1_101' title="bbox 2109 4061 3694 4135; baseline 0.003 -19"><span class='ocrx_word' id='word_1_791' title='bbox 2109 4061 2335 4117; x_wconf 85' lang='lat' dir='ltr'><strong>nitatem</strong></span> <span class='ocrx_word' id='word_1_792' title='bbox 2358 4063 2554 4133; x_wconf 82' lang='lat' dir='ltr'><strong>diligis,</strong></span> <span class='ocrx_word' id='word_1_793' title='bbox 2589 4062 2761 4135; x_wconf 83' lang='lat' dir='ltr'><strong>lcgem</strong></span> <span class='ocrx_word' id='word_1_794' title='bbox 2800 4064 2891 4118; x_wconf 88' lang='lat' dir='ltr'><strong>Dei</strong></span> <span class='ocrx_word' id='word_1_795' title='bbox 2919 4062 3118 4133; x_wconf 85' lang='lat' dir='ltr'><strong>diligis,</strong></span> <span class='ocrx_word' id='word_1_796' title='bbox 3152 4064 3448 4120; x_wconf 75' lang='lat' dir='ltr'><strong>Ecclesium</strong></span> <span class='ocrx_word' id='word_1_797' title='bbox 3479 4064 3579 4120; x_wconf 91' lang='lat' dir='ltr'><strong>Dei</strong></span> <span class='ocrx_word' id='word_1_798' title='bbox 3614 4066 3694 4120; x_wconf 84' lang='lat' dir='ltr'><strong>di-</strong></span> 
     </span>
    </p>
   </div>
   <div class='ocr_carea' id='block_1_102' title="bbox 2109 4153 3692 4225">
    <p class='ocr_par' dir='ltr' id='par_1_102' title="bbox 2109 4153 3692 4225">
     <span class='ocr_line' id='line_1_102' title="bbox 2109 4153 3692 4225; baseline 0.003 -17"><span class='ocrx_word' id='word_1_799' title='bbox 2109 4153 2252 4225; x_wconf 88' lang='lat' dir='ltr'><strong>ligis,</strong></span> <span class='ocrx_word' id='word_1_800' title='bbox 2290 4155 2618 4225; x_wconf 86' lang='lat' dir='ltr'><strong>sempiterna</strong></span> <span class='ocrx_word' id='word_1_801' title='bbox 2668 4170 2878 4211; x_wconf 85' lang='lat' dir='ltr'><strong>merces</strong></span> <span class='ocrx_word' id='word_1_802' title='bbox 2901 4156 3043 4211; x_wconf 88' lang='lat' dir='ltr'><strong>erit:</strong></span> <span class='ocrx_word' id='word_1_803' title='bbox 3084 4175 3103 4207; x_wconf 75' lang='grc' dir='ltr'><strong>ι</strong></span> <span class='ocrx_word' id='word_1_804' title='bbox 3159 4155 3398 4212; x_wconf 86' lang='lat' dir='ltr'><strong>Laboras</strong></span> <span class='ocrx_word' id='word_1_805' title='bbox 3433 4157 3493 4211; x_wconf 89' lang='lat' dir='ltr'><strong>in</strong></span> <span class='ocrx_word' id='word_1_806' title='bbox 3526 4166 3692 4219; x_wconf 86' lang='lat' dir='ltr'><strong>terra,</strong></span> 
     </span>
    </p>
   </div>
   <div class='ocr_carea' id='block_1_103' title="bbox 2112 4246 3696 4318">
    <p class='ocr_par' dir='ltr' id='par_1_103' title="bbox 2112 4246 3696 4318">
     <span class='ocr_line' id='line_1_103' title="bbox 2112 4246 3696 4318; baseline -0.003 -14"><span class='ocrx_word' id='word_1_807' title='bbox 2112 4247 2207 4304; x_wconf 85' lang='lat' dir='ltr'><strong>sed</strong></span> <span class='ocrx_word' id='word_1_808' title='bbox 2235 4247 2523 4317; x_wconf 83' lang='lat' dir='ltr'><strong>pervenies</strong></span> <span class='ocrx_word' id='word_1_809' title='bbox 2553 4247 2619 4302; x_wconf 82' lang='lat' dir='ltr'><strong>ad</strong></span> <span class='ocrx_word' id='word_1_810' title='bbox 2644 4246 2881 4302; x_wconf 77' lang='lat' dir='ltr'><strong>fructum</strong></span> <span class='ocrx_word' id='word_1_811' title='bbox 2907 4247 3232 4316; x_wconf 88' lang='lat' dir='ltr'><strong>promissum</strong></span> <span class='ocrx_word' id='word_1_812' title='bbox 3261 4266 3273 4301; x_wconf 92' lang='lat'><strong>:</strong></span> <span class='ocrx_word' id='word_1_813' title='bbox 3302 4247 3427 4318; x_wconf 89' lang='lat' dir='ltr'><strong>quis</strong></span> <span class='ocrx_word' id='word_1_814' title='bbox 3457 4249 3559 4303; x_wconf 89' lang='lat' dir='ltr'><strong>tibi</strong></span> <span class='ocrx_word' id='word_1_815' title='bbox 3597 4247 3696 4302; x_wconf 78' lang='lat' dir='ltr'><strong>tot-</strong></span> 
     </span>
    </p>
   </div>
   <div class='ocr_carea' id='block_1_104' title="bbox 2111 4337 2650 4409">
    <p class='ocr_par' dir='ltr' id='par_1_104' title="bbox 2111 4337 2650 4409">
     <span class='ocr_line' id='line_1_104' title="bbox 2111 4337 2650 4409; baseline -0.002 -17"><span class='ocrx_word' id='word_1_816' title='bbox 2111 4338 2174 4393; x_wconf 85' lang='lat' dir='ltr'><strong>lit</strong></span> <span class='ocrx_word' id='word_1_817' title='bbox 2201 4339 2349 4408; x_wconf 89' lang='lat' dir='ltr'><strong>quod</strong></span> <span class='ocrx_word' id='word_1_818' title='bbox 2375 4337 2556 4409; x_wconf 88' lang='lat' dir='ltr'><strong>diligis</strong></span> <span class='ocrx_word' id='word_1_819' title='bbox 2573 4338 2599 4392; x_wconf 75' lang='lat' dir='ltr'><strong>‘I</strong></span> <span class='ocrx_word' id='word_1_820' title='bbox 2632 4358 2650 4391; x_wconf 75' lang='grc' dir='ltr'><strong>ι</strong></span> 
     </span>
    </p>
   </div>
   <div class='ocr_carea' id='block_1_105' title="bbox 2189 4424 3694 4496">
    <p class='ocr_par' dir='ltr' id='par_1_105' title="bbox 2189 4424 3694 4496">
     <span class='ocr_line' id='line_1_105' title="bbox 2189 4424 3694 4496; baseline 0.001 -18"><span class='ocrx_word' id='word_1_821' title='bbox 2189 4445 2209 4478; x_wconf 79' lang='grc' dir='ltr'>σ</span> <span class='ocrx_word' id='word_1_822' title='bbox 2241 4426 2357 4482; x_wconf 89' lang='lat' dir='ltr'><strong>Non</strong></span> <span class='ocrx_word' id='word_1_823' title='bbox 2388 4427 2465 4482; x_wconf 91' lang='lat' dir='ltr'><strong>sis</strong></span> <span class='ocrx_word' id='word_1_824' title='bbox 2492 4426 2823 4483; x_wconf 86' lang='lat' dir='ltr'><strong>incredibilis</strong></span> <span class='ocrx_word' id='word_1_825' title='bbox 2844 4426 3008 4481; x_wconf 91' lang='lat' dir='ltr'><strong>verbo</strong></span> <span class='ocrx_word' id='word_1_826' title='bbox 3034 4425 3195 4480; x_wconf 89' lang='lat' dir='ltr'><strong>illius.</strong></span> <span class='ocrx_word' id='word_1_827' title='bbox 3236 4445 3255 4476; x_wconf 70' lang='grc' dir='ltr'><strong>ι</strong></span> <span class='ocrx_word' id='word_1_828' title='bbox 3282 4424 3419 4491; x_wconf 84' lang='lat' dir='ltr'><strong>Quia</strong></span> <span class='ocrx_word' id='word_1_829' title='bbox 3439 4426 3694 4496; x_wconf 81' lang='lat' dir='ltr'><strong>superius</strong></span> 
     </span>
    </p>
   </div>
   <div class='ocr_carea' id='block_1_106' title="bbox 2112 4514 3693 4584">
    <p class='ocr_par' dir='ltr' id='par_1_106' title="bbox 2112 4514 3693 4584">
     <span class='ocr_line' id='line_1_106' title="bbox 2112 4514 3693 4584; baseline 0 -14"><span class='ocrx_word' id='word_1_830' title='bbox 2112 4515 2327 4570; x_wconf 80' lang='lat' dir='ltr'><strong>dixerat</strong></span> <span class='ocrx_word' id='word_1_831' title='bbox 2352 4515 2624 4584; x_wconf 88' lang='lat' dir='ltr'><strong>quomodo</strong></span> <span class='ocrx_word' id='word_1_832' title='bbox 2648 4515 2790 4571; x_wconf 90' lang='lat' dir='ltr'><strong>Deus</strong></span> <span class='ocrx_word' id='word_1_833' title='bbox 2828 4516 2896 4570; x_wconf 89' lang='lat' dir='ltr'><strong>ab</strong></span> <span class='ocrx_word' id='word_1_834' title='bbox 2926 4515 3083 4575; x_wconf 80' lang='lat' dir='ltr'><strong>initio</strong></span> <span class='ocrx_word' id='word_1_835' title='bbox 3110 4516 3163 4569; x_wconf 92' lang='lat' dir='ltr'><strong>in</strong></span> <span class='ocrx_word' id='word_1_836' title='bbox 3190 4514 3416 4569; x_wconf 73' lang='lat' dir='ltr'><strong>scientia</strong></span> <span class='ocrx_word' id='word_1_837' title='bbox 3466 4525 3527 4570; x_wconf 84' lang='lat' dir='ltr'><strong>et</strong></span> <span class='ocrx_word' id='word_1_838' title='bbox 3545 4515 3693 4583; x_wconf 81' lang='lat' dir='ltr'><strong>judi-</strong></span> 
     </span>
    </p>
   </div>
   <div class='ocr_carea' id='block_1_107' title="bbox 2109 4607 3695 4678">
    <p class='ocr_par' dir='ltr' id='par_1_107' title="bbox 2109 4607 3695 4678">
     <span class='ocr_line' id='line_1_107' title="bbox 2109 4607 3695 4678; baseline 0 -17"><span class='ocrx_word' id='word_1_839' title='bbox 2109 4608 2195 4663; x_wconf 91' lang='lat' dir='ltr'><strong>cio</strong></span> <span class='ocrx_word' id='word_1_840' title='bbox 2246 4607 2595 4662; x_wconf 85' lang='lat' dir='ltr'><strong>ordinaverat</strong></span> <span class='ocrx_word' id='word_1_841' title='bbox 2623 4622 2785 4678; x_wconf 88' lang='lat' dir='ltr'><strong>opera</strong></span> <span class='ocrx_word' id='word_1_842' title='bbox 2815 4624 2930 4672; x_wconf 86' lang='lat' dir='ltr'><strong>sua,</strong></span> <span class='ocrx_word' id='word_1_843' title='bbox 2984 4622 3127 4662; x_wconf 87' lang='lat' dir='ltr'><strong>nunc</strong></span> <span class='ocrx_word' id='word_1_844' title='bbox 3173 4608 3239 4661; x_wconf 89' lang='lat' dir='ltr'><strong>ad</strong></span> <span class='ocrx_word' id='word_1_845' title='bbox 3285 4608 3695 4662; x_wconf 81' lang='lat' dir='ltr'><strong>observantiam</strong></span> 
     </span>
    </p>
   </div>
   <div class='ocr_carea' id='block_1_108' title="bbox 2109 4696 3693 4768">
    <p class='ocr_par' dir='ltr' id='par_1_108' title="bbox 2109 4696 3693 4768">
     <span class='ocr_line' id='line_1_108' title="bbox 2109 4696 3693 4768; baseline 0 -18"><span class='ocrx_word' id='word_1_846' title='bbox 2109 4698 2490 4751; x_wconf 88' lang='lat' dir='ltr'><strong>mandatorum</strong></span> <span class='ocrx_word' id='word_1_847' title='bbox 2517 4697 2655 4768; x_wconf 87' lang='lat' dir='ltr'><strong>ejus,</strong></span> <span class='ocrx_word' id='word_1_848' title='bbox 2689 4697 2956 4759; x_wconf 84' lang='lat' dir='ltr'><strong>sententia</strong></span> <span class='ocrx_word' id='word_1_849' title='bbox 2983 4697 3038 4751; x_wconf 92' lang='lat' dir='ltr'><strong>in</strong></span> <span class='ocrx_word' id='word_1_850' title='bbox 3076 4696 3253 4752; x_wconf 85' lang='lat' dir='ltr'><strong>media</strong></span> <span class='ocrx_word' id='word_1_851' title='bbox 3280 4697 3496 4752; x_wconf 84' lang='lat' dir='ltr'><strong>ratione</strong></span> <span class='ocrx_word' id='word_1_852' title='bbox 3522 4698 3693 4751; x_wconf 82' lang='lat' dir='ltr'><strong>inter-</strong></span> 
     </span>
    </p>
   </div>
   <div class='ocr_carea' id='block_1_109' title="bbox 2106 4786 3691 4857">
    <p class='ocr_par' dir='ltr' id='par_1_109' title="bbox 2106 4786 3691 4857">
     <span class='ocr_line' id='line_1_109' title="bbox 2106 4786 3691 4857; baseline -0.001 -16"><span class='ocrx_word' id='word_1_853' title='bbox 2106 4787 2305 4857; x_wconf 85' lang='lat' dir='ltr'><strong>posita,</strong></span> <span class='ocrx_word' id='word_1_854' title='bbox 2357 4787 2658 4841; x_wconf 89' lang='lat' dir='ltr'><strong>auditorem</strong></span> <span class='ocrx_word' id='word_1_855' title='bbox 2713 4787 2959 4841; x_wconf 87' lang='lat' dir='ltr'><strong>hortatur</strong></span> <span class='ocrx_word' id='word_1_856' title='bbox 3011 4804 3080 4842; x_wconf 88' lang='lat' dir='ltr'><strong>ne</strong></span> <span class='ocrx_word' id='word_1_857' title='bbox 3130 4786 3464 4842; x_wconf 87' lang='lat' dir='ltr'><strong>incredibilis</strong></span> <span class='ocrx_word' id='word_1_858' title='bbox 3523 4788 3691 4841; x_wconf 79' lang='lat' dir='ltr'><strong>verbo</strong></span> 
     </span>
    </p>
   </div>
   <div class='ocr_carea' id='block_1_110' title="bbox 2109 4877 3689 4949">
    <p class='ocr_par' dir='ltr' id='par_1_110' title="bbox 2109 4877 3689 4949">
     <span class='ocr_line' id='line_1_110' title="bbox 2109 4877 3689 4949; baseline 0 -18"><span class='ocrx_word' id='word_1_859' title='bbox 2109 4877 2251 4933; x_wconf 90' lang='lat' dir='ltr'><strong>illius</strong></span> <span class='ocrx_word' id='word_1_860' title='bbox 2284 4893 2314 4931; x_wconf 90' lang='lat' dir='ltr'><strong>a</strong></span> <span class='ocrx_word' id='word_1_861' title='bbox 2338 4885 2479 4932; x_wconf 88' lang='lat' dir='ltr'><strong>statu</strong></span> <span class='ocrx_word' id='word_1_862' title='bbox 2505 4877 2843 4932; x_wconf 83' lang='lat' dir='ltr'><strong>rectitudinis</strong></span> <span class='ocrx_word' id='word_1_863' title='bbox 2867 4877 3151 4933; x_wconf 78' lang='lat' dir='ltr'><strong>deﬂectere</strong></span> <span class='ocrx_word' id='word_1_864' title='bbox 3180 4885 3490 4949; x_wconf 70' lang='lat' dir='ltr'><strong>prtesumat.</strong></span> <span class='ocrx_word' id='word_1_865' title='bbox 3522 4878 3593 4932; x_wconf 82' lang='lat' dir='ltr'><strong>Et</strong></span> <span class='ocrx_word' id='word_1_866' title='bbox 3611 4878 3689 4932; x_wconf 88' lang='lat' dir='ltr'><strong>sic</strong></span> 
     </span>
    </p>
   </div>
   <div class='ocr_carea' id='block_1_111' title="bbox 2108 4970 3688 5041">
    <p class='ocr_par' dir='ltr' id='par_1_111' title="bbox 2108 4970 3688 5041">
     <span class='ocr_line' id='line_1_111' title="bbox 2108 4970 3688 5041; baseline -0.002 -16"><span class='ocrx_word' id='word_1_867' title='bbox 2108 4973 2303 5026; x_wconf 88' lang='lat' dir='ltr'><strong>iterum</strong></span> <span class='ocrx_word' id='word_1_868' title='bbox 2334 4972 2401 5026; x_wconf 86' lang='lat' dir='ltr'><strong>ad</strong></span> <span class='ocrx_word' id='word_1_869' title='bbox 2434 4971 2796 5027; x_wconf 83' lang='lat' dir='ltr'><strong>narrationem</strong></span> <span class='ocrx_word' id='word_1_870' title='bbox 2832 4970 3185 5041; x_wconf 81' lang='lat' dir='ltr'><strong>interceptam</strong></span> <span class='ocrx_word' id='word_1_871' title='bbox 3209 4971 3367 5035; x_wconf 84' lang='lat' dir='ltr'><strong>redit,</strong></span> <span class='ocrx_word' id='word_1_872' title='bbox 3392 4971 3688 5024; x_wconf 88' lang='lat' dir='ltr'><strong>ostendens</strong></span> 
     </span>
    </p>
   </div>
   <div class='ocr_carea' id='block_1_112' title="bbox 2104 5061 3686 5132">
    <p class='ocr_par' dir='ltr' id='par_1_112' title="bbox 2104 5061 3686 5132">
     <span class='ocr_line' id='line_1_112' title="bbox 2104 5061 3686 5132; baseline -0.001 -16"><span class='ocrx_word' id='word_1_873' title='bbox 2104 5062 2337 5131; x_wconf 84' lang='lat' dir='ltr'><strong>qualiter</strong></span> <span class='ocrx_word' id='word_1_874' title='bbox 2389 5061 2673 5115; x_wconf 86' lang='lat' dir='ltr'><strong>clementia</strong></span> <span class='ocrx_word' id='word_1_875' title='bbox 2711 5061 2989 5117; x_wconf 85' lang='lat' dir='ltr'><strong>Creatoris</strong></span> <span class='ocrx_word' id='word_1_876' title='bbox 3032 5070 3151 5132; x_wconf 85' lang='lat' dir='ltr'><strong>post</strong></span> <span class='ocrx_word' id='word_1_877' title='bbox 3176 5077 3359 5116; x_wconf 88' lang='lat' dir='ltr'><strong>casum</strong></span> <span class='ocrx_word' id='word_1_878' title='bbox 3396 5061 3686 5131; x_wconf 80' lang='lat' dir='ltr'><strong>pristinum</strong></span> 
     </span>
    </p>
   </div>
   <div class='ocr_carea' id='block_1_113' title="bbox 2109 5152 3144 5222">
    <p class='ocr_par' dir='ltr' id='par_1_113' title="bbox 2109 5152 3144 5222">
     <span class='ocr_line' id='line_1_113' title="bbox 2109 5152 3144 5222; baseline 0.001 -17"><span class='ocrx_word' id='word_1_879' title='bbox 2109 5152 2381 5222; x_wconf 85' lang='lat' dir='ltr'><strong>reparavit</strong></span> <span class='ocrx_word' id='word_1_880' title='bbox 2408 5167 2578 5221; x_wconf 83' lang='lat' dir='ltr'><strong>genus</strong></span> <span class='ocrx_word' id='word_1_881' title='bbox 2604 5152 2900 5206; x_wconf 88' lang='lat' dir='ltr'><strong>humanum</strong></span> <span class='ocrx_word' id='word_1_882' title='bbox 2926 5153 3108 5206; x_wconf 86' lang='lat' dir='ltr'><strong>dicens</strong></span> <span class='ocrx_word' id='word_1_883' title='bbox 3132 5170 3144 5206; x_wconf 91' lang='lat'><strong>:</strong></span> 
     </span>
    </p>
   </div>
   <div class='ocr_carea' id='block_1_114' title="bbox 2181 5250 3686 5322">
    <p class='ocr_par' dir='ltr' id='par_1_114' title="bbox 2181 5250 3686 5322">
     <span class='ocr_line' id='line_1_114' title="bbox 2181 5250 3686 5322; baseline 0 -20"><span class='ocrx_word' id='word_1_884' title='bbox 2181 5270 2199 5302; x_wconf 75' lang='grc' dir='ltr'><strong>ι</strong></span> <span class='ocrx_word' id='word_1_885' title='bbox 2236 5251 2365 5306; x_wconf 88' lang='lat' dir='ltr'><strong>Post</strong></span> <span class='ocrx_word' id='word_1_886' title='bbox 2409 5252 2525 5305; x_wconf 81' lang='lat' dir='ltr'><strong>ha-c</strong></span> <span class='ocrx_word' id='word_1_887' title='bbox 2561 5252 2701 5306; x_wconf 90' lang='lat' dir='ltr'><strong>Deus</strong></span> <span class='ocrx_word' id='word_1_888' title='bbox 2727 5252 2783 5305; x_wconf 90' lang='lat' dir='ltr'><strong>in</strong></span> <span class='ocrx_word' id='word_1_889' title='bbox 2814 5260 3010 5306; x_wconf 71' lang='lat' dir='ltr'><strong>tenam</strong></span> <span class='ocrx_word' id='word_1_890' title='bbox 3060 5252 3316 5322; x_wconf 76' lang='lat' dir='ltr'><strong>respexit,</strong></span> <span class='ocrx_word' id='word_1_891' title='bbox 3344 5260 3400 5306; x_wconf 86' lang='lat' dir='ltr'><strong>et</strong></span> <span class='ocrx_word' id='word_1_892' title='bbox 3444 5250 3686 5319; x_wconf 74' lang='lat' dir='ltr'><strong>impicvit</strong></span> 
     </span>
    </p>
   </div>
   <div class='ocr_carea' id='block_1_115' title="bbox 2103 5342 3681 5413">
    <p class='ocr_par' dir='ltr' id='par_1_115' title="bbox 2103 5342 3681 5413">
     <span class='ocr_line' id='line_1_115' title="bbox 2103 5342 3681 5413; baseline -0.003 -18"><span class='ocrx_word' id='word_1_893' title='bbox 2103 5342 2248 5396; x_wconf 89' lang='lat' dir='ltr'><strong>illam</strong></span> <span class='ocrx_word' id='word_1_894' title='bbox 2298 5342 2455 5396; x_wconf 90' lang='lat' dir='ltr'><strong>bonis</strong></span> <span class='ocrx_word' id='word_1_895' title='bbox 2491 5343 2621 5397; x_wconf 89' lang='lat' dir='ltr'><strong>suis.</strong></span> <span class='ocrx_word' id='word_1_896' title='bbox 2657 5361 2675 5393; x_wconf 83' lang='grc'>›</span> <span class='ocrx_word' id='word_1_897' title='bbox 2710 5342 2967 5412; x_wconf 78' lang='lat' dir='ltr'><strong>Respexit</strong></span> <span class='ocrx_word' id='word_1_898' title='bbox 3019 5357 3148 5413; x_wconf 84' lang='lat' dir='ltr'><strong>ergo</strong></span> <span class='ocrx_word' id='word_1_899' title='bbox 3194 5342 3334 5397; x_wconf 88' lang='lat' dir='ltr'><strong>Deus</strong></span> <span class='ocrx_word' id='word_1_900' title='bbox 3370 5344 3427 5396; x_wconf 89' lang='lat' dir='ltr'><strong>in</strong></span> <span class='ocrx_word' id='word_1_901' title='bbox 3474 5352 3681 5396; x_wconf 71' lang='lat' dir='ltr'><strong>terram</strong></span> 
     </span>
    </p>
   </div>
   <div class='ocr_carea' id='block_1_116' title="bbox 2102 5433 3681 5504">
    <p class='ocr_par' dir='ltr' id='par_1_116' title="bbox 2102 5433 3681 5504">
     <span class='ocr_line' id='line_1_116' title="bbox 2102 5433 3681 5504; baseline -0.003 -14"><span class='ocrx_word' id='word_1_902' title='bbox 2102 5438 2350 5490; x_wconf 61' lang='lat' dir='ltr'><strong>humana!</strong></span> <span class='ocrx_word' id='word_1_903' title='bbox 2377 5445 2603 5499; x_wconf 62' lang='lat' dir='ltr'><strong>naturae,</strong></span> <span class='ocrx_word' id='word_1_904' title='bbox 2634 5435 2849 5504; x_wconf 90' lang='lat' dir='ltr'><strong>quando</strong></span> <span class='ocrx_word' id='word_1_905' title='bbox 2891 5450 3007 5490; x_wconf 82' lang='lat' dir='ltr'><strong>eam</strong></span> <span class='ocrx_word' id='word_1_906' title='bbox 3036 5435 3421 5490; x_wconf 74' lang='lat' dir='ltr'><strong>misericorditn</strong></span> <span class='ocrx_word' id='word_1_907' title='bbox 3458 5450 3568 5489; x_wconf 80' lang='lat' dir='ltr'><strong>sua:</strong></span> <span class='ocrx_word' id='word_1_908' title='bbox 3598 5433 3681 5486; x_wconf 80' lang='lat' dir='ltr'><strong>in-</strong></span> 
     </span>
    </p>
   </div>
   <div class='ocr_carea' id='block_1_117' title="bbox 2104 5524 3678 5594">
    <p class='ocr_par' dir='ltr' id='par_1_117' title="bbox 2104 5524 3678 5594">
     <span class='ocr_line' id='line_1_117' title="bbox 2104 5524 3678 5594; baseline 0 -15"><span class='ocrx_word' id='word_1_909' title='bbox 2104 5526 2239 5579; x_wconf 86' lang='lat' dir='ltr'><strong>tuitu</strong></span> <span class='ocrx_word' id='word_1_910' title='bbox 2272 5533 2580 5578; x_wconf 86' lang='lat' dir='ltr'><strong>restaurare</strong></span> <span class='ocrx_word' id='word_1_911' title='bbox 2612 5524 2870 5579; x_wconf 89' lang='lat' dir='ltr'><strong>decrevit.</strong></span> <span class='ocrx_word' id='word_1_912' title='bbox 2905 5524 3147 5594; x_wconf 86' lang='lat' dir='ltr'><strong>Implevit</strong></span> <span class='ocrx_word' id='word_1_913' title='bbox 3174 5525 3317 5579; x_wconf 83' lang='lat' dir='ltr'><strong>illam</strong></span> <span class='ocrx_word' id='word_1_914' title='bbox 3344 5525 3500 5579; x_wconf 86' lang='lat' dir='ltr'><strong>bonis</strong></span> <span class='ocrx_word' id='word_1_915' title='bbox 3541 5524 3678 5579; x_wconf 80' lang='lat' dir='ltr'><strong>suis.</strong></span> 
     </span>
    </p>
   </div>
   <div class='ocr_carea' id='block_1_118' title="bbox 2104 5612 3679 5684">
    <p class='ocr_par' dir='ltr' id='par_1_118' title="bbox 2104 5612 3679 5684">
     <span class='ocr_line' id='line_1_118' title="bbox 2104 5612 3679 5684; baseline -0.003 -16"><span class='ocrx_word' id='word_1_916' title='bbox 2104 5615 2206 5670; x_wconf 85' lang='lat' dir='ltr'><strong>tide</strong></span> <span class='ocrx_word' id='word_1_917' title='bbox 2241 5615 2491 5669; x_wconf 88' lang='lat' dir='ltr'><strong>videlicet</strong></span> <span class='ocrx_word' id='word_1_918' title='bbox 2513 5623 2680 5679; x_wconf 89' lang='lat' dir='ltr'><strong>recta,</strong></span> <span class='ocrx_word' id='word_1_919' title='bbox 2710 5631 2834 5669; x_wconf 90' lang='lat' dir='ltr'><strong>cum</strong></span> <span class='ocrx_word' id='word_1_920' title='bbox 2860 5616 3097 5669; x_wconf 87' lang='lat' dir='ltr'><strong>virutum</strong></span> <span class='ocrx_word' id='word_1_921' title='bbox 3137 5616 3411 5684; x_wconf 83' lang='lat' dir='ltr'><strong>operibus,</strong></span> <span class='ocrx_word' id='word_1_922' title='bbox 3443 5614 3530 5684; x_wconf 83' lang='lat' dir='ltr'><strong>qui</strong></span> <span class='ocrx_word' id='word_1_923' title='bbox 3559 5612 3679 5681; x_wconf 59' lang='grc' dir='ltr'>Βρέ-</span> 
     </span>
    </p>
   </div>
   <div class='ocr_carea' id='block_1_119' title="bbox 2105 5703 3680 5767">
    <p class='ocr_par' dir='ltr' id='par_1_119' title="bbox 2105 5703 3680 5767">
     <span class='ocr_line' id='line_1_119' title="bbox 2105 5703 3680 5767; baseline -0.004 -9"><span class='ocrx_word' id='word_1_924' title='bbox 2105 5706 2267 5760; x_wconf 89' lang='lat' dir='ltr'><strong>ritum</strong></span> <span class='ocrx_word' id='word_1_925' title='bbox 2294 5720 2449 5760; x_wconf 89' lang='lat' dir='ltr'><strong>suum</strong></span> <span class='ocrx_word' id='word_1_926' title='bbox 2474 5706 2527 5760; x_wconf 89' lang='lat' dir='ltr'><strong>in</strong></span> <span class='ocrx_word' id='word_1_927' title='bbox 2568 5705 2819 5761; x_wconf 88' lang='lat' dir='ltr'><strong>cordibus</strong></span> <span class='ocrx_word' id='word_1_928' title='bbox 2851 5704 3186 5760; x_wconf 82' lang='lat' dir='ltr'><strong>credentium</strong></span> <span class='ocrx_word' id='word_1_929' title='bbox 3218 5704 3512 5767; x_wconf 70' lang='lat' dir='ltr'><strong>distribuit,</strong></span> <span class='ocrx_word' id='word_1_930' title='bbox 3534 5703 3680 5756; x_wconf 69' lang='lat' dir='ltr'><strong>sicut</strong></span> 
     </span>
    </p>
   </div>
  </div>
