  <div class='ocr_page' id='page_1' title='image "/cluster/home/n/w/nwhite01/storage/ocr_20150623/109/hvd.32044054759741/442.png"; bbox 0 0 3904 6184; ppageno 0'>
   <div class='ocr_carea' id='block_1_1' title="bbox 290 407 398 462">
    <p class='ocr_par' dir='ltr' id='par_1_1' title="bbox 290 407 398 462">
     <span class='ocr_line' id='line_1_1' title="bbox 290 407 398 462; baseline 0 0"><span class='ocrx_word' id='word_1_1' title='bbox 290 407 398 462; x_wconf 76' lang='lat'><strong>873</strong></span> 
     </span>
    </p>
   </div>
   <div class='ocr_carea' id='block_1_2' title="bbox 1148 396 2673 459">
    <p class='ocr_par' dir='ltr' id='par_1_2' title="bbox 1148 396 2673 459">
     <span class='ocr_line' id='line_1_2' title="bbox 1148 396 2673 459; baseline -0.004 -2"><span class='ocrx_word' id='word_1_2' title='bbox 1148 398 1613 459; x_wconf 73' lang='lat' dir='ltr'><strong>COMMENT.-1N</strong></span> <span class='ocrx_word' id='word_1_3' title='bbox 1653 396 2265 453; x_wconf 73' lang='lat' dir='ltr'><strong>ECCLESI.\STICUM.</strong></span> <span class='ocrx_word' id='word_1_4' title='bbox 2308 429 2376 437; x_wconf 91' lang='lat'><strong>-—</strong></span> <span class='ocrx_word' id='word_1_5' title='bbox 2412 397 2540 453; x_wconf 82' lang='lat' dir='ltr'><strong>LIB.</strong></span> <span class='ocrx_word' id='word_1_6' title='bbox 2583 398 2673 453; x_wconf 70' lang='lat' dir='ltr'><strong>IV.</strong></span> 
     </span>
    </p>
   </div>
   <div class='ocr_carea' id='block_1_3' title="bbox 3454 405 3558 461">
    <p class='ocr_par' dir='ltr' id='par_1_3' title="bbox 3454 405 3558 461">
     <span class='ocr_line' id='line_1_3' title="bbox 3454 405 3558 461; baseline 0.038 -4"><span class='ocrx_word' id='word_1_7' title='bbox 3454 405 3558 461; x_wconf 59' lang='lat'><strong>874</strong></span> 
     </span>
    </p>
   </div>
   <div class='ocr_carea' id='block_1_4' title="bbox 294 509 3561 588">
    <p class='ocr_par' dir='ltr' id='par_1_4' title="bbox 294 509 3561 588">
     <span class='ocr_line' id='line_1_4' title="bbox 294 509 3561 588; baseline 0.002 -19"><span class='ocrx_word' id='word_1_8' title='bbox 294 517 556 588; x_wconf 74' lang='lat' dir='ltr'><strong>scriptum</strong></span> <span class='ocrx_word' id='word_1_9' title='bbox 576 522 659 572; x_wconf 90' lang='lat' dir='ltr'><strong>est</strong></span> <span class='ocrx_word' id='word_1_10' title='bbox 684 532 699 570; x_wconf 94' lang='lat'><strong>:</strong></span> <span class='ocrx_word' id='word_1_11' title='bbox 739 531 759 566; x_wconf 79' lang='grc' dir='ltr'>ι</span> <span class='ocrx_word' id='word_1_12' title='bbox 797 512 1097 583; x_wconf 80' lang='lat' dir='ltr'><strong>Unicuique</strong></span> <span class='ocrx_word' id='word_1_13' title='bbox 1120 520 1301 566; x_wconf 90' lang='lat' dir='ltr'><strong>autem</strong></span> <span class='ocrx_word' id='word_1_14' title='bbox 1328 511 1488 566; x_wconf 90' lang='lat' dir='ltr'><strong>datur</strong></span> <span class='ocrx_word' id='word_1_15' title='bbox 1514 510 1880 565; x_wconf 83' lang='lat' dir='ltr'><strong>manifestatio</strong></span> <span class='ocrx_word' id='word_1_16' title='bbox 1906 515 1953 574; x_wconf 82' lang='grc' dir='ltr'><strong>Α</strong></span> <span class='ocrx_word' id='word_1_17' title='bbox 1977 509 2067 578; x_wconf 92' lang='lat' dir='ltr'><strong>jus</strong></span> <span class='ocrx_word' id='word_1_18' title='bbox 2087 512 2336 582; x_wconf 80' lang='lat' dir='ltr'><strong>exempla</strong></span> <span class='ocrx_word' id='word_1_19' title='bbox 2361 528 2460 584; x_wconf 86' lang='lat' dir='ltr'><strong>pro</strong></span> <span class='ocrx_word' id='word_1_20' title='bbox 2484 522 2644 584; x_wconf 89' lang='lat' dir='ltr'><strong>captu</strong></span> <span class='ocrx_word' id='word_1_21' title='bbox 2672 523 2860 571; x_wconf 87' lang='lat' dir='ltr'><strong>nostro</strong></span> <span class='ocrx_word' id='word_1_22' title='bbox 2890 517 3067 586; x_wconf 88' lang='lat' dir='ltr'><strong>sequi,</strong></span> <span class='ocrx_word' id='word_1_23' title='bbox 3095 516 3248 586; x_wconf 87' lang='lat' dir='ltr'><strong>cujus</strong></span> <span class='ocrx_word' id='word_1_24' title='bbox 3281 520 3561 576; x_wconf 65' lang='lat' dir='ltr'><strong>adhaerere</strong></span> 
     </span>
    </p>
   </div>
   <div class='ocr_carea' id='block_1_5' title="bbox 289 600 1873 677">
    <p class='ocr_par' dir='ltr' id='par_1_5' title="bbox 289 600 1873 677">
     <span class='ocr_line' id='line_1_5' title="bbox 289 600 1873 677; baseline -0.004 -17"><span class='ocrx_word' id='word_1_25' title='bbox 289 606 528 677; x_wconf 79' lang='lat' dir='ltr'><strong>Spiritus</strong></span> <span class='ocrx_word' id='word_1_26' title='bbox 578 606 647 660; x_wconf 88' lang='lat' dir='ltr'><strong>ad</strong></span> <span class='ocrx_word' id='word_1_27' title='bbox 680 603 1014 659; x_wconf 89' lang='lat' dir='ltr'><strong>utilitatem:</strong></span> <span class='ocrx_word' id='word_1_28' title='bbox 1048 601 1140 656; x_wconf 83' lang='lat' dir='ltr'><strong>alii</strong></span> <span class='ocrx_word' id='word_1_29' title='bbox 1192 601 1412 672; x_wconf 87' lang='lat' dir='ltr'><strong>quidem</strong></span> <span class='ocrx_word' id='word_1_30' title='bbox 1456 616 1555 671; x_wconf 88' lang='lat' dir='ltr'><strong>per</strong></span> <span class='ocrx_word' id='word_1_31' title='bbox 1610 600 1873 670; x_wconf 72' lang='lat' dir='ltr'><strong>Spiritum</strong></span> 
     </span>
    </p>
   </div>
   <div class='ocr_carea' id='block_1_6' title="bbox 288 690 1875 764">
    <p class='ocr_par' dir='ltr' id='par_1_6' title="bbox 288 690 1875 764">
     <span class='ocr_line' id='line_1_6' title="bbox 288 690 1875 764; baseline -0.004 -13"><span class='ocrx_word' id='word_1_32' title='bbox 288 697 451 751; x_wconf 90' lang='lat' dir='ltr'><strong>datur</strong></span> <span class='ocrx_word' id='word_1_33' title='bbox 493 710 675 751; x_wconf 86' lang='lat' dir='ltr'><strong>sermo</strong></span> <span class='ocrx_word' id='word_1_34' title='bbox 725 693 1023 764; x_wconf 83' lang='lat' dir='ltr'><strong>sapientiae,</strong></span> <span class='ocrx_word' id='word_1_35' title='bbox 1074 692 1165 747; x_wconf 86' lang='lat' dir='ltr'><strong>alii</strong></span> <span class='ocrx_word' id='word_1_36' title='bbox 1194 690 1375 747; x_wconf 83' lang='lat' dir='ltr'><strong>autem</strong></span> <span class='ocrx_word' id='word_1_37' title='bbox 1426 705 1606 746; x_wconf 86' lang='lat' dir='ltr'><strong>sermo</strong></span> <span class='ocrx_word' id='word_1_38' title='bbox 1633 690 1875 745; x_wconf 77' lang='lat' dir='ltr'><strong>scientia:</strong></span> 
     </span>
    </p>
   </div>
   <div class='ocr_carea' id='block_1_7' title="bbox 286 779 1874 852">
    <p class='ocr_par' dir='ltr' id='par_1_7' title="bbox 286 779 1874 852">
     <span class='ocr_line' id='line_1_7' title="bbox 286 779 1874 852; baseline -0.004 -12"><span class='ocrx_word' id='word_1_39' title='bbox 286 785 587 840; x_wconf 85' lang='lat' dir='ltr'><strong>secundum</strong></span> <span class='ocrx_word' id='word_1_40' title='bbox 632 784 883 839; x_wconf 90' lang='lat' dir='ltr'><strong>eumdem</strong></span> <span class='ocrx_word' id='word_1_41' title='bbox 915 781 1201 852; x_wconf 86' lang='lat' dir='ltr'><strong>Spiritum,</strong></span> <span class='ocrx_word' id='word_1_42' title='bbox 1247 781 1403 835; x_wconf 87' lang='lat' dir='ltr'><strong>alteri</strong></span> <span class='ocrx_word' id='word_1_43' title='bbox 1436 780 1569 835; x_wconf 80' lang='lat' dir='ltr'><strong>ﬁdes</strong></span> <span class='ocrx_word' id='word_1_44' title='bbox 1597 780 1649 834; x_wconf 92' lang='lat' dir='ltr'><strong>in</strong></span> <span class='ocrx_word' id='word_1_45' title='bbox 1682 779 1874 835; x_wconf 84' lang='lat' dir='ltr'><strong>eodem</strong></span> 
     </span>
    </p>
   </div>
   <div class='ocr_carea' id='block_1_8' title="bbox 288 869 1871 947">
    <p class='ocr_par' dir='ltr' id='par_1_8' title="bbox 288 869 1871 947">
     <span class='ocr_line' id='line_1_8' title="bbox 288 869 1871 947; baseline -0.004 -18"><span class='ocrx_word' id='word_1_46' title='bbox 288 874 519 947; x_wconf 86' lang='lat' dir='ltr'><strong>Spiritu,</strong></span> <span class='ocrx_word' id='word_1_47' title='bbox 574 874 666 929; x_wconf 89' lang='lat' dir='ltr'><strong>alii</strong></span> <span class='ocrx_word' id='word_1_48' title='bbox 702 874 874 946; x_wconf 88' lang='lat' dir='ltr'><strong>gratia</strong></span> <span class='ocrx_word' id='word_1_49' title='bbox 928 874 1224 928; x_wconf 83' lang='lat' dir='ltr'><strong>sanitatum</strong></span> <span class='ocrx_word' id='word_1_50' title='bbox 1273 872 1327 925; x_wconf 92' lang='lat' dir='ltr'><strong>in</strong></span> <span class='ocrx_word' id='word_1_51' title='bbox 1378 887 1486 927; x_wconf 89' lang='lat' dir='ltr'><strong>uno</strong></span> <span class='ocrx_word' id='word_1_52' title='bbox 1516 869 1742 941; x_wconf 87' lang='lat' dir='ltr'><strong>Spiritu,</strong></span> <span class='ocrx_word' id='word_1_53' title='bbox 1781 869 1871 923; x_wconf 88' lang='lat' dir='ltr'><strong>alii</strong></span> 
     </span>
    </p>
   </div>
   <div class='ocr_carea' id='block_1_9' title="bbox 285 966 1873 1041">
    <p class='ocr_par' dir='ltr' id='par_1_9' title="bbox 285 966 1873 1041">
     <span class='ocr_line' id='line_1_9' title="bbox 285 966 1873 1041; baseline -0.003 -16"><span class='ocrx_word' id='word_1_54' title='bbox 285 972 531 1041; x_wconf 82' lang='lat' dir='ltr'><strong>operatio</strong></span> <span class='ocrx_word' id='word_1_55' title='bbox 566 972 853 1035; x_wconf 89' lang='lat' dir='ltr'><strong>virtutum,</strong></span> <span class='ocrx_word' id='word_1_56' title='bbox 886 969 977 1023; x_wconf 88' lang='lat' dir='ltr'><strong>alii</strong></span> <span class='ocrx_word' id='word_1_57' title='bbox 1012 968 1314 1039; x_wconf 85' lang='lat' dir='ltr'><strong>prophetia,</strong></span> <span class='ocrx_word' id='word_1_58' title='bbox 1359 967 1449 1021; x_wconf 87' lang='lat' dir='ltr'><strong>alii</strong></span> <span class='ocrx_word' id='word_1_59' title='bbox 1477 967 1735 1021; x_wconf 86' lang='lat' dir='ltr'><strong>discretio</strong></span> <span class='ocrx_word' id='word_1_60' title='bbox 1764 966 1873 1036; x_wconf 88' lang='lat' dir='ltr'><strong>spi-</strong></span> 
     </span>
    </p>
   </div>
   <div class='ocr_carea' id='block_1_10' title="bbox 290 1059 1870 1136">
    <p class='ocr_par' dir='ltr' id='par_1_10' title="bbox 290 1059 1870 1136">
     <span class='ocr_line' id='line_1_10' title="bbox 290 1059 1870 1136; baseline -0.004 -17"><span class='ocrx_word' id='word_1_61' title='bbox 290 1063 628 1130; x_wconf 89' lang='lat' dir='ltr'><strong>rituum,alii</strong></span> <span class='ocrx_word' id='word_1_62' title='bbox 658 1077 854 1136; x_wconf 86' lang='lat' dir='ltr'><strong>genera</strong></span> <span class='ocrx_word' id='word_1_63' title='bbox 876 1061 1203 1131; x_wconf 84' lang='lat' dir='ltr'><strong>linguarum,</strong></span> <span class='ocrx_word' id='word_1_64' title='bbox 1240 1059 1331 1114; x_wconf 88' lang='lat' dir='ltr'><strong>alii</strong></span> <span class='ocrx_word' id='word_1_65' title='bbox 1361 1059 1735 1128; x_wconf 85' lang='lat' dir='ltr'><strong>interpretatio</strong></span> <span class='ocrx_word' id='word_1_66' title='bbox 1762 1074 1870 1113; x_wconf 89' lang='lat' dir='ltr'><strong>ser-</strong></span> 
     </span>
    </p>
   </div>
   <div class='ocr_carea' id='block_1_11' title="bbox 290 1152 1871 1224">
    <p class='ocr_par' dir='ltr' id='par_1_11' title="bbox 290 1152 1871 1224">
     <span class='ocr_line' id='line_1_11' title="bbox 290 1152 1871 1224; baseline -0.002 -14"><span class='ocrx_word' id='word_1_67' title='bbox 290 1172 538 1211; x_wconf 89' lang='lat' dir='ltr'><strong>monum.</strong></span> <span class='ocrx_word' id='word_1_68' title='bbox 570 1156 699 1211; x_wconf 73' lang='lat' dir='ltr'><strong>Hmc</strong></span> <span class='ocrx_word' id='word_1_69' title='bbox 752 1163 931 1210; x_wconf 90' lang='lat' dir='ltr'><strong>autem</strong></span> <span class='ocrx_word' id='word_1_70' title='bbox 981 1152 1163 1207; x_wconf 87' lang='lat' dir='ltr'><strong>omnia</strong></span> <span class='ocrx_word' id='word_1_71' title='bbox 1217 1160 1474 1224; x_wconf 89' lang='lat' dir='ltr'><strong>operatur</strong></span> <span class='ocrx_word' id='word_1_72' title='bbox 1526 1168 1666 1207; x_wconf 91' lang='lat' dir='ltr'><strong>unus</strong></span> <span class='ocrx_word' id='word_1_73' title='bbox 1711 1159 1871 1222; x_wconf 90' lang='lat' dir='ltr'><strong>atque</strong></span> 
     </span>
    </p>
   </div>
   <div class='ocr_carea' id='block_1_12' title="bbox 285 1240 1866 1317">
    <p class='ocr_par' dir='ltr' id='par_1_12' title="bbox 285 1240 1866 1317">
     <span class='ocr_line' id='line_1_12' title="bbox 285 1240 1866 1317; baseline -0.003 -17"><span class='ocrx_word' id='word_1_74' title='bbox 285 1244 433 1301; x_wconf 88' lang='lat' dir='ltr'><strong>idem</strong></span> <span class='ocrx_word' id='word_1_75' title='bbox 478 1244 731 1317; x_wconf 85' lang='lat' dir='ltr'><strong>Spiritus,</strong></span> <span class='ocrx_word' id='word_1_76' title='bbox 764 1244 1009 1299; x_wconf 90' lang='lat' dir='ltr'><strong>dividens</strong></span> <span class='ocrx_word' id='word_1_77' title='bbox 1055 1241 1277 1312; x_wconf 81' lang='lat' dir='ltr'><strong>singulis</strong></span> <span class='ocrx_word' id='word_1_78' title='bbox 1316 1251 1478 1311; x_wconf 90' lang='lat' dir='ltr'><strong>prout</strong></span> <span class='ocrx_word' id='word_1_79' title='bbox 1514 1243 1629 1296; x_wconf 89' lang='lat' dir='ltr'><strong>vult</strong></span> <span class='ocrx_word' id='word_1_80' title='bbox 1663 1240 1716 1313; x_wconf 89' lang='grc' dir='ltr'><strong>(Ι</strong></span> <span class='ocrx_word' id='word_1_81' title='bbox 1743 1241 1866 1296; x_wconf 88' lang='lat' dir='ltr'><strong>Cor.</strong></span> 
     </span>
    </p>
   </div>
   <div class='ocr_carea' id='block_1_13' title="bbox 295 1332 1869 1409">
    <p class='ocr_par' dir='ltr' id='par_1_13' title="bbox 295 1332 1869 1409">
     <span class='ocr_line' id='line_1_13' title="bbox 295 1332 1869 1409; baseline -0.002 -19"><span class='ocrx_word' id='word_1_82' title='bbox 295 1337 421 1406; x_wconf 81' lang='lat' dir='ltr'><strong>xu).</strong></span> <span class='ocrx_word' id='word_1_83' title='bbox 455 1355 473 1388; x_wconf 77' lang='grc' dir='ltr'><strong><em>ι</em></strong></span> <span class='ocrx_word' id='word_1_84' title='bbox 521 1337 586 1391; x_wconf 87' lang='lat' dir='ltr'><strong>Et</strong></span> <span class='ocrx_word' id='word_1_85' title='bbox 613 1336 738 1409; x_wconf 87' lang='lat' dir='ltr'><strong>quia</strong></span> <span class='ocrx_word' id='word_1_86' title='bbox 786 1336 840 1389; x_wconf 91' lang='lat' dir='ltr'><strong>in</strong></span> <span class='ocrx_word' id='word_1_87' title='bbox 873 1334 1156 1405; x_wconf 72' lang='lat' dir='ltr'><strong>praesentia</strong></span> <span class='ocrx_word' id='word_1_88' title='bbox 1184 1332 1277 1386; x_wconf 90' lang='lat' dir='ltr'><strong>Dei</strong></span> <span class='ocrx_word' id='word_1_89' title='bbox 1300 1333 1478 1387; x_wconf 89' lang='lat' dir='ltr'><strong>omnis</strong></span> <span class='ocrx_word' id='word_1_90' title='bbox 1506 1333 1687 1388; x_wconf 86' lang='lat' dir='ltr'><strong>vitalis</strong></span> <span class='ocrx_word' id='word_1_91' title='bbox 1737 1348 1869 1387; x_wconf 87' lang='lat' dir='ltr'><strong>con-</strong></span> 
     </span>
    </p>
   </div>
   <div class='ocr_carea' id='block_1_14' title="bbox 282 1423 1871 1493">
    <p class='ocr_par' dir='ltr' id='par_1_14' title="bbox 282 1423 1871 1493">
     <span class='ocr_line' id='line_1_14' title="bbox 282 1423 1871 1493; baseline -0.002 -13"><span class='ocrx_word' id='word_1_92' title='bbox 282 1435 394 1481; x_wconf 87' lang='lat' dir='ltr'><strong>stat</strong></span> <span class='ocrx_word' id='word_1_93' title='bbox 420 1427 622 1492; x_wconf 91' lang='lat' dir='ltr'><strong>anima,</strong></span> <span class='ocrx_word' id='word_1_94' title='bbox 652 1431 707 1479; x_wconf 91' lang='lat' dir='ltr'><strong>et</strong></span> <span class='ocrx_word' id='word_1_95' title='bbox 733 1424 801 1479; x_wconf 88' lang='lat' dir='ltr'><strong>ad</strong></span> <span class='ocrx_word' id='word_1_96' title='bbox 826 1423 1075 1493; x_wconf 90' lang='lat' dir='ltr'><strong>opillcem</strong></span> <span class='ocrx_word' id='word_1_97' title='bbox 1101 1423 1522 1492; x_wconf 85' lang='lat' dir='ltr'><strong>omnipotentem</strong></span> <span class='ocrx_word' id='word_1_98' title='bbox 1556 1423 1719 1477; x_wconf 89' lang='lat' dir='ltr'><strong>totius</strong></span> <span class='ocrx_word' id='word_1_99' title='bbox 1741 1437 1871 1493; x_wconf 91' lang='lat' dir='ltr'><strong>ope-</strong></span> 
     </span>
    </p>
   </div>
   <div class='ocr_carea' id='block_1_15' title="bbox 283 1514 1867 1585">
    <p class='ocr_par' dir='ltr' id='par_1_15' title="bbox 283 1514 1867 1585">
     <span class='ocr_line' id='line_1_15' title="bbox 283 1514 1867 1585; baseline 0.001 -16"><span class='ocrx_word' id='word_1_100' title='bbox 283 1516 362 1570; x_wconf 89' lang='lat' dir='ltr'><strong>ris</strong></span> <span class='ocrx_word' id='word_1_101' title='bbox 389 1515 610 1585; x_wconf 81' lang='lat' dir='ltr'><strong>respicit</strong></span> <span class='ocrx_word' id='word_1_102' title='bbox 656 1515 913 1579; x_wconf 89' lang='lat' dir='ltr'><strong>conditio,</strong></span> <span class='ocrx_word' id='word_1_103' title='bbox 945 1528 1176 1583; x_wconf 88' lang='lat' dir='ltr'><strong>sequens</strong></span> <span class='ocrx_word' id='word_1_104' title='bbox 1211 1514 1476 1568; x_wconf 87' lang='lat' dir='ltr'><strong>sententia</strong></span> <span class='ocrx_word' id='word_1_105' title='bbox 1500 1515 1715 1583; x_wconf 87' lang='lat' dir='ltr'><strong>probat,</strong></span> <span class='ocrx_word' id='word_1_106' title='bbox 1745 1530 1867 1570; x_wconf 89' lang='lat' dir='ltr'><strong>cum</strong></span> 
     </span>
    </p>
   </div>
   <div class='ocr_carea' id='block_1_16' title="bbox 280 1605 666 1677">
    <p class='ocr_par' dir='ltr' id='par_1_16' title="bbox 280 1605 666 1677">
     <span class='ocr_line' id='line_1_16' title="bbox 280 1605 666 1677; baseline 0.003 -18"><span class='ocrx_word' id='word_1_107' title='bbox 280 1605 624 1677; x_wconf 88' lang='lat' dir='ltr'><strong>subjungitur</strong></span> <span class='ocrx_word' id='word_1_108' title='bbox 652 1623 666 1660; x_wconf 88' lang='lat'><strong>:</strong></span> 
     </span>
    </p>
   </div>
   <div class='ocr_carea' id='block_1_17' title="bbox 362 1695 1864 1751">
    <p class='ocr_par' dir='ltr' id='par_1_17' title="bbox 362 1695 1864 1751">
     <span class='ocr_line' id='line_1_17' title="bbox 362 1695 1864 1751; baseline 0.004 -6"><span class='ocrx_word' id='word_1_109' title='bbox 362 1714 381 1745; x_wconf 78' lang='grc' dir='ltr'>ι</span> <span class='ocrx_word' id='word_1_110' title='bbox 415 1696 611 1749; x_wconf 75' lang='lat' dir='ltr'><strong>Anima</strong></span> <span class='ocrx_word' id='word_1_111' title='bbox 649 1695 827 1751; x_wconf 88' lang='lat' dir='ltr'><strong>omnis</strong></span> <span class='ocrx_word' id='word_1_112' title='bbox 878 1696 1056 1750; x_wconf 82' lang='lat' dir='ltr'><strong>vitalis</strong></span> <span class='ocrx_word' id='word_1_113' title='bbox 1114 1695 1451 1751; x_wconf 82' lang='lat' dir='ltr'><strong>denuntiavit</strong></span> <span class='ocrx_word' id='word_1_114' title='bbox 1496 1706 1622 1751; x_wconf 89' lang='lat' dir='ltr'><strong>ante</strong></span> <span class='ocrx_word' id='word_1_115' title='bbox 1673 1696 1864 1751; x_wconf 87' lang='lat' dir='ltr'><strong>faciem</strong></span> 
     </span>
    </p>
   </div>
   <div class='ocr_carea' id='block_1_18' title="bbox 286 1787 1866 1871">
    <p class='ocr_par' dir='ltr' id='par_1_18' title="bbox 286 1787 1866 1871">
     <span class='ocr_line' id='line_1_18' title="bbox 286 1787 1866 1871; baseline 0.004 -35"><span class='ocrx_word' id='word_1_116' title='bbox 286 1804 308 1836; x_wconf 86' lang='grc'><em>‹</em></span> <span class='ocrx_word' id='word_1_117' title='bbox 352 1787 539 1871; x_wconf 81' lang='lat' dir='ltr'><strong>ipsius,</strong></span> <span class='ocrx_word' id='word_1_118' title='bbox 571 1796 626 1843; x_wconf 91' lang='lat' dir='ltr'><strong>et</strong></span> <span class='ocrx_word' id='word_1_119' title='bbox 650 1787 765 1857; x_wconf 89' lang='lat' dir='ltr'><strong>ipsa</strong></span> <span class='ocrx_word' id='word_1_120' title='bbox 791 1788 988 1842; x_wconf 88' lang='lat' dir='ltr'><strong>iterum</strong></span> <span class='ocrx_word' id='word_1_121' title='bbox 1039 1789 1276 1843; x_wconf 83' lang='lat' dir='ltr'><strong>reversio</strong></span> <span class='ocrx_word' id='word_1_122' title='bbox 1308 1788 1540 1844; x_wconf 90' lang='lat' dir='ltr'><strong>illorum.</strong></span> <span class='ocrx_word' id='word_1_123' title='bbox 1574 1808 1594 1841; x_wconf 75' lang='grc' dir='ltr'><strong><em>ι</em></strong></span> <span class='ocrx_word' id='word_1_124' title='bbox 1620 1788 1760 1844; x_wconf 81' lang='lat' dir='ltr'><strong>Ante</strong></span> <span class='ocrx_word' id='word_1_125' title='bbox 1784 1788 1866 1843; x_wconf 86' lang='lat' dir='ltr'><strong>fa-</strong></span> 
     </span>
    </p>
   </div>
   <div class='ocr_carea' id='block_1_19' title="bbox 279 1868 1940 1945">
    <p class='ocr_par' dir='ltr' id='par_1_19' title="bbox 279 1868 1940 1945">
     <span class='ocr_line' id='line_1_19' title="bbox 279 1868 1940 1945; baseline 0.001 -12"><span class='ocrx_word' id='word_1_126' title='bbox 279 1868 420 1933; x_wconf 83' lang='lat' dir='ltr'><strong>ciem</strong></span> <span class='ocrx_word' id='word_1_127' title='bbox 445 1879 588 1933; x_wconf 88' lang='lat' dir='ltr'><strong>cnim</strong></span> <span class='ocrx_word' id='word_1_128' title='bbox 615 1880 828 1934; x_wconf 88' lang='lat' dir='ltr'><strong>Domini</strong></span> <span class='ocrx_word' id='word_1_129' title='bbox 859 1880 1145 1935; x_wconf 86' lang='lat' dir='ltr'><strong>denuntiat</strong></span> <span class='ocrx_word' id='word_1_130' title='bbox 1172 1880 1352 1935; x_wconf 92' lang='lat' dir='ltr'><strong>anima</strong></span> <span class='ocrx_word' id='word_1_131' title='bbox 1400 1880 1598 1945; x_wconf 86' lang='lat' dir='ltr'><strong>vitalis,</strong></span> <span class='ocrx_word' id='word_1_132' title='bbox 1628 1895 1752 1935; x_wconf 91' lang='lat' dir='ltr'><strong>cum</strong></span> <span class='ocrx_word' id='word_1_133' title='bbox 1777 1894 1865 1935; x_wconf 86' lang='lat' dir='ltr'><strong>co—</strong></span> <span class='ocrx_word' id='word_1_134' title='bbox 1892 1868 1940 1927; x_wconf 86' lang='grc' dir='ltr'><strong>Β</strong></span> 
     </span>
    </p>
   </div>
   <div class='ocr_carea' id='block_1_20' title="bbox 278 1970 1855 2040">
    <p class='ocr_par' dir='ltr' id='par_1_20' title="bbox 278 1970 1855 2040">
     <span class='ocr_line' id='line_1_20' title="bbox 278 1970 1855 2040; baseline 0 -17"><span class='ocrx_word' id='word_1_135' title='bbox 278 1970 568 2039; x_wconf 84' lang='lat' dir='ltr'><strong>gitationes</strong></span> <span class='ocrx_word' id='word_1_136' title='bbox 595 1970 763 2035; x_wconf 84' lang='lat' dir='ltr'><strong>videt,</strong></span> <span class='ocrx_word' id='word_1_137' title='bbox 814 1984 878 2025; x_wconf 92' lang='lat' dir='ltr'><strong>ac</strong></span> <span class='ocrx_word' id='word_1_138' title='bbox 926 1970 1094 2024; x_wconf 88' lang='lat' dir='ltr'><strong>totius</strong></span> <span class='ocrx_word' id='word_1_139' title='bbox 1123 1970 1248 2025; x_wconf 64' lang='lat' dir='ltr'><strong>vitae</strong></span> <span class='ocrx_word' id='word_1_140' title='bbox 1275 1970 1374 2039; x_wconf 88' lang='lat' dir='ltr'><strong>ipsi</strong></span> <span class='ocrx_word' id='word_1_141' title='bbox 1403 1978 1552 2040; x_wconf 89' lang='lat' dir='ltr'><strong>patet</strong></span> <span class='ocrx_word' id='word_1_142' title='bbox 1579 1985 1855 2025; x_wconf 90' lang='lat' dir='ltr'><strong>arcanum.</strong></span> 
     </span>
    </p>
   </div>
   <div class='ocr_carea' id='block_1_21' title="bbox 281 2060 1859 2132">
    <p class='ocr_par' dir='ltr' id='par_1_21' title="bbox 281 2060 1859 2132">
     <span class='ocr_line' id='line_1_21' title="bbox 281 2060 1859 2132; baseline 0.001 -17"><span class='ocrx_word' id='word_1_143' title='bbox 281 2060 437 2116; x_wconf 88' lang='lat' dir='ltr'><strong>Unde</strong></span> <span class='ocrx_word' id='word_1_144' title='bbox 492 2061 760 2132; x_wconf 81' lang='lat' dir='ltr'><strong>Propheta</strong></span> <span class='ocrx_word' id='word_1_145' title='bbox 815 2062 886 2116; x_wconf 89' lang='lat' dir='ltr'><strong>ad</strong></span> <span class='ocrx_word' id='word_1_146' title='bbox 934 2062 1221 2118; x_wconf 90' lang='lat' dir='ltr'><strong>Dominum</strong></span> <span class='ocrx_word' id='word_1_147' title='bbox 1249 2062 1431 2118; x_wconf 88' lang='lat' dir='ltr'><strong>dicit:</strong></span> <span class='ocrx_word' id='word_1_148' title='bbox 1477 2080 1497 2113; x_wconf 81' lang='grc'>‹</span> <span class='ocrx_word' id='word_1_149' title='bbox 1546 2062 1859 2118; x_wconf 78' lang='lat' dir='ltr'><strong>Intellexisti</strong></span> 
     </span>
    </p>
   </div>
   <div class='ocr_carea' id='block_1_22' title="bbox 278 2150 1857 2224">
    <p class='ocr_par' dir='ltr' id='par_1_22' title="bbox 278 2150 1857 2224">
     <span class='ocr_line' id='line_1_22' title="bbox 278 2150 1857 2224; baseline 0.002 -20"><span class='ocrx_word' id='word_1_150' title='bbox 278 2151 640 2219; x_wconf 71' lang='lat' dir='ltr'><strong>cogitationes</strong></span> <span class='ocrx_word' id='word_1_151' title='bbox 669 2166 820 2207; x_wconf 89' lang='lat' dir='ltr'><strong>meas</strong></span> <span class='ocrx_word' id='word_1_152' title='bbox 846 2151 1060 2221; x_wconf 89' lang='lat' dir='ltr'><strong>alonge</strong></span> <span class='ocrx_word' id='word_1_153' title='bbox 1107 2150 1282 2223; x_wconf 79' lang='lat' dir='ltr'><strong>(Psal.</strong></span> <span class='ocrx_word' id='word_1_154' title='bbox 1337 2151 1601 2224; x_wconf 78' lang='lat' dir='ltr'><strong>cxxxvm)</strong></span> <span class='ocrx_word' id='word_1_155' title='bbox 1626 2168 1642 2218; x_wconf 91' lang='lat'><strong>;</strong></span> <span class='ocrx_word' id='word_1_156' title='bbox 1670 2161 1725 2207; x_wconf 92' lang='lat' dir='ltr'><strong>et</strong></span> <span class='ocrx_word' id='word_1_157' title='bbox 1753 2152 1857 2207; x_wconf 89' lang='lat' dir='ltr'><strong>ite-</strong></span> 
     </span>
    </p>
   </div>
   <div class='ocr_carea' id='block_1_23' title="bbox 280 2239 1854 2315">
    <p class='ocr_par' dir='ltr' id='par_1_23' title="bbox 280 2239 1854 2315">
     <span class='ocr_line' id='line_1_23' title="bbox 280 2239 1854 2315; baseline 0 -18"><span class='ocrx_word' id='word_1_158' title='bbox 280 2259 399 2298; x_wconf 84' lang='lat' dir='ltr'><strong>rum</strong></span> <span class='ocrx_word' id='word_1_159' title='bbox 425 2258 442 2297; x_wconf 87' lang='lat'><strong>:</strong></span> <span class='ocrx_word' id='word_1_160' title='bbox 478 2264 498 2295; x_wconf 75' lang='grc' dir='ltr'><strong><em>ι</em></strong></span> <span class='ocrx_word' id='word_1_161' title='bbox 525 2245 652 2315; x_wconf 87' lang='lat' dir='ltr'><strong>quia</strong></span> <span class='ocrx_word' id='word_1_162' title='bbox 672 2244 929 2315; x_wconf 73' lang='lat' dir='ltr'><strong>cogitatio</strong></span> <span class='ocrx_word' id='word_1_163' title='bbox 947 2244 1182 2299; x_wconf 84' lang='lat' dir='ltr'><strong>hominis</strong></span> <span class='ocrx_word' id='word_1_164' title='bbox 1201 2242 1548 2300; x_wconf 76' lang='lat' dir='ltr'><strong>confitebitur</strong></span> <span class='ocrx_word' id='word_1_165' title='bbox 1567 2243 1663 2299; x_wconf 82' lang='lat' dir='ltr'><strong>tibi</strong></span> <span class='ocrx_word' id='word_1_166' title='bbox 1682 2239 1854 2314; x_wconf 81' lang='lat' dir='ltr'><strong>(Psal.</strong></span> 
     </span>
    </p>
   </div>
   <div class='ocr_carea' id='block_1_24' title="bbox 279 2333 1857 2405">
    <p class='ocr_par' dir='ltr' id='par_1_24' title="bbox 279 2333 1857 2405">
     <span class='ocr_line' id='line_1_24' title="bbox 279 2333 1857 2405; baseline 0.001 -17"><span class='ocrx_word' id='word_1_167' title='bbox 279 2334 487 2405; x_wconf 74' lang='lat' dir='ltr'><strong>uxr);</strong></span> <span class='ocrx_word' id='word_1_168' title='bbox 526 2355 544 2388; x_wconf 74' lang='grc' dir='ltr'><strong><em>ι</em></strong></span> <span class='ocrx_word' id='word_1_169' title='bbox 582 2342 638 2390; x_wconf 83' lang='lat' dir='ltr'><strong>et</strong></span> <span class='ocrx_word' id='word_1_170' title='bbox 672 2349 931 2391; x_wconf 84' lang='lat' dir='ltr'><strong>rursum:</strong></span> <span class='ocrx_word' id='word_1_171' title='bbox 964 2354 982 2386; x_wconf 76' lang='grc' dir='ltr'>ι</span> <span class='ocrx_word' id='word_1_172' title='bbox 1024 2334 1285 2389; x_wconf 87' lang='lat' dir='ltr'><strong>Dominus</strong></span> <span class='ocrx_word' id='word_1_173' title='bbox 1325 2335 1473 2389; x_wconf 89' lang='lat' dir='ltr'><strong>novit</strong></span> <span class='ocrx_word' id='word_1_174' title='bbox 1501 2333 1857 2405; x_wconf 74' lang='lat' dir='ltr'><strong>cogitationes</strong></span> 
     </span>
    </p>
   </div>
   <div class='ocr_carea' id='block_1_25' title="bbox 276 2424 1856 2499">
    <p class='ocr_par' dir='ltr' id='par_1_25' title="bbox 276 2424 1856 2499">
     <span class='ocr_line' id='line_1_25' title="bbox 276 2424 1856 2499; baseline -0.001 -19"><span class='ocrx_word' id='word_1_175' title='bbox 276 2426 556 2481; x_wconf 87' lang='lat' dir='ltr'><strong>hominum</strong></span> <span class='ocrx_word' id='word_1_176' title='bbox 593 2424 766 2498; x_wconf 77' lang='lat' dir='ltr'><strong>(Paul.</strong></span> <span class='ocrx_word' id='word_1_177' title='bbox 807 2425 1005 2499; x_wconf 75' lang='lat' dir='ltr'><strong>XCIII);</strong></span> <span class='ocrx_word' id='word_1_178' title='bbox 1040 2445 1060 2478; x_wconf 78' lang='grc' dir='ltr'><strong><em>ι</em></strong></span> <span class='ocrx_word' id='word_1_179' title='bbox 1094 2434 1150 2482; x_wconf 90' lang='lat' dir='ltr'><strong>et</strong></span> <span class='ocrx_word' id='word_1_180' title='bbox 1178 2426 1295 2495; x_wconf 91' lang='lat' dir='ltr'><strong>ipsa</strong></span> <span class='ocrx_word' id='word_1_181' title='bbox 1346 2425 1545 2481; x_wconf 85' lang='lat' dir='ltr'><strong>iterum</strong></span> <span class='ocrx_word' id='word_1_182' title='bbox 1588 2424 1696 2480; x_wconf 83' lang='lat' dir='ltr'><strong>erit</strong></span> <span class='ocrx_word' id='word_1_183' title='bbox 1738 2425 1856 2496; x_wconf 86' lang='lat' dir='ltr'><strong>ejus</strong></span> 
     </span>
    </p>
   </div>
   <div class='ocr_carea' id='block_1_26' title="bbox 275 2514 1855 2586">
    <p class='ocr_par' dir='ltr' id='par_1_26' title="bbox 275 2514 1855 2586">
     <span class='ocr_line' id='line_1_26' title="bbox 275 2514 1855 2586; baseline 0.002 -17"><span class='ocrx_word' id='word_1_184' title='bbox 275 2516 542 2580; x_wconf 79' lang='lat' dir='ltr'><strong>reversio,</strong></span> <span class='ocrx_word' id='word_1_185' title='bbox 590 2515 842 2586; x_wconf 88' lang='lat' dir='ltr'><strong>quoniam</strong></span> <span class='ocrx_word' id='word_1_186' title='bbox 891 2514 1156 2584; x_wconf 84' lang='lat' dir='ltr'><strong>sapientia</strong></span> <span class='ocrx_word' id='word_1_187' title='bbox 1181 2514 1278 2570; x_wconf 85' lang='lat' dir='ltr'><strong>Dei</strong></span> <span class='ocrx_word' id='word_1_188' title='bbox 1303 2514 1543 2571; x_wconf 88' lang='lat' dir='ltr'><strong>continet</strong></span> <span class='ocrx_word' id='word_1_189' title='bbox 1568 2514 1772 2581; x_wconf 85' lang='lat' dir='ltr'><strong>omnia,</strong></span> <span class='ocrx_word' id='word_1_190' title='bbox 1800 2525 1855 2572; x_wconf 91' lang='lat' dir='ltr'><strong>et</strong></span> 
     </span>
    </p>
   </div>
   <div class='ocr_carea' id='block_1_27' title="bbox 272 2602 1855 2676">
    <p class='ocr_par' dir='ltr' id='par_1_27' title="bbox 272 2602 1855 2676">
     <span class='ocr_line' id='line_1_27' title="bbox 272 2602 1855 2676; baseline 0.001 -16"><span class='ocrx_word' id='word_1_191' title='bbox 272 2607 342 2660; x_wconf 86' lang='lat' dir='ltr'><strong>ad</strong></span> <span class='ocrx_word' id='word_1_192' title='bbox 365 2606 545 2676; x_wconf 85' lang='lat' dir='ltr'><strong>ipsum</strong></span> <span class='ocrx_word' id='word_1_193' title='bbox 590 2606 824 2662; x_wconf 81' lang='lat' dir='ltr'><strong>refertur</strong></span> <span class='ocrx_word' id='word_1_194' title='bbox 856 2605 1034 2662; x_wconf 90' lang='lat' dir='ltr'><strong>omnis</strong></span> <span class='ocrx_word' id='word_1_195' title='bbox 1085 2613 1356 2670; x_wconf 84' lang='lat' dir='ltr'><strong>creatura,</strong></span> <span class='ocrx_word' id='word_1_196' title='bbox 1411 2602 1565 2674; x_wconf 84' lang='lat' dir='ltr'><strong>cujus</strong></span> <span class='ocrx_word' id='word_1_197' title='bbox 1610 2606 1855 2675; x_wconf 87' lang='lat' dir='ltr'><strong>potentia</strong></span> 
     </span>
    </p>
   </div>
   <div class='ocr_carea' id='block_1_28' title="bbox 271 2694 1855 2763">
    <p class='ocr_par' dir='ltr' id='par_1_28' title="bbox 271 2694 1855 2763">
     <span class='ocr_line' id='line_1_28' title="bbox 271 2694 1855 2763; baseline 0.001 -11"><span class='ocrx_word' id='word_1_198' title='bbox 271 2698 573 2753; x_wconf 87' lang='lat' dir='ltr'><strong>secundum</strong></span> <span class='ocrx_word' id='word_1_199' title='bbox 611 2696 832 2752; x_wconf 86' lang='lat' dir='ltr'><strong>modum</strong></span> <span class='ocrx_word' id='word_1_200' title='bbox 874 2703 1083 2752; x_wconf 61' lang='lat' dir='ltr'><strong>natura;</strong></span> <span class='ocrx_word' id='word_1_201' title='bbox 1134 2710 1249 2751; x_wconf 64' lang='lat' dir='ltr'><strong>suae</strong></span> <span class='ocrx_word' id='word_1_202' title='bbox 1287 2702 1465 2750; x_wconf 82' lang='lat' dir='ltr'><strong>exstat</strong></span> <span class='ocrx_word' id='word_1_203' title='bbox 1511 2694 1770 2763; x_wconf 86' lang='lat' dir='ltr'><strong>condita;</strong></span> <span class='ocrx_word' id='word_1_204' title='bbox 1799 2704 1855 2753; x_wconf 88' lang='lat' dir='ltr'><strong>et</strong></span> 
     </span>
    </p>
   </div>
   <div class='ocr_carea' id='block_1_29' title="bbox 271 2786 1847 2861">
    <p class='ocr_par' dir='ltr' id='par_1_29' title="bbox 271 2786 1847 2861">
     <span class='ocr_line' id='line_1_29' title="bbox 271 2786 1847 2861; baseline 0 -17"><span class='ocrx_word' id='word_1_205' title='bbox 271 2790 401 2861; x_wconf 88' lang='lat' dir='ltr'><strong>quia</strong></span> <span class='ocrx_word' id='word_1_206' title='bbox 424 2790 567 2845; x_wconf 87' lang='lat' dir='ltr'><strong>inter</strong></span> <span class='ocrx_word' id='word_1_207' title='bbox 590 2798 817 2845; x_wconf 53' lang='lat' dir='ltr'><strong>exteras</strong></span> <span class='ocrx_word' id='word_1_208' title='bbox 836 2796 1116 2845; x_wconf 89' lang='lat' dir='ltr'><strong>creaturas</strong></span> <span class='ocrx_word' id='word_1_209' title='bbox 1134 2786 1352 2845; x_wconf 76' lang='lat' dir='ltr'><strong>excellit</strong></span> <span class='ocrx_word' id='word_1_210' title='bbox 1372 2794 1564 2845; x_wconf 81' lang='lat' dir='ltr'><strong>natura</strong></span> <span class='ocrx_word' id='word_1_211' title='bbox 1588 2787 1847 2855; x_wconf 84' lang='lat' dir='ltr'><strong>humana,</strong></span> 
     </span>
    </p>
   </div>
   <div class='ocr_carea' id='block_1_30' title="bbox 269 2876 1847 2949">
    <p class='ocr_par' dir='ltr' id='par_1_30' title="bbox 269 2876 1847 2949">
     <span class='ocr_line' id='line_1_30' title="bbox 269 2876 1847 2949; baseline 0.001 -17"><span class='ocrx_word' id='word_1_212' title='bbox 269 2893 371 2949; x_wconf 87' lang='lat' dir='ltr'><strong>pro</strong></span> <span class='ocrx_word' id='word_1_213' title='bbox 398 2892 465 2941; x_wconf 88' lang='lat' dir='ltr'><strong>eo</strong></span> <span class='ocrx_word' id='word_1_214' title='bbox 494 2879 635 2948; x_wconf 87' lang='lat' dir='ltr'><strong>quod</strong></span> <span class='ocrx_word' id='word_1_215' title='bbox 663 2878 732 2933; x_wconf 89' lang='lat' dir='ltr'><strong>ad</strong></span> <span class='ocrx_word' id='word_1_216' title='bbox 769 2878 1061 2947; x_wconf 76' lang='lat' dir='ltr'><strong>imaginem</strong></span> <span class='ocrx_word' id='word_1_217' title='bbox 1091 2877 1190 2934; x_wconf 89' lang='lat' dir='ltr'><strong>Dei</strong></span> <span class='ocrx_word' id='word_1_218' title='bbox 1208 2876 1426 2933; x_wconf 82' lang='lat' dir='ltr'><strong>condita</strong></span> <span class='ocrx_word' id='word_1_219' title='bbox 1453 2876 1682 2947; x_wconf 81' lang='lat' dir='ltr'><strong>rationis</strong></span> <span class='ocrx_word' id='word_1_220' title='bbox 1707 2892 1847 2948; x_wconf 81' lang='lat' dir='ltr'><strong>prae-</strong></span> 
     </span>
    </p>
   </div>
   <div class='ocr_carea' id='block_1_31' title="bbox 270 2967 1147 3040">
    <p class='ocr_par' dir='ltr' id='par_1_31' title="bbox 270 2967 1147 3040">
     <span class='ocr_line' id='line_1_31' title="bbox 270 2967 1147 3040; baseline 0 -16"><span class='ocrx_word' id='word_1_221' title='bbox 270 2967 417 3025; x_wconf 83' lang='lat' dir='ltr'><strong>valet</strong></span> <span class='ocrx_word' id='word_1_222' title='bbox 443 2970 702 3040; x_wconf 89' lang='lat' dir='ltr'><strong>potentia,</strong></span> <span class='ocrx_word' id='word_1_223' title='bbox 732 2984 855 3025; x_wconf 82' lang='lat' dir='ltr'><strong>mox</strong></span> <span class='ocrx_word' id='word_1_224' title='bbox 883 2969 1147 3039; x_wconf 85' lang='lat' dir='ltr'><strong>sequitur.</strong></span> 
     </span>
    </p>
   </div>
   <div class='ocr_carea' id='block_1_32' title="bbox 269 3079 1845 3239">
    <p class='ocr_par' dir='ltr' id='par_1_32' title="bbox 269 3079 1845 3239">
     <span class='ocr_line' id='line_1_32' title="bbox 269 3079 1845 3239; baseline 0.004 -16"><span class='ocrx_word' id='word_1_225' title='bbox 269 3167 427 3236; x_wconf 70' lang='lat' dir='ltr'><strong>Quod</strong></span> <span class='ocrx_word' id='word_1_226' title='bbox 455 3169 596 3225; x_wconf 76' lang='lat' dir='ltr'><strong>Deus</strong></span> <span class='ocrx_word' id='word_1_227' title='bbox 642 3171 706 3227; x_wconf 85' lang='lat' dir='ltr'><strong>de</strong></span> <span class='ocrx_word' id='word_1_228' title='bbox 750 3151 890 3225; x_wconf 75' lang='lat' dir='ltr'><strong>terra</strong></span> <span class='ocrx_word' id='word_1_229' title='bbox 1153 3082 1436 3239; x_wconf 48' lang='lat' dir='ltr'><strong>laminem,</strong></span> <span class='ocrx_word' id='word_1_230' title='bbox 1464 3183 1513 3229; x_wconf 75' lang='lat' dir='ltr'><strong>at</strong></span> <span class='ocrx_word' id='word_1_231' title='bbox 1559 3175 1845 3230; x_wconf 76' lang='lat' dir='ltr'><strong>secundum</strong></span> 
     </span>
    </p>
   </div>
   <div class='ocr_carea' id='block_1_33' title="bbox 1978 601 3561 682">
    <p class='ocr_par' dir='ltr' id='par_1_33' title="bbox 1978 601 3561 682">
     <span class='ocr_line' id='line_1_33' title="bbox 1978 601 3561 682; baseline 0.008 -27"><span class='ocrx_word' id='word_1_232' title='bbox 1978 603 2154 667; x_wconf 91' lang='lat' dir='ltr'><strong>donis,</strong></span> <span class='ocrx_word' id='word_1_233' title='bbox 2201 601 2355 671; x_wconf 89' lang='lat' dir='ltr'><strong>cujus</strong></span> <span class='ocrx_word' id='word_1_234' title='bbox 2403 604 2777 676; x_wconf 87' lang='lat' dir='ltr'><strong>obtemperare</strong></span> <span class='ocrx_word' id='word_1_235' title='bbox 2827 608 3112 671; x_wconf 86' lang='lat' dir='ltr'><strong>mandatis,</strong></span> <span class='ocrx_word' id='word_1_236' title='bbox 3158 619 3243 664; x_wconf 87' lang='lat' dir='ltr'><strong>est</strong></span> <span class='ocrx_word' id='word_1_237' title='bbox 3268 610 3561 682; x_wconf 84' lang='lat' dir='ltr'><strong>imaginem</strong></span> 
     </span>
    </p>
   </div>
   <div class='ocr_carea' id='block_1_34' title="bbox 1978 694 3561 774">
    <p class='ocr_par' dir='ltr' id='par_1_34' title="bbox 1978 694 3561 774">
     <span class='ocr_line' id='line_1_34' title="bbox 1978 694 3561 774; baseline 0.007 -28"><span class='ocrx_word' id='word_1_238' title='bbox 1978 694 2096 757; x_wconf 82' lang='lat' dir='ltr'><strong>Det,</strong></span> <span class='ocrx_word' id='word_1_239' title='bbox 2144 708 2307 762; x_wconf 85' lang='lat' dir='ltr'><strong>quam</strong></span> <span class='ocrx_word' id='word_1_240' title='bbox 2360 694 2412 748; x_wconf 93' lang='lat' dir='ltr'><strong>in</strong></span> <span class='ocrx_word' id='word_1_241' title='bbox 2452 704 2633 750; x_wconf 86' lang='lat' dir='ltr'><strong>vetere</strong></span> <span class='ocrx_word' id='word_1_242' title='bbox 2683 696 2897 752; x_wconf 88' lang='lat' dir='ltr'><strong>homine</strong></span> <span class='ocrx_word' id='word_1_243' title='bbox 2946 698 3301 767; x_wconf 78' lang='lat' dir='ltr'><strong>perdidimus,</strong></span> <span class='ocrx_word' id='word_1_244' title='bbox 3339 716 3561 774; x_wconf 78' lang='lat' dir='ltr'><strong>recupe-</strong></span> 
     </span>
    </p>
   </div>
   <div class='ocr_carea' id='block_1_35' title="bbox 1978 784 3563 860">
    <p class='ocr_par' dir='ltr' id='par_1_35' title="bbox 1978 784 3563 860">
     <span class='ocr_line' id='line_1_35' title="bbox 1978 784 3563 860; baseline 0.011 -25"><span class='ocrx_word' id='word_1_245' title='bbox 1978 796 2101 836; x_wconf 88' lang='lat' dir='ltr'><strong>rare</strong></span> <span class='ocrx_word' id='word_1_246' title='bbox 2128 784 2180 837; x_wconf 88' lang='lat' dir='ltr'><strong>in</strong></span> <span class='ocrx_word' id='word_1_247' title='bbox 2218 799 2375 838; x_wconf 86' lang='lat' dir='ltr'><strong>novo.</strong></span> <span class='ocrx_word' id='word_1_248' title='bbox 2410 784 2524 839; x_wconf 89' lang='lat' dir='ltr'><strong>Non</strong></span> <span class='ocrx_word' id='word_1_249' title='bbox 2558 800 2689 857; x_wconf 89' lang='lat' dir='ltr'><strong>ergo</strong></span> <span class='ocrx_word' id='word_1_250' title='bbox 2717 789 3010 843; x_wconf 88' lang='lat' dir='ltr'><strong>secundum</strong></span> <span class='ocrx_word' id='word_1_251' title='bbox 3053 805 3269 860; x_wconf 88' lang='lat' dir='ltr'><strong>corpus,</strong></span> <span class='ocrx_word' id='word_1_252' title='bbox 3324 794 3421 848; x_wconf 82' lang='lat' dir='ltr'><strong>sed</strong></span> <span class='ocrx_word' id='word_1_253' title='bbox 3475 811 3563 851; x_wconf 86' lang='lat' dir='ltr'><strong>se-</strong></span> 
     </span>
    </p>
   </div>
   <div class='ocr_carea' id='block_1_36' title="bbox 1975 872 3562 947">
    <p class='ocr_par' dir='ltr' id='par_1_36' title="bbox 1975 872 3562 947">
     <span class='ocr_line' id='line_1_36' title="bbox 1975 872 3562 947; baseline 0.008 -22"><span class='ocrx_word' id='word_1_254' title='bbox 1975 872 2211 926; x_wconf 89' lang='lat' dir='ltr'><strong>cundum</strong></span> <span class='ocrx_word' id='word_1_255' title='bbox 2239 873 2571 928; x_wconf 90' lang='lat' dir='ltr'><strong>intellectum</strong></span> <span class='ocrx_word' id='word_1_256' title='bbox 2601 876 2818 940; x_wconf 82' lang='lat' dir='ltr'><strong>mentis,</strong></span> <span class='ocrx_word' id='word_1_257' title='bbox 2848 876 2917 931; x_wconf 89' lang='lat' dir='ltr'><strong>ad</strong></span> <span class='ocrx_word' id='word_1_258' title='bbox 2960 879 3250 947; x_wconf 76' lang='lat' dir='ltr'><strong>imaginem</strong></span> <span class='ocrx_word' id='word_1_259' title='bbox 3286 882 3379 936; x_wconf 90' lang='lat' dir='ltr'><strong>Dei</strong></span> <span class='ocrx_word' id='word_1_260' title='bbox 3404 898 3562 940; x_wconf 86' lang='lat' dir='ltr'><strong>crea-</strong></span> 
     </span>
    </p>
   </div>
   <div class='ocr_carea' id='block_1_37' title="bbox 1974 963 3557 1039">
    <p class='ocr_par' dir='ltr' id='par_1_37' title="bbox 1974 963 3557 1039">
     <span class='ocr_line' id='line_1_37' title="bbox 1974 963 3557 1039; baseline 0.008 -24"><span class='ocrx_word' id='word_1_261' title='bbox 1974 969 2063 1016; x_wconf 89' lang='lat' dir='ltr'><strong>tus</strong></span> <span class='ocrx_word' id='word_1_262' title='bbox 2085 971 2171 1017; x_wconf 84' lang='lat' dir='ltr'><strong>est</strong></span> <span class='ocrx_word' id='word_1_263' title='bbox 2218 963 2410 1028; x_wconf 90' lang='lat' dir='ltr'><strong>homo;</strong></span> <span class='ocrx_word' id='word_1_264' title='bbox 2444 965 2693 1033; x_wconf 88' lang='lat' dir='ltr'><strong>quodque</strong></span> <span class='ocrx_word' id='word_1_265' title='bbox 2730 974 2788 1020; x_wconf 91' lang='lat' dir='ltr'><strong>et</strong></span> <span class='ocrx_word' id='word_1_266' title='bbox 2836 967 2889 1021; x_wconf 91' lang='lat' dir='ltr'><strong>in</strong></span> <span class='ocrx_word' id='word_1_267' title='bbox 2939 968 3056 1037; x_wconf 91' lang='lat' dir='ltr'><strong>ipso</strong></span> <span class='ocrx_word' id='word_1_268' title='bbox 3081 985 3310 1039; x_wconf 87' lang='lat' dir='ltr'><strong>corpore</strong></span> <span class='ocrx_word' id='word_1_269' title='bbox 3356 972 3557 1028; x_wconf 86' lang='lat' dir='ltr'><strong>habeat</strong></span> 
     </span>
    </p>
   </div>
   <div class='ocr_carea' id='block_1_38' title="bbox 1974 1056 3548 1136">
    <p class='ocr_par' dir='ltr' id='par_1_38' title="bbox 1974 1056 3548 1136">
     <span class='ocr_line' id='line_1_38' title="bbox 1974 1056 3548 1136; baseline 0.011 -30"><span class='ocrx_word' id='word_1_270' title='bbox 1974 1056 2265 1124; x_wconf 86' lang='lat' dir='ltr'><strong>quamdam</strong></span> <span class='ocrx_word' id='word_1_271' title='bbox 2294 1059 2703 1127; x_wconf 86' lang='lat' dir='ltr'><strong>proprietatem,</strong></span> <span class='ocrx_word' id='word_1_272' title='bbox 2733 1076 2852 1130; x_wconf 72' lang='lat' dir='ltr'><strong>quae</strong></span> <span class='ocrx_word' id='word_1_273' title='bbox 2881 1061 2983 1117; x_wconf 88' lang='lat' dir='ltr'><strong>hoc</strong></span> <span class='ocrx_word' id='word_1_274' title='bbox 3012 1064 3228 1128; x_wconf 90' lang='lat' dir='ltr'><strong>indicet,</strong></span> <span class='ocrx_word' id='word_1_275' title='bbox 3262 1067 3406 1136; x_wconf 88' lang='lat' dir='ltr'><strong>quod</strong></span> <span class='ocrx_word' id='word_1_276' title='bbox 3432 1083 3548 1123; x_wconf 92' lang='lat' dir='ltr'><strong>ere-</strong></span> 
     </span>
    </p>
   </div>
   <div class='ocr_carea' id='block_1_39' title="bbox 1972 1144 3558 1220">
    <p class='ocr_par' dir='ltr' id='par_1_39' title="bbox 1972 1144 3558 1220">
     <span class='ocr_line' id='line_1_39' title="bbox 1972 1144 3558 1220; baseline 0.009 -22"><span class='ocrx_word' id='word_1_277' title='bbox 1972 1152 2063 1198; x_wconf 89' lang='lat' dir='ltr'><strong>cta</strong></span> <span class='ocrx_word' id='word_1_278' title='bbox 2095 1152 2302 1199; x_wconf 90' lang='lat' dir='ltr'><strong>statura</strong></span> <span class='ocrx_word' id='word_1_279' title='bbox 2330 1144 2505 1203; x_wconf 87' lang='lat' dir='ltr'><strong>factus</strong></span> <span class='ocrx_word' id='word_1_280' title='bbox 2528 1158 2626 1211; x_wconf 90' lang='lat' dir='ltr'><strong>est,</strong></span> <span class='ocrx_word' id='word_1_281' title='bbox 2668 1157 2728 1202; x_wconf 93' lang='lat' dir='ltr'><strong>ut</strong></span> <span class='ocrx_word' id='word_1_282' title='bbox 2753 1150 2854 1204; x_wconf 92' lang='lat' dir='ltr'><strong>hoc</strong></span> <span class='ocrx_word' id='word_1_283' title='bbox 2882 1150 3001 1220; x_wconf 89' lang='lat' dir='ltr'><strong>ipso</strong></span> <span class='ocrx_word' id='word_1_284' title='bbox 3026 1153 3424 1219; x_wconf 86' lang='lat' dir='ltr'><strong>admoneretur,</strong></span> <span class='ocrx_word' id='word_1_285' title='bbox 3449 1174 3558 1212; x_wconf 91' lang='lat' dir='ltr'><strong>nou</strong></span> 
     </span>
    </p>
   </div>
   <div class='ocr_carea' id='block_1_40' title="bbox 1974 1234 3555 1317">
    <p class='ocr_par' dir='ltr' id='par_1_40' title="bbox 1974 1234 3555 1317">
     <span class='ocr_line' id='line_1_40' title="bbox 1974 1234 3555 1317; baseline 0.009 -28"><span class='ocrx_word' id='word_1_286' title='bbox 1974 1234 2077 1289; x_wconf 89' lang='lat' dir='ltr'><strong>sibi</strong></span> <span class='ocrx_word' id='word_1_287' title='bbox 2109 1244 2323 1290; x_wconf 89' lang='lat' dir='ltr'><strong>terrena</strong></span> <span class='ocrx_word' id='word_1_288' title='bbox 2354 1250 2474 1292; x_wconf 86' lang='lat' dir='ltr'><strong>esse</strong></span> <span class='ocrx_word' id='word_1_289' title='bbox 2502 1241 2779 1305; x_wconf 83' lang='lat' dir='ltr'><strong>sectanda,</strong></span> <span class='ocrx_word' id='word_1_290' title='bbox 2833 1242 2978 1297; x_wconf 83' lang='lat' dir='ltr'><strong>velut</strong></span> <span class='ocrx_word' id='word_1_291' title='bbox 3003 1245 3292 1313; x_wconf 85' lang='lat' dir='ltr'><strong>pecoribus</strong></span> <span class='ocrx_word' id='word_1_292' title='bbox 3323 1263 3555 1317; x_wconf 85' lang='lat' dir='ltr'><strong>quorum</strong></span> 
     </span>
    </p>
   </div>
   <div class='ocr_carea' id='block_1_41' title="bbox 1971 1327 3555 1398">
    <p class='ocr_par' dir='ltr' id='par_1_41' title="bbox 1971 1327 3555 1398">
     <span class='ocr_line' id='line_1_41' title="bbox 1971 1327 3555 1398; baseline 0.009 -17"><span class='ocrx_word' id='word_1_293' title='bbox 1971 1327 2217 1398; x_wconf 84' lang='lat' dir='ltr'><strong>voluptas</strong></span> <span class='ocrx_word' id='word_1_294' title='bbox 2246 1330 2426 1384; x_wconf 88' lang='lat' dir='ltr'><strong>omnis</strong></span> <span class='ocrx_word' id='word_1_295' title='bbox 2446 1344 2514 1385; x_wconf 82' lang='lat' dir='ltr'><strong>ex</strong></span> <span class='ocrx_word' id='word_1_296' title='bbox 2562 1340 2705 1387; x_wconf 89' lang='lat' dir='ltr'><strong>terra</strong></span> <span class='ocrx_word' id='word_1_297' title='bbox 2734 1341 2836 1388; x_wconf 90' lang='lat' dir='ltr'><strong>est.</strong></span> <span class='ocrx_word' id='word_1_298' title='bbox 2864 1334 3018 1391; x_wconf 84' lang='lat' dir='ltr'><strong>Unde</strong></span> <span class='ocrx_word' id='word_1_299' title='bbox 3046 1336 3102 1390; x_wconf 84' lang='lat' dir='ltr'><strong>in</strong></span> <span class='ocrx_word' id='word_1_300' title='bbox 3126 1337 3306 1393; x_wconf 82' lang='lat' dir='ltr'><strong>alvum</strong></span> <span class='ocrx_word' id='word_1_301' title='bbox 3356 1349 3555 1396; x_wconf 86' lang='lat' dir='ltr'><strong>cuncta</strong></span> 
     </span>
    </p>
   </div>
   <div class='ocr_carea' id='block_1_42' title="bbox 1968 1422 3555 1497">
    <p class='ocr_par' dir='ltr' id='par_1_42' title="bbox 1968 1422 3555 1497">
     <span class='ocr_line' id='line_1_42' title="bbox 1968 1422 3555 1497; baseline 0.008 -25"><span class='ocrx_word' id='word_1_302' title='bbox 1968 1431 2141 1486; x_wconf 86' lang='lat' dir='ltr'><strong>prona</strong></span> <span class='ocrx_word' id='word_1_303' title='bbox 2192 1426 2356 1487; x_wconf 85' lang='lat' dir='ltr'><strong>atque</strong></span> <span class='ocrx_word' id='word_1_304' title='bbox 2407 1429 2679 1489; x_wconf 86' lang='lat' dir='ltr'><strong>prostrata</strong></span> <span class='ocrx_word' id='word_1_305' title='bbox 2739 1432 2885 1478; x_wconf 89' lang='lat' dir='ltr'><strong>sunt.</strong></span> <span class='ocrx_word' id='word_1_306' title='bbox 2944 1422 3106 1480; x_wconf 78' lang='lat' dir='ltr'><strong>Juxta</strong></span> <span class='ocrx_word' id='word_1_307' title='bbox 3155 1428 3298 1496; x_wconf 88' lang='lat' dir='ltr'><strong>quod</strong></span> <span class='ocrx_word' id='word_1_308' title='bbox 3334 1428 3555 1497; x_wconf 84' lang='lat' dir='ltr'><strong>quidam</strong></span> 
     </span>
    </p>
   </div>
   <div class='ocr_carea' id='block_1_43' title="bbox 1968 1509 3550 1588">
    <p class='ocr_par' dir='ltr' id='par_1_43' title="bbox 1968 1509 3550 1588">
     <span class='ocr_line' id='line_1_43' title="bbox 1968 1509 3550 1588; baseline 0.007 -27"><span class='ocrx_word' id='word_1_309' title='bbox 1968 1516 2246 1574; x_wconf 86' lang='lat' dir='ltr'><strong>poetarum</strong></span> <span class='ocrx_word' id='word_1_310' title='bbox 2282 1509 2641 1577; x_wconf 83' lang='lat' dir='ltr'><strong>pulcherrime</strong></span> <span class='ocrx_word' id='word_1_311' title='bbox 2669 1526 2731 1566; x_wconf 86' lang='lat' dir='ltr'><strong>ac</strong></span> <span class='ocrx_word' id='word_1_312' title='bbox 2756 1514 3040 1570; x_wconf 85' lang='lat' dir='ltr'><strong>verissime</strong></span> <span class='ocrx_word' id='word_1_313' title='bbox 3066 1515 3201 1571; x_wconf 80' lang='lat' dir='ltr'><strong>dixit</strong></span> <span class='ocrx_word' id='word_1_314' title='bbox 3242 1514 3420 1588; x_wconf 75' lang='lat' dir='ltr'><strong>(Ovid.</strong></span> <span class='ocrx_word' id='word_1_315' title='bbox 3454 1517 3550 1574; x_wconf 82' lang='lat' dir='ltr'><strong>lib.</strong></span> 
     </span>
    </p>
   </div>
   <div class='ocr_carea' id='block_1_44' title="bbox 1969 1598 2448 1671">
    <p class='ocr_par' dir='ltr' id='par_1_44' title="bbox 1969 1598 2448 1671">
     <span class='ocr_line' id='line_1_44' title="bbox 1969 1598 2448 1671; baseline 0 -19"><span class='ocrx_word' id='word_1_316' title='bbox 1969 1616 1986 1652; x_wconf 85' lang='grc' dir='ltr'>ι</span> <span class='ocrx_word' id='word_1_317' title='bbox 2024 1598 2402 1671; x_wconf 74' lang='lat' dir='ltr'><strong>Metamorph.)</strong></span> <span class='ocrx_word' id='word_1_318' title='bbox 2434 1620 2448 1652; x_wconf 89' lang='lat'><strong>:</strong></span> 
     </span>
    </p>
   </div>
   <div class='ocr_carea' id='block_1_45' title="bbox 2093 1734 3424 1808">
    <p class='ocr_par' dir='ltr' id='par_1_45' title="bbox 2093 1734 3424 1808">
     <span class='ocr_line' id='line_1_45' title="bbox 2093 1734 3424 1808; baseline 0.008 -26"><span class='ocrx_word' id='word_1_319' title='bbox 2093 1734 2359 1808; x_wconf 62' lang='lat' dir='ltr'><strong>Pronaque</strong></span> <span class='ocrx_word' id='word_1_320' title='bbox 2378 1746 2740 1808; x_wconf 54' lang='lat' dir='ltr'><strong>cumspecteut</strong></span> <span class='ocrx_word' id='word_1_321' title='bbox 2765 1742 2985 1808; x_wconf 76' lang='lat' dir='ltr'><strong>animalia</strong></span> <span class='ocrx_word' id='word_1_322' title='bbox 3009 1750 3185 1808; x_wconf 72' lang='lat' dir='ltr'><strong>caetera</strong></span> <span class='ocrx_word' id='word_1_323' title='bbox 3212 1751 3391 1793; x_wconf 88' lang='lat' dir='ltr'><strong>terram</strong></span> <span class='ocrx_word' id='word_1_324' title='bbox 3408 1784 3424 1808; x_wconf 86' lang='lat'><strong>,</strong></span> 
     </span>
    </p>
   </div>
   <div class='ocr_carea' id='block_1_46' title="bbox 2092 1795 3273 1865">
    <p class='ocr_par' dir='ltr' id='par_1_46' title="bbox 2092 1795 3273 1865">
     <span class='ocr_line' id='line_1_46' title="bbox 2092 1795 3273 1865; baseline 0.01 -22"><span class='ocrx_word' id='word_1_325' title='bbox 2092 1795 2161 1865; x_wconf 72' lang='lat' dir='ltr'><strong>Ds</strong></span> <span class='ocrx_word' id='word_1_326' title='bbox 2184 1795 2361 1865; x_wconf 68' lang='lat' dir='ltr'><strong>honuni</strong></span> <span class='ocrx_word' id='word_1_327' title='bbox 2383 1795 2593 1848; x_wconf 82' lang='lat' dir='ltr'><strong>sublime</strong></span> <span class='ocrx_word' id='word_1_328' title='bbox 2610 1800 2767 1865; x_wconf 73' lang='lat' dir='ltr'><strong>dedit,</strong></span> <span class='ocrx_word' id='word_1_329' title='bbox 2790 1800 3065 1865; x_wconf 68' lang='lat' dir='ltr'><strong>caelumque</strong></span> <span class='ocrx_word' id='word_1_330' title='bbox 3101 1803 3273 1855; x_wconf 84' lang='lat' dir='ltr'><strong>videre</strong></span> 
     </span>
    </p>
   </div>
   <div class='ocr_carea' id='block_1_47' title="bbox 2091 1857 3227 1918">
    <p class='ocr_par' dir='ltr' id='par_1_47' title="bbox 2091 1857 3227 1918">
     <span class='ocr_line' id='line_1_47' title="bbox 2091 1857 3227 1918; baseline 0.005 -12"><span class='ocrx_word' id='word_1_331' title='bbox 2091 1857 2260 1918; x_wconf 79' lang='lat' dir='ltr'><strong>Jussit,</strong></span> <span class='ocrx_word' id='word_1_332' title='bbox 2286 1867 2339 1909; x_wconf 85' lang='lat' dir='ltr'><strong>et</strong></span> <span class='ocrx_word' id='word_1_333' title='bbox 2356 1866 2553 1911; x_wconf 83' lang='lat' dir='ltr'><strong>erectos</strong></span> <span class='ocrx_word' id='word_1_334' title='bbox 2573 1860 2633 1910; x_wconf 82' lang='lat' dir='ltr'><strong>ad</strong></span> <span class='ocrx_word' id='word_1_335' title='bbox 2656 1857 2819 1912; x_wconf 83' lang='lat' dir='ltr'><strong>sidera</strong></span> <span class='ocrx_word' id='word_1_336' title='bbox 2844 1857 3025 1915; x_wconf 76' lang='lat' dir='ltr'><strong>toller&#39;e</strong></span> <span class='ocrx_word' id='word_1_337' title='bbox 3049 1865 3227 1916; x_wconf 87' lang='lat' dir='ltr'><strong>vultus.</strong></span> 
     </span>
    </p>
   </div>
   <div class='ocr_carea' id='block_1_48' title="bbox 1962 1958 3551 2035">
    <p class='ocr_par' dir='ltr' id='par_1_48' title="bbox 1962 1958 3551 2035">
     <span class='ocr_line' id='line_1_48' title="bbox 1962 1958 3551 2035; baseline 0.009 -21"><span class='ocrx_word' id='word_1_338' title='bbox 1962 1958 2225 2032; x_wconf 89' lang='lat' dir='ltr'><strong>Congruit</strong></span> <span class='ocrx_word' id='word_1_339' title='bbox 2246 1976 2376 2033; x_wconf 90' lang='lat' dir='ltr'><strong>ergo</strong></span> <span class='ocrx_word' id='word_1_340' title='bbox 2410 1972 2468 2018; x_wconf 92' lang='lat' dir='ltr'><strong>et</strong></span> <span class='ocrx_word' id='word_1_341' title='bbox 2509 1979 2706 2035; x_wconf 85' lang='lat' dir='ltr'><strong>corpus</strong></span> <span class='ocrx_word' id='word_1_342' title='bbox 2755 1965 2874 2035; x_wconf 90' lang='lat' dir='ltr'><strong>ejus</strong></span> <span class='ocrx_word' id='word_1_343' title='bbox 2903 1968 3095 2024; x_wconf 86' lang='lat' dir='ltr'><strong>animae</strong></span> <span class='ocrx_word' id='word_1_344' title='bbox 3142 1970 3392 2027; x_wconf 88' lang='lat' dir='ltr'><strong>rationali</strong></span> <span class='ocrx_word' id='word_1_345' title='bbox 3441 1988 3551 2029; x_wconf 88' lang='lat' dir='ltr'><strong>non</strong></span> 
     </span>
    </p>
   </div>
   <div class='ocr_carea' id='block_1_49' title="bbox 1963 2052 3554 2130">
    <p class='ocr_par' dir='ltr' id='par_1_49' title="bbox 1963 2052 3554 2130">
     <span class='ocr_line' id='line_1_49' title="bbox 1963 2052 3554 2130; baseline 0.01 -25"><span class='ocrx_word' id='word_1_346' title='bbox 1963 2052 2257 2108; x_wconf 90' lang='lat' dir='ltr'><strong>secundum</strong></span> <span class='ocrx_word' id='word_1_347' title='bbox 2301 2053 2627 2110; x_wconf 88' lang='lat' dir='ltr'><strong>lineamenta</strong></span> <span class='ocrx_word' id='word_1_348' title='bbox 2671 2056 2981 2130; x_wconf 78' lang='lat' dir='ltr'><strong>figurasque</strong></span> <span class='ocrx_word' id='word_1_349' title='bbox 3028 2063 3417 2127; x_wconf 80' lang='lat' dir='ltr'><strong>membrorum,</strong></span> <span class='ocrx_word' id='word_1_350' title='bbox 3456 2064 3554 2121; x_wconf 87' lang='lat' dir='ltr'><strong>sed</strong></span> 
     </span>
    </p>
   </div>
   <div class='ocr_carea' id='block_1_50' title="bbox 1959 2144 3547 2222">
    <p class='ocr_par' dir='ltr' id='par_1_50' title="bbox 1959 2144 3547 2222">
     <span class='ocr_line' id='line_1_50' title="bbox 1959 2144 3547 2222; baseline 0.009 -24"><span class='ocrx_word' id='word_1_351' title='bbox 1959 2144 2141 2212; x_wconf 86' lang='lat' dir='ltr'><strong>potius</strong></span> <span class='ocrx_word' id='word_1_352' title='bbox 2173 2146 2466 2201; x_wconf 91' lang='lat' dir='ltr'><strong>secundum</strong></span> <span class='ocrx_word' id='word_1_353' title='bbox 2518 2147 2572 2202; x_wconf 87' lang='lat' dir='ltr'><strong>id</strong></span> <span class='ocrx_word' id='word_1_354' title='bbox 2599 2149 2743 2218; x_wconf 81' lang='lat' dir='ltr'><strong>quod</strong></span> <span class='ocrx_word' id='word_1_355' title='bbox 2799 2151 2855 2205; x_wconf 91' lang='lat' dir='ltr'><strong>in</strong></span> <span class='ocrx_word' id='word_1_356' title='bbox 2902 2150 3100 2207; x_wconf 66' lang='lat' dir='ltr'><strong>caelum</strong></span> <span class='ocrx_word' id='word_1_357' title='bbox 3146 2162 3391 2210; x_wconf 87' lang='lat' dir='ltr'><strong>erectum</strong></span> <span class='ocrx_word' id='word_1_358' title='bbox 3442 2165 3547 2222; x_wconf 84' lang='lat' dir='ltr'><strong>est,</strong></span> 
     </span>
    </p>
   </div>
   <div class='ocr_carea' id='block_1_51' title="bbox 1960 2233 3549 2315">
    <p class='ocr_par' dir='ltr' id='par_1_51' title="bbox 1960 2233 3549 2315">
     <span class='ocr_line' id='line_1_51' title="bbox 1960 2233 3549 2315; baseline 0.009 -28"><span class='ocrx_word' id='word_1_359' title='bbox 1960 2233 2029 2288; x_wconf 89' lang='lat' dir='ltr'><strong>ad</strong></span> <span class='ocrx_word' id='word_1_360' title='bbox 2080 2236 2334 2290; x_wconf 90' lang='lat' dir='ltr'><strong>intuenda</strong></span> <span class='ocrx_word' id='word_1_361' title='bbox 2363 2250 2483 2305; x_wconf 65' lang='lat' dir='ltr'><strong>qua:</strong></span> <span class='ocrx_word' id='word_1_362' title='bbox 2512 2237 2566 2291; x_wconf 90' lang='lat' dir='ltr'><strong>in</strong></span> <span class='ocrx_word' id='word_1_363' title='bbox 2596 2253 2824 2308; x_wconf 84' lang='lat' dir='ltr'><strong>corpore</strong></span> <span class='ocrx_word' id='word_1_364' title='bbox 2866 2240 3038 2310; x_wconf 84' lang='lat' dir='ltr'><strong>ipsius</strong></span> <span class='ocrx_word' id='word_1_365' title='bbox 3084 2244 3268 2298; x_wconf 89' lang='lat' dir='ltr'><strong>mundi</strong></span> <span class='ocrx_word' id='word_1_366' title='bbox 3310 2259 3549 2315; x_wconf 81' lang='lat' dir='ltr'><strong>superna</strong></span> 
     </span>
    </p>
   </div>
   <div class='ocr_carea' id='block_1_52' title="bbox 1959 2325 3550 2407">
    <p class='ocr_par' dir='ltr' id='par_1_52' title="bbox 1959 2325 3550 2407">
     <span class='ocr_line' id='line_1_52' title="bbox 1959 2325 3550 2407; baseline 0.009 -29"><span class='ocrx_word' id='word_1_367' title='bbox 1959 2334 2106 2390; x_wconf 90' lang='lat' dir='ltr'><strong>sunt,</strong></span> <span class='ocrx_word' id='word_1_368' title='bbox 2140 2325 2279 2381; x_wconf 88' lang='lat' dir='ltr'><strong>sicut</strong></span> <span class='ocrx_word' id='word_1_369' title='bbox 2306 2326 2486 2382; x_wconf 91' lang='lat' dir='ltr'><strong>anima</strong></span> <span class='ocrx_word' id='word_1_370' title='bbox 2509 2328 2848 2386; x_wconf 85' lang='lat' dir='ltr'><strong>rationabilis</strong></span> <span class='ocrx_word' id='word_1_371' title='bbox 2880 2331 2936 2385; x_wconf 90' lang='lat' dir='ltr'><strong>in</strong></span> <span class='ocrx_word' id='word_1_372' title='bbox 2963 2345 3027 2385; x_wconf 89' lang='lat' dir='ltr'><strong>ea</strong></span> <span class='ocrx_word' id='word_1_373' title='bbox 3059 2332 3219 2388; x_wconf 88' lang='lat' dir='ltr'><strong>debet</strong></span> <span class='ocrx_word' id='word_1_374' title='bbox 3241 2335 3398 2406; x_wconf 90' lang='lat' dir='ltr'><strong>erigi,</strong></span> <span class='ocrx_word' id='word_1_375' title='bbox 3426 2351 3550 2407; x_wconf 60' lang='lat' dir='ltr'><strong>cluat</strong></span> 
     </span>
    </p>
   </div>
   <div class='ocr_carea' id='block_1_53' title="bbox 1958 2416 3549 2497">
    <p class='ocr_par' dir='ltr' id='par_1_53' title="bbox 1958 2416 3549 2497">
     <span class='ocr_line' id='line_1_53' title="bbox 1958 2416 3549 2497; baseline 0.009 -26"><span class='ocrx_word' id='word_1_376' title='bbox 1958 2416 2014 2472; x_wconf 90' lang='lat' dir='ltr'><strong>in</strong></span> <span class='ocrx_word' id='word_1_377' title='bbox 2051 2416 2383 2488; x_wconf 88' lang='lat' dir='ltr'><strong>spiritalibus</strong></span> <span class='ocrx_word' id='word_1_378' title='bbox 2425 2419 2745 2476; x_wconf 88' lang='lat' dir='ltr'><strong>naturaliter</strong></span> <span class='ocrx_word' id='word_1_379' title='bbox 2795 2438 2941 2478; x_wconf 84' lang='lat' dir='ltr'><strong>nunc</strong></span> <span class='ocrx_word' id='word_1_380' title='bbox 2986 2424 3277 2492; x_wconf 80' lang='lat' dir='ltr'><strong>excellunt,</strong></span> <span class='ocrx_word' id='word_1_381' title='bbox 3327 2435 3386 2483; x_wconf 91' lang='lat' dir='ltr'><strong>ut</strong></span> <span class='ocrx_word' id='word_1_382' title='bbox 3425 2443 3549 2497; x_wconf 66' lang='lat' dir='ltr'><strong>quas</strong></span> 
     </span>
    </p>
   </div>
   <div class='ocr_carea' id='block_1_54' title="bbox 1952 2509 3544 2587">
    <p class='ocr_par' dir='ltr' id='par_1_54' title="bbox 1952 2509 3544 2587">
     <span class='ocr_line' id='line_1_54' title="bbox 1952 2509 3544 2587; baseline 0.008 -25"><span class='ocrx_word' id='word_1_383' title='bbox 1952 2520 2169 2562; x_wconf 87' lang='lat' dir='ltr'><strong>sursum</strong></span> <span class='ocrx_word' id='word_1_384' title='bbox 2219 2517 2346 2564; x_wconf 89' lang='lat' dir='ltr'><strong>sunt</strong></span> <span class='ocrx_word' id='word_1_385' title='bbox 2388 2509 2566 2579; x_wconf 85' lang='lat' dir='ltr'><strong>sapiat</strong></span> <span class='ocrx_word' id='word_1_386' title='bbox 2608 2527 2717 2567; x_wconf 87' lang='lat' dir='ltr'><strong>non</strong></span> <span class='ocrx_word' id='word_1_387' title='bbox 2766 2528 2886 2584; x_wconf 71' lang='lat' dir='ltr'><strong>quae</strong></span> <span class='ocrx_word' id='word_1_388' title='bbox 2927 2530 3091 2585; x_wconf 88' lang='lat' dir='ltr'><strong>super</strong></span> <span class='ocrx_word' id='word_1_389' title='bbox 3139 2525 3361 2573; x_wconf 83' lang='lat' dir='ltr'><strong>terram.</strong></span> <span class='ocrx_word' id='word_1_390' title='bbox 3411 2519 3544 2587; x_wconf 65' lang='lat' dir='ltr'><strong>Qua</strong></span> 
     </span>
    </p>
   </div>
   <div class='ocr_carea' id='block_1_55' title="bbox 1954 2595 3545 2671">
    <p class='ocr_par' dir='ltr' id='par_1_55' title="bbox 1954 2595 3545 2671">
     <span class='ocr_line' id='line_1_55' title="bbox 1954 2595 3545 2671; baseline 0.01 -21"><span class='ocrx_word' id='word_1_391' title='bbox 1954 2595 2134 2668; x_wconf 81' lang='lat' dir='ltr'><strong>imago</strong></span> <span class='ocrx_word' id='word_1_392' title='bbox 2164 2598 2474 2671; x_wconf 88' lang='lat' dir='ltr'><strong>diligentius</strong></span> <span class='ocrx_word' id='word_1_393' title='bbox 2499 2617 2568 2657; x_wconf 80' lang='lat' dir='ltr'><strong>ex</strong></span> <span class='ocrx_word' id='word_1_394' title='bbox 2596 2603 2873 2661; x_wconf 90' lang='lat' dir='ltr'><strong>interioris</strong></span> <span class='ocrx_word' id='word_1_395' title='bbox 2899 2606 3133 2663; x_wconf 89' lang='lat' dir='ltr'><strong>hominis</strong></span> <span class='ocrx_word' id='word_1_396' title='bbox 3159 2608 3439 2665; x_wconf 86' lang='lat' dir='ltr'><strong>nobilitate</strong></span> <span class='ocrx_word' id='word_1_397' title='bbox 3457 2619 3545 2668; x_wconf 89' lang='lat' dir='ltr'><strong>est</strong></span> 
     </span>
    </p>
   </div>
   <div class='ocr_carea' id='block_1_56' title="bbox 1954 2687 3543 2763">
    <p class='ocr_par' dir='ltr' id='par_1_56' title="bbox 1954 2687 3543 2763">
     <span class='ocr_line' id='line_1_56' title="bbox 1954 2687 3543 2763; baseline 0.011 -22"><span class='ocrx_word' id='word_1_398' title='bbox 1954 2687 2368 2745; x_wconf 83' lang='lat' dir='ltr'><strong>consideranda.</strong></span> <span class='ocrx_word' id='word_1_399' title='bbox 2406 2690 2590 2747; x_wconf 83' lang='lat' dir='ltr'><strong>Primo</strong></span> <span class='ocrx_word' id='word_1_400' title='bbox 2634 2694 2875 2763; x_wconf 91' lang='lat' dir='ltr'><strong>quidem,</strong></span> <span class='ocrx_word' id='word_1_401' title='bbox 2922 2705 2982 2751; x_wconf 91' lang='lat' dir='ltr'><strong>ut</strong></span> <span class='ocrx_word' id='word_1_402' title='bbox 3009 2697 3169 2753; x_wconf 90' lang='lat' dir='ltr'><strong>sicuti</strong></span> <span class='ocrx_word' id='word_1_403' title='bbox 3213 2700 3357 2757; x_wconf 88' lang='lat' dir='ltr'><strong>Deus</strong></span> <span class='ocrx_word' id='word_1_404' title='bbox 3401 2715 3543 2759; x_wconf 88' lang='lat' dir='ltr'><strong>unus</strong></span> 
     </span>
    </p>
   </div>
   <div class='ocr_carea' id='block_1_57' title="bbox 1952 2782 3542 2857">
    <p class='ocr_par' dir='ltr' id='par_1_57' title="bbox 1952 2782 3542 2857">
     <span class='ocr_line' id='line_1_57' title="bbox 1952 2782 3542 2857; baseline 0.009 -22"><span class='ocrx_word' id='word_1_405' title='bbox 1952 2792 2168 2849; x_wconf 86' lang='lat' dir='ltr'><strong>semper</strong></span> <span class='ocrx_word' id='word_1_406' title='bbox 2199 2788 2255 2835; x_wconf 92' lang='lat' dir='ltr'><strong>et</strong></span> <span class='ocrx_word' id='word_1_407' title='bbox 2301 2782 2501 2853; x_wconf 86' lang='lat' dir='ltr'><strong>ubique</strong></span> <span class='ocrx_word' id='word_1_408' title='bbox 2546 2791 2691 2840; x_wconf 89' lang='lat' dir='ltr'><strong>totus</strong></span> <span class='ocrx_word' id='word_1_409' title='bbox 2719 2796 2822 2852; x_wconf 89' lang='lat' dir='ltr'><strong>est,</strong></span> <span class='ocrx_word' id='word_1_410' title='bbox 2860 2788 3040 2842; x_wconf 90' lang='lat' dir='ltr'><strong>omnia</strong></span> <span class='ocrx_word' id='word_1_411' title='bbox 3087 2788 3388 2857; x_wconf 77' lang='lat' dir='ltr'><strong>vivificans,</strong></span> <span class='ocrx_word' id='word_1_412' title='bbox 3420 2805 3542 2848; x_wconf 82' lang='lat' dir='ltr'><strong>mo-</strong></span> 
     </span>
    </p>
   </div>
   <div class='ocr_carea' id='block_1_58' title="bbox 1951 2872 3542 2956">
    <p class='ocr_par' dir='ltr' id='par_1_58' title="bbox 1951 2872 3542 2956">
     <span class='ocr_line' id='line_1_58' title="bbox 1951 2872 3542 2956; baseline 0.013 -34"><span class='ocrx_word' id='word_1_413' title='bbox 1951 2883 2083 2924; x_wconf 88' lang='lat' dir='ltr'><strong>vens</strong></span> <span class='ocrx_word' id='word_1_414' title='bbox 2117 2878 2173 2924; x_wconf 92' lang='lat' dir='ltr'><strong>et</strong></span> <span class='ocrx_word' id='word_1_415' title='bbox 2198 2872 2526 2941; x_wconf 85' lang='lat' dir='ltr'><strong>gubernans,</strong></span> <span class='ocrx_word' id='word_1_416' title='bbox 2558 2875 2700 2930; x_wconf 91' lang='lat' dir='ltr'><strong>sicut</strong></span> <span class='ocrx_word' id='word_1_417' title='bbox 2741 2875 3031 2947; x_wconf 87' lang='lat' dir='ltr'><strong>Apostolus</strong></span> <span class='ocrx_word' id='word_1_418' title='bbox 3059 2880 3368 2950; x_wconf 80' lang='lat' dir='ltr'><strong>conﬁrmat,</strong></span> <span class='ocrx_word' id='word_1_419' title='bbox 3396 2887 3542 2956; x_wconf 79' lang='lat' dir='ltr'><strong>quod</strong></span> 
     </span>
    </p>
   </div>
   <div class='ocr_carea' id='block_1_59' title="bbox 1952 2970 3541 3036">
    <p class='ocr_par' dir='ltr' id='par_1_59' title="bbox 1952 2970 3541 3036">
     <span class='ocr_line' id='line_1_59' title="bbox 1952 2970 3541 3036; baseline 0.013 -21"><span class='ocrx_word' id='word_1_420' title='bbox 1952 2970 2006 3016; x_wconf 85' lang='lat' dir='ltr'><strong>in</strong></span> <span class='ocrx_word' id='word_1_421' title='bbox 2031 2976 2098 3016; x_wconf 89' lang='lat' dir='ltr'><strong>eo</strong></span> <span class='ocrx_word' id='word_1_422' title='bbox 2123 2970 2374 3029; x_wconf 84' lang='lat' dir='ltr'><strong>vivimus,</strong></span> <span class='ocrx_word' id='word_1_423' title='bbox 2405 2980 2686 3021; x_wconf 88' lang='lat' dir='ltr'><strong>movemur</strong></span> <span class='ocrx_word' id='word_1_424' title='bbox 2707 2978 2761 3023; x_wconf 89' lang='lat' dir='ltr'><strong>et</strong></span> <span class='ocrx_word' id='word_1_425' title='bbox 2789 2984 2994 3036; x_wconf 89' lang='lat' dir='ltr'><strong>sumus,</strong></span> <span class='ocrx_word' id='word_1_426' title='bbox 3035 2970 3116 3027; x_wconf 91' lang='lat' dir='ltr'><strong>sic</strong></span> <span class='ocrx_word' id='word_1_427' title='bbox 3148 2973 3328 3029; x_wconf 91' lang='lat' dir='ltr'><strong>anima</strong></span> <span class='ocrx_word' id='word_1_428' title='bbox 3354 2974 3409 3030; x_wconf 92' lang='lat' dir='ltr'><strong>in</strong></span> <span class='ocrx_word' id='word_1_429' title='bbox 3440 2992 3541 3035; x_wconf 73' lang='lat' dir='ltr'><strong>suo</strong></span> 
     </span>
    </p>
   </div>
   <div class='ocr_carea' id='block_1_60' title="bbox 1950 3054 3539 3130">
    <p class='ocr_par' dir='ltr' id='par_1_60' title="bbox 1950 3054 3539 3130">
     <span class='ocr_line' id='line_1_60' title="bbox 1950 3054 3539 3130; baseline 0.011 -23"><span class='ocrx_word' id='word_1_430' title='bbox 1950 3067 2174 3124; x_wconf 83' lang='lat' dir='ltr'><strong>corpore</strong></span> <span class='ocrx_word' id='word_1_431' title='bbox 2198 3054 2398 3125; x_wconf 89' lang='lat' dir='ltr'><strong>ubique</strong></span> <span class='ocrx_word' id='word_1_432' title='bbox 2421 3063 2533 3111; x_wconf 89' lang='lat' dir='ltr'><strong>tota</strong></span> <span class='ocrx_word' id='word_1_433' title='bbox 2559 3058 2722 3128; x_wconf 92' lang='lat' dir='ltr'><strong>viget,</strong></span> <span class='ocrx_word' id='word_1_434' title='bbox 2754 3059 3033 3117; x_wconf 80' lang='lat' dir='ltr'><strong>vivificaris</strong></span> <span class='ocrx_word' id='word_1_435' title='bbox 3058 3078 3201 3130; x_wconf 91' lang='lat' dir='ltr'><strong>eum,</strong></span> <span class='ocrx_word' id='word_1_436' title='bbox 3229 3081 3455 3123; x_wconf 85' lang='lat' dir='ltr'><strong>movens</strong></span> <span class='ocrx_word' id='word_1_437' title='bbox 3479 3075 3539 3124; x_wconf 80' lang='lat' dir='ltr'><strong>et</strong></span> 
     </span>
    </p>
   </div>
   <div class='ocr_carea' id='block_1_61' title="bbox 1948 3144 3540 3225">
    <p class='ocr_par' dir='ltr' id='par_1_61' title="bbox 1948 3144 3540 3225">
     <span class='ocr_line' id='line_1_61' title="bbox 1948 3144 3540 3225; baseline 0.01 -26"><span class='ocrx_word' id='word_1_438' title='bbox 1948 3144 2285 3216; x_wconf 86' lang='lat' dir='ltr'><strong>gubernans;</strong></span> <span class='ocrx_word' id='word_1_439' title='bbox 2316 3163 2417 3203; x_wconf 91' lang='lat' dir='ltr'><strong>nec</strong></span> <span class='ocrx_word' id='word_1_440' title='bbox 2436 3150 2581 3203; x_wconf 91' lang='lat' dir='ltr'><strong>enim</strong></span> <span class='ocrx_word' id='word_1_441' title='bbox 2609 3149 2661 3203; x_wconf 90' lang='lat' dir='ltr'><strong>in</strong></span> <span class='ocrx_word' id='word_1_442' title='bbox 2682 3150 2976 3222; x_wconf 87' lang='lat' dir='ltr'><strong>majoribus</strong></span> <span class='ocrx_word' id='word_1_443' title='bbox 2996 3156 3239 3225; x_wconf 91' lang='lat' dir='ltr'><strong>corporis</strong></span> <span class='ocrx_word' id='word_1_444' title='bbox 3264 3158 3345 3212; x_wconf 91' lang='lat' dir='ltr'><strong>sui</strong></span> <span class='ocrx_word' id='word_1_445' title='bbox 3369 3173 3540 3214; x_wconf 88' lang='lat' dir='ltr'><strong>mem-</strong></span> 
     </span>
    </p>
   </div>
   <div class='ocr_carea' id='block_1_62' title="bbox 291 3225 3537 3311">
    <p class='ocr_par' dir='ltr' id='par_1_62' title="bbox 291 3225 3537 3311">
     <span class='ocr_line' id='line_1_62' title="bbox 291 3225 3537 3311; baseline 0.005 -18"><span class='ocrx_word' id='word_1_446' title='bbox 291 3225 572 3311; x_wconf 73' lang='lat' dir='ltr'><strong>imaginem</strong></span> <span class='ocrx_word' id='word_1_447' title='bbox 608 3225 723 3311; x_wconf 76' lang='lat' dir='ltr'><strong>ejus</strong></span> <span class='ocrx_word' id='word_1_448' title='bbox 759 3241 880 3311; x_wconf 76' lang='lat' dir='ltr'><strong>fecit</strong></span> <span class='ocrx_word' id='word_1_449' title='bbox 923 3225 1841 3308; x_wconf 38' lang='lat' dir='ltr'><strong>unus,ei‘déiiii’iili&#39;séiiuiﬁiif</strong></span> <span class='ocrx_word' id='word_1_450' title='bbox 1873 3225 1918 3289; x_wconf 88' lang='lat' dir='ltr'>C</span> <span class='ocrx_word' id='word_1_451' title='bbox 1948 3235 2063 3292; x_wconf 84' lang='lat' dir='ltr'><strong>bris</strong></span> <span class='ocrx_word' id='word_1_452' title='bbox 2100 3235 2277 3305; x_wconf 83' lang='lat' dir='ltr'><strong>maior</strong></span> <span class='ocrx_word' id='word_1_453' title='bbox 2302 3245 2359 3293; x_wconf 74' lang='lat' dir='ltr'><strong>ei</strong></span> <span class='ocrx_word' id='word_1_454' title='bbox 2395 3238 2450 3292; x_wconf 85' lang='lat' dir='ltr'><strong>in</strong></span> <span class='ocrx_word' id='word_1_455' title='bbox 2493 3239 2797 3296; x_wconf 77' lang='lat' dir='ltr'><strong>minoribus</strong></span> <span class='ocrx_word' id='word_1_456' title='bbox 2844 3241 3042 3309; x_wconf 84' lang='lat' dir='ltr'><strong>minor.</strong></span> <span class='ocrx_word' id='word_1_457' title='bbox 3071 3245 3165 3299; x_wconf 83' lang='lat' dir='ltr'><strong>sed</strong></span> <span class='ocrx_word' id='word_1_458' title='bbox 3212 3248 3269 3301; x_wconf 87' lang='lat' dir='ltr'><strong>in</strong></span> <span class='ocrx_word' id='word_1_459' title='bbox 3297 3249 3537 3306; x_wconf 72' lang='lat' dir='ltr'><strong>minimis</strong></span> 
     </span>
    </p>
   </div>
   <div class='ocr_carea' id='block_1_63' title="bbox 336 3327 1847 3402">
    <p class='ocr_par' dir='ltr' id='par_1_63' title="bbox 336 3327 1847 3402">
     <span class='ocr_line' id='line_1_63' title="bbox 336 3327 1847 3402; baseline 0.002 -17"><span class='ocrx_word' id='word_1_460' title='bbox 336 3327 490 3400; x_wconf 67' lang='lat' dir='ltr'><strong>(Car.</strong></span> <span class='ocrx_word' id='word_1_461' title='bbox 506 3327 663 3402; x_wconf 80' lang='lat' dir='ltr'><strong>xvn.)</strong></span> <span class='ocrx_word' id='word_1_462' title='bbox 681 3347 701 3380; x_wconf 84' lang='grc'><strong><em>‹</em></strong></span> <span class='ocrx_word' id='word_1_463' title='bbox 724 3328 866 3385; x_wconf 91' lang='lat' dir='ltr'><strong>Deus</strong></span> <span class='ocrx_word' id='word_1_464' title='bbox 888 3331 1091 3386; x_wconf 89' lang='lat' dir='ltr'><strong>creavit</strong></span> <span class='ocrx_word' id='word_1_465' title='bbox 1115 3332 1181 3387; x_wconf 92' lang='lat' dir='ltr'><strong>de</strong></span> <span class='ocrx_word' id='word_1_466' title='bbox 1202 3341 1345 3387; x_wconf 87' lang='lat' dir='ltr'><strong>terra</strong></span> <span class='ocrx_word' id='word_1_467' title='bbox 1370 3332 1662 3399; x_wconf 89' lang='lat' dir='ltr'><strong>hominem,</strong></span> <span class='ocrx_word' id='word_1_468' title='bbox 1680 3340 1735 3395; x_wconf 89' lang='lat' dir='ltr'><strong>et</strong></span> <span class='ocrx_word' id='word_1_469' title='bbox 1755 3346 1847 3388; x_wconf 91' lang='lat' dir='ltr'><strong>se-</strong></span> 
     </span>
    </p>
   </div>
   <div class='ocr_carea' id='block_1_64' title="bbox 264 3420 1845 3494">
    <p class='ocr_par' dir='ltr' id='par_1_64' title="bbox 264 3420 1845 3494">
     <span class='ocr_line' id='line_1_64' title="bbox 264 3420 1845 3494; baseline 0.003 -19"><span class='ocrx_word' id='word_1_470' title='bbox 264 3420 501 3476; x_wconf 89' lang='lat' dir='ltr'><strong>cundum</strong></span> <span class='ocrx_word' id='word_1_471' title='bbox 530 3420 820 3491; x_wconf 91' lang='lat' dir='ltr'><strong>imaginem</strong></span> <span class='ocrx_word' id='word_1_472' title='bbox 846 3436 998 3476; x_wconf 90' lang='lat' dir='ltr'><strong>suam</strong></span> <span class='ocrx_word' id='word_1_473' title='bbox 1029 3420 1158 3477; x_wconf 91' lang='lat' dir='ltr'><strong>fecit</strong></span> <span class='ocrx_word' id='word_1_474' title='bbox 1178 3422 1347 3477; x_wconf 91' lang='lat' dir='ltr'><strong>illum.</strong></span> <span class='ocrx_word' id='word_1_475' title='bbox 1371 3442 1388 3475; x_wconf 83' lang='grc' dir='ltr'><strong><em>ι</em></strong></span> <span class='ocrx_word' id='word_1_476' title='bbox 1425 3422 1597 3479; x_wconf 85' lang='lat' dir='ltr'><strong>Homo</strong></span> <span class='ocrx_word' id='word_1_477' title='bbox 1619 3437 1749 3494; x_wconf 90' lang='lat' dir='ltr'><strong>ergo</strong></span> <span class='ocrx_word' id='word_1_478' title='bbox 1778 3424 1845 3479; x_wconf 89' lang='lat' dir='ltr'><strong>de</strong></span> 
     </span>
    </p>
   </div>
   <div class='ocr_carea' id='block_1_65' title="bbox 263 3511 1842 3580">
    <p class='ocr_par' dir='ltr' id='par_1_65' title="bbox 263 3511 1842 3580">
     <span class='ocr_line' id='line_1_65' title="bbox 263 3511 1842 3580; baseline 0.002 -13"><span class='ocrx_word' id='word_1_479' title='bbox 263 3521 428 3567; x_wconf 79' lang='lat' dir='ltr'><strong>terra:</strong></span> <span class='ocrx_word' id='word_1_480' title='bbox 478 3512 608 3567; x_wconf 92' lang='lat' dir='ltr'><strong>limo</strong></span> <span class='ocrx_word' id='word_1_481' title='bbox 644 3511 931 3580; x_wconf 90' lang='lat' dir='ltr'><strong>formatus,</strong></span> <span class='ocrx_word' id='word_1_482' title='bbox 968 3514 1202 3568; x_wconf 88' lang='lat' dir='ltr'><strong>animam</strong></span> <span class='ocrx_word' id='word_1_483' title='bbox 1233 3528 1265 3567; x_wconf 90' lang='lat' dir='ltr'><strong>a</strong></span> <span class='ocrx_word' id='word_1_484' title='bbox 1293 3521 1538 3570; x_wconf 87' lang='lat' dir='ltr'><strong>creatore</strong></span> <span class='ocrx_word' id='word_1_485' title='bbox 1563 3528 1662 3569; x_wconf 91' lang='lat' dir='ltr'><strong>suo</strong></span> <span class='ocrx_word' id='word_1_486' title='bbox 1683 3527 1842 3570; x_wconf 84' lang='lat' dir='ltr'><strong>acoe-</strong></span> 
     </span>
    </p>
   </div>
   <div class='ocr_carea' id='block_1_66' title="bbox 261 3602 1837 3674">
    <p class='ocr_par' dir='ltr' id='par_1_66' title="bbox 261 3602 1837 3674">
     <span class='ocr_line' id='line_1_66' title="bbox 261 3602 1837 3674; baseline 0.002 -19"><span class='ocrx_word' id='word_1_487' title='bbox 261 3603 341 3673; x_wconf 90' lang='lat' dir='ltr'><strong>pit</strong></span> <span class='ocrx_word' id='word_1_488' title='bbox 368 3602 711 3669; x_wconf 90' lang='lat' dir='ltr'><strong>rationalem,</strong></span> <span class='ocrx_word' id='word_1_489' title='bbox 760 3603 815 3658; x_wconf 93' lang='lat' dir='ltr'><strong>in</strong></span> <span class='ocrx_word' id='word_1_490' title='bbox 842 3618 949 3674; x_wconf 86' lang='lat' dir='ltr'><strong>quo</strong></span> <span class='ocrx_word' id='word_1_491' title='bbox 978 3603 1236 3674; x_wconf 82' lang='lat' dir='ltr'><strong>exprimit</strong></span> <span class='ocrx_word' id='word_1_492' title='bbox 1269 3604 1566 3660; x_wconf 87' lang='lat' dir='ltr'><strong>conditoris</strong></span> <span class='ocrx_word' id='word_1_493' title='bbox 1593 3604 1675 3660; x_wconf 92' lang='lat' dir='ltr'><strong>sui</strong></span> <span class='ocrx_word' id='word_1_494' title='bbox 1704 3603 1837 3658; x_wconf 89' lang='lat' dir='ltr'><strong>ima-</strong></span> 
     </span>
    </p>
   </div>
   <div class='ocr_carea' id='block_1_67' title="bbox 260 3695 1837 3769">
    <p class='ocr_par' dir='ltr' id='par_1_67' title="bbox 260 3695 1837 3769">
     <span class='ocr_line' id='line_1_67' title="bbox 260 3695 1837 3769; baseline 0 -18"><span class='ocrx_word' id='word_1_495' title='bbox 260 3696 463 3768; x_wconf 82' lang='lat' dir='ltr'><strong>ginem.</strong></span> <span class='ocrx_word' id='word_1_496' title='bbox 496 3695 555 3750; x_wconf 90' lang='lat' dir='ltr'><strong>ln</strong></span> <span class='ocrx_word' id='word_1_497' title='bbox 585 3711 692 3765; x_wconf 90' lang='lat' dir='ltr'><strong>quo</strong></span> <span class='ocrx_word' id='word_1_498' title='bbox 726 3706 906 3753; x_wconf 89' lang='lat' dir='ltr'><strong>autem</strong></span> <span class='ocrx_word' id='word_1_499' title='bbox 955 3698 1026 3753; x_wconf 89' lang='lat' dir='ltr'><strong>sit</strong></span> <span class='ocrx_word' id='word_1_500' title='bbox 1054 3699 1217 3752; x_wconf 91' lang='lat' dir='ltr'><strong>homo</strong></span> <span class='ocrx_word' id='word_1_501' title='bbox 1249 3695 1427 3753; x_wconf 89' lang='lat' dir='ltr'><strong>factus</strong></span> <span class='ocrx_word' id='word_1_502' title='bbox 1456 3697 1523 3751; x_wconf 90' lang='lat' dir='ltr'><strong>ad</strong></span> <span class='ocrx_word' id='word_1_503' title='bbox 1548 3696 1837 3769; x_wconf 87' lang='lat' dir='ltr'><strong>imaginem</strong></span> 
     </span>
    </p>
   </div>
   <div class='ocr_carea' id='block_1_68' title="bbox 258 3785 1839 3858">
    <p class='ocr_par' dir='ltr' id='par_1_68' title="bbox 258 3785 1839 3858">
     <span class='ocr_line' id='line_1_68' title="bbox 258 3785 1839 3858; baseline 0 -16"><span class='ocrx_word' id='word_1_504' title='bbox 258 3794 313 3842; x_wconf 88' lang='lat' dir='ltr'><strong>et</strong></span> <span class='ocrx_word' id='word_1_505' title='bbox 340 3785 746 3842; x_wconf 89' lang='lat' dir='ltr'><strong>similitudinem</strong></span> <span class='ocrx_word' id='word_1_506' title='bbox 791 3787 909 3852; x_wconf 86' lang='lat' dir='ltr'><strong>Dei,</strong></span> <span class='ocrx_word' id='word_1_507' title='bbox 954 3795 1184 3843; x_wconf 89' lang='lat' dir='ltr'><strong>testatur</strong></span> <span class='ocrx_word' id='word_1_508' title='bbox 1228 3785 1539 3858; x_wconf 83' lang='lat' dir='ltr'><strong>Apostolus,</strong></span> <span class='ocrx_word' id='word_1_509' title='bbox 1584 3803 1707 3842; x_wconf 92' lang='lat' dir='ltr'><strong>cum</strong></span> <span class='ocrx_word' id='word_1_510' title='bbox 1739 3802 1839 3843; x_wconf 91' lang='lat' dir='ltr'><strong>nos</strong></span> 
     </span>
    </p>
   </div>
   <div class='ocr_carea' id='block_1_69' title="bbox 258 3876 1837 3949">
    <p class='ocr_par' dir='ltr' id='par_1_69' title="bbox 258 3876 1837 3949">
     <span class='ocr_line' id='line_1_69' title="bbox 258 3876 1837 3949; baseline 0.002 -19"><span class='ocrx_word' id='word_1_511' title='bbox 258 3876 492 3931; x_wconf 88' lang='lat' dir='ltr'><strong>solerter</strong></span> <span class='ocrx_word' id='word_1_512' title='bbox 526 3878 795 3942; x_wconf 89' lang='lat' dir='ltr'><strong>admonet,</strong></span> <span class='ocrx_word' id='word_1_513' title='bbox 850 3887 909 3932; x_wconf 93' lang='lat' dir='ltr'><strong>ut</strong></span> <span class='ocrx_word' id='word_1_514' title='bbox 933 3878 1071 3933; x_wconf 89' lang='lat' dir='ltr'><strong>hanc</strong></span> <span class='ocrx_word' id='word_1_515' title='bbox 1099 3893 1261 3949; x_wconf 91' lang='lat' dir='ltr'><strong>quam</strong></span> <span class='ocrx_word' id='word_1_516' title='bbox 1306 3878 1362 3932; x_wconf 91' lang='lat' dir='ltr'><strong>in</strong></span> <span class='ocrx_word' id='word_1_517' title='bbox 1409 3878 1586 3949; x_wconf 91' lang='lat' dir='ltr'><strong>primo</strong></span> <span class='ocrx_word' id='word_1_518' title='bbox 1613 3886 1837 3948; x_wconf 87' lang='lat' dir='ltr'><strong>parente</strong></span> 
     </span>
    </p>
   </div>
   <div class='ocr_carea' id='block_1_70' title="bbox 256 3966 1839 4039">
    <p class='ocr_par' dir='ltr' id='par_1_70' title="bbox 256 3966 1839 4039">
     <span class='ocr_line' id='line_1_70' title="bbox 256 3966 1839 4039; baseline 0 -17"><span class='ocrx_word' id='word_1_519' title='bbox 256 3967 667 4023; x_wconf 89' lang='lat' dir='ltr'><strong>similitudinem</strong></span> <span class='ocrx_word' id='word_1_520' title='bbox 689 3968 1039 4038; x_wconf 87' lang='lat' dir='ltr'><strong>perdidimus,</strong></span> <span class='ocrx_word' id='word_1_521' title='bbox 1072 3982 1168 4039; x_wconf 88' lang='lat' dir='ltr'><strong>per</strong></span> <span class='ocrx_word' id='word_1_522' title='bbox 1191 3968 1420 4039; x_wconf 87' lang='lat' dir='ltr'><strong>gratiam</strong></span> <span class='ocrx_word' id='word_1_523' title='bbox 1446 3966 1686 4035; x_wconf 81' lang='lat' dir='ltr'><strong>ejusdem</strong></span> <span class='ocrx_word' id='word_1_524' title='bbox 1715 3981 1839 4022; x_wconf 86' lang='lat' dir='ltr'><strong>con-</strong></span> 
     </span>
    </p>
   </div>
   <div class='ocr_carea' id='block_1_71' title="bbox 256 4058 1833 4130">
    <p class='ocr_par' dir='ltr' id='par_1_71' title="bbox 256 4058 1833 4130">
     <span class='ocr_line' id='line_1_71' title="bbox 256 4058 1833 4130; baseline -0.001 -16"><span class='ocrx_word' id='word_1_525' title='bbox 256 4059 454 4114; x_wconf 87' lang='lat' dir='ltr'><strong>ditoris</strong></span> <span class='ocrx_word' id='word_1_526' title='bbox 487 4073 867 4130; x_wconf 85' lang='lat' dir='ltr'><strong>recuperemus</strong></span> <span class='ocrx_word' id='word_1_527' title='bbox 891 4060 944 4115; x_wconf 92' lang='lat' dir='ltr'><strong>in</strong></span> <span class='ocrx_word' id='word_1_528' title='bbox 974 4059 1148 4116; x_wconf 91' lang='lat' dir='ltr'><strong>nobis.</strong></span> <span class='ocrx_word' id='word_1_529' title='bbox 1184 4077 1203 4111; x_wconf 70' lang='grc' dir='ltr'><strong>ε</strong></span> <span class='ocrx_word' id='word_1_530' title='bbox 1232 4058 1607 4124; x_wconf 81' lang='lat' dir='ltr'><strong>Renovamini,</strong></span> <span class='ocrx_word' id='word_1_531' title='bbox 1639 4058 1833 4128; x_wconf 86' lang='lat' dir='ltr'><strong>inquit,</strong></span> 
     </span>
    </p>
   </div>
   <div class='ocr_carea' id='block_1_72' title="bbox 255 4150 1831 4222">
    <p class='ocr_par' dir='ltr' id='par_1_72' title="bbox 255 4150 1831 4222">
     <span class='ocr_line' id='line_1_72' title="bbox 255 4150 1831 4222; baseline -0.002 -15"><span class='ocrx_word' id='word_1_532' title='bbox 255 4152 456 4222; x_wconf 87' lang='lat' dir='ltr'><strong>spiritu</strong></span> <span class='ocrx_word' id='word_1_533' title='bbox 494 4154 691 4208; x_wconf 90' lang='lat' dir='ltr'><strong>mentis</strong></span> <span class='ocrx_word' id='word_1_534' title='bbox 744 4160 961 4214; x_wconf 65' lang='lat' dir='ltr'><strong>vestrae.</strong></span> <span class='ocrx_word' id='word_1_535' title='bbox 989 4162 1045 4208; x_wconf 91' lang='lat' dir='ltr'><strong>et</strong></span> <span class='ocrx_word' id='word_1_536' title='bbox 1071 4153 1274 4208; x_wconf 90' lang='lat' dir='ltr'><strong>induite</strong></span> <span class='ocrx_word' id='word_1_537' title='bbox 1303 4167 1501 4207; x_wconf 88' lang='lat' dir='ltr'><strong>novum</strong></span> <span class='ocrx_word' id='word_1_538' title='bbox 1535 4150 1831 4215; x_wconf 89' lang='lat' dir='ltr'><strong>hominem,</strong></span> 
     </span>
    </p>
   </div>
   <div class='ocr_carea' id='block_1_73' title="bbox 254 4240 1832 4313">
    <p class='ocr_par' dir='ltr' id='par_1_73' title="bbox 254 4240 1832 4313">
     <span class='ocr_line' id='line_1_73' title="bbox 254 4240 1832 4313; baseline -0.001 -17"><span class='ocrx_word' id='word_1_539' title='bbox 254 4243 349 4313; x_wconf 90' lang='lat' dir='ltr'><strong>qui</strong></span> <span class='ocrx_word' id='word_1_540' title='bbox 386 4243 682 4299; x_wconf 90' lang='lat' dir='ltr'><strong>secundum</strong></span> <span class='ocrx_word' id='word_1_541' title='bbox 717 4242 888 4299; x_wconf 89' lang='lat' dir='ltr'><strong>Deum</strong></span> <span class='ocrx_word' id='word_1_542' title='bbox 912 4251 1128 4299; x_wconf 89' lang='lat' dir='ltr'><strong>creatus</strong></span> <span class='ocrx_word' id='word_1_543' title='bbox 1153 4251 1257 4309; x_wconf 90' lang='lat' dir='ltr'><strong>est,</strong></span> <span class='ocrx_word' id='word_1_544' title='bbox 1295 4243 1350 4297; x_wconf 91' lang='lat' dir='ltr'><strong>in</strong></span> <span class='ocrx_word' id='word_1_545' title='bbox 1376 4240 1590 4312; x_wconf 87' lang='lat' dir='ltr'><strong>justitia</strong></span> <span class='ocrx_word' id='word_1_546' title='bbox 1615 4248 1672 4295; x_wconf 91' lang='lat' dir='ltr'><strong>et</strong></span> <span class='ocrx_word' id='word_1_547' title='bbox 1709 4255 1832 4296; x_wconf 90' lang='lat' dir='ltr'><strong>san-</strong></span> 
     </span>
    </p>
   </div>
   <div class='ocr_carea' id='block_1_74' title="bbox 253 4330 1831 4405">
    <p class='ocr_par' dir='ltr' id='par_1_74' title="bbox 253 4330 1831 4405">
     <span class='ocr_line' id='line_1_74' title="bbox 253 4330 1831 4405; baseline -0.003 -17"><span class='ocrx_word' id='word_1_548' title='bbox 253 4333 448 4388; x_wconf 88' lang='lat' dir='ltr'><strong>ctitate</strong></span> <span class='ocrx_word' id='word_1_549' title='bbox 498 4341 553 4388; x_wconf 91' lang='lat' dir='ltr'><strong>et</strong></span> <span class='ocrx_word' id='word_1_550' title='bbox 609 4334 838 4389; x_wconf 87' lang='lat' dir='ltr'><strong>veritate</strong></span> <span class='ocrx_word' id='word_1_551' title='bbox 895 4332 1111 4405; x_wconf 81' lang='lat' dir='ltr'><strong>(Ephes.</strong></span> <span class='ocrx_word' id='word_1_552' title='bbox 1150 4330 1248 4404; x_wconf 83' lang='lat' dir='ltr'><strong>1v).</strong></span> <span class='ocrx_word' id='word_1_553' title='bbox 1281 4352 1300 4384; x_wconf 75' lang='grc' dir='ltr'><strong><em>ι</em></strong></span> <span class='ocrx_word' id='word_1_554' title='bbox 1333 4331 1562 4387; x_wconf 88' lang='lat' dir='ltr'><strong>Creatus</strong></span> <span class='ocrx_word' id='word_1_555' title='bbox 1585 4339 1670 4386; x_wconf 90' lang='lat' dir='ltr'><strong>est</strong></span> <span class='ocrx_word' id='word_1_556' title='bbox 1703 4344 1831 4401; x_wconf 90' lang='lat' dir='ltr'><strong>ergo</strong></span> 
     </span>
    </p>
   </div>
   <div class='ocr_carea' id='block_1_75' title="bbox 251 4422 1829 4502">
    <p class='ocr_par' dir='ltr' id='par_1_75' title="bbox 251 4422 1829 4502">
     <span class='ocr_line' id='line_1_75' title="bbox 251 4422 1829 4502; baseline -0.003 -20"><span class='ocrx_word' id='word_1_557' title='bbox 251 4427 429 4482; x_wconf 83' lang='lat' dir='ltr'><strong>Adam</strong></span> <span class='ocrx_word' id='word_1_558' title='bbox 456 4441 627 4481; x_wconf 89' lang='lat' dir='ltr'><strong>novus</strong></span> <span class='ocrx_word' id='word_1_559' title='bbox 654 4427 816 4482; x_wconf 91' lang='lat' dir='ltr'><strong>homo</strong></span> <span class='ocrx_word' id='word_1_560' title='bbox 843 4425 911 4482; x_wconf 93' lang='lat' dir='ltr'><strong>de</strong></span> <span class='ocrx_word' id='word_1_561' title='bbox 933 4433 1076 4480; x_wconf 89' lang='lat' dir='ltr'><strong>terra</strong></span> <span class='ocrx_word' id='word_1_562' title='bbox 1107 4424 1401 4502; x_wconf 84' lang='lat' dir='ltr'><strong>secundum</strong></span> <span class='ocrx_word' id='word_1_563' title='bbox 1442 4422 1631 4488; x_wconf 90' lang='lat' dir='ltr'><strong>Deum,</strong></span> <span class='ocrx_word' id='word_1_564' title='bbox 1660 4430 1718 4477; x_wconf 93' lang='lat' dir='ltr'><strong>ut</strong></span> <span class='ocrx_word' id='word_1_565' title='bbox 1743 4435 1829 4477; x_wconf 91' lang='lat' dir='ltr'><strong>es-</strong></span> 
     </span>
    </p>
   </div>
   <div class='ocr_carea' id='block_1_76' title="bbox 253 4513 1828 4586">
    <p class='ocr_par' dir='ltr' id='par_1_76' title="bbox 253 4513 1828 4586">
     <span class='ocr_line' id='line_1_76' title="bbox 253 4513 1828 4586; baseline -0.002 -16"><span class='ocrx_word' id='word_1_566' title='bbox 253 4523 339 4570; x_wconf 78' lang='lat' dir='ltr'><strong>set</strong></span> <span class='ocrx_word' id='word_1_567' title='bbox 353 4516 555 4586; x_wconf 84' lang='lat' dir='ltr'><strong>justus,</strong></span> <span class='ocrx_word' id='word_1_568' title='bbox 583 4525 824 4582; x_wconf 88' lang='lat' dir='ltr'><strong>sanctus,</strong></span> <span class='ocrx_word' id='word_1_569' title='bbox 853 4523 909 4571; x_wconf 93' lang='lat' dir='ltr'><strong>et</strong></span> <span class='ocrx_word' id='word_1_570' title='bbox 935 4530 1136 4581; x_wconf 89' lang='lat' dir='ltr'><strong>verus;</strong></span> <span class='ocrx_word' id='word_1_571' title='bbox 1165 4514 1414 4570; x_wconf 90' lang='lat' dir='ltr'><strong>subditus</strong></span> <span class='ocrx_word' id='word_1_572' title='bbox 1460 4513 1739 4569; x_wconf 91' lang='lat' dir='ltr'><strong>humiliter</strong></span> <span class='ocrx_word' id='word_1_573' title='bbox 1772 4523 1828 4568; x_wconf 91' lang='lat' dir='ltr'><strong>et</strong></span> 
     </span>
    </p>
   </div>
   <div class='ocr_carea' id='block_1_77' title="bbox 253 4605 1832 4679">
    <p class='ocr_par' dir='ltr' id='par_1_77' title="bbox 253 4605 1832 4679">
     <span class='ocr_line' id='line_1_77' title="bbox 253 4605 1832 4679; baseline -0.001 -17"><span class='ocrx_word' id='word_1_574' title='bbox 253 4607 543 4662; x_wconf 70' lang='lat' dir='ltr'><strong>adbazrens</strong></span> <span class='ocrx_word' id='word_1_575' title='bbox 572 4608 758 4679; x_wconf 74' lang='lat' dir='ltr'><strong>gratim</strong></span> <span class='ocrx_word' id='word_1_576' title='bbox 805 4608 890 4662; x_wconf 92' lang='lat' dir='ltr'><strong>sui</strong></span> <span class='ocrx_word' id='word_1_577' title='bbox 914 4606 1230 4671; x_wconf 88' lang='lat' dir='ltr'><strong>conditoris,</strong></span> <span class='ocrx_word' id='word_1_578' title='bbox 1277 4606 1370 4677; x_wconf 91' lang='lat' dir='ltr'><strong>qui</strong></span> <span class='ocrx_word' id='word_1_579' title='bbox 1417 4605 1745 4663; x_wconf 84' lang='lat' dir='ltr'><strong>acternaliter</strong></span> <span class='ocrx_word' id='word_1_580' title='bbox 1769 4620 1832 4661; x_wconf 89' lang='lat' dir='ltr'><strong>ac</strong></span> 
     </span>
    </p>
   </div>
   <div class='ocr_carea' id='block_1_78' title="bbox 252 4697 1830 4769">
    <p class='ocr_par' dir='ltr' id='par_1_78' title="bbox 252 4697 1830 4769">
     <span class='ocr_line' id='line_1_78' title="bbox 252 4697 1830 4769; baseline 0.001 -16"><span class='ocrx_word' id='word_1_581' title='bbox 252 4697 496 4769; x_wconf 85' lang='lat' dir='ltr'><strong>perfecte</strong></span> <span class='ocrx_word' id='word_1_582' title='bbox 515 4697 694 4768; x_wconf 89' lang='lat' dir='ltr'><strong>justus</strong></span> <span class='ocrx_word' id='word_1_583' title='bbox 717 4707 771 4754; x_wconf 93' lang='lat' dir='ltr'><strong>et</strong></span> <span class='ocrx_word' id='word_1_584' title='bbox 801 4705 1020 4754; x_wconf 88' lang='lat' dir='ltr'><strong>sanctus</strong></span> <span class='ocrx_word' id='word_1_585' title='bbox 1042 4705 1097 4753; x_wconf 91' lang='lat' dir='ltr'><strong>et</strong></span> <span class='ocrx_word' id='word_1_586' title='bbox 1120 4712 1279 4754; x_wconf 89' lang='lat' dir='ltr'><strong>verus</strong></span> <span class='ocrx_word' id='word_1_587' title='bbox 1322 4698 1505 4754; x_wconf 83' lang='lat' dir='ltr'><strong>existit</strong></span> <span class='ocrx_word' id='word_1_588' title='bbox 1530 4714 1545 4764; x_wconf 90' lang='lat'><strong>;</strong></span> <span class='ocrx_word' id='word_1_589' title='bbox 1579 4698 1670 4768; x_wconf 92' lang='lat' dir='ltr'><strong>qui</strong></span> <span class='ocrx_word' id='word_1_590' title='bbox 1699 4714 1830 4769; x_wconf 90' lang='lat' dir='ltr'><strong>quo-</strong></span> 
     </span>
    </p>
   </div>
   <div class='ocr_carea' id='block_1_79' title="bbox 250 4788 1831 4858">
    <p class='ocr_par' dir='ltr' id='par_1_79' title="bbox 250 4788 1831 4858">
     <span class='ocr_line' id='line_1_79' title="bbox 250 4788 1831 4858; baseline 0.001 -15"><span class='ocrx_word' id='word_1_591' title='bbox 250 4788 400 4843; x_wconf 83' lang='lat' dir='ltr'><strong>niam</strong></span> <span class='ocrx_word' id='word_1_592' title='bbox 450 4788 869 4858; x_wconf 89' lang='lat' dir='ltr'><strong>pulcherrimam</strong></span> <span class='ocrx_word' id='word_1_593' title='bbox 920 4790 1061 4846; x_wconf 89' lang='lat' dir='ltr'><strong>hanc</strong></span> <span class='ocrx_word' id='word_1_594' title='bbox 1104 4789 1641 4845; x_wconf 69' lang='lat' dir='ltr'><strong>novitatemdivinte</strong></span> <span class='ocrx_word' id='word_1_595' title='bbox 1691 4791 1831 4845; x_wconf 87' lang='lat' dir='ltr'><strong>inse</strong></span> 
     </span>
    </p>
   </div>
   <div class='ocr_carea' id='block_1_80' title="bbox 250 4877 1828 4951">
    <p class='ocr_par' dir='ltr' id='par_1_80' title="bbox 250 4877 1828 4951">
     <span class='ocr_line' id='line_1_80' title="bbox 250 4877 1828 4951; baseline 0.003 -22"><span class='ocrx_word' id='word_1_596' title='bbox 250 4877 507 4948; x_wconf 80' lang='lat' dir='ltr'><strong>imaginis</strong></span> <span class='ocrx_word' id='word_1_597' title='bbox 564 4880 839 4948; x_wconf 87' lang='lat' dir='ltr'><strong>peccando</strong></span> <span class='ocrx_word' id='word_1_598' title='bbox 883 4880 1143 4951; x_wconf 83' lang='lat' dir='ltr'><strong>corrupit,</strong></span> <span class='ocrx_word' id='word_1_599' title='bbox 1198 4887 1617 4950; x_wconf 87' lang='lat' dir='ltr'><strong>corruptamque</strong></span> <span class='ocrx_word' id='word_1_600' title='bbox 1669 4881 1724 4934; x_wconf 88' lang='lat' dir='ltr'><strong>in</strong></span> <span class='ocrx_word' id='word_1_601' title='bbox 1769 4896 1828 4934; x_wconf 90' lang='lat' dir='ltr'><strong>se</strong></span> 
     </span>
    </p>
   </div>
   <div class='ocr_carea' id='block_1_81' title="bbox 246 4968 1827 5040">
    <p class='ocr_par' dir='ltr' id='par_1_81' title="bbox 246 4968 1827 5040">
     <span class='ocr_line' id='line_1_81' title="bbox 246 4968 1827 5040; baseline 0.002 -19"><span class='ocrx_word' id='word_1_602' title='bbox 246 4968 559 5038; x_wconf 89' lang='lat' dir='ltr'><strong>prosapiam</strong></span> <span class='ocrx_word' id='word_1_603' title='bbox 584 4970 795 5039; x_wconf 88' lang='lat' dir='ltr'><strong>generis</strong></span> <span class='ocrx_word' id='word_1_604' title='bbox 822 4969 1040 5024; x_wconf 90' lang='lat' dir='ltr'><strong>humani</strong></span> <span class='ocrx_word' id='word_1_605' title='bbox 1080 4970 1404 5040; x_wconf 87' lang='lat' dir='ltr'><strong>procreavit,</strong></span> <span class='ocrx_word' id='word_1_606' title='bbox 1460 4970 1607 5023; x_wconf 91' lang='lat' dir='ltr'><strong>venit</strong></span> <span class='ocrx_word' id='word_1_607' title='bbox 1636 4983 1827 5024; x_wconf 89' lang='lat' dir='ltr'><strong>secun-</strong></span> 
     </span>
    </p>
   </div>
   <div class='ocr_carea' id='block_1_82' title="bbox 242 5057 1827 5130">
    <p class='ocr_par' dir='ltr' id='par_1_82' title="bbox 242 5057 1827 5130">
     <span class='ocr_line' id='line_1_82' title="bbox 242 5057 1827 5130; baseline 0.002 -18"><span class='ocrx_word' id='word_1_608' title='bbox 242 5059 352 5113; x_wconf 86' lang='lat' dir='ltr'><strong>dus</strong></span> <span class='ocrx_word' id='word_1_609' title='bbox 391 5057 584 5123; x_wconf 82' lang='lat' dir='ltr'><strong>Adam,</strong></span> <span class='ocrx_word' id='word_1_610' title='bbox 628 5060 680 5113; x_wconf 89' lang='lat' dir='ltr'><strong>id</strong></span> <span class='ocrx_word' id='word_1_611' title='bbox 702 5067 786 5114; x_wconf 83' lang='lat' dir='ltr'><strong>est</strong></span> <span class='ocrx_word' id='word_1_612' title='bbox 826 5060 1084 5117; x_wconf 89' lang='lat' dir='ltr'><strong>Dominus</strong></span> <span class='ocrx_word' id='word_1_613' title='bbox 1116 5060 1230 5130; x_wconf 87' lang='lat' dir='ltr'><strong>ipse</strong></span> <span class='ocrx_word' id='word_1_614' title='bbox 1257 5068 1312 5114; x_wconf 87' lang='lat' dir='ltr'><strong>et</strong></span> <span class='ocrx_word' id='word_1_615' title='bbox 1341 5058 1588 5114; x_wconf 84' lang='lat' dir='ltr'><strong>conditor</strong></span> <span class='ocrx_word' id='word_1_616' title='bbox 1621 5069 1827 5127; x_wconf 86' lang='lat' dir='ltr'><strong>noster,</strong></span> 
     </span>
    </p>
   </div>
   <div class='ocr_carea' id='block_1_83' title="bbox 244 5148 1829 5221">
    <p class='ocr_par' dir='ltr' id='par_1_83' title="bbox 244 5148 1829 5221">
     <span class='ocr_line' id='line_1_83' title="bbox 244 5148 1829 5221; baseline 0.003 -18"><span class='ocrx_word' id='word_1_617' title='bbox 244 5159 413 5203; x_wconf 90' lang='lat' dir='ltr'><strong>natus</strong></span> <span class='ocrx_word' id='word_1_618' title='bbox 449 5162 516 5202; x_wconf 78' lang='lat' dir='ltr'><strong>ex</strong></span> <span class='ocrx_word' id='word_1_619' title='bbox 548 5149 786 5220; x_wconf 89' lang='lat' dir='ltr'><strong>Virgine,</strong></span> <span class='ocrx_word' id='word_1_620' title='bbox 816 5159 1031 5205; x_wconf 86' lang='lat' dir='ltr'><strong>creatus</strong></span> <span class='ocrx_word' id='word_1_621' title='bbox 1060 5148 1540 5221; x_wconf 87' lang='lat' dir='ltr'><strong>incorruptibiliter</strong></span> <span class='ocrx_word' id='word_1_622' title='bbox 1564 5158 1728 5221; x_wconf 86' lang='lat' dir='ltr'><strong>atque</strong></span> <span class='ocrx_word' id='word_1_623' title='bbox 1746 5152 1829 5207; x_wconf 89' lang='lat' dir='ltr'><strong>in-</strong></span> 
     </span>
    </p>
   </div>
   <div class='ocr_carea' id='block_1_84' title="bbox 241 5240 1828 5312">
    <p class='ocr_par' dir='ltr' id='par_1_84' title="bbox 241 5240 1828 5312">
     <span class='ocr_line' id='line_1_84' title="bbox 241 5240 1828 5312; baseline 0.003 -18"><span class='ocrx_word' id='word_1_624' title='bbox 241 5240 705 5296; x_wconf 75' lang='lat' dir='ltr'><strong>oommutabiliter</strong></span> <span class='ocrx_word' id='word_1_625' title='bbox 731 5241 801 5295; x_wconf 87' lang='lat' dir='ltr'><strong>ad</strong></span> <span class='ocrx_word' id='word_1_626' title='bbox 845 5240 1131 5312; x_wconf 88' lang='lat' dir='ltr'><strong>imaginem</strong></span> <span class='ocrx_word' id='word_1_627' title='bbox 1175 5241 1288 5306; x_wconf 92' lang='lat' dir='ltr'><strong>Dei,</strong></span> <span class='ocrx_word' id='word_1_628' title='bbox 1343 5240 1398 5295; x_wconf 91' lang='lat' dir='ltr'><strong>id</strong></span> <span class='ocrx_word' id='word_1_629' title='bbox 1439 5248 1543 5305; x_wconf 89' lang='lat' dir='ltr'><strong>est,</strong></span> <span class='ocrx_word' id='word_1_630' title='bbox 1574 5241 1828 5298; x_wconf 88' lang='lat' dir='ltr'><strong>immunis</strong></span> 
     </span>
    </p>
   </div>
   <div class='ocr_carea' id='block_1_85' title="bbox 241 5329 1823 5402">
    <p class='ocr_par' dir='ltr' id='par_1_85' title="bbox 241 5329 1823 5402">
     <span class='ocr_line' id='line_1_85' title="bbox 241 5329 1823 5402; baseline 0.003 -18"><span class='ocrx_word' id='word_1_631' title='bbox 241 5329 435 5384; x_wconf 90' lang='lat' dir='ltr'><strong>omnis</strong></span> <span class='ocrx_word' id='word_1_632' title='bbox 481 5331 686 5395; x_wconf 72' lang='lat' dir='ltr'><strong>delicti,</strong></span> <span class='ocrx_word' id='word_1_633' title='bbox 724 5340 779 5387; x_wconf 92' lang='lat' dir='ltr'><strong>et</strong></span> <span class='ocrx_word' id='word_1_634' title='bbox 803 5330 994 5402; x_wconf 89' lang='lat' dir='ltr'><strong>plenus</strong></span> <span class='ocrx_word' id='word_1_635' title='bbox 1042 5330 1222 5387; x_wconf 89' lang='lat' dir='ltr'><strong>omnis</strong></span> <span class='ocrx_word' id='word_1_636' title='bbox 1253 5330 1442 5402; x_wconf 80' lang='lat' dir='ltr'><strong>gratia:</strong></span> <span class='ocrx_word' id='word_1_637' title='bbox 1467 5339 1524 5386; x_wconf 90' lang='lat' dir='ltr'><strong>et</strong></span> <span class='ocrx_word' id='word_1_638' title='bbox 1561 5332 1823 5398; x_wconf 86' lang='lat' dir='ltr'><strong>veritatis,</strong></span> 
     </span>
    </p>
   </div>
   <div class='ocr_carea' id='block_1_86' title="bbox 239 5420 1827 5491">
    <p class='ocr_par' dir='ltr' id='par_1_86' title="bbox 239 5420 1827 5491">
     <span class='ocr_line' id='line_1_86' title="bbox 239 5420 1827 5491; baseline 0.001 -15"><span class='ocrx_word' id='word_1_639' title='bbox 239 5430 305 5476; x_wconf 85' lang='lat' dir='ltr'><strong>ut</strong></span> <span class='ocrx_word' id='word_1_640' title='bbox 335 5420 628 5491; x_wconf 85' lang='lat' dir='ltr'><strong>imaginem</strong></span> <span class='ocrx_word' id='word_1_641' title='bbox 656 5422 708 5479; x_wconf 90' lang='lat' dir='ltr'><strong>in</strong></span> <span class='ocrx_word' id='word_1_642' title='bbox 737 5423 893 5478; x_wconf 85' lang='lat' dir='ltr'><strong>nobis</strong></span> <span class='ocrx_word' id='word_1_643' title='bbox 934 5438 1089 5478; x_wconf 92' lang='lat' dir='ltr'><strong>suam</strong></span> <span class='ocrx_word' id='word_1_644' title='bbox 1118 5438 1183 5478; x_wconf 91' lang='lat' dir='ltr'><strong>ac</strong></span> <span class='ocrx_word' id='word_1_645' title='bbox 1210 5422 1614 5479; x_wconf 88' lang='lat' dir='ltr'><strong>similitudinem</strong></span> <span class='ocrx_word' id='word_1_646' title='bbox 1644 5437 1827 5478; x_wconf 78' lang='lat' dir='ltr'><strong>exem-</strong></span> 
     </span>
    </p>
   </div>
   <div class='ocr_carea' id='block_1_87' title="bbox 236 5513 1828 5585">
    <p class='ocr_par' dir='ltr' id='par_1_87' title="bbox 236 5513 1828 5585">
     <span class='ocr_line' id='line_1_87' title="bbox 236 5513 1828 5585; baseline 0.002 -17"><span class='ocrx_word' id='word_1_647' title='bbox 236 5513 351 5585; x_wconf 82' lang='lat' dir='ltr'><strong>plis</strong></span> <span class='ocrx_word' id='word_1_648' title='bbox 380 5513 496 5567; x_wconf 87' lang='lat' dir='ltr'><strong>suis</strong></span> <span class='ocrx_word' id='word_1_649' title='bbox 528 5520 862 5568; x_wconf 86' lang='lat' dir='ltr'><strong>restauraret</strong></span> <span class='ocrx_word' id='word_1_650' title='bbox 909 5522 967 5569; x_wconf 92' lang='lat' dir='ltr'><strong>et</strong></span> <span class='ocrx_word' id='word_1_651' title='bbox 991 5514 1166 5570; x_wconf 90' lang='lat' dir='ltr'><strong>donis.</strong></span> <span class='ocrx_word' id='word_1_652' title='bbox 1196 5514 1313 5584; x_wconf 84' lang='lat' dir='ltr'><strong>ipse</strong></span> <span class='ocrx_word' id='word_1_653' title='bbox 1345 5521 1433 5569; x_wconf 90' lang='lat' dir='ltr'><strong>est</strong></span> <span class='ocrx_word' id='word_1_654' title='bbox 1483 5514 1627 5569; x_wconf 88' lang='lat' dir='ltr'><strong>enim</strong></span> <span class='ocrx_word' id='word_1_655' title='bbox 1655 5530 1828 5571; x_wconf 86' lang='lat' dir='ltr'><strong>novus</strong></span> 
     </span>
    </p>
   </div>
   <div class='ocr_carea' id='block_1_88' title="bbox 239 5604 1825 5676">
    <p class='ocr_par' dir='ltr' id='par_1_88' title="bbox 239 5604 1825 5676">
     <span class='ocr_line' id='line_1_88' title="bbox 239 5604 1825 5676; baseline 0.001 -16"><span class='ocrx_word' id='word_1_656' title='bbox 239 5606 416 5660; x_wconf 88' lang='lat' dir='ltr'><strong>homo</strong></span> <span class='ocrx_word' id='word_1_657' title='bbox 474 5605 747 5660; x_wconf 84' lang='lat' dir='ltr'><strong>veraciter</strong></span> <span class='ocrx_word' id='word_1_658' title='bbox 797 5604 1094 5661; x_wconf 87' lang='lat' dir='ltr'><strong>secundum</strong></span> <span class='ocrx_word' id='word_1_659' title='bbox 1151 5606 1320 5661; x_wconf 83' lang='lat' dir='ltr'><strong>Deum</strong></span> <span class='ocrx_word' id='word_1_660' title='bbox 1391 5614 1610 5661; x_wconf 84' lang='lat' dir='ltr'><strong>creatus</strong></span> <span class='ocrx_word' id='word_1_661' title='bbox 1653 5606 1825 5676; x_wconf 88' lang='lat' dir='ltr'><strong>;quia</strong></span> 
     </span>
    </p>
   </div>
   <div class='ocr_carea' id='block_1_89' title="bbox 238 5693 1824 5751">
    <p class='ocr_par' dir='ltr' id='par_1_89' title="bbox 238 5693 1824 5751">
     <span class='ocr_line' id='line_1_89' title="bbox 238 5693 1824 5751; baseline 0 -2"><span class='ocrx_word' id='word_1_662' title='bbox 238 5694 507 5751; x_wconf 81' lang='lat' dir='ltr'><strong>nimirum</strong></span> <span class='ocrx_word' id='word_1_663' title='bbox 556 5694 628 5747; x_wconf 89' lang='lat' dir='ltr'><strong>ita</strong></span> <span class='ocrx_word' id='word_1_664' title='bbox 690 5708 872 5749; x_wconf 82' lang='lat' dir='ltr'><strong>veram</strong></span> <span class='ocrx_word' id='word_1_665' title='bbox 923 5695 988 5749; x_wconf 91' lang='lat' dir='ltr'><strong>de</strong></span> <span class='ocrx_word' id='word_1_666' title='bbox 1034 5693 1205 5749; x_wconf 85' lang='lat' dir='ltr'><strong>Adam</strong></span> <span class='ocrx_word' id='word_1_667' title='bbox 1255 5694 1436 5749; x_wconf 88' lang='lat' dir='ltr'><strong>carnis</strong></span> <span class='ocrx_word' id='word_1_668' title='bbox 1467 5694 1824 5749; x_wconf 84' lang='lat' dir='ltr'><strong>substantiam</strong></span> 
     </span>
    </p>
   </div>
   <div class='ocr_carea' id='block_1_90' title="bbox 240 5785 1825 5857">
    <p class='ocr_par' dir='ltr' id='par_1_90' title="bbox 240 5785 1825 5857">
     <span class='ocr_line' id='line_1_90' title="bbox 240 5785 1825 5857; baseline -0.002 -15"><span class='ocrx_word' id='word_1_669' title='bbox 240 5786 499 5857; x_wconf 83' lang='lat' dir='ltr'><strong>sumpsit,</strong></span> <span class='ocrx_word' id='word_1_670' title='bbox 529 5794 588 5841; x_wconf 90' lang='lat' dir='ltr'><strong>ut</strong></span> <span class='ocrx_word' id='word_1_671' title='bbox 618 5786 692 5841; x_wconf 92' lang='lat' dir='ltr'><strong>nil</strong></span> <span class='ocrx_word' id='word_1_672' title='bbox 723 5786 788 5841; x_wconf 88' lang='lat' dir='ltr'><strong>de</strong></span> <span class='ocrx_word' id='word_1_673' title='bbox 817 5786 907 5839; x_wconf 89' lang='lat' dir='ltr'><strong>illo</strong></span> <span class='ocrx_word' id='word_1_674' title='bbox 955 5786 1069 5840; x_wconf 88' lang='lat' dir='ltr'><strong>vitii</strong></span> <span class='ocrx_word' id='word_1_675' title='bbox 1104 5785 1376 5845; x_wconf 85' lang='lat' dir='ltr'><strong>sordentis</strong></span> <span class='ocrx_word' id='word_1_676' title='bbox 1403 5785 1646 5841; x_wconf 86' lang='lat' dir='ltr'><strong>traheret</strong></span> <span class='ocrx_word' id='word_1_677' title='bbox 1676 5804 1688 5838; x_wconf 88' lang='lat'><strong>:</strong></span> <span class='ocrx_word' id='word_1_678' title='bbox 1730 5803 1825 5841; x_wconf 89' lang='lat' dir='ltr'><strong>cu-</strong></span> 
     </span>
    </p>
   </div>
   <div class='ocr_carea' id='block_1_91' title="bbox 576 5874 1064 5936">
    <p class='ocr_par' dir='ltr' id='par_1_91' title="bbox 576 5874 1064 5936">
     <span class='ocr_line' id='line_1_91' title="bbox 576 5874 1064 5936; baseline 0.002 -1"><span class='ocrx_word' id='word_1_679' title='bbox 576 5875 851 5936; x_wconf 72' lang='lat' dir='ltr'><strong>PATIWL.</strong></span> <span class='ocrx_word' id='word_1_680' title='bbox 898 5874 1064 5936; x_wconf 78' lang='lat' dir='ltr'><strong>CIX.</strong></span> 
     </span>
    </p>
   </div>
   <div class='ocr_carea' id='block_1_92' title="bbox 1952 3328 3539 3408">
    <p class='ocr_par' dir='ltr' id='par_1_92' title="bbox 1952 3328 3539 3408">
     <span class='ocr_line' id='line_1_92' title="bbox 1952 3328 3539 3408; baseline 0.01 -28"><span class='ocrx_word' id='word_1_681' title='bbox 1952 3333 2084 3391; x_wconf 91' lang='lat' dir='ltr'><strong>tota,</strong></span> <span class='ocrx_word' id='word_1_682' title='bbox 2117 3334 2174 3382; x_wconf 90' lang='lat' dir='ltr'><strong>et</strong></span> <span class='ocrx_word' id='word_1_683' title='bbox 2214 3328 2271 3382; x_wconf 91' lang='lat' dir='ltr'><strong>in</strong></span> <span class='ocrx_word' id='word_1_684' title='bbox 2301 3329 2553 3386; x_wconf 69' lang='lat' dir='ltr'><strong>maxumis</strong></span> <span class='ocrx_word' id='word_1_685' title='bbox 2586 3338 2720 3397; x_wconf 92' lang='lat' dir='ltr'><strong>tota,</strong></span> <span class='ocrx_word' id='word_1_686' title='bbox 2751 3339 2807 3387; x_wconf 90' lang='lat' dir='ltr'><strong>et</strong></span> <span class='ocrx_word' id='word_1_687' title='bbox 2833 3332 2949 3389; x_wconf 63' lang='lat' dir='ltr'><strong>ha&#39;c</strong></span> <span class='ocrx_word' id='word_1_688' title='bbox 2987 3341 3071 3390; x_wconf 89' lang='lat' dir='ltr'><strong>est</strong></span> <span class='ocrx_word' id='word_1_689' title='bbox 3108 3335 3287 3408; x_wconf 83' lang='lat' dir='ltr'><strong>imago</strong></span> <span class='ocrx_word' id='word_1_690' title='bbox 3314 3340 3539 3395; x_wconf 85' lang='lat' dir='ltr'><strong>unitatis</strong></span> 
     </span>
    </p>
   </div>
   <div class='ocr_carea' id='block_1_93' title="bbox 1945 3417 3540 3501">
    <p class='ocr_par' dir='ltr' id='par_1_93' title="bbox 1945 3417 3540 3501">
     <span class='ocr_line' id='line_1_93' title="bbox 1945 3417 3540 3501; baseline 0.009 -29"><span class='ocrx_word' id='word_1_691' title='bbox 1945 3417 2331 3488; x_wconf 76' lang='lat' dir='ltr'><strong>omnipotentis</strong></span> <span class='ocrx_word' id='word_1_692' title='bbox 2357 3420 2455 3476; x_wconf 91' lang='lat' dir='ltr'><strong>Dei</strong></span> <span class='ocrx_word' id='word_1_693' title='bbox 2475 3435 2635 3490; x_wconf 89' lang='lat' dir='ltr'><strong>quam</strong></span> <span class='ocrx_word' id='word_1_694' title='bbox 2664 3422 2844 3478; x_wconf 89' lang='lat' dir='ltr'><strong>anima</strong></span> <span class='ocrx_word' id='word_1_695' title='bbox 2866 3424 3031 3483; x_wconf 85' lang='lat' dir='ltr'><strong>habet</strong></span> <span class='ocrx_word' id='word_1_696' title='bbox 3059 3426 3114 3480; x_wconf 93' lang='lat' dir='ltr'><strong>in</strong></span> <span class='ocrx_word' id='word_1_697' title='bbox 3142 3442 3201 3483; x_wconf 87' lang='lat' dir='ltr'><strong>se</strong></span> <span class='ocrx_word' id='word_1_698' title='bbox 3225 3444 3240 3493; x_wconf 91' lang='lat'><strong>;</strong></span> <span class='ocrx_word' id='word_1_699' title='bbox 3263 3445 3386 3500; x_wconf 63' lang='lat' dir='ltr'><strong>qua</strong></span> <span class='ocrx_word' id='word_1_700' title='bbox 3403 3446 3540 3501; x_wconf 80' lang='lat' dir='ltr'><strong>quo-</strong></span> 
     </span>
    </p>
   </div>
   <div class='ocr_carea' id='block_1_94' title="bbox 1944 3510 3533 3591">
    <p class='ocr_par' dir='ltr' id='par_1_94' title="bbox 1944 3510 3533 3591">
     <span class='ocr_line' id='line_1_94' title="bbox 1944 3510 3533 3591; baseline 0.011 -30"><span class='ocrx_word' id='word_1_701' title='bbox 1944 3522 2051 3577; x_wconf 89' lang='lat' dir='ltr'><strong>que</strong></span> <span class='ocrx_word' id='word_1_702' title='bbox 2084 3510 2372 3579; x_wconf 90' lang='lat' dir='ltr'><strong>quamdam</strong></span> <span class='ocrx_word' id='word_1_703' title='bbox 2428 3520 2630 3567; x_wconf 75' lang='lat' dir='ltr'><strong>sanctte</strong></span> <span class='ocrx_word' id='word_1_704' title='bbox 2678 3511 2961 3571; x_wconf 91' lang='lat' dir='ltr'><strong>Trinitatis</strong></span> <span class='ocrx_word' id='word_1_705' title='bbox 3015 3516 3179 3573; x_wconf 87' lang='lat' dir='ltr'><strong>habet</strong></span> <span class='ocrx_word' id='word_1_706' title='bbox 3224 3519 3533 3591; x_wconf 90' lang='lat' dir='ltr'><strong>imaginem,</strong></span> 
     </span>
    </p>
   </div>
   <div class='ocr_carea' id='block_1_95' title="bbox 1941 3596 3536 3682">
    <p class='ocr_par' dir='ltr' id='par_1_95' title="bbox 1941 3596 3536 3682">
     <span class='ocr_line' id='line_1_95' title="bbox 1941 3596 3536 3682; baseline 0.012 -32"><span class='ocrx_word' id='word_1_707' title='bbox 1941 3596 2119 3667; x_wconf 88' lang='lat' dir='ltr'><strong>primo</strong></span> <span class='ocrx_word' id='word_1_708' title='bbox 2143 3597 2199 3653; x_wconf 88' lang='lat' dir='ltr'><strong>in</strong></span> <span class='ocrx_word' id='word_1_709' title='bbox 2229 3613 2317 3665; x_wconf 85' lang='lat' dir='ltr'><strong>eo,</strong></span> <span class='ocrx_word' id='word_1_710' title='bbox 2345 3601 2472 3670; x_wconf 86' lang='lat' dir='ltr'><strong>quia</strong></span> <span class='ocrx_word' id='word_1_711' title='bbox 2499 3601 2641 3657; x_wconf 87' lang='lat' dir='ltr'><strong>sicut</strong></span> <span class='ocrx_word' id='word_1_712' title='bbox 2671 3601 2814 3659; x_wconf 86' lang='lat' dir='ltr'><strong>Deus</strong></span> <span class='ocrx_word' id='word_1_713' title='bbox 2842 3613 2944 3672; x_wconf 86' lang='lat' dir='ltr'><strong>est,</strong></span> <span class='ocrx_word' id='word_1_714' title='bbox 2975 3606 3126 3671; x_wconf 87' lang='lat' dir='ltr'><strong>vivit,</strong></span> <span class='ocrx_word' id='word_1_715' title='bbox 3161 3619 3217 3665; x_wconf 89' lang='lat' dir='ltr'><strong>et</strong></span> <span class='ocrx_word' id='word_1_716' title='bbox 3245 3612 3405 3682; x_wconf 84' lang='lat' dir='ltr'><strong>sapit.</strong></span> <span class='ocrx_word' id='word_1_717' title='bbox 3435 3613 3536 3670; x_wconf 87' lang='lat' dir='ltr'><strong>Est</strong></span> 
     </span>
    </p>
   </div>
   <div class='ocr_carea' id='block_1_96' title="bbox 1942 3690 3533 3773">
    <p class='ocr_par' dir='ltr' id='par_1_96' title="bbox 1942 3690 3533 3773">
     <span class='ocr_line' id='line_1_96' title="bbox 1942 3690 3533 3773; baseline 0.011 -29"><span class='ocrx_word' id='word_1_718' title='bbox 1942 3703 2156 3760; x_wconf 88' lang='lat' dir='ltr'><strong>quoque</strong></span> <span class='ocrx_word' id='word_1_719' title='bbox 2181 3700 2238 3747; x_wconf 94' lang='lat' dir='ltr'><strong>et</strong></span> <span class='ocrx_word' id='word_1_720' title='bbox 2270 3690 2374 3748; x_wconf 77' lang='lat' dir='ltr'><strong>alia</strong></span> <span class='ocrx_word' id='word_1_721' title='bbox 2403 3692 2619 3751; x_wconf 86' lang='lat' dir='ltr'><strong>trinitas</strong></span> <span class='ocrx_word' id='word_1_722' title='bbox 2652 3693 2709 3750; x_wconf 89' lang='lat' dir='ltr'><strong>in</strong></span> <span class='ocrx_word' id='word_1_723' title='bbox 2736 3710 2821 3762; x_wconf 88' lang='lat' dir='ltr'><strong>ea,</strong></span> <span class='ocrx_word' id='word_1_724' title='bbox 2867 3712 2974 3769; x_wconf 88' lang='lat' dir='ltr'><strong>qua</strong></span> <span class='ocrx_word' id='word_1_725' title='bbox 3016 3701 3086 3755; x_wconf 90' lang='lat' dir='ltr'><strong>ad</strong></span> <span class='ocrx_word' id='word_1_726' title='bbox 3129 3701 3417 3773; x_wconf 84' lang='lat' dir='ltr'><strong>imaginem</strong></span> <span class='ocrx_word' id='word_1_727' title='bbox 3446 3707 3533 3762; x_wconf 87' lang='lat' dir='ltr'><strong>sui</strong></span> 
     </span>
    </p>
   </div>
   <div class='ocr_carea' id='block_1_97' title="bbox 1939 3780 3532 3854">
    <p class='ocr_par' dir='ltr' id='par_1_97' title="bbox 1939 3780 3532 3854">
     <span class='ocr_line' id='line_1_97' title="bbox 1939 3780 3532 3854; baseline 0.009 -19"><span class='ocrx_word' id='word_1_728' title='bbox 1939 3780 2235 3837; x_wconf 85' lang='lat' dir='ltr'><strong>conditoris</strong></span> <span class='ocrx_word' id='word_1_729' title='bbox 2288 3780 2544 3852; x_wconf 71' lang='lat' dir='ltr'><strong>perfectae</strong></span> <span class='ocrx_word' id='word_1_730' title='bbox 2598 3784 2819 3854; x_wconf 90' lang='lat' dir='ltr'><strong>quidem</strong></span> <span class='ocrx_word' id='word_1_731' title='bbox 2863 3794 2918 3842; x_wconf 88' lang='lat' dir='ltr'><strong>et</strong></span> <span class='ocrx_word' id='word_1_732' title='bbox 2970 3802 3196 3844; x_wconf 69' lang='lat' dir='ltr'><strong>summie</strong></span> <span class='ocrx_word' id='word_1_733' title='bbox 3249 3790 3532 3850; x_wconf 88' lang='lat' dir='ltr'><strong>Trinitatis</strong></span> 
     </span>
    </p>
   </div>
   <div class='ocr_carea' id='block_1_98' title="bbox 1940 3869 3532 3953">
    <p class='ocr_par' dir='ltr' id='par_1_98' title="bbox 1940 3869 3532 3953">
     <span class='ocr_line' id='line_1_98' title="bbox 1940 3869 3532 3953; baseline 0.009 -27"><span class='ocrx_word' id='word_1_734' title='bbox 1940 3869 2084 3943; x_wconf 70' lang='lat' dir='ltr'><strong>(qua:</strong></span> <span class='ocrx_word' id='word_1_735' title='bbox 2116 3880 2201 3928; x_wconf 89' lang='lat' dir='ltr'><strong>est</strong></span> <span class='ocrx_word' id='word_1_736' title='bbox 2227 3874 2283 3929; x_wconf 91' lang='lat' dir='ltr'><strong>in</strong></span> <span class='ocrx_word' id='word_1_737' title='bbox 2309 3874 2471 3931; x_wconf 81' lang='lat' dir='ltr'><strong>Patre</strong></span> <span class='ocrx_word' id='word_1_738' title='bbox 2494 3885 2551 3932; x_wconf 90' lang='lat' dir='ltr'><strong>et</strong></span> <span class='ocrx_word' id='word_1_739' title='bbox 2586 3876 2724 3933; x_wconf 86' lang='lat' dir='ltr'><strong>Filio</strong></span> <span class='ocrx_word' id='word_1_740' title='bbox 2743 3886 2800 3934; x_wconf 91' lang='lat' dir='ltr'><strong>et</strong></span> <span class='ocrx_word' id='word_1_741' title='bbox 2833 3876 3036 3948; x_wconf 90' lang='lat' dir='ltr'><strong>Spiritu</strong></span> <span class='ocrx_word' id='word_1_742' title='bbox 3065 3880 3275 3953; x_wconf 85' lang='lat' dir='ltr'><strong>sancto)</strong></span> <span class='ocrx_word' id='word_1_743' title='bbox 3313 3884 3532 3940; x_wconf 84' lang='lat' dir='ltr'><strong>condita</strong></span> 
     </span>
    </p>
   </div>
   <div class='ocr_carea' id='block_1_99' title="bbox 1938 3962 3531 4035">
    <p class='ocr_par' dir='ltr' id='par_1_99' title="bbox 1938 3962 3531 4035">
     <span class='ocr_line' id='line_1_99' title="bbox 1938 3962 3531 4035; baseline 0.008 -18"><span class='ocrx_word' id='word_1_744' title='bbox 1938 3970 2059 4028; x_wconf 90' lang='lat' dir='ltr'><strong>est;</strong></span> <span class='ocrx_word' id='word_1_745' title='bbox 2089 3970 2144 4017; x_wconf 90' lang='lat' dir='ltr'><strong>et</strong></span> <span class='ocrx_word' id='word_1_746' title='bbox 2189 3962 2318 4020; x_wconf 90' lang='lat' dir='ltr'><strong>licet</strong></span> <span class='ocrx_word' id='word_1_747' title='bbox 2338 3966 2498 4021; x_wconf 90' lang='lat' dir='ltr'><strong>unius</strong></span> <span class='ocrx_word' id='word_1_748' title='bbox 2520 3966 2595 4022; x_wconf 89' lang='lat' dir='ltr'><strong>sit</strong></span> <span class='ocrx_word' id='word_1_749' title='bbox 2640 3967 2730 4022; x_wconf 88' lang='lat' dir='ltr'><strong>illa</strong></span> <span class='ocrx_word' id='word_1_750' title='bbox 2753 3977 2981 4035; x_wconf 65' lang='lat' dir='ltr'><strong>naturas,</strong></span> <span class='ocrx_word' id='word_1_751' title='bbox 3028 3977 3140 4027; x_wconf 89' lang='lat' dir='ltr'><strong>tres</strong></span> <span class='ocrx_word' id='word_1_752' title='bbox 3168 3979 3349 4031; x_wconf 83' lang='lat' dir='ltr'><strong>tamen</strong></span> <span class='ocrx_word' id='word_1_753' title='bbox 3376 3973 3433 4031; x_wconf 92' lang='lat' dir='ltr'><strong>in</strong></span> <span class='ocrx_word' id='word_1_754' title='bbox 3470 3990 3531 4030; x_wconf 91' lang='lat' dir='ltr'><strong>se</strong></span> 
     </span>
    </p>
   </div>
   <div class='ocr_carea' id='block_1_100' title="bbox 1937 4050 3532 4127">
    <p class='ocr_par' dir='ltr' id='par_1_100' title="bbox 1937 4050 3532 4127">
     <span class='ocr_line' id='line_1_100' title="bbox 1937 4050 3532 4127; baseline 0.01 -23"><span class='ocrx_word' id='word_1_755' title='bbox 1937 4050 2227 4123; x_wconf 84' lang='lat' dir='ltr'><strong>dignitates</strong></span> <span class='ocrx_word' id='word_1_756' title='bbox 2267 4053 2447 4120; x_wconf 87' lang='lat' dir='ltr'><strong>habet,</strong></span> <span class='ocrx_word' id='word_1_757' title='bbox 2491 4069 2686 4126; x_wconf 90' lang='lat' dir='ltr'><strong>nempe</strong></span> <span class='ocrx_word' id='word_1_758' title='bbox 2725 4056 3077 4127; x_wconf 90' lang='lat' dir='ltr'><strong>intellectum,</strong></span> <span class='ocrx_word' id='word_1_759' title='bbox 3120 4060 3451 4119; x_wconf 84' lang='lat' dir='ltr'><strong>voluntatem</strong></span> <span class='ocrx_word' id='word_1_760' title='bbox 3475 4073 3532 4120; x_wconf 82' lang='lat' dir='ltr'><strong>et</strong></span> 
     </span>
    </p>
   </div>
   <div class='ocr_carea' id='block_1_101' title="bbox 1937 4141 3528 4218">
    <p class='ocr_par' dir='ltr' id='par_1_101' title="bbox 1937 4141 3528 4218">
     <span class='ocr_line' id='line_1_101' title="bbox 1937 4141 3528 4218; baseline 0.009 -23"><span class='ocrx_word' id='word_1_761' title='bbox 1937 4141 2277 4207; x_wconf 81' lang='lat' dir='ltr'><strong>memoriam,</strong></span> <span class='ocrx_word' id='word_1_762' title='bbox 2314 4144 2458 4213; x_wconf 88' lang='lat' dir='ltr'><strong>quod</strong></span> <span class='ocrx_word' id='word_1_763' title='bbox 2484 4144 2647 4211; x_wconf 92' lang='lat' dir='ltr'><strong>idem,</strong></span> <span class='ocrx_word' id='word_1_764' title='bbox 2698 4145 2825 4202; x_wconf 88' lang='lat' dir='ltr'><strong>licet</strong></span> <span class='ocrx_word' id='word_1_765' title='bbox 2854 4147 2974 4205; x_wconf 89' lang='lat' dir='ltr'><strong>aliis</strong></span> <span class='ocrx_word' id='word_1_766' title='bbox 3015 4150 3213 4218; x_wconf 85' lang='lat' dir='ltr'><strong>verbis,</strong></span> <span class='ocrx_word' id='word_1_767' title='bbox 3268 4152 3323 4207; x_wconf 92' lang='lat' dir='ltr'><strong>in</strong></span> <span class='ocrx_word' id='word_1_768' title='bbox 3350 4152 3528 4209; x_wconf 87' lang='lat' dir='ltr'><strong>Evan-</strong></span> 
     </span>
    </p>
   </div>
   <div class='ocr_carea' id='block_1_102' title="bbox 1935 4230 3524 4310">
    <p class='ocr_par' dir='ltr' id='par_1_102' title="bbox 1935 4230 3524 4310">
     <span class='ocr_line' id='line_1_102' title="bbox 1935 4230 3524 4310; baseline 0.008 -24"><span class='ocrx_word' id='word_1_769' title='bbox 1935 4230 2076 4300; x_wconf 84' lang='lat' dir='ltr'><strong>gelio</strong></span> <span class='ocrx_word' id='word_1_770' title='bbox 2105 4231 2422 4303; x_wconf 86' lang='lat' dir='ltr'><strong>designatur</strong></span> <span class='ocrx_word' id='word_1_771' title='bbox 2467 4235 2592 4290; x_wconf 89' lang='lat' dir='ltr'><strong>dum</strong></span> <span class='ocrx_word' id='word_1_772' title='bbox 2643 4235 2841 4292; x_wconf 90' lang='lat' dir='ltr'><strong>dicitur</strong></span> <span class='ocrx_word' id='word_1_773' title='bbox 2868 4255 2882 4293; x_wconf 90' lang='lat'><strong>:</strong></span> <span class='ocrx_word' id='word_1_774' title='bbox 2913 4256 2932 4290; x_wconf 75' lang='grc' dir='ltr'>ι</span> <span class='ocrx_word' id='word_1_775' title='bbox 2986 4238 3187 4310; x_wconf 90' lang='lat' dir='ltr'><strong>Diliges</strong></span> <span class='ocrx_word' id='word_1_776' title='bbox 3231 4241 3524 4299; x_wconf 85' lang='lat' dir='ltr'><strong>Dominum</strong></span> 
     </span>
    </p>
   </div>
   <div class='ocr_carea' id='block_1_103' title="bbox 1934 4321 3524 4403">
    <p class='ocr_par' dir='ltr' id='par_1_103' title="bbox 1934 4321 3524 4403">
     <span class='ocr_line' id='line_1_103' title="bbox 1934 4321 3524 4403; baseline 0.009 -27"><span class='ocrx_word' id='word_1_777' title='bbox 1934 4321 2107 4377; x_wconf 91' lang='lat' dir='ltr'><strong>Deum</strong></span> <span class='ocrx_word' id='word_1_778' title='bbox 2144 4330 2294 4378; x_wconf 90' lang='lat' dir='ltr'><strong>tuum</strong></span> <span class='ocrx_word' id='word_1_779' title='bbox 2322 4340 2390 4379; x_wconf 81' lang='lat' dir='ltr'><strong>ex</strong></span> <span class='ocrx_word' id='word_1_780' title='bbox 2420 4333 2529 4382; x_wconf 92' lang='lat' dir='ltr'><strong>toto</strong></span> <span class='ocrx_word' id='word_1_781' title='bbox 2554 4327 2717 4383; x_wconf 91' lang='lat' dir='ltr'><strong>corde</strong></span> <span class='ocrx_word' id='word_1_782' title='bbox 2745 4336 2854 4395; x_wconf 89' lang='lat' dir='ltr'><strong>tuo,</strong></span> <span class='ocrx_word' id='word_1_783' title='bbox 2883 4338 2940 4385; x_wconf 91' lang='lat' dir='ltr'><strong>et</strong></span> <span class='ocrx_word' id='word_1_784' title='bbox 2969 4345 3038 4386; x_wconf 83' lang='lat' dir='ltr'><strong>ex</strong></span> <span class='ocrx_word' id='word_1_785' title='bbox 3062 4340 3171 4387; x_wconf 89' lang='lat' dir='ltr'><strong>tota</strong></span> <span class='ocrx_word' id='word_1_786' title='bbox 3205 4333 3385 4389; x_wconf 88' lang='lat' dir='ltr'><strong>anima</strong></span> <span class='ocrx_word' id='word_1_787' title='bbox 3410 4343 3524 4403; x_wconf 84' lang='lat' dir='ltr'><strong>tua,</strong></span> 
     </span>
    </p>
   </div>
   <div class='ocr_carea' id='block_1_104' title="bbox 1933 4417 3527 4492">
    <p class='ocr_par' dir='ltr' id='par_1_104' title="bbox 1933 4417 3527 4492">
     <span class='ocr_line' id='line_1_104' title="bbox 1933 4417 3527 4492; baseline 0.011 -26"><span class='ocrx_word' id='word_1_788' title='bbox 1933 4420 2075 4467; x_wconf 80' lang='lat' dir='ltr'><strong>etex</strong></span> <span class='ocrx_word' id='word_1_789' title='bbox 2107 4421 2217 4469; x_wconf 91' lang='lat' dir='ltr'><strong>tota</strong></span> <span class='ocrx_word' id='word_1_790' title='bbox 2245 4423 2427 4471; x_wconf 89' lang='lat' dir='ltr'><strong>mente</strong></span> <span class='ocrx_word' id='word_1_791' title='bbox 2462 4423 2554 4471; x_wconf 90' lang='lat' dir='ltr'><strong>tua</strong></span> <span class='ocrx_word' id='word_1_792' title='bbox 2576 4417 2792 4486; x_wconf 74' lang='lat' dir='ltr'><strong>(Matth.</strong></span> <span class='ocrx_word' id='word_1_793' title='bbox 2817 4420 2954 4492; x_wconf 65' lang='grc' dir='ltr'><strong>χιιι)</strong></span> <span class='ocrx_word' id='word_1_794' title='bbox 2987 4438 3002 4488; x_wconf 88' lang='lat'><strong>;</strong></span> <span class='ocrx_word' id='word_1_795' title='bbox 3031 4443 3052 4475; x_wconf 75' lang='grc' dir='ltr'><strong><em>ι</em></strong></span> <span class='ocrx_word' id='word_1_796' title='bbox 3104 4423 3156 4479; x_wconf 89' lang='lat' dir='ltr'><strong>id</strong></span> <span class='ocrx_word' id='word_1_797' title='bbox 3185 4433 3283 4489; x_wconf 88' lang='lat' dir='ltr'><strong>est,</strong></span> <span class='ocrx_word' id='word_1_798' title='bbox 3317 4440 3386 4481; x_wconf 83' lang='lat' dir='ltr'><strong>ex</strong></span> <span class='ocrx_word' id='word_1_799' title='bbox 3414 4434 3527 4485; x_wconf 87' lang='lat' dir='ltr'><strong>toto</strong></span> 
     </span>
    </p>
   </div>
   <div class='ocr_carea' id='block_1_105' title="bbox 1934 4501 3522 4575">
    <p class='ocr_par' dir='ltr' id='par_1_105' title="bbox 1934 4501 3522 4575">
     <span class='ocr_line' id='line_1_105' title="bbox 1934 4501 3522 4575; baseline 0.01 -18"><span class='ocrx_word' id='word_1_800' title='bbox 1934 4501 2225 4567; x_wconf 83' lang='lat' dir='ltr'><strong>intellectu,</strong></span> <span class='ocrx_word' id='word_1_801' title='bbox 2248 4512 2303 4560; x_wconf 91' lang='lat' dir='ltr'><strong>et</strong></span> <span class='ocrx_word' id='word_1_802' title='bbox 2324 4520 2392 4559; x_wconf 82' lang='lat' dir='ltr'><strong>ex</strong></span> <span class='ocrx_word' id='word_1_803' title='bbox 2416 4512 2529 4561; x_wconf 88' lang='lat' dir='ltr'><strong>tota</strong></span> <span class='ocrx_word' id='word_1_804' title='bbox 2548 4506 2844 4575; x_wconf 89' lang='lat' dir='ltr'><strong>voluntate,</strong></span> <span class='ocrx_word' id='word_1_805' title='bbox 2865 4517 2921 4565; x_wconf 93' lang='lat' dir='ltr'><strong>et</strong></span> <span class='ocrx_word' id='word_1_806' title='bbox 2942 4519 3054 4566; x_wconf 88' lang='lat' dir='ltr'><strong>tota</strong></span> <span class='ocrx_word' id='word_1_807' title='bbox 3080 4514 3360 4570; x_wconf 90' lang='lat' dir='ltr'><strong>memoria.</strong></span> <span class='ocrx_word' id='word_1_808' title='bbox 3385 4516 3522 4573; x_wconf 87' lang='lat' dir='ltr'><strong>Nam</strong></span> 
     </span>
    </p>
   </div>
   <div class='ocr_carea' id='block_1_106' title="bbox 1857 4571 3526 4680">
    <p class='ocr_par' dir='ltr' id='par_1_106' title="bbox 1857 4571 3526 4680">
     <span class='ocr_line' id='line_1_106' title="bbox 1857 4571 3526 4680; baseline 0.011 -33"><span class='ocrx_word' id='word_1_809' title='bbox 1857 4571 1910 4630; x_wconf 82' lang='lat' dir='ltr'><strong>D</strong></span> <span class='ocrx_word' id='word_1_810' title='bbox 1937 4592 2077 4648; x_wconf 90' lang='lat' dir='ltr'><strong>sicut</strong></span> <span class='ocrx_word' id='word_1_811' title='bbox 2107 4609 2172 4648; x_wconf 73' lang='lat' dir='ltr'><strong>ex</strong></span> <span class='ocrx_word' id='word_1_812' title='bbox 2204 4593 2365 4651; x_wconf 90' lang='lat' dir='ltr'><strong>Patre</strong></span> <span class='ocrx_word' id='word_1_813' title='bbox 2411 4606 2701 4669; x_wconf 85' lang='lat' dir='ltr'><strong>generatur</strong></span> <span class='ocrx_word' id='word_1_814' title='bbox 2737 4571 2923 4668; x_wconf 82' lang='lat' dir='ltr'><strong>Filius,</strong></span> <span class='ocrx_word' id='word_1_815' title='bbox 2972 4617 3038 4658; x_wconf 85' lang='lat' dir='ltr'><strong>ex</strong></span> <span class='ocrx_word' id='word_1_816' title='bbox 3087 4604 3250 4661; x_wconf 87' lang='lat' dir='ltr'><strong>Patre</strong></span> <span class='ocrx_word' id='word_1_817' title='bbox 3279 4571 3526 4680; x_wconf 73' lang='lat' dir='ltr'><strong>Filioque</strong></span> 
     </span>
    </p>
   </div>
   <div class='ocr_carea' id='block_1_107' title="bbox 1936 4685 3525 4768">
    <p class='ocr_par' dir='ltr' id='par_1_107' title="bbox 1936 4685 3525 4768">
     <span class='ocr_line' id='line_1_107' title="bbox 1936 4685 3525 4768; baseline 0.01 -30"><span class='ocrx_word' id='word_1_818' title='bbox 1936 4686 2178 4755; x_wconf 77' lang='lat' dir='ltr'><strong>procedit</strong></span> <span class='ocrx_word' id='word_1_819' title='bbox 2200 4685 2433 4756; x_wconf 89' lang='lat' dir='ltr'><strong>Spiritus</strong></span> <span class='ocrx_word' id='word_1_820' title='bbox 2471 4698 2714 4757; x_wconf 87' lang='lat' dir='ltr'><strong>sanctus,</strong></span> <span class='ocrx_word' id='word_1_821' title='bbox 2739 4691 2816 4747; x_wconf 89' lang='lat' dir='ltr'><strong>ita</strong></span> <span class='ocrx_word' id='word_1_822' title='bbox 2839 4708 2907 4749; x_wconf 80' lang='lat' dir='ltr'><strong>ex</strong></span> <span class='ocrx_word' id='word_1_823' title='bbox 2934 4694 3210 4751; x_wconf 89' lang='lat' dir='ltr'><strong>intellectu</strong></span> <span class='ocrx_word' id='word_1_824' title='bbox 3235 4708 3525 4768; x_wconf 90' lang='lat' dir='ltr'><strong>generatur</strong></span> 
     </span>
    </p>
   </div>
   <div class='ocr_carea' id='block_1_108' title="bbox 1935 4777 3518 4856">
    <p class='ocr_par' dir='ltr' id='par_1_108' title="bbox 1935 4777 3518 4856">
     <span class='ocr_line' id='line_1_108' title="bbox 1935 4777 3518 4856; baseline 0.009 -25"><span class='ocrx_word' id='word_1_825' title='bbox 1935 4777 2203 4846; x_wconf 85' lang='lat' dir='ltr'><strong>voluntas,</strong></span> <span class='ocrx_word' id='word_1_826' title='bbox 2234 4787 2289 4835; x_wconf 88' lang='lat' dir='ltr'><strong>et</strong></span> <span class='ocrx_word' id='word_1_827' title='bbox 2314 4797 2380 4836; x_wconf 79' lang='lat' dir='ltr'><strong>ex</strong></span> <span class='ocrx_word' id='word_1_828' title='bbox 2413 4782 2502 4837; x_wconf 88' lang='lat' dir='ltr'><strong>his</strong></span> <span class='ocrx_word' id='word_1_829' title='bbox 2539 4782 2615 4837; x_wconf 87' lang='lat' dir='ltr'><strong>ita</strong></span> <span class='ocrx_word' id='word_1_830' title='bbox 2643 4783 2904 4841; x_wconf 88' lang='lat' dir='ltr'><strong>ambobus</strong></span> <span class='ocrx_word' id='word_1_831' title='bbox 2929 4788 3174 4856; x_wconf 85' lang='lat' dir='ltr'><strong>procedit</strong></span> <span class='ocrx_word' id='word_1_832' title='bbox 3218 4791 3518 4845; x_wconf 87' lang='lat' dir='ltr'><strong>memoria:</strong></span> 
     </span>
    </p>
   </div>
   <div class='ocr_carea' id='block_1_109' title="bbox 1933 4868 3524 4948">
    <p class='ocr_par' dir='ltr' id='par_1_109' title="bbox 1933 4868 3524 4948">
     <span class='ocr_line' id='line_1_109' title="bbox 1933 4868 3524 4948; baseline 0.008 -24"><span class='ocrx_word' id='word_1_833' title='bbox 1933 4869 2076 4925; x_wconf 89' lang='lat' dir='ltr'><strong>sicut</strong></span> <span class='ocrx_word' id='word_1_834' title='bbox 2102 4868 2259 4926; x_wconf 84' lang='lat' dir='ltr'><strong>facile</strong></span> <span class='ocrx_word' id='word_1_835' title='bbox 2285 4887 2317 4925; x_wconf 89' lang='lat' dir='ltr'><strong>a</strong></span> <span class='ocrx_word' id='word_1_836' title='bbox 2360 4873 2604 4942; x_wconf 84' lang='lat' dir='ltr'><strong>sapiente</strong></span> <span class='ocrx_word' id='word_1_837' title='bbox 2628 4874 2869 4944; x_wconf 88' lang='lat' dir='ltr'><strong>quolibet</strong></span> <span class='ocrx_word' id='word_1_838' title='bbox 2910 4875 3134 4948; x_wconf 89' lang='lat' dir='ltr'><strong>intelligi</strong></span> <span class='ocrx_word' id='word_1_839' title='bbox 3172 4886 3371 4948; x_wconf 91' lang='lat' dir='ltr'><strong>potest.</strong></span> <span class='ocrx_word' id='word_1_840' title='bbox 3412 4879 3524 4936; x_wconf 87' lang='lat' dir='ltr'><strong>Nec</strong></span> 
     </span>
    </p>
   </div>
   <div class='ocr_carea' id='block_1_110' title="bbox 1931 4961 3523 5038">
    <p class='ocr_par' dir='ltr' id='par_1_110' title="bbox 1931 4961 3523 5038">
     <span class='ocr_line' id='line_1_110' title="bbox 1931 4961 3523 5038; baseline 0.009 -24"><span class='ocrx_word' id='word_1_841' title='bbox 1931 4961 2077 5015; x_wconf 89' lang='lat' dir='ltr'><strong>enim</strong></span> <span class='ocrx_word' id='word_1_842' title='bbox 2098 4962 2274 5018; x_wconf 89' lang='lat' dir='ltr'><strong>anima</strong></span> <span class='ocrx_word' id='word_1_843' title='bbox 2310 4962 2546 5032; x_wconf 85' lang='lat' dir='ltr'><strong>perfecta</strong></span> <span class='ocrx_word' id='word_1_844' title='bbox 2574 4974 2755 5035; x_wconf 90' lang='lat' dir='ltr'><strong>potest</strong></span> <span class='ocrx_word' id='word_1_845' title='bbox 2779 4981 2898 5023; x_wconf 87' lang='lat' dir='ltr'><strong>esse</strong></span> <span class='ocrx_word' id='word_1_846' title='bbox 2926 4968 3045 5031; x_wconf 83' lang='lat' dir='ltr'><strong>sine</strong></span> <span class='ocrx_word' id='word_1_847' title='bbox 3074 4969 3159 5025; x_wconf 91' lang='lat' dir='ltr'><strong>his</strong></span> <span class='ocrx_word' id='word_1_848' title='bbox 3194 4971 3390 5038; x_wconf 89' lang='lat' dir='ltr'><strong>tribus,</strong></span> <span class='ocrx_word' id='word_1_849' title='bbox 3420 4987 3523 5029; x_wconf 89' lang='lat' dir='ltr'><strong>nec</strong></span> 
     </span>
    </p>
   </div>
   <div class='ocr_carea' id='block_1_111' title="bbox 1935 5053 3522 5134">
    <p class='ocr_par' dir='ltr' id='par_1_111' title="bbox 1935 5053 3522 5134">
     <span class='ocr_line' id='line_1_111' title="bbox 1935 5053 3522 5134; baseline 0.009 -29"><span class='ocrx_word' id='word_1_850' title='bbox 1935 5053 2129 5107; x_wconf 90' lang='lat' dir='ltr'><strong>horum</strong></span> <span class='ocrx_word' id='word_1_851' title='bbox 2157 5053 2319 5109; x_wconf 90' lang='lat' dir='ltr'><strong>trium</strong></span> <span class='ocrx_word' id='word_1_852' title='bbox 2360 5071 2527 5111; x_wconf 91' lang='lat' dir='ltr'><strong>unum</strong></span> <span class='ocrx_word' id='word_1_853' title='bbox 2553 5055 2768 5126; x_wconf 85' lang='lat' dir='ltr'><strong>aliquod</strong></span> <span class='ocrx_word' id='word_1_854' title='bbox 2806 5057 3086 5130; x_wconf 89' lang='lat' dir='ltr'><strong>(quantum</strong></span> <span class='ocrx_word' id='word_1_855' title='bbox 3117 5062 3185 5117; x_wconf 80' lang='lat' dir='ltr'><strong>ad</strong></span> <span class='ocrx_word' id='word_1_856' title='bbox 3214 5078 3366 5119; x_wconf 87' lang='lat' dir='ltr'><strong>suam</strong></span> <span class='ocrx_word' id='word_1_857' title='bbox 3391 5079 3522 5134; x_wconf 87' lang='lat' dir='ltr'><strong>per-</strong></span> 
     </span>
    </p>
   </div>
   <div class='ocr_carea' id='block_1_112' title="bbox 1933 5145 3521 5228">
    <p class='ocr_par' dir='ltr' id='par_1_112' title="bbox 1933 5145 3521 5228">
     <span class='ocr_line' id='line_1_112' title="bbox 1933 5145 3521 5228; baseline 0.012 -31"><span class='ocrx_word' id='word_1_858' title='bbox 1933 5145 2069 5200; x_wconf 92' lang='lat' dir='ltr'><strong>tinet</strong></span> <span class='ocrx_word' id='word_1_859' title='bbox 2092 5145 2499 5221; x_wconf 89' lang='lat' dir='ltr'><strong>beatitudinem)</strong></span> <span class='ocrx_word' id='word_1_860' title='bbox 2527 5149 2643 5205; x_wconf 91' lang='lat' dir='ltr'><strong>sine</strong></span> <span class='ocrx_word' id='word_1_861' title='bbox 2687 5151 2808 5207; x_wconf 90' lang='lat' dir='ltr'><strong>aliis</strong></span> <span class='ocrx_word' id='word_1_862' title='bbox 2856 5153 3065 5210; x_wconf 89' lang='lat' dir='ltr'><strong>duobus</strong></span> <span class='ocrx_word' id='word_1_863' title='bbox 3093 5155 3360 5228; x_wconf 86' lang='lat' dir='ltr'><strong>integrum</strong></span> <span class='ocrx_word' id='word_1_864' title='bbox 3386 5174 3521 5216; x_wconf 90' lang='lat' dir='ltr'><strong>con-</strong></span> 
     </span>
    </p>
   </div>
   <div class='ocr_carea' id='block_1_113' title="bbox 1932 5237 3518 5318">
    <p class='ocr_par' dir='ltr' id='par_1_113' title="bbox 1932 5237 3518 5318">
     <span class='ocr_line' id='line_1_113' title="bbox 1932 5237 3518 5318; baseline 0.008 -28"><span class='ocrx_word' id='word_1_865' title='bbox 1932 5244 2077 5302; x_wconf 88' lang='lat' dir='ltr'><strong>stat;</strong></span> <span class='ocrx_word' id='word_1_866' title='bbox 2107 5244 2164 5292; x_wconf 85' lang='lat' dir='ltr'><strong>et</strong></span> <span class='ocrx_word' id='word_1_867' title='bbox 2191 5237 2332 5293; x_wconf 89' lang='lat' dir='ltr'><strong>sicut</strong></span> <span class='ocrx_word' id='word_1_868' title='bbox 2356 5237 2500 5297; x_wconf 90' lang='lat' dir='ltr'><strong>Deus</strong></span> <span class='ocrx_word' id='word_1_869' title='bbox 2546 5239 2728 5307; x_wconf 89' lang='lat' dir='ltr'><strong>Pater,</strong></span> <span class='ocrx_word' id='word_1_870' title='bbox 2759 5244 2903 5303; x_wconf 90' lang='lat' dir='ltr'><strong>Deus</strong></span> <span class='ocrx_word' id='word_1_871' title='bbox 2944 5244 3139 5311; x_wconf 85' lang='lat' dir='ltr'><strong>Filius,</strong></span> <span class='ocrx_word' id='word_1_872' title='bbox 3171 5245 3313 5305; x_wconf 84' lang='lat' dir='ltr'><strong>Deus</strong></span> <span class='ocrx_word' id='word_1_873' title='bbox 3343 5246 3518 5318; x_wconf 85' lang='lat' dir='ltr'><strong>Spiri-</strong></span> 
     </span>
    </p>
   </div>
   <div class='ocr_carea' id='block_1_114' title="bbox 1933 5336 3520 5404">
    <p class='ocr_par' dir='ltr' id='par_1_114' title="bbox 1933 5336 3520 5404">
     <span class='ocr_line' id='line_1_114' title="bbox 1933 5336 3520 5404; baseline 0.008 -22"><span class='ocrx_word' id='word_1_874' title='bbox 1933 5338 2020 5384; x_wconf 87' lang='lat' dir='ltr'><strong>tus</strong></span> <span class='ocrx_word' id='word_1_875' title='bbox 2044 5336 2264 5386; x_wconf 87' lang='lat' dir='ltr'><strong>sanctus</strong></span> <span class='ocrx_word' id='word_1_876' title='bbox 2287 5339 2391 5396; x_wconf 89' lang='lat' dir='ltr'><strong>est,</strong></span> <span class='ocrx_word' id='word_1_877' title='bbox 2435 5347 2542 5389; x_wconf 90' lang='lat' dir='ltr'><strong>non</strong></span> <span class='ocrx_word' id='word_1_878' title='bbox 2587 5341 2766 5395; x_wconf 85' lang='lat' dir='ltr'><strong>tamen</strong></span> <span class='ocrx_word' id='word_1_879' title='bbox 2815 5345 2926 5393; x_wconf 86' lang='lat' dir='ltr'><strong>tres</strong></span> <span class='ocrx_word' id='word_1_880' title='bbox 2968 5337 3052 5393; x_wconf 90' lang='lat' dir='ltr'><strong>Dii</strong></span> <span class='ocrx_word' id='word_1_881' title='bbox 3083 5346 3229 5404; x_wconf 87' lang='lat' dir='ltr'><strong>sunt,</strong></span> <span class='ocrx_word' id='word_1_882' title='bbox 3259 5340 3354 5394; x_wconf 88' lang='lat' dir='ltr'><strong>sed</strong></span> <span class='ocrx_word' id='word_1_883' title='bbox 3381 5353 3520 5394; x_wconf 90' lang='lat' dir='ltr'><strong>unus</strong></span> 
     </span>
    </p>
   </div>
   <div class='ocr_carea' id='block_1_115' title="bbox 1929 5418 3514 5493">
    <p class='ocr_par' dir='ltr' id='par_1_115' title="bbox 1929 5418 3514 5493">
     <span class='ocr_line' id='line_1_115' title="bbox 1929 5418 3514 5493; baseline 0.007 -19"><span class='ocrx_word' id='word_1_884' title='bbox 1929 5418 2093 5486; x_wconf 90' lang='lat' dir='ltr'><strong>Deus,</strong></span> <span class='ocrx_word' id='word_1_885' title='bbox 2124 5428 2238 5476; x_wconf 89' lang='lat' dir='ltr'><strong>tres</strong></span> <span class='ocrx_word' id='word_1_886' title='bbox 2257 5421 2463 5479; x_wconf 87' lang='lat' dir='ltr'><strong>habens</strong></span> <span class='ocrx_word' id='word_1_887' title='bbox 2484 5438 2768 5493; x_wconf 88' lang='lat' dir='ltr'><strong>personas,</strong></span> <span class='ocrx_word' id='word_1_888' title='bbox 2798 5426 2875 5481; x_wconf 89' lang='lat' dir='ltr'><strong>ita</strong></span> <span class='ocrx_word' id='word_1_889' title='bbox 2895 5435 2949 5483; x_wconf 93' lang='lat' dir='ltr'><strong>et</strong></span> <span class='ocrx_word' id='word_1_890' title='bbox 2986 5427 3166 5483; x_wconf 86' lang='lat' dir='ltr'><strong>anima</strong></span> <span class='ocrx_word' id='word_1_891' title='bbox 3192 5427 3514 5487; x_wconf 82' lang='lat' dir='ltr'><strong>intellectus.</strong></span> 
     </span>
    </p>
   </div>
   <div class='ocr_carea' id='block_1_116' title="bbox 1931 5512 3518 5582">
    <p class='ocr_par' dir='ltr' id='par_1_116' title="bbox 1931 5512 3518 5582">
     <span class='ocr_line' id='line_1_116' title="bbox 1931 5512 3518 5582; baseline 0.002 -16"><span class='ocrx_word' id='word_1_892' title='bbox 1931 5512 2109 5567; x_wconf 90' lang='lat' dir='ltr'><strong>anima</strong></span> <span class='ocrx_word' id='word_1_893' title='bbox 2160 5512 2429 5579; x_wconf 88' lang='lat' dir='ltr'><strong>voluntas,</strong></span> <span class='ocrx_word' id='word_1_894' title='bbox 2469 5514 2653 5570; x_wconf 87' lang='lat' dir='ltr'><strong>anima</strong></span> <span class='ocrx_word' id='word_1_895' title='bbox 2700 5517 2980 5582; x_wconf 89' lang='lat' dir='ltr'><strong>memoria,</strong></span> <span class='ocrx_word' id='word_1_896' title='bbox 3030 5532 3137 5572; x_wconf 89' lang='lat' dir='ltr'><strong>non</strong></span> <span class='ocrx_word' id='word_1_897' title='bbox 3185 5524 3363 5572; x_wconf 86' lang='lat' dir='ltr'><strong>tamen</strong></span> <span class='ocrx_word' id='word_1_898' title='bbox 3408 5522 3518 5569; x_wconf 83' lang='lat' dir='ltr'><strong>tres</strong></span> 
     </span>
    </p>
   </div>
   <div class='ocr_carea' id='block_1_117' title="bbox 1931 5601 3517 5674">
    <p class='ocr_par' dir='ltr' id='par_1_117' title="bbox 1931 5601 3517 5674">
     <span class='ocr_line' id='line_1_117' title="bbox 1931 5601 3517 5674; baseline 0.002 -18"><span class='ocrx_word' id='word_1_899' title='bbox 1931 5601 2122 5657; x_wconf 64' lang='lat' dir='ltr'><strong>anima:</strong></span> <span class='ocrx_word' id='word_1_900' title='bbox 2145 5603 2199 5657; x_wconf 93' lang='lat' dir='ltr'><strong>in</strong></span> <span class='ocrx_word' id='word_1_901' title='bbox 2224 5617 2334 5658; x_wconf 89' lang='lat' dir='ltr'><strong>uno</strong></span> <span class='ocrx_word' id='word_1_902' title='bbox 2357 5617 2605 5674; x_wconf 83' lang='lat' dir='ltr'><strong>corpore,</strong></span> <span class='ocrx_word' id='word_1_903' title='bbox 2655 5605 2749 5663; x_wconf 85' lang='lat' dir='ltr'><strong>sed</strong></span> <span class='ocrx_word' id='word_1_904' title='bbox 2780 5621 2886 5663; x_wconf 87' lang='lat' dir='ltr'><strong>una</strong></span> <span class='ocrx_word' id='word_1_905' title='bbox 2928 5606 3109 5668; x_wconf 83' lang='lat' dir='ltr'><strong>anima</strong></span> <span class='ocrx_word' id='word_1_906' title='bbox 3154 5613 3266 5660; x_wconf 86' lang='lat' dir='ltr'><strong>tres</strong></span> <span class='ocrx_word' id='word_1_907' title='bbox 3310 5604 3517 5660; x_wconf 84' lang='lat' dir='ltr'><strong>habens</strong></span> 
     </span>
    </p>
   </div>
   <div class='ocr_carea' id='block_1_118' title="bbox 1929 5690 3512 5763">
    <p class='ocr_par' dir='ltr' id='par_1_118' title="bbox 1929 5690 3512 5763">
     <span class='ocr_line' id='line_1_118' title="bbox 1929 5690 3512 5763; baseline 0.001 -17"><span class='ocrx_word' id='word_1_908' title='bbox 1929 5692 2235 5761; x_wconf 87' lang='lat' dir='ltr'><strong>dignitates,</strong></span> <span class='ocrx_word' id='word_1_909' title='bbox 2267 5701 2431 5763; x_wconf 86' lang='lat' dir='ltr'><strong>atque</strong></span> <span class='ocrx_word' id='word_1_910' title='bbox 2460 5694 2514 5749; x_wconf 86' lang='lat' dir='ltr'><strong>in</strong></span> <span class='ocrx_word' id='word_1_911' title='bbox 2544 5695 2629 5751; x_wconf 86' lang='lat' dir='ltr'><strong>his</strong></span> <span class='ocrx_word' id='word_1_912' title='bbox 2656 5695 2826 5755; x_wconf 80' lang='lat' dir='ltr'><strong>tribus</strong></span> <span class='ocrx_word' id='word_1_913' title='bbox 2853 5694 2970 5762; x_wconf 86' lang='lat' dir='ltr'><strong>ejus</strong></span> <span class='ocrx_word' id='word_1_914' title='bbox 3014 5692 3300 5763; x_wconf 86' lang='lat' dir='ltr'><strong>imaginem</strong></span> <span class='ocrx_word' id='word_1_915' title='bbox 3343 5690 3512 5748; x_wconf 83' lang='lat' dir='ltr'><strong>mira-</strong></span> 
     </span>
    </p>
   </div>
   <div class='ocr_carea' id='block_1_119' title="bbox 1931 5784 3511 5855">
    <p class='ocr_par' dir='ltr' id='par_1_119' title="bbox 1931 5784 3511 5855">
     <span class='ocr_line' id='line_1_119' title="bbox 1931 5784 3511 5855; baseline 0.002 -18"><span class='ocrx_word' id='word_1_916' title='bbox 1931 5784 2109 5838; x_wconf 80' lang='lat' dir='ltr'><strong>biliter</strong></span> <span class='ocrx_word' id='word_1_917' title='bbox 2140 5784 2271 5855; x_wconf 88' lang='lat' dir='ltr'><strong>gerit</strong></span> <span class='ocrx_word' id='word_1_918' title='bbox 2298 5786 2351 5840; x_wconf 87' lang='lat' dir='ltr'><strong>in</strong></span> <span class='ocrx_word' id='word_1_919' title='bbox 2384 5802 2480 5840; x_wconf 88' lang='lat' dir='ltr'><strong>sua</strong></span> <span class='ocrx_word' id='word_1_920' title='bbox 2515 5795 2706 5841; x_wconf 87' lang='lat' dir='ltr'><strong>natura</strong></span> <span class='ocrx_word' id='word_1_921' title='bbox 2738 5796 2923 5843; x_wconf 89' lang='lat' dir='ltr'><strong>noster</strong></span> <span class='ocrx_word' id='word_1_922' title='bbox 2962 5786 3191 5845; x_wconf 85' lang='lat' dir='ltr'><strong>interior</strong></span> <span class='ocrx_word' id='word_1_923' title='bbox 3229 5785 3412 5852; x_wconf 82' lang='lat' dir='ltr'><strong>homo,</strong></span> <span class='ocrx_word' id='word_1_924' title='bbox 3436 5796 3511 5840; x_wconf 77' lang='lat' dir='ltr'><strong>ex</strong></span> 
     </span>
    </p>
   </div>
   <div class='ocr_carea' id='block_1_120' title="bbox 2961 5879 3039 5939">
    <p class='ocr_par' dir='ltr' id='par_1_120' title="bbox 2961 5879 3039 5939">
     <span class='ocr_line' id='line_1_120' title="bbox 2961 5879 3039 5939; baseline 0 0"><span class='ocrx_word' id='word_1_925' title='bbox 2961 5879 3039 5939; x_wconf 79' lang='lat'><strong>28</strong></span> 
     </span>
    </p>
   </div>
  </div>
