3928 6182
309 333 416 387 3'7

1160 349 1509 410 COMMENT.
1555 358 1618 412 IN
1660 360 2268 426 ECCLESMSTICUM.
2307 406 2376 415 —
2414 375 2540 432 LIB.
2578 379 2670 436 Ν.

3457 407 3557 464 878

3457 443 3557 464 υιυ

305 443 567 510 scriptum
613 455 692 501 est
721 465 733 500 :
765 468 780 500 π
823 451 981 507 Novit
1027 455 1280 515 Dominus
1317 466 1456 519 viam
1500 469 1790 538 jnstorum,
1821 482 1877 530 et
1907 479 1947 536 Α
1986 487 2064 532 rat
2091 484 2328 550 praemia,
2362 486 2502 543 sicut
2537 505 2568 545 e
2591 497 2862 552 contrario
2891 501 3030 558 mala
3061 518 3317 577 perpetua
3345 529 3562 584 prome-

305 531 411 584 iter
432 534 717 584 imniorttm
746 542 940 584 ιιρῐιὶιιιίι
968 542 1124 584 (Dm!
1168 550 1206 584 .\
1261 572 1278 584 .
2055 580 2062 584 _
2169 582 2176 584 Α

305 531 411 587 iter
432 534 717 604 impiorum
746 542 946 608 peribit
968 542 1142 612 (Psal.
1168 550 1227 619 ι).
1261 572 1278 604 ι

383 641 400 672 α
429 622 486 675 ln
516 640 838 698 unaquaque
866 645 1024 703 gente
1053 644 1342 708 praeposuit
1374 655 1658 714 rectorem,
1687 661 1740 704 et
1761 668 1886 721 pars

306 733 325 763 ι
355 715 448 768 Dei
482 716 645 772 Israel
689 719 830 777 facta
859 734 942 781 est
979 731 1284 795 manifesta.
1337 747 1390 790 et
1415 740 1592 794 omnia
1623 757 1782 810 opera
1817 746 1882 798 il-

306 823 324 851 ι
357 805 530 859 lorum
557 809 706 863 velut
731 813 810 865 sol
840 814 892 868 in
927 831 1216 889 conspectu
1242 825 1352 889 Dei,
1385 837 1439 882 et
1465 831 1602 884 oculi
1631 831 1745 900 ejus
1767 836 1884 891 sine

303 911 324 941 ι
357 892 755 954 intermissione
783 901 1125 973 inspicientes
1151 911 1204 965 in
1234 915 1334 970 viis
1353 932 1558 973 eorum.
1582 940 1600 971 ι
1631 923 1883 980 uectores

296 999 434 1050 quos
457 989 734 1055 proposuit
780 991 921 1048 Deus
946 994 998 1049 in
1040 1013 1361 1072 unaquaque
1389 1015 1567 1076 gente,
1597 1019 1690 1065 aut
1714 1026 1878 1082 ange-

293 1071 376 1126 los
402 1089 686 1142 possumus
735 1079 1052 1155 intelligere,
1096 1105 1233 1158 quos
1275 1071 1561 1164 deputavit
1593 1099 1658 1153 ad
1698 1071 1879 1156 custo-

293 1162 441 1217 (liam
471 1165 800 1236 singularum
831 1175 1092 1242 gentium,
1111 1177 1266 1247 juxta
1289 1183 1417 1237 illud
1436 1185 1872 1247 Deuteronomii:

297 1270 317 1302 ι
350 1251 549 1309 Statuit
575 1259 830 1315 terminos
870 1265 1110 1332 gentium
1153 1273 1447 1329 secundum
1469 1292 1755 1335 numerum
1781 1299 1876 1337 an-

289 1341 530 1411 gelorum
561 1345 678 1408 Dei.
701 1367 720 1398 »
769 1357 823 1404 et
848 1353 1102 1426 princeps
1134 1357 1466 1429 Graecorum,
1519 1343 1876 1441 princepsqite

286 1429 600 1498 Persarum,
647 1451 747 1492 nec
788 1455 893 1494 non
925 1451 979 1496 et
1023 1447 1273 1518 princeps
1311 1453 1491 1521 populi
1519 1429 1616 1511 Dei
1646 1429 1872 1516 Michael

285 1535 408 1575 esse
439 1522 491 1576 in
521 1522 738 1582 Daniele
778 1528 973 1600 legitur
1011 1533 1172 1604 (Dan.
1206 1539 1260 1608 χ)
1288 1559 1302 1606 ;
1349 1551 1441 1596 aut
1469 1547 1718 1604 doctores
1743 1565 1870 1606 sau-

284 1620 425 1677 ctos,
449 1629 585 1682 quos
610 1616 664 1669 in
688 1620 875 1673 orbem
907 1630 1176 1681 terrarum
1217 1629 1409 1687 electio
1437 1634 1616 1689 divina
1645 1639 1712 1692 ad
1733 1654 1872 1708 pra:-

282 1703 572 1759 dicandum
610 1709 830 1763 verbum
878 1727 1034 1768 suum
1070 1716 1286 1773 direxit.
1324 1721 1474 1778 Unde
1504 1725 1558 1778 in
1600 1703 1866 1799 Apocaly-

1992 580 2137 626 retur
2162 582 2448 634 tormenta.

2061 683 2077 714 ι
2107 663 2499 726 Ρωηίιθηιὶϋιιδ
2527 683 2704 730 autem
2735 679 2876 735 dedit
2901 683 3041 740 viam
3067 687 3314 757 justitiac,
3345 705 3398 750 et
3425 715 3559 755 con-

1989 775 2006 805 c
2040 755 2273 813 ﬁrmavit
2323 762 2636 821 deﬁcientes
2681 773 2971 843 sustinere,
3021 788 3075 832 et
3132 784 3418 843 destinavit
3450 793 3555 849 illis

1977 943 2182 1001 petrata
2206 948 2421 1007 peccata
2454 943 2614 1000 homo
2655 963 2713 1003 se
2741 966 2838 1020 per
2880 943 3285 1019 confessionem-
3307 978 3360 1022 et
3384 943 3556 1039 pdeni—

1983 1029 2201 1082 tentiam
2248 1042 2526 1089 convertat
2555 1038 2622 1092 ad
2663 1038 2886 1108 justitiaa
2919 1062 3101 1117 Opera,
3157 1058 3241 1110 cui
3289 1029 3546 1120 Dominus

1977 1119 2263 1174 commissa
2287 1121 2429 1177 delet
2455 1136 2696 1195 peccata,
2725 1140 2778 1186 et
2808 1137 3088 1194 conﬁrmat
3112 1144 3310 1203 debiles
3336 1167 3552 1221 gressus

1976 1205 2030 1260 in
2061 1209 2314 1265 virtutum
2370 1217 2582 1282 semita,
2635 1230 2695 1274 ut
2741 1233 2861 1291 post
2903 1231 3194 1302 condignas
3228 1236 3460 1308 labores,
3496 1245 3548 1300 in

1973 1305 2119 1352 sorte
2139 1299 2431 1358 electorum
2463 1308 2700 1364 coelestia
2729 1316 2988 1388 percipiat
3014 1299 3252 1388 praemia.

1973 1717 1990 1751 ι
2021 1715 2248 1770 precare
2301 1717 2426 1764 ante
2481 1711 2675 1770 faciem
2730 1719 2847 1786 Dei,
2893 1731 2949 1776 et
2976 1727 3154 1783 minue
3181 1731 3542 1793 offendicula:

279 1796 364 1864 psi
405 1795 596 1852 Joanni
629 1803 960 1873 praecipitur,
991 1816 1050 1863 ut
1095 1813 1298 1868 scribat
1346 1818 1537 1886 angelo
1565 1795 1782 1890 Ephesi,
1803 1795 1864 1879 et
1891 1813 1938 1872 Β
1973 1807 1991 1840 ⁸
2022 1802 2294 1892 revenere
2339 1800 2426 1892 9d-
2462 1800 2770 1872 Dominum’
2801 1818 2856 1864 et
2883 1823 3124 1870 avenam
3159 1821 3226 1875 ab
3279 1823 3542 1892 injusmia

277 1886 473 1955 angelo
504 1885 765 1959 Smyrme,
809 1902 968 1964 atque
1013 1901 1204 1970 angelo
1242 1885 1512 1975 Pergami,
1557 1885 1866 1983 angelistme

277 1986 597 2034 exterarum
632 1982 989 2041 ecclesiarum
1013 1989 1195 2061 (Apoc.
1221 2010 1258 2059 ι,
1284 1995 1368 2067 ιι).
1400 1998 1532 2055 Pars
1559 2012 1737 2058 autem
1768 2005 1863 2060 Dei

275 2063 440 2119 Israel
473 2066 612 2123 facta
633 2079 717 2126 est
741 2075 1052 2146 manifesta,
1082 2081 1186 2138 hoc
1211 2093 1314 2150 est,
1358 2093 1709 2163 congregatio
1733 2110 1861 2150 san-

273 2167 485 2212 ctorum
513 2164 758 2230 probata,
791 2182 1016 2237 quorum
1067 2175 1318 2248 dogmata
1366 2182 1547 2240 lucent
1595 2189 1733 2245 sicut
1779 2193 1860 2247 sol

273 2249 330 2301 in
383 2263 669 2321 conspectu
725 2255 840 2324 Dei,
890 2269 944 2316 et
992 2265 1234 2324 actiones
1288 2273 1398 2329 Deo
1451 2287 1575 2332 sunt
1626 2281 1854 2350 placitae.

273 2354 295 2386 ι
325 2336 477 2394 Oculi
507 2343 649 2399 enim
693 2346 900 2404 Domini
946 2368 1108 2424 super
1140 2357 1335 2428 justos,
1367 2373 1422 2419 et
1459 2382 1620 2424 aures
1651 2370 1766 2440 ejus
1787 2375 1856 2428 ad

265 2441 458 2495 preces
485 2445 694 2501 eorum,
745 2441 996 2508 quoniam
1047 2449 1186 2503 oculi
1215 2466 1400 2508 eorum
1443 2457 1508 2511 ad
1556 2459 1842 2519 Dominum

265 2517 586 2590 intendunt,
637 2533 692 2582 et
739 2544 892 2586 amor
937 2536 1117 2593 cordis
1164 2554 1351 2598 eorum
1409 2547 1626 2604 anhelat
1674 2549 1848 2622 (Psal.

266 2610 500 2681 nxm);
531 2631 548 2664 ι
589 2630 653 2670 ex
703 2633 930 2688 quorum
987 2626 1236 2684 videlicet
1283 2648 1533 2702 persona,
1582 2639 1848 2711 Propheta

259 2696 521 2770 loquitur,
548 2703 732 2764 dicens
758 2727 770 2762 :
805 2729 824 2762 ι
855 2711 1004 2770 Oculi
1034 2719 1136 2774 mei
1174 2696 1387 2793 semper
1425 2728 1490 2783 ad
1521 2696 1844 2800 Dominum,

257 2797 516 2864 quoniam
561 2800 675 2870 ipse
707 2805 900 2861 evellet
943 2810 1010 2865 de
1057 2811 1246 2882 laqueo
1289 2820 1451 2887 pedes
1496 2839 1642 2879 meos
1671 2797 1842 2897 (Psal.

257 2887 505 2960 ιιιγ);›
559 2894 652 2947 sed
683 2897 806 2965 quia
849 2898 1063 2956 illorum
1118 2904 1393 2975 iniquitas,
1447 2913 1536 2980 qui
1589 2887 1844 2973 resistunt

255 2975 424 3033 verbo
450 2977 566 3045 Dei,
593 2991 648 3037 et
683 2998 982 3058 repugnant
1024 2995 1256 3062 veritati,
1306 2975 1647 3072 Evangelium
1687 3007 1843 3063 Chri-

253 3065 328 3118 sti
359 3069 660 3138 opprimere
689 3091 795 3130 non
813 3085 1014 3146 potest,
1037 3098 1212 3154 neque
1233 3065 1526 3155 destruere,
1554 3097 1647 3150 sed
1671 3099 1840 3170 magis

251 3154 372 3223 ipso
402 3161 720 3226 pravalente
755 3165 826 3220 illi
851 3167 1130 3237 deﬁciunt,
1160 3174 1280 3232 ideo
1316 3178 1652 3252 subjungitur
1684 3204 1697 3239 :

345 3266 364 3296 ι
392 3245 508 3302 Νοη
551 3260 678 3306 sunt
705 3255 962 3313 absconsa
1013 3268 1329 3320 testamenta
1375 3245 1473 3338 per
1508 3245 1841 3344 iniquitatem

254 3356 273 3387 ι
305 3353 513 3404 eorum,
539 3352 596 3397 et
638 3359 828 3402 omnes
874 3349 1187 3420 iniquitates
1212 3372 1396 3414 eorum
1445 3363 1498 3416 in
1549 3377 1838 3437 conspectu

252 3448 273 3481 ε
304 3428 418 3486 Dei.
443 3450 462 3483 ι
498 3435 730 3492 Verbum
759 3441 901 3495 enim
934 3443 1145 3500 Domini
1177 3463 1279 3503 non
1305 3460 1387 3506 est
1415 3428 1710 3525 alligatum,
1744 3460 1838 3515 sed

243 3519 366 3589 ejus
405 3539 662 3582 exosores
701 3532 916 3588 aeternis
954 3535 1184 3591 vinculis
1226 3553 1506 3608 poenarum
1537 3555 1661 3600 sunt
1684 3563 1836 3602 man-

241 3614 482 3684 eipandi,
505 3621 757 3686 quoniam
794 3625 999 3680 catenis
1049 3628 1310 3684 scelerum
1357 3646 1544 3689 eorum
1565 3634 1678 3704 jam
1706 3649 1834 3693 sunt

243 3705 454 3770 vincti;
486 3707 704 3766 funibus
729 3713 872 3766 enim
904 3728 1246 3784 peccatorum
1291 3738 1508 3779 suorum
1545 3731 1833 3799 unusquis-

240 3809 348 3864 que
373 3798 784 3870 constringitur,
807 3816 862 3857 et
889 3805 1008 3861 ideo
1028 3808 1285 3866 Dominus
1301 3812 1448 3880 justo
1469 3816 1672 3885 judicio
1697 3798 1831 3876 tales

238 3885 485 3952 damnat,
510 3891 636 3958 quia
663 3907 944 3961 perversas
965 3898 1080 3954 vias
1117 3915 1304 3956 eorum
1354 3919 1474 3960 esse
1502 3910 1826 3965 considerat.

242 3995 263 4028 c
303 3977 496 4034 Vultus
525 3989 704 4036 autem
734 3984 938 4041 Domini
966 4003 1128 4059 super
1155 3991 1414 4049 facientes
1442 3997 1600 4061 mala,
1628 4008 1686 4052 ut
1708 4015 1830 4070 per-

234 4064 331 4119 dat
353 4067 422 4121 de
455 4075 596 4123 terra
631 4074 943 4130 memoriam
973 4093 1178 4132 eorum.
1206 4101 1224 4131 ι

311 4195 331 4228 ι
362 4177 716 4251 Eleemosyna
763 4183 905 4238 enim
954 4187 1055 4241 viri
1108 4193 1261 4258 quasi
1310 4195 1644 4266 signaculum
1694 4215 1817 4254 cum

241 4285 258 4315 ι
294 4266 433 4336 ipso,
470 4277 525 4324 et
559 4272 790 4339 gratiam
844 4275 1080 4332 hominis
1121 4284 1275 4349 quasi
1323 4287 1576 4354 pupillam
1605 4304 1825 4344 conser-

239 4374 256 4406 ι
283 4356 451 4410 vavit.
477 4376 494 4408 ι
530 4359 908 4419 Misericordiae
956 4366 1153 4438 quippe
1197 4386 1358 4450 opera
1389 4379 1820 4450 reconsignatam

230 4449 539 4502 mercedem
595 4449 892 4510 factoribus
941 4458 1056 4512 suis
1099 4459 1152 4513 in
1203 4449 1357 4519 ccelis
1412 4449 1714 4536 restituent,
1767 4480 1823 4526 et

1974 1898 1993 1931 ς
2025 1888 2134 1949 tua,
2190 1893 2244 1939 et
2299 1887 2459 1942 nimis
2492 1893 2639 1948 odito
2688 1903 3132 1973 exsecrationem,
3176 1919 3229 1964 et
3278 1929 3540 1985 cognosce

1972 1969 2300 2041 «justitiam,
2344 1986 2400 2032 et
2435 1978 2634 2046 judicra
2674 1985 2786 2052 Dei,
2815 1998 2871 2043 et
2905 2002 2986 2046 sta
3011 1994 3066 2048 in
3116 1969 3261 2055 sorte
3303 1969 3542 2074 proposi-

1969 2083 1988 2115 α
2019 2066 2178 2124 tionis
2213 2079 2268 2124 et
2289 2074 2550 2130 orationis
2587 2077 2832 2136 altissimi
2876 2084 2989 2140 Dei.
3017 2107 3036 2140 ι
3067 2066 3359 2162 Postquam
3389 2066 3532 2155 enim

1961 2157 2224 2225 sapientia
2269 2165 2511 2219 narravit
2538 2165 2604 2219 de
2645 2171 2953 2230 conditione
2983 2157 3233 2247 hominis,
3265 2190 3535 2253 quomodo

1958 2246 2024 2300 a‘d
2063 2247 2348 2320 imaginem
2387 2252 2480 2308 Dei
2530 2257 2599 2312 ab
2632 2259 2787 2315 initio
2829 2273 3044 2322 creatus
3075 2277 3176 2336 est,
3223 2281 3278 2328 et
3325 2281 3534 2334 ueteris

1956 2337 2221 2393 creaturis
2267 2343 2610 2400 terrestribus
2646 2346 2849 2415 judicio
2879 2353 2973 2408 Dei
3027 2357 3229 2416 honore
3257 2365 3530 2433 prrelatus,

1955 2442 2098 2483 nunc
2137 2432 2256 2499 pari
2303 2435 2462 2490 modo
2511 2437 2776 2507 hortatur,
2808 2451 2868 2498 ut
2912 2457 3034 2516 post
3065 2450 3273 2521 lapsum
3321 2432 3527 2525 peccati

1952 2530 2167 2572 rursum
2193 2532 2534 2580 convertatur
2561 2529 2627 2612 ad
2667 2528 2924 2589 factorem
2959 2553 3138 2604 suum,
3180 2551 3234 2598 et
3264 2546 3527 2618 relinquat

1951 2621 2211 2677 errorem,
2259 2629 2358 2683 per
2391 2630 2551 2684 quem
2591 2604 2942 2694 semetipsum
2974 2629 3242 2688 illudendo
3270 2636 3476 2707 decepit
3503 2657 3518 2706 ;

1949 2698 2265 2769 deprecetur
2291 2704 2575 2762 Dominum
2607 2713 2820 2770 assidue
2847 2733 2948 2787 pro
2981 2720 3363 2784 offensionibus
3389 2732 3526 2798 suis,

1947 2794 2108 2858 atque
2139 2798 2247 2846 tota
2274 2795 2437 2850 animi
2466 2797 2549 2852 sui
2580 2798 2876 2860 intentione
2900 2809 2966 2862 ad
2993 2809 3227 2868 divinam
3255 2794 3527 2890 confugiat

1943 2878 2218 2948 pietatem,
2272 2895 2488 2954 spernat
2540 2889 2918 2962 idololatriam,
2950 2913 3012 2954 ac
3057 2903 3332 2962 diabolicae
3355 2878 3525 2966 servi-

1945 2972 2074 3026 tutis
2111 2971 2398 3042 fallaciam,
2428 2986 2483 3032 et
2512 2980 2686 3036 discat
2729 2987 3105 3045 mandatorum
3137 2994 3229 3049 Dei
3277 3015 3523 3057 nonnant

1942 3063 2316 3133 rectissimam,
2349 3079 2408 3124 ut
2462 3070 2515 3125 in
2567 3082 2712 3130 sorte
2765 3072 3090 3149 sanctitatis,
3141 3102 3244 3156 qua
3295 3093 3518 3160 praeele-

1869 3178 1912 3240 ρ
1943 3162 2061 3208 ctus
2089 3163 2190 3221 est,
2237 3170 2568 3228 permaneat,
2620 3172 2676 3218 et
2705 3165 2757 3218 in
2803 3166 3049 3226 laudibus
3075 3188 3384 3242 perseveret
3418 3182 3514 3236 Al-

1946 3245 2156 3300 tissimi.

2017 3354 2036 3387 (
2064 3337 2119 3391 ln
2162 3348 2342 3408 partes
2368 3343 2504 3399 vade
2541 3348 2720 3403 saeculi
2751 3353 2945 3418 sancti,
2976 3369 3097 3411 cum
3141 3359 3279 3416 vivis
3305 3371 3361 3417 et
3385 3364 3520 3421 dan-

1944 3443 1964 3476 ‹
1991 3427 2134 3482 tibus
2177 3430 2573 3489 confessionem
2623 3437 2751 3494 Deo.
2777 3460 2795 3492 ι
2845 3442 3110 3500 Saeculum
3152 3460 3396 3509 sanctum
3435 3465 3521 3512 est

1935 3519 2091 3587 quies
2133 3529 2350 3579 aeternae
2394 3525 2540 3591 vita),
2569 3543 2688 3598 quae
2715 3531 2842 3587 alibi
2873 3548 3210 3606 nuncupatur
3260 3547 3517 3604 smeulum

1932 3619 2210 3675 teternum,
2243 3622 2299 3668 et
2323 3615 2576 3670 saeculum
2598 3621 2797 3686 saeculi,
2825 3638 2916 3678 seu
2949 3629 3143 3682 saecula
3173 3635 3510 3691 smculorum.

1933 3701 2311 3758 Necessarium
2365 3720 2494 3775 ergo
2541 3719 2623 3762 est
2669 3712 2956 3782 unicuique
3001 3726 3060 3770 ut
3102 3721 3229 3774 dum
3285 3725 3416 3778 vivit
3459 3736 3516 3782 et

1930 3794 2202 3862 prmvalct,
2235 3796 2413 3851 locum
2441 3799 2543 3854 sibi
2587 3809 2802 3857 mternm
2842 3805 3188 3867 beatitudinis
3219 3823 3365 3870 recte
3393 3834 3514 3871 cre-

1929 3883 2102 3938 dendo
2141 3893 2196 3938 et
2239 3885 2375 3940 bene
2413 3891 2685 3956 operando
2709 3904 2994 3962 praeparet,
3038 3901 3161 3966 quia
3197 3913 3318 3971 post
3346 3905 3508 3960 ﬁnem

1930 3971 2084 4027 istius
2112 3975 2236 4028 vita:
2269 3991 2376 4030 non
2406 3986 2490 4033 est
2534 3987 2744 4049 tempus
2785 3987 3136 4055 operationis,
3173 4001 3233 4048 ut
3285 3997 3510 4067 recipiat

1926 4067 2292 4136 unusquisque
2316 4080 2474 4139 prout
2501 4081 2628 4126 ante
2670 4077 2853 4143 gessit,
2883 4078 2996 4134 sive
3033 4081 3231 4139 bonum
3257 4087 3370 4142 sive
3395 4105 3507 4143 ma-

1927 4152 2054 4207 lum.
2088 4155 2236 4210 Unde
2264 4157 2375 4226 ipse
2397 4157 2655 4215 Dominus
2684 4161 2735 4215 in
2765 4163 3055 4235 Evangelio
3077 4171 3352 4229 auditores
3375 4191 3502 4232 suos

1925 4243 2221 4313 admonuit,
2281 4249 2502 4304 dicens:
2539 4270 2556 4302 σ
2607 4251 2823 4308 Currite
2867 4255 2991 4311 dum
3024 4257 3205 4315 lumen
3233 4264 3355 4320 vitae
3404 4268 3504 4321 ha-

1923 4343 2083 4408 betis,
2111 4359 2178 4399 ne
2221 4344 2361 4401 forte
2409 4349 2644 4403 tenebras
2691 4365 2786 4405 vos
2821 4354 3280 4422 comprehendant
3318 4359 3500 4429 (Joan.

1924 4431 2087 4503 xu)»
2135 4433 2202 4487 Et
2229 4435 2394 4489 item:
2437 4455 2455 4487 ‹
2507 4437 2753 4508 Vigilate,
2804 4439 3017 4511 inquit,
3067 4447 3212 4500 omni
3262 4456 3502 4518 tempore

355 4536 461 4591 iam
488 4539 744 4596 virtutum
773 4544 824 4598 in
869 4547 1005 4602 bene
1035 4551 1245 4606 meritis
1271 4520 1822 4609 οϐηἰδδίὦὲᾶἧέρξ
1847 4520 1898 4579 D
1923 4530 2162 4588 orantes,
2190 4531 2249 4577 ut
2275 4525 2420 4595 digni
2452 4527 2756 4583 habeamini
2790 4530 2976 4602 fugere
3005 4534 3106 4588 ista
3150 4539 3352 4602 omnia,
3383 4555 3500 4609 quae

226 4546 461 4606 gratiam
488 4546 744 4596 virtutum
773 4546 824 4598 in
869 4547 1005 4602 bene
1035 4551 1245 4606 meritis
1271 4556 1573 4612 certissime
1602 4575 1820 4615 conser—

223 4628 454 4692 vabunt,
486 4627 641 4697 juxta
668 4636 984 4691 sententiam
1012 4637 1180 4708 ipsius
1226 4643 1477 4700 Veritatis
1513 4663 1619 4716 qua
1647 4650 1776 4706 dicit
1801 4670 1813 4705 :

228 4736 249 4769 ι
280 4718 433 4774 Beati
482 4723 877 4793 misericordes,
932 4731 1186 4798 quoniam
1237 4735 1335 4804 ipsi
1389 4737 1814 4796 misericordiam

217 4822 628 4880 consequentur
673 4814 888 4885 (Matth.
931 4818 1005 4889 v).
1049 4839 1068 4871 ι
1119 4821 1186 4875 Ει
1232 4823 1397 4878 alibi:
1445 4846 1462 4875 ι
1523 4827 1676 4892 Date,
1715 4831 1812 4892 ait,

216 4897 647 4970 eleemosynam,
674 4913 728 4958 et
754 4919 880 4961 ecce
906 4909 1086 4963 omnia
1119 4913 1319 4966 munda
1351 4924 1476 4969 sunt
1513 4917 1682 4973 vobis.
1715 4940 1733 4970 ι

299 5008 320 5042 ι
345 4990 417 5045 Ει
439 5002 624 5059 postea
655 5003 922 5066 resurget
937 5008 992 5052 et
1023 5001 1222 5056 tribuet
1267 5004 1372 5060 illis
1401 5009 1809 5067 retributionem

219 5099 241 5130 ς
273 5078 570 5149 unicuique
596 5083 646 5135 in
673 5095 834 5153 caput
859 5087 1117 5156 ipsorum,
1143 5099 1198 5145 et
1218 5103 1496 5150 convertet
1515 5097 1568 5150 in
1594 5099 1812 5155 interio-

216 5187 239 5220 ι
274 5183 366 5224 res
420 5181 600 5238 partes
653 5182 826 5229 terrae.
856 5195 874 5227 ι
930 5177 1196 5250 Resurget
1241 5185 1384 5238 enim
1442 5185 1701 5245 Dominus
1750 5192 1804 5245 in

199 5259 446 5330 judicio,
490 5260 592 5316 hoc
638 5274 743 5327 est,
792 5268 859 5319 ad
886 5270 1298 5328 retributionem
1332 5291 1390 5329 se
1421 5290 1704 5348 praeparat,
1749 5290 1805 5336 et

205 5351 488 5406 retribuet
530 5352 816 5424 unicuique
858 5355 1015 5424 juxta
1055 5362 1305 5417 meritum
1351 5381 1529 5431 suum,
1573 5378 1628 5423 et
1650 5371 1804 5440 juxta

204 5447 574 5504 intentionem
611 5451 790 5506 cordis
811 5453 916 5519 sui,
947 5457 1242 5513 secundum
1283 5475 1446 5529 quam
1467 5463 1670 5532 judicia
1709 5482 1807 5521 sua

203 5549 507 5610 temperat.
543 5539 692 5598 Unde
713 5545 863 5609 dicit,
891 5565 909 5598 ι
941 5559 1220 5607 convertet
1244 5552 1297 5606 in
1314 5553 1606 5611 interiores
1628 5569 1808 5626 partes

203 5643 396 5697 terrae,
426 5651 446 5684 ι
481 5631 584 5688 hoc
612 5642 715 5701 est,
747 5636 955 5706 iudicat
1000 5651 1270 5696 secretum
1317 5644 1610 5700 voluntatis
1640 5649 1808 5703 inter-

199 5740 292 5778 na:
320 5740 335 5788 ;
363 5722 496 5791 quia
526 5724 772 5782 voluntas
812 5729 949 5784 bona
979 5741 1195 5787 :cternae
1226 5735 1574 5791 beatitudinis
1601 5755 1808 5808 pra-pa-

1922 4607 2103 4665 futura
2133 4621 2277 4677 sunt,
2299 4622 2355 4668 et
2375 4624 2518 4670 stare
2540 4627 2664 4672 ante
2687 4618 2853 4674 ﬁlium
2883 4623 3114 4680 hominis
3140 4624 3292 4696 (Luc.
3318 4607 3452 4701 xxi).
3477 4654 3494 4684 ι

1921 4699 2057 4757 Hinc
2086 4711 2140 4758 et
2168 4719 2263 4775 per
2281 4705 2501 4762 Paulum
2528 4709 2758 4766 dicitur:
2788 4732 2805 4764 ‹
2835 4713 2974 4786 Ergo
3002 4715 3128 4770 dum
3171 4725 3382 4790 tempus
3407 4699 3502 4776 ha-

1918 4792 2108 4848 bemus
2132 4810 2418 4864 operemur
2438 4797 2635 4854 bonum
2659 4801 2724 4854 ad
2754 4817 2943 4857 omnes
2963 4799 3160 4875 (Galat.
3187 4807 3282 4878 γι).
3311 4829 3329 4861 ι
3362 4808 3500 4866 Hine

1916 4891 1970 4937 et
1997 4883 2350 4941 Ecclesiastes
2377 4887 2485 4940 ait:
2517 4907 2535 4939 ‹
2589 4889 2645 4943 In
2688 4889 2775 4945 die
2822 4891 2961 4946 bona
3012 4892 3192 4950 fruere
3238 4897 3414 4964 bonis,
3442 4912 3491 4953 et

1912 4972 2054 5026 diem
2082 4973 2277 5027 malum
2304 4990 2545 5043 praecave
2574 4976 2768 5048 (Eccle.
2794 4980 2912 5052 vn).
2937 5001 2955 5034 ι

2519 5088 2745 5144 CAPUT
2782 5091 2871 5145 VH

2039 5173 2160 5229 Non
2189 5193 2297 5231 esse
2321 5178 2693 5234 demorandum
2722 5184 2775 5236 in
2795 5185 3039 5240 societate
3065 5190 3366 5259 impiorum.

1983 5305 2001 5338 ι
2031 5287 2147 5342 Non
2174 5288 2474 5344 demorer-is
2498 5292 2551 5344 in
2579 5307 2765 5349 errore
2804 5295 3090 5366 impiorum
3121 5317 3134 5354 :
3174 5311 3299 5356 ante
3347 5318 3492 5356 mor-

1914 5394 1932 5427 ι
1963 5384 2068 5430 tem
2099 5377 2376 5434 conﬁtere.
2406 5380 2452 5434 Α
2474 5392 2687 5437 mortuo
2707 5387 2860 5454 quasi
2885 5387 3017 5442 nihil
3038 5391 3178 5456 perit
3197 5390 3488 5446 confessio.

1915 5487 1933 5518 ‹
1961 5467 2313 5526 Conﬁteberis
2338 5473 2544 5538 vivens,
2581 5475 2735 5530 vivus
2759 5483 2814 5530 et
2851 5491 3016 5531 sanus
3041 5479 3398 5542 conﬁteberis,
3431 5489 3489 5535 et

1914 5559 2204 5614 «laudabis
2236 5562 2424 5627 Deum,
2476 5571 2529 5616 et
2583 5565 2900 5633 gloriaberis
2949 5567 3002 5618 in
3052 5566 3486 5622 miserationibus

1915 5670 1932 5699 ι
1965 5651 2126 5706 illius.
2154 5675 2171 5702 ι
2207 5653 2399 5707 Morari
2431 5654 2482 5706 in
2513 5669 2699 5708 errore
2737 5656 3044 5726 impiorum,
3077 5662 3221 5707 certa
3249 5665 3330 5709 cst
3353 5669 3477 5724 per-

1909 5745 2040 5797 ditio
2087 5745 2384 5809 hominum,
2419 5745 2542 5812 quia
2591 5755 2712 5814 post
2760 5747 2917 5800 ﬁnem
2960 5745 3243 5816 praesentis
3272 5746 3394 5800 vitae
3424 5745 3477 5800 in
