3904 6184
304 387 407 444 881

305 495 595 567 ειιροῖιίιγίῑ
607 536 624 565 ,
672 495 945 565 respondit
993 512 1005 547 :

300 585 473 640 Nemo
518 584 715 650 bonus,
748 583 853 638 nisi
885 583 1031 639 solus
1056 584 1199 639 Deus
1224 583 1417 656 (Marc.
1445 586 1499 655 χ)
1523 604 1541 637 ι
1575 602 1587 637 :
1615 583 1871 653 quoniam

302 677 371 730 ad
414 676 585 746 ipsum
628 689 788 739 omne
822 673 1021 727 bonum
1046 671 1383 728 referendum
1411 682 1511 727 est.
1546 691 1563 723 ‹
1585 671 1755 727 Omne
1780 671 1871 725 da-

302 772 417 817 tum
446 764 709 833 optimum
747 772 800 817 et
829 777 989 818 omne
1035 762 1234 816 donum
1261 759 1556 832 perfectum
1593 761 1870 816 desursum

300 862 404 917 est,
455 852 785 907 descendens
830 866 861 905 a
900 850 1061 906 Patre
1098 850 1359 905 luminum
1396 849 1601 923 (Iacob.
1633 849 1735 921 1).)
1784 849 1873 905 hic

305 951 483 998 manet
531 942 762 996 invictus
804 956 894 995 rex
927 941 979 995 in
1008 948 1292 1005 aeternum,
1333 940 1458 1011 quia
1483 939 1599 1008 ejus
1632 939 1869 1009 potentia

300 1031 481 1085 omnia
526 1032 725 1096 vincit,
770 1031 949 1084 omnia
993 1038 1249 1099 superat:
1282 1030 1368 1085 cui
1416 1045 1574 1085 nemo
1618 1031 1871 1087 resistere

301 1132 497 1190 potest,
539 1122 634 1177 sed
676 1123 928 1177 universa
968 1122 1021 1176 in
1056 1122 1328 1176 voluntate
1354 1119 1468 1190 ejus
1493 1131 1617 1176 sunt
1653 1122 1865 1192 posita;

299 1224 625 1285 quapropter
682 1221 954 1269 scrutator
1005 1220 1057 1267 ct
1112 1213 1504 1283 contemplator
1553 1214 1656 1269 iste
1706 1214 1870 1267 mira-

300 1306 485 1358 bilmm
538 1304 628 1357 Dei
670 1304 1076 1372 obstupescens,
1110 1303 1285 1357 adhuc
1316 1302 1605 1373 subjungit,
1642 1302 1864 1357 dicens:

375 1412 392 1443 ι
428 1393 559 1459 Quis
607 1391 797 1447 suliicit
842 1407 1101 1447 enarrare
1147 1407 1309 1462 opera
1340 1392 1518 1448 illius?
1555 1393 1685 1460 Quis
1721 1394 1865 1448 enim

303 1501 321 1533 ι
360 1482 700 1554 investigavit
738 1481 1001 1553 magualia
1043 1482 1197 1551 ejus?
1231 1483 1494 1538 Virtutem
1533 1492 1708 1538 autem
1752 1497 1866 1537 ma-

302 1592 319 1623 ι
358 1573 655 1643 gnitudinis
693 1570 810 1640 ejus
848 1572 969 1641 quis
1013 1572 1360 1627 enuntiabit?
1404 1573 1467 1626 Et
1496 1574 1617 1642 quis
1652 1572 1866 1641 atljiciet

300 1685 318 1716 ε
357 1679 615 1721 enarrare
660 1663 1086 1718 misericordiam
1132 1663 1288 1733 ejus?
1316 1684 1333 1713 ›
1378 1663 1432 1716 ln
1456 1679 1522 1717 eo
1548 1664 1863 1733 enimqqu

296 1755 446 1819 dicit,
493 1754 613 1824 quis
647 1752 862 1815 sullicit,
903 1767 997 1806 seu
1039 1753 1160 1822 quis
1206 1752 1566 1822 investigarit,
1613 1753 1697 1807 vel
1740 1754 1862 1823 quis

1153 386 1504 443 COMMENT.
1546 385 1613 441 1N
1655 381 2266 442 ECCLESlASTlCUM.
2302 414 2371 424 --
2405 383 2530 439 LIB.
2574 384 2656 439 Ν.

1064 514 1081 545 ι
1104 494 1241 562 Quid
1292 509 1379 550 me
1434 495 1569 550 dicis
1622 493 1824 548 bonum
1845 490 1870 546 ?
1895 493 1944 554 A
1971 489 2130 546 vellet
2155 504 2413 561 quaerere,
2456 505 2553 545 cur
2593 489 2756 559 Moysi
2790 488 2860 542 ita
2905 487 3153 558 loquatur
3183 490 3323 545 Deus
3367 512 3381 539 ι
3413 494 3543 559 Quis

3444 376 3547 442 932

1975 579 2102 636 fecit
2129 590 2333 635 mutum
2353 587 2408 635 et
2426 579 2667 644 surdum,
2692 577 2959 632 videntem
2987 586 3044 633 et
3066 592 3265 633 ctecum
3284 620 3298 646 ,
3329 599 3347 631 ‹
3367 597 3542 637 nonne

1973 685 2071 740 ego
2100 670 2355 725 Dominus
2391 669 2567 724 Deus?
2587 687 2605 720 ι
2636 677 2694 723 et
2724 668 2889 735 dicat,
2914 667 3027 724 Cur
3054 682 3228 725 czeeus
3264 679 3319 725 et
3349 674 3541 729 surdus

1972 769 2023 815 et
2046 769 2225 814 mutus
2242 759 2315 813 ita
2334 758 2503 814 creati
2525 758 2683 813 sunt?
2704 765 2756 813 et
2769 766 2964 813 caztera
2980 758 3066 812 his
3085 758 3304 826 similia,
3327 775 3539 816 sumen-

1971 850 2096 905 dum
2126 860 2209 905 est
2238 850 2291 904 in
2318 851 2421 904 hoc
2446 848 2564 905 loco
2590 848 2954 903 testimonium
2983 849 3048 903 de
3078 850 3308 919 septimo
3331 851 3541 907 decimo

1968 938 2198 1009 psalmo,
2232 938 2285 992 in
2312 938 2455 1008 quod
2498 938 2565 991 ad
2609 937 2893 991 Dominum
2933 935 3166 990 dicitur:
3196 955 3215 988 σ
3238 936 3372 992 Cum
3414 953 3541 993 san-

1968 1037 2057 1085 cto
2098 1037 2318 1085 sanctus
2351 1029 2480 1093 eris,
2509 1036 2563 1083 et
2591 1038 2712 1083 cum
2760 1038 3020 1097 perverso
3062 1028 3412 1095 subveneris,
3436 1049 3454 1081 ι
3488 1039 3537 1083 et

1969 1118 2255 1175 dicendum
2283 1126 2383 1184 est,
2415 1125 2661 1172 sanctum
2697 1115 2865 1169 Deum
2906 1129 3023 1170 esse
3052 1131 3173 1169 cum
3202 1130 3267 1171 eo
3299 1117 3390 1186 qui
3418 1131 3541 1172 san-

1968 1217 2086 1265 ctus
2109 1217 2212 1275 est,
2235 1216 2291 1264 et
2312 1207 2550 1278 perverti
2577 1206 2716 1277 apud
2744 1219 2864 1260 eum
2886 1206 2977 1276 qui
3001 1219 3097 1260 sua
3121 1205 3394 1262 voluntate
3417 1214 3542 1261 ante

1965 1315 2253 1371 perversus
2281 1300 2470 1355 fuerit.

2042 1408 2060 1441 ι
2082 1388 2214 1444 Cum
2236 1389 2693 1445 consummaverit
2715 1388 2896 1454 homo,
2917 1397 3046 1444 tunc
3071 1388 3320 1459 incipiet;
3343 1397 3537 1443 etcum

1970 1498 1989 1531 ε
2023 1480 2307 1549 quieverit,
2335 1480 2664 1551 operabitur.
2689 1499 2706 1530 ι
2755 1478 2979 1546 Quando
3012 1478 3156 1532 enim
3188 1478 3353 1531 homo
3386 1492 3539 1531 man-

1965 1567 2086 1622 data
2127 1567 2220 1622 Dei
2257 1568 2346 1636 pia
2381 1567 2841 1623 consummaverit
2879 1565 3216 1637 operatione,
3261 1572 3391 1620 tunc
3425 1563 3539 1632 jam

1964 1657 2199 1712 ostendit
2234 1670 2292 1711 se
2331 1672 2511 1711 rerum
2542 1657 2823 1711 latentium
2860 1656 3116 1727 mysteria
3146 1654 3304 1722 scire,
3336 1664 3388 1710 et
3419 1672 3539 1711 cum

1967 1759 2027 1800 se
2052 1743 2119 1799 ab
2161 1746 2411 1800 omnibus
2451 1745 2736 1800 mundanis
2766 1745 3206 1815 'curis-quietum
3255 1744 3544 1801 reddiderit

295 1847 613 1911 enuntiavit,
663 1844 898 1899 ostendit
944 1844 1212 1898 neminem
1241 1860 1336 1914 per
1362 1845 1708 1914 semetipsum
1744 1846 1850 1900 ialo-
1885 1833 1931 1891 Β
1959 1835 2026 1889 ad
2064 1835 2436 1905 complenda!!!
2481 1835 2768 1889 Verilalem
2813 1832 2930 1900 θεῖ,
2974 1843 3033 1890 et
3065 1835 3329 1906 iustitiam
3357 1836 3541 1899 τοίηπ-

294 1954 456 1991 neum
483 1951 602 1992 esse
626 1943 909 2007 penetrare
941 1933 1358 2003 profunditatem
1389 1934 1594 1988 consilii
1626 1934 1741 1999 Dei,
1776 1944 1868 1988 aut

297 2025 715 2095 magnitudinem
741 2024 956 2078 virtutis
994 2022 1107 2091 ejus
1151 2023 1289 2077 scire
1331 2038 1485 2092 posse
1528 2038 1625 2094 per
1662 2024 1865 2088 omnia,

295 2117 380 2171 vel
412 2130 684 2180 enarrare,
733 2114 827 2169 sed
869 2122 1074 2168 tantum
1102 2128 1369 2184 quemque
1405 2129 1581 2192 nosse2
1607 2123 1864 2183 quantum

295 2207 385 2260 ille
434 2205 659 2260 voluerit
699 2205 749 2259 ei
793 2204 1066 2269 revelare,
1117 2204 1202 2258 vel
1241 2219 1340 2259 suo
1367 2205 1507 2258 dono
1536 2204 1868 2259 concesserit

293 2313 417 2352 eum
458 2312 616 2368 posse
656 2297 838 2369 lingua
872 2296 1136 2368 proferre.
1186 2296 1338 2353 Unde
1387 2299 1498 2367 ipsa
1550 2296 1763 2350 Veritas
1810 2296 1865 2350 in

296 2388 586 2460 Evangelio
617 2388 735 2443 ait:
772 2407 791 2439 α
837 2387 1006 2444 Nemo
1047 2389 1198 2443 novit
1249 2388 1463 2452 Fiiium,
1516 2387 1616 2442 nisi
1673 2388 1862 2453 Pater;

291 2493 468 2547 neque
496 2477 709 2532 Patrem
750 2477 871 2547 quis
922 2478 1091 2542 novit,
1131 2477 1232 2531 nisi
1264 2477 1450 2541 Filius,
1483 2486 1537 2531 et
1584 2477 1668 2531 cui
1697 2477 1867 2532 Filius

289 2566 527 2623 voluerit
570 2566 1146 2636 revelaretualtli.xt).
1172 2566 1378 2633 iQuam
1428 2567 1746 2621 sententiam
1794 2567 1865 2620 ita

287 2664 508 2725 oportet
534 2665 594 2711 ut
629 2657 1010 2728 intelligamus,
1043 2666 1098 2712 et
1123 2657 1335 2712 Patrem
1365 2665 1419 2713 et
1468 2658 1641 2728 ipsum
1671 2656 1863 2713 Filium

291 2760 391 2815 per
420 2745 613 2800 Filium
642 2748 796 2802 nobis
824 2748 1068 2813 revelari,
1112 2749 1237 2818 quia
1281 2748 1395 2819 ipse
1428 2756 1510 2802 est
1535 2748 1733 2803 mentis
1769 2762 1867 2802 no-

293 2846 424 2892 stra:
471 2838 688 2904 lumen;
734 2838 908 2895 Verbo
950 2842 1092 2895 enim
1138 2855 1236 2896 suo
1280 2854 1337 2895 se
1380 2841 1544 2895 Pater
1583 2842 1862 2908 declarat;

298 2933 531 2987 Verbum
560 2942 736 2989 autem
769 2951 875 2990 non
913 2936 1087 2990 solum
1119 2935 1191 2999 id,
1218 2935 1359 3005 quod
1389 2948 1485 3003 per
1509 2934 1744 2989 Verbum
1774 2934 1865 2989 de-

290 3022 554 3090 claratur,
583 3024 675 3079 sed
697 3024 860 3080 etiam
883 3025 1115 3095 seipsum
1140 3025 1394 3080 declarat.
1429 3024 1723 3080 Erubescat
1765 3026 1867 3079 Eu-

288 3112 506 3167 nomius
535 3120 731 3167 tantam
762 3114 862 3168 sibi
889 3115 1135 3168 notitiam
1159 3114 1337 3168 Patris
1360 3122 1415 3167 et
1442 3112 1586 3179 Filii,
1609 3122 1862 3182 quantam

1967 1925 2094 1979 tatis
2121 1924 2258 1995 ejus,
2291 1933 2421 1980 tunc
2448 1924 2670 1994 incipiet
2707 1939 2843 1995 opus
2887 1924 2983 1980 Dei
3023 1925 3275 1995 operari,
3302 1925 3407 1980 hoc
3433 1937 3533 1991 est,

1964 2026 2110 2067 same
2148 2012 2272 2068 ﬁdei
2312 2012 2554 2083 regulam
2602 2028 2840 2069 servare.
2892 2012 3044 2069 Unde
3086 2014 3200 2085 ipsa
3245 2013 3461 2071 Veritas
3487 2015 3542 2069 in

1964 2102 2258 2175 Evangelio
2280 2103 2357 2158 ait
2382 2122 2396 2158 :
2426 2122 2447 2155 σ
2474 2103 2783 2175 Operamini
2811 2119 2916 2159 non
2936 2105 3123 2161 cibum
3143 2106 3237 2176 qui
3262 2106 3424 2176 perit,
3446 2107 3539 2161 sed

1964 2194 2056 2264 qui
2114 2203 2396 2263 permanet
2450 2195 2504 2248 in
2560 2195 2727 2249 vitam
2781 2200 3040 2250 aeternam
3104 2194 3301 2267 (Joan.
3350 2196 3472 2267 vt).
3515 2216 3533 2249 ι

1965 2283 2434 2355 Respondentibus
2458 2294 2637 2340 autem
2659 2284 2834 2339 turbis
2853 2292 2910 2339 et
2933 2285 3393 2356 interrogantibus
3414 2301 3538 2341 eum

1964 2377 2236 2448 quomodo
2263 2392 2428 2448 opera
2456 2374 2550 2433 Dei
2577 2386 2800 2449 possent
2822 2376 3063 2448 operari,
3105 2378 3183 2433 ait
3207 2396 3220 2432 :
3270 2397 3291 2430 ι
3321 2378 3432 2433 Hoc
3458 2388 3542 2434 est

1964 2483 2099 2537 opus
2121 2468 2235 2534 Dei,
2259 2478 2319 2522 ut
2343 2469 2578 2524 credatis
2600 2468 2655 2522 in
2675 2482 2798 2522 eum
2825 2482 2986 2537 quem
3010 2467 3160 2523 misit
3180 2466 3275 2523 ille“
3293 2467 3535 2539 (Ibid.).n

1962 2558 2057 2613 ille
2080 2559 2224 2613 enim
2249 2568 2397 2613 recte
2418 2558 2610 2623 credit,
2636 2558 2727 2628 qui
2752 2558 2854 2612 rite
2879 2542 3134 2613 mandata
3156 2556 3253 2614 Dei
3273 2558 3539 2624 custodit;

1967 2649 2057 2718 qui
2096 2658 2274 2704 autem
2326 2648 2460 2704 uicit
2507 2663 2567 2704 se.
2616 2663 2775 2705 nosse
2826 2648 3019 2713 Deum,
3047 2657 3105 2705 et
3132 2650 3388 2705 mandata
3422 2650 3543 2721 ejus

1968 2755 2074 2794 non
2105 2740 2358 2804 custodit,
2402 2739 2491 2793 hic
2534 2739 2762 2793 mendax
2790 2746 2893 2794 est.
2920 2737 3219 2794 Confitetur
3239 2740 3455 2811 quidem
3482 2754 3563 2795 se

1967 2844 2129 2885 nosse
2160 2829 2349 2891 Deum,
2377 2823 2535 2882 factis
2563 2836 2745 2883 autem
2773 2834 2952 2896 negat.

2040 2937 2059 2970 ι
2089 2918 2228 2986 Quid
2255 2925 2338 2973 est
2364 2919 2548 2983 homo,
2579 2927 2672 2971 aut
2705 2932 2826 2988 qum
2863 2917 3037 2988 gratia
3075 2916 3252 2973 illius?
3297 2917 3367 2972 Et
3409 2919 3540 2988 quid

1971 3026 1990 3059 ‹
2018 3016 2101 3063 est
2141 3008 2360 3073 bonum,
2403 3014 2495 3061 aut
2534 3008 2667 3077 quid
2710 3022 2939 3078 nequam
2977 3006 3193 3062 illius?»
3244 3005 3539 3077 Postquam

1967 3099 2072 3154 iste
2129 3097 2433 3169 disputator
2485 3097 2813 3168 magnalium
2866 3096 2963 3151 Dei
3012 3113 3043 3151 a
3087 3095 3542 3167 contemplatione

288 3203 609 3258 alterutrum
654 3205 796 3260 inter
842 3221 899 3261 se
944 3206 1141 3261 habent
1178 3204 1470 3273 jactitans,
1517 3204 1644 3274 quid
1673 3204 1719 3259 si
1745 3203 1869 3260 inde

1973 3188 2270 3259 majestatis
2314 3187 2509 3243 divina:
2557 3203 2617 3242 se
2666 3186 2894 3242 contulit
2939 3186 3006 3241 ad
3054 3186 3539 3243 considerationem

288 3295 569 3349 contendit
615 3303 668 3350 et
710 3311 861 3350 suam
906 3297 1212 3351 consolatur
1258 3295 1567 3350 insaniam?
1604 3296 1730 3367 quia
1774 3311 1863 3352 se-‘-

289 3385 476 3455 quitur
506 3404 519 3439 :
552 3404 569 3436 ι
595 3385 660 3439 Et
680 3386 766 3440 cui
796 3387 1026 3441 voluerit
1062 3386 1230 3441 Filius
1258 3386 1518 3441 revelare.
1550 3406 1569 3439 ι
1601 3385 1761 3442 Aliud
1782 3394 1867 3443 est

291 3485 501 3530 natura:
528 3474 834 3545 :equalitate
878 3492 1058 3542 nosse,
1085 3476 1226 3547 quod
1250 3483 1510 3542 noverat;
1546 3474 1687 3530 aliud
1712 3490 1865 3531 reve-

290 3564 457 3619 lantis
485 3564 814 3637 dignatione.
1680 3554 1711 3563 ἣ

365 3679 383 3710 ι
405 3658 522 3712 Νοη
546 3667 628 3713 est
652 3660 908 3726 minuere,
923 3673 1097 3729 neque
1117 3657 1376 3728 adjicere:
1393 3675 1491 3715 nec
1517 3666 1599 3715 est
1622 3659 1864 3715 invenire

295 3771 313 3800 ι
353 3750 616 3820 magnalia
648 3748 761 3804 Dei.
797 3771 813 3802 ι
848 3751 902 3804 ln
932 3750 1241 3805 meditando
1287 3765 1416 3820 ergo
1454 3758 1507 3805 et
1547 3749 1599 3803 in
1637 3749 1863 3820 legendo

291 3840 602 3909 Scripturas
627 3855 809 3895 sacras
835 3841 1090 3895 debemus
1112 3854 1231 3898 esse
1257 3841 1420 3906 cauti,
1454 3855 1553 3894 nec
1578 3840 1705 3909 quid
1730 3836 1864 3908 adji-

291 3945 415 3984 cere
449 3930 517 3983 ad
547 3946 608 3984 ea
638 3945 755 4001 quae
782 3930 982 4001 scripta
1021 3938 1167 3996 sunt,
1193 3944 1293 3984 nec
1322 3930 1536 3985 demere
1564 3928 1762 3997 aliquid
1793 3926 1861 3982 ab

293 4025 370 4078 eis
399 4040 519 4093 quze
555 4024 623 4078 ab
652 4024 963 4079 auctoribus
1011 4023 1315 4078 divinarum
1363 4021 1764 4091 scripturarum
1805 4020 1861 4074 in

291 4114 444 4169 libris
486 4114 873 4184 comprehensa
920 4122 1061 4179 sunt,
1097 4112 1191 4167 sed
1218 4127 1281 4167 ea
1319 4127 1440 4166 cum
1466 4124 1678 4166 summa
1700 4124 1861 4165 vene-

181 4268 195 4277 .
292 4205 504 4259 ratione
529 4205 725 4259 habere
747 4217 865 4274 quae
885 4203 958 4258 tbi
980 4203 1346 4268 inveniuntur,
1370 4209 1427 4256 et
1446 4200 1593 4257 omni
1612 4200 1740 4255 'nisu
1768 4200 1861 4255 ad-

292 4285 517 4366 implere
545 4313 663 4366 qua:
687 4297 757 4352 ibi
782 4305 1050 4367 praecepta
1078 4303 1223 4351 sunt.
1257 4292 1536 4349 Manifeste
1556 4293 1699 4348 enim
1729 4291 1861 4347 dicit

294 4387 526 4441 loannes
555 4387 607 4440 in
634 4385 954 4457 Apocalypsi
998 4401 1116 4449 sua,
1158 4399 1278 4454 quae
1313 4382 1552 4438 clausula
1583 4388 1667 4438 est
1697 4383 1861 4437 totius

290 4480 515 4534 canonis
542 4479 705 4533 divini
732 4496 746 4533 :
779 4497 796 4528 ι
821 4477 1105 4533 Contestor
1131 4490 1230 4547 ego
1252 4475 1398 4529 omni
1427 4474 1663 4529 audienti
1696 4472 1857 4528 verba

1967 3279 2217 3334 humanae
2258 3277 2595 3343 substantiae,
2634 3291 2863 3348 parvum
2910 3276 3013 3343 sibi
3053 3277 3337 3331 videbatur
3378 3289 3541 3332 omne

1965 3368 2107 3440 quod
2146 3367 2202 3423 in
2225 3382 2289 3422 ea
2315 3367 2536 3437 reperit,
2565 3368 2691 3437 quia
2716 3366 2852 3422 nihil
2883 3367 2941 3423 in
2968 3372 3033 3423 ea
3059 3365 3396 3437 immutabile
3422 3366 3539 3422 sive

1966 3462 2168 3519 diutius
2210 3462 2353 3517 idem
2392 3472 2728 3526 mansurum,
2764 3460 2860 3517 sed
2888 3459 3146 3517 mutabile
3172 3467 3229 3515 et
3252 3460 3363 3515 cito
3388 3458 3540 3515 deci-

1965 3553 2129 3608 duum
2164 3551 2389 3606 invenit.
2409 3550 2563 3607 Unde
2582 3559 2639 3605 et
2662 3550 2968 3622 subiungit:

2037 3660 2057 3693 α
2084 3639 2350 3696 Numerus
2384 3640 2593 3696 dierum
2641 3640 2918 3696 hominum
2965 3649 3027 3696 ut
3058 3640 3288 3695 multum
3316 3646 3537 3695 centum

1968 3750 1988 3784 ι
2019 3732 2167 3798 anni,
2214 3732 2369 3802 quasi
2415 3740 2565 3803 gutta
2598 3745 2752 3801 aqua:
2792 3730 2959 3786 maris
3001 3729 3239 3801 deputati
3292 3736 3437 3784 sunt.
3469 3728 3541 3783 Et

1967 3842 1985 3874 ι
2015 3823 2155 3877 sicut
2195 3821 2439 3877 calculus
2467 3832 2662 3888 arenae,
2690 3822 2770 3878 sic
2798 3822 2979 3892 exigui
3006 3821 3135 3876 anni
3163 3820 3219 3875 in
3244 3820 3333 3877 die
3360 3820 3486 3875 arvi.
3512 3839 3532 3870 ι

1959 3911 2215 3968 Paucitas
2243 3913 2453 3967 dierum
2489 3913 2740 3967 humanm
2786 3913 2911 3967 vitae
2936 3912 3075 3968 bene
3101 3918 3415 3982 comparata
3447 3918 3533 3967 est

1959 4014 2123 4078 guttm
2148 4020 2300 4075 aqua:
2326 4005 2499 4060 maris
2512 4012 2568 4059 et
2594 4003 2799 4059 calculo
2829 4004 3038 4067 minuto
3066 4017 3265 4069 arenae,
3304 4003 3430 4072 quia
3465 4003 3539 4058 ad

1958 4097 2415 4167 comparationem
2443 4103 2717 4167 perpetua)
2746 4095 3026 4151 felicitatis
3052 4094 3219 4150 nimia
3247 4094 3302 4149 in
3326 4109 3392 4150 ea
3416 4094 3541 4150 bre-

1958 4193 2097 4246 vitas
2142 4199 2197 4245 et
2241 4190 2482 4244 inaxima
2528 4189 2749 4246 miseria
2792 4186 3083 4245 invenitur.
3135 4188 3289 4245 Unde
3334 4189 3392 4244 in
3430 4186 3535 4243 Job

1958 4285 2218 4355 scriptum
2243 4292 2364 4339 est:
2398 4300 2418 4332 ι
2437 4278 2610 4337 Homo
2648 4288 2807 4336 natus
2843 4281 2912 4337 de
2956 4279 3204 4348 muliere,
3255 4280 3407 4337 brevi
3450 4279 3531 4334 vi-

1957 4390 2090 4431 vens
2129 4383 2369 4443 tempore
2413 4371 2649 4441 repletur
2692 4370 2877 4427 multis
2920 4370 3190 4438 miseriis;
3237 4369 3391 4440 quasi
3437 4367 3537 4425 llos

1958 4470 2252 4540 egreditur,
2299 4477 2353 4522 et
2398 4467 2714 4532 conteritur,
2757 4475 2813 4521 et
2847 4464 2982 4537 fugit
3020 4463 3169 4521 veiut
3210 4465 3402 4520 umbra
3426 4503 3442 4528 ,
3478 4473 3537 4517 et

292 4570 587 4640 t-mphetiae
642 4569 763 4624 libri
802 4568 979 4638 hujus.
1012 4567 1068 4622 Si
1114 4568 1234 4636 quis
1279 4566 1587 4637 opposuerit
1615 4566 1685 4619 ad
1721 4565 1852 4629 hzec,
1884 4560 1936 4619 D
1964 4576 2236 4630 nunquam
2265 4560 2318 4613 in
2353 4559 2543 4613 eodem
2575 4565 2721 4612 statu
2752 4562 3033 4627 permanet
3076 4555 3218 4628 (Job.
3246 4554 3386 4626 xxv).
3417 4574 3439 4609 ι
3467 4555 3535 4611 Et

289 4672 523 4730 apponet
565 4661 705 4714 Deus
747 4670 909 4729 super
945 4658 1090 4712 illum
1131 4656 1313 4727 plagas
1362 4656 1590 4724 scriptas
1635 4655 1690 4709 in
1720 4654 1859 4710 libro

291 4756 425 4815 isto;
461 4760 514 4806 et
548 4752 592 4806 si
634 4751 753 4820 quis
785 4750 1093 4804 diminuerit
1121 4748 1186 4802 de
1213 4747 1393 4802 verbis
1422 4747 1716 4816 prophetia:
1760 4746 1860 4800 bu-

287 4857 373 4905 jus
430 4839 569 4903 libri,
609 4836 819 4893 auferet
862 4838 1001 4892 Deus
1041 4844 1249 4905 partem
1288 4834 1404 4903 ejus
1432 4834 1498 4889 de
1528 4834 1665 4889 libro
1714 4833 1855 4897 vitae,

287 4948 344 4985 et
370 4941 436 4985 de
471 4931 688 4985 civitate
720 4935 925 4991 sancta,
959 4935 1013 4980 et
1059 4926 1124 4979 de
1154 4925 1237 4978 his
1265 4937 1385 4993 quae
1415 4923 1613 4992 scripta
1640 4929 1765 4977 sunt
1808 4922 1862 4976 in

289 5025 427 5077 libro
454 5023 557 5075 isto
591 5017 743 5091 (Cap.
780 5018 923 5090 ult.).
957 5037 975 5067 ι
1021 5016 1143 5070 Haec
1191 5028 1405 5084 quoque
1454 5021 1674 5083 propter
1705 5010 1865 5066 falsa-

292 5122 439 5167 tores
483 5112 613 5175 dixi,
662 5122 766 5164 non
818 5114 1038 5178 propter
1081 5118 1173 5158 eos
1217 5103 1308 5172 qui
1364 5101 1679 5171 simpliciter
1718 5102 1869 5170 quod

288 5207 533 5260 semiunt
556 5204 759 5268 dicunt,
784 5202 836 5255 in
865 5199 1012 5253 nullo
1033 5196 1311 5267 prophetia
1333 5193 1600 5258 mutilata,
1621 5199 1677 5247 et
1700 5200 1861 5247 sensu

288 5296 561 5349 catholico
613 5292 922 5363 depravato.
971 5279 1109 5343 Hinc
1154 5293 1363 5342 constat
1412 5283 1545 5339 illud
1592 5283 1750 5340 nobis
1795 5284 1862 5338 de

291 5386 586 5455 Scripturis
636 5383 802 5439 sacris
841 5383 1040 5435 rimare’
1072 5376 1338 5441 sufﬁcere,
1365 5375 1479 5429 sive
1509 5373 1598 5429 illa
1625 5381 1866 5429 contem-

288 5480 529 5553 platione
555 5479 941 5531 elementomm
972 5472 1109 5526 scire
1133 5476 1189 5524 et
1228 5466 1526 5537 intelligere
1557 5481 1678 5536 qua:
1720 5464 1867 5521 facta

286 5579 462 5632 sunt;
514 5583 618 5621 non
667 5574 846 5619 tamen
899 5576 1087 5617 causas
1141 5559 1483 5626 rationesque
1523 5557 1859 5627 perquirere,

285 5677 462 5733 quare
515 5658 930 5728 unumquodque
975 5654 1055 5709 sic
1091 5652 1290 5709 factum
1330 5650 1417 5714 sit,
1453 5649 1537 5703 vel
1567 5649 1723 5705 aliter
1745 5648 1860 5703 fieri

287 5753 541 5813 deLuissc
584 5765 742 5823 quam
791 5753 992 5808 factum
1044 5756 1153 5809 est;
1207 5744 1351 5799 verbi
1405 5739 1597 5810 gratia,
1649 5738 1694 5794 si
1737 5739 1858 5809 quis

1963 4653 2202 4707 iterum:
2237 4672 2254 4704 ι
2287 4652 2474 4717 Homo,
2515 4651 2707 4721 inquit,
2760 4651 2826 4707 ad
2881 4650 3119 4705 laborem
3173 4649 3437 4715 nascitur,
3479 4657 3537 4704 et

1964 4743 2081 4797 avis
2106 4743 2175 4797 ad
2196 4742 2454 4796 volatum.
2487 4738 2673 4796 Militia
2712 4748 2794 4796 est
2820 4740 2932 4795 vita
2966 4739 3199 4795 hominis
3228 4752 3391 4808 super
3417 4746 3532 4793 ter-

1964 4846 2103 4897 ram,
2128 4840 2183 4887 et
2211 4834 2350 4887 sicut
2376 4832 2495 4885 dies
2520 4830 2839 4885 mercenarii
2867 4830 2982 4885 dies
3007 4830 3124 4900 ejus
3150 4827 3359 4901 (Job.v,
3376 4827 3527 4900 vn)»

2040 4943 2058 4974 ‹
2089 4923 2312 4992 Propter
2339 4923 2441 4976 hoc
2468 4920 2677 4990 patiens
2710 4930 2796 4975 est
2825 4920 2965 4974 Deus
2992 4920 3047 4974 in
3077 4918 3200 4983 illis,
3228 4926 3285 4974 et
3310 4914 3535 4974 eﬂ‘undit

1970 5030 1991 5064 ‹
2017 5027 2181 5082 super
2206 5011 2323 5065 illos
2348 5010 2770 5065 misericordiam
2793 5024 2966 5064 suam.
2996 5007 3140 5064 Vidit
3162 5009 3534 5079 prresumptio-

1970 5122 1989 5153 ‹
2018 5116 2140 5156 nem
2165 5100 2344 5156 cordis
2369 5099 2602 5165 illorum,
2631 5099 2885 5171 quoniam
2911 5098 3054 5154 mala
3075 5107 3180 5165 est,
3207 5107 3263 5153 et
3285 5099 3537 5171 cognovit

1968 5213 1990 5247 ‹
2016 5192 2418 5249 subversionem
2448 5192 2661 5247 illorum
2679 5232 2693 5257 ,
2729 5191 2981 5261 quoniam
3021 5206 3259 5263 nequam
3282 5199 3385 5247 est.
3413 5190 3538 5245 Ideo

1973 5307 1992 5340 ς
2022 5276 2333 5358 adimplevit
2353 5285 2789 5356 propitiationem
2815 5300 2967 5340 suam
2990 5283 3045 5339 in
3066 5284 3195 5349 illis,
3220 5291 3277 5338 et
3296 5281 3535 5338 ostendit

1974 5379 2100 5434 «eis
2146 5379 2288 5432 viam
2344 5378 2631 5447 tequitatis.
2663 5393 2682 5426 ι
2743 5374 2883 5443 Quid
2938 5373 3128 5431 suil‘ert
3183 5373 3528 5444 fragilitatem

1969 5474 2209 5525 nostram
2260 5468 2363 5523 nisi
2410 5467 2625 5521 bonitas
2674 5465 2967 5521 conditoris
3010 5463 3212 5526 nostri,
3256 5460 3347 5529 qui
3392 5457 3532 5511 indi-

1968 5572 2101 5631 gnos
2153 5557 2317 5620 fovet,
2348 5557 2591 5627 ingratos
2637 5554 2833 5624 pascit,
2875 5558 3271 5620 contemptores
3312 5546 3529 5610 tolerat,

1967 5660 2187 5705 aversos
2237 5653 2479 5709 revocat,
2519 5654 2573 5697 et
2611 5654 2902 5699 conversos
2932 5642 3000 5695 ad
3026 5638 3400 5710 paenitentiam
3430 5634 3532 5690 mi-

1966 5736 2308 5794 sericorditer
2337 5731 2577 5802 suscipit,
2618 5739 2672 5785 et
2699 5729 2938 5787 omnium
2971 5735 3316 5798 peccatorum
3341 5723 3534 5796 largis-
