3928 6182
345 350 449 406 883

978 337 1045 396 Β.
1082 337 1336 394 RABANI
1374 334 1592 392 ΜΑυηί
1632 333 1949 390 ARCHIEP.
1993 333 2299 390 MOGUNT.
2341 330 2626 402 OPERU}!
2664 331 2843 388 PARS
2877 332 2918 387 Ι.

3495 335 3596 391 881

347 468 541 524 simam
564 463 775 518 veniam
811 457 1031 514 tribuit?
1062 455 1211 510 Unde
1235 455 1364 522 quid
1388 461 1551 509 tantm
1573 452 1760 522 pietati
1789 467 1919 506 eon-
1945 455 1994 513 Α
2014 448 2339 518 justificato,
2373 466 2390 498 ›
2455 447 2706 502 videlicet
2757 456 2818 502 ut
2875 447 3060 502 datum
3113 450 3356 504 exhiberi
3409 452 3601 508 debeat

345 557 564 627 dignum
606 563 892 622 possumus
926 544 1255 616 rependere?
1299 553 1392 598 aut
1441 543 1568 612 quid
1618 541 1915 597 retribuere

352 666 371 698 ι
399 643 626 700 1)οιιιὶιιο
665 654 762 709 pro
803 636 1053 691 omnibus
1089 650 1208 704 qua:
1251 633 1502 688 retribuit
1542 632 1765 687 nobis?»
1813 631 1914 686 nisi

343 737 468 798 hoc,
515 731 656 800 quod
704 728 985 799 psalmista
1028 727 1142 780 ait:
1181 725 1458 780 «Calicem
1495 725 1746 779 salutaris
1775 723 1917 777 acci-

342 825 510 894 piam,
541 832 594 876 et
619 834 814 874 nomen
843 816 1053 872 Domini
1083 816 1374 870 invocabo?
1401 814 1573 885 (Paul.
1600 810 1748 884 cxv.)
1773 833 1790 865 ι
1827 813 1917 867 Di-

345 927 639 980 camusque
676 907 996 979 gratulando
1023 921 1146 960 cum
1177 905 1364 960 eodem
1405 904 1668 974 propheta
1699 921 1712 957 :
1757 922 1775 954 ι
1806 902 1918 956 Ma-

344 1019 481 1074 gnus
527 1000 784 1055 Dominus
811 1006 866 1052 et
892 994 1175 1050 laudabilis
1215 994 1400 1060 nimis,
1440 1002 1497 1047 et
1534 991 1919 1064 magnitudinis

344 1094 460 1162 ejus
485 1105 590 1145 non
612 1096 696 1143 cst
717 1087 870 1151 finis;
899 1085 1208 1140 misericors
1236 1092 1290 1139 et
1323 1084 1610 1138 miserator
1637 1081 1916 1148 Dominus,

343 1183 556 1254 patiens
585 1188 640 1235 et
663 1179 888 1233 multum
920 1175 1249 1230 misericors.
1286 1173 1481 1229 Suavis
1511 1175 1773 1227 Dominus
1800 1173 1918 1226 nni-

341 1271 534 1336 versis,
566 1277 619 1324 et
645 1267 1019 1322 miserationes
1049 1265 1166 1334 ejus
1202 1279 1363 1334 super
1384 1263 1563 1318 omnia
1590 1278 1753 1332 opera
1777 1263 1914 1332 ejus.

342 1361 580 1416 Laudem
633 1356 845 1412 Domini
888 1354 1138 1423 loquetur
1183 1369 1245 1408 os
1289 1367 1500 1416 meum,
1550 1360 1607 1406 et
1638 1351 1919 1406 benedicat

345 1449 521 1503 omnis
561 1462 687 1502 caro
724 1459 917 1500 nomen
965 1452 1210 1498 sanctum
1237 1441 1352 1509 ejus
1391 1443 1443 1496 in
1469 1450 1750 1502 :eternum,
1779 1450 1833 1496 et
1862 1441 1915 1495 in

344 1540 598 1597 saeculum
625 1537 802 1593 saeculi
831 1535 1002 1608 (Psal.
1029 1550 1195 1599 xcvn,
1226 1550 1348 1598 xcv,
1377 1535 1576 1605 cxuv).
1608 1555 1623 1585 ι

419 1652 438 1684 ι
472 1632 746 1687 Miseratio
773 1630 1006 1685 hominis
1026 1628 1168 1683 circa
1195 1629 1500 1697 proximum
1531 1641 1716 1691 suum;
1756 1625 1917 1680 mise—

349 1743 367 1773 ι
402 1721 633 1777 ricordia
679 1728 857 1774 autem
903 1718 995 1772 Dei
1052 1733 1215 1788 super
1262 1731 1476 1771 onmem
1527 1729 1760 1769 carnem.
1812 1713 1914 1780 Qui

2013 554 2112 608 per
2145 539 2422 607 pietatem,
2462 546 2517 592 et
2554 537 2754 592 bonum
2792 536 3014 592 verbum
3057 537 3217 592 tribui
3251 552 3350 609 per
3379 539 3599 597 humili-

2018 638 2066 684 ta
2076 639 2180 684 tem
2189 670 2201 682 .

2090 740 2108 771 ι
2144 720 2332 776 Nonne
2359 721 2606 778 ardorem
2635 720 2976 791 refrigerabit
3005 721 3141 777 ros?
3178 722 3257 777 sic
3286 730 3342 778 et
3367 723 3602 777 verbum

2023 828 2041 859 ‹
2079 809 2274 863 melius
2313 823 2477 878 quam
2520 808 2726 863 datum.
2758 827 2777 860 ›
2820 808 2974 864 Sicut
3007 824 3098 865 ros
3123 820 3332 881 segetes
3374 810 3609 883 refrige-

2019 916 2145 956 rans
2181 900 2420 956 defendit
2456 901 2523 956 ab
2572 901 2766 955 ardore
2806 901 2966 968 solis,
3007 902 3088 958 sic
3119 904 3344 958 verbum
3396 903 3601 958 bonum

2017 992 2244 1062 gratiam
2289 990 2604 1060 impendens
2639 991 2848 1044 muneri
2899 990 3176 1061 largientis
3209 993 3444 1063 protegit
3471 1009 3599 1048 eum

2018 1097 2047 1135 a
2071 1082 2307 1152 nequitia
2333 1081 2528 1150 lingua:
2551 1082 2853 1137 irascentis.
2875 1082 3029 1138 Unde
3049 1085 3176 1138 alibi
3197 1085 3456 1154 scriptum
3480 1094 3597 1140 est:

2024 1190 2041 1220 ι
2069 1170 2260 1226 Sermo
2288 1171 2454 1226 durus
2482 1172 2709 1226 suscitat
2735 1173 2902 1238 rixas,
2931 1182 2988 1228 et
3015 1189 3197 1230 sermo
3225 1175 3363 1230 lenis
3388 1177 3601 1244 mitigat

2018 1263 2304 1319 suscitatas
2327 1263 2508 1336 (Prov.
2534 1263 2644 1334 xv).
2673 1282 2690 1314 ι

2095 1375 2111 1406 ι
2142 1354 2330 1410 Nonne
2368 1371 2497 1411 ecce
2545 1357 2768 1410 verbum
2820 1371 2984 1426 super
3031 1357 3218 1412 datum
3265 1359 3492 1425 bonum,
3545 1369 3600 1414 et

2023 1469 2041 1499 ‹
2078 1459 2306 1519 utraque
2344 1465 2466 1504 cum
2509 1449 2726 1504 homine
2761 1448 3078 1516 justifieato.
3112 1470 3130 1502 ›
3183 1451 3336 1523 Saepe
3372 1454 3600 1509 verbum

2017 1539 2272 1611 prmcedit
2297 1541 2494 1595 donum
2517 1547 2749 1610 gratum,
2777 1541 2902 1610 quia
2929 1540 3111 1612 lingua
3143 1543 3397 1597 eucharis
3426 1545 3599 1596 maxi-

2017 1645 2159 1686 mam
2211 1631 2439 1700 gratiam
2485 1630 2687 1699 prazbet
2729 1630 2952 1685 homini.
2983 1631 3137 1686 Unde
3176 1631 3434 1686 Salomon
3481 1635 3594 1687 ait:

2023 1744 2039 1774 ι
2074 1725 2223 1794 Aqua
2255 1723 2518 1794 profunda
2561 1725 2724 1778 verba
2769 1738 2835 1778 ex
2885 1737 2979 1778 ore
3017 1723 3144 1789 viri,
3174 1732 3230 1778 et
3264 1732 3480 1779 torrens
3518 1741 3602 1779 re-

349 1836 366 1864 ι
407 1812 832 1868 misericordiam
858 1810 1042 1875 habet,
1071 1811 1249 1873 docet,
1273 1815 1328 1862 et
1355 1807 1532 1861 erudit
1556 1805 1706 1875 quasi
1731 1813 1914 1874 pastor
1941 1803 1988 1861 B
2016 1815 2263 1868 dundans
2317 1813 2438 1867 fons
2486 1813 2763 1882 sapientiae
2815 1810 2994 1884 (Prov.
3034 1813 3211 1886 xvm).
3244 1833 3262 1865 ι
3307 1815 3376 1868 Ει
3422 1815 3598 1870 item:

349 1926 367 1957 ι
403 1920 620 1978 gregem
649 1920 825 1960 suum.
854 1923 872 1956 ι
911 1903 1052 1957 Raro
1077 1901 1347 1956 invenitur
1373 1899 1461 1968 qui
1492 1897 1730 1968 perfecte
1756 1912 1912 1968 opem

346 1999 732 2054 misericordia:
791 1994 1060 2065 impendat
1105 1993 1158 2048 in
1203 1993 1540 2062 proximum,
1597 1999 1654 2044 at
1703 1989 1910 2045 Domini

339 2091 514 2161 pietas
545 2086 808 2142 redundat
836 2085 887 2138 in
917 2085 1228 2138 universum
1260 2083 1538 2145 mundum,
1568 2099 1586 2130 ι
1624 2080 1715 2149 qui
1747 2079 1912 2134 solem

341 2195 497 2235 suum
525 2178 656 2233 oriri
684 2175 812 2231 facit
835 2190 995 2246 super
1023 2175 1194 2229 bonos
1219 2183 1274 2227 et
1295 2173 1486 2236 malos,
1511 2180 1565 2227 et
1599 2172 1732 2241 pluit
1755 2186 1916 2242 super

334 2269 512 2340 justos
539 2275 594 2323 et
623 2265 865 2336 injustas.
896 2283 915 2316 ι
958 2265 1023 2318 Et
1053 2272 1223 2328 recte,
1252 2263 1375 2332 quia
1401 2262 1641 2316 omnium
1672 2260 1916 2315 conditor

340 2371 396 2417 et
421 2360 677 2416 Dominus
718 2358 1094 2413 universorum
1126 2356 1240 2424 ipse
1279 2362 1382 2410 est.
1421 2353 1561 2408 Grex
1613 2352 1756 2407 enim
1810 2351 1915 2408 Do-

342 2452 477 2507 mini
522 2449 763 2506 Ecclesia
806 2456 891 2504 est
931 2447 1197 2503 catholica
1237 2461 1334 2515 per
1372 2453 1542 2499 totum
1583 2445 1770 2497 orbem
1813 2441 1916 2497 dif-

342 2541 482 2606 fusa,
516 2539 668 2608 cujus
691 2546 876 2610 pastor
905 2554 1045 2592 unus
1083 2546 1188 2602 est,
1228 2537 1354 2606 quia
1380 2550 1442 2590 ex
1471 2535 1680 2590 duobus
1704 2532 1916 2604 populis

346 2647 514 2690 unum
536 2630 638 2686 sibi
660 2630 962 2685 construxit
983 2628 1143 2692 ovile,
1176 2635 1235 2680 ut
1263 2625 1442 2697 gregis
1471 2624 1726 2680 dominici
1759 2623 1914 2678 ﬁeret

345 2735 514 2776 unum
539 2719 676 2774 ovile
705 2727 758 2773 et
784 2733 922 2772 unus
942 2725 1142 2787 pastor.

422 2831 440 2863 ι
475 2811 758 2865 Miseretur
779 2809 1095 2879 excipientis
1125 2807 1422 2862 doctrinam
1453 2804 1836 2868 miserationis,
1861 2811 1916 2858 et

348 2923 366 2952 ι
401 2902 491 2972 qui
542 2899 760 2956 festinat
809 2899 863 2954 in
899 2898 1115 2967 judiciis
1159 2898 1292 2952 suis.
1323 2917 1342 2949 ι
1400 2897 1660 2950 Hortatur
1699 2909 1791 2948 eos
1819 2893 1909 2963 qui

343 2993 645 3050 doctrinam
693 2992 1080 3062 evangelicaiu,
1130 2990 1183 3045 in
1222 3005 1325 3060 qua
1357 2989 1529 3060 gratia
1569 2988 1911 3058 praedicatur,

342 3084 633 3153 accipiunt,
662 3092 720 3135 ut
750 3082 852 3151 ipsi
883 3079 1308 3134 misericordiam
1355 3078 1616 3148 proximis
1660 3076 1774 3132 suis
1816 3077 1913 3129 im-

343 3173 607 3244 pendant,
635 3181 690 3225 et
712 3169 967 3226 festinent
993 3167 1181 3236 judicii
1209 3167 1352 3221 diem
1379 3165 1767 3220 misericordia:
1788 3178 1915 3234 ope-

343 3263 497 3318 ribus
521 3261 838 3332 praavenire,
869 3273 1188 3328 semperque
1215 3257 1453 3312 exaltent
1487 3255 1916 3310 misericordiam

343 3353 566 3423 judicio,
591 3352 716 3422 quia
735 3349 994 3418 judicium
1025 3349 1074 3402 ci
1100 3348 1215 3402 sine
1246 3344 1643 3408 misericordia,
1683 3345 1774 3414 qui
1805 3359 1913 3399 non

346 3442 481 3497 fecit
505 3439 950 3496 misericordiam.
983 3457 1002 3489 ι
1028 3435 1181 3491 Beati
1209 3450 1341 3506 ergo
1364 3434 1760 3496 misericordes,
1790 3447 1918 3503 quo-

346 3530 493 3584 niam
535 3528 634 3597 ipsi
668 3525 1091 3581 misericordiam
1135 3532 1533 3592 consequentur
1567 3522 1778 3595 (Matth.
1806 3522 1910 3592 ν).›

431 3639 447 3671 ι
468 3619 591 3684 Fili,
619 3620 673 3673 in
701 3618 855 3673 bonis
879 3633 984 3673 non
1011 3618 1109 3673 des
1131 3616 1428 3687 querelam,
1455 3623 1510 3670 et
1535 3615 1588 3669 in
1619 3614 1767 3669 omni
1791 3613 1916 3668 dato

354 3731 372 3762 ι
404 3724 511 3764 non
547 3709 642 3765 des
671 3708 940 3763 tristitiam
985 3708 1134 3762 verbi
1175 3707 1322 3762 mali.
1355 3726 1375 3759 ι
1430 3705 1598 3760 Recte
1643 3705 1823 3769 docet,
1859 3711 1918 3758 ut

349 3802 508 3856 bonis
544 3799 798 3870 operibus
823 3814 929 3853 non
960 3798 1426 3853 intermisceamus
1460 3795 1622 3850 verba
1651 3793 1916 3863 imprope-

344 3892 450 3957 rii,
499 3906 675 3960 neque
721 3889 1055 3944 maculemus
1101 3889 1300 3942 bonum
1343 3887 1528 3941 datum
1572 3885 1914 3942 sermonibus

343 3981 658 4054 perversis:
697 3980 822 4048 quia
868 3997 886 4029 ι
911 3985 1265 4048 corrumpunt
1311 3991 1490 4031 mores
1543 3977 1714 4030 bonos
1751 3974 1919 4030 collo-

344 4073 470 4142 quia
506 4071 642 4126 mala
667 4069 718 4140 (I
748 4069 869 4124 Cor.
902 4068 1012 4138 xv),
1039 4087 1056 4120 ι
1087 4078 1143 4123 et
1166 4068 1431 4139 ingratum
1470 4066 1677 4120 faciunt
1717 4067 1915 4121 bonum

345 4165 542 4220 donum
591 4161 754 4217 verba
795 4157 1072 4228 iujuriosa.
1105 4157 1246 4214 Dicit
1272 4157 1417 4212 enim
1438 4154 1672 4212 Jacobus
1703 4163 1917 4225 aposto-

345 4256 433 4310 lus
459 4254 526 4308 de
559 4253 674 4322 ipso
703 4252 928 4308 Domino
953 4268 966 4303 :
997 4270 1015 4301 ι
1036 4249 1136 4316 Qui
1166 4250 1257 4304 dat
1281 4248 1529 4304 omnibus
1563 4245 1840 4301 afﬂuenter
1863 4253 1920 4301 et

344 4361 453 4399 non
481 4339 1090 4413 improperabit(1acob.
1137 4343 1238 4410 1).»
1281 4339 1430 4394 Unde
1449 4339 1698 4404 decet,ut
1737 4337 1918 4393 datum

2020 1923 2038 1954 ι
2077 1903 2175 1970 Qui
2211 1902 2540 1967 moderatur,
2583 1903 2774 1973 inquit,
2807 1919 3087 1960 sermones
3131 1921 3276 1972 suos,
3324 1907 3520 1960 doctus
3548 1919 3602 1961 ct

2015 1994 2250 2062 prudens
2277 2003 2381 2058 est,
2410 2002 2464 2046 et
2490 1992 2708 2061 pretiosi
2749 1994 2971 2062 spiritus
3004 1995 3088 2048 vir
3127 1995 3372 2050 eruditus
3403 1995 3592 2067 (Prov.

2017 2084 2172 2154 xvn),
2200 2103 2216 2134 ι
2255 2084 2347 2138 sed
2399 2091 2648 2153 utraque,
2692 2086 2794 2139 hoc
2837 2093 2952 2149 est,
3003 2086 3225 2140 verbum
3268 2096 3326 2142 et
3397 2104 3597 2142 munus

2015 2174 2344 2229 conveniens
2388 2175 2496 2238 dat,
2546 2175 2637 2244 qui
2677 2173 2904 2244 iustitiae
2953 2176 3093 2230 viam
3143 2177 3413 2247 graditur,
3467 2179 3596 2248 quia

2015 2275 2247 2334 utraque
2273 2265 2516 2334 proximo
2556 2280 2652 2320 suo
2696 2274 3070 2336 competenter
3112 2266 3309 2323 otl'erre
3350 2269 3594 2326 molitur.

2016 2355 2058 2409 E
2089 2355 2362 2410 contrario
2392 2370 2518 2410 vero
2545 2355 2652 2420 ille,
2692 2356 2783 2426 qui
2811 2371 3040 2428 nequam
3067 2365 3172 2422 est,
3214 2372 3278 2412 ea
3315 2359 3447 2415 facit
3475 2375 3594 2430 qua:

2016 2455 2333 2517 sequuntur.

2092 2557 2111 2589 ι
2141 2537 2349 2592 Stultus
2387 2538 2589 2592 acriter
2628 2537 3034 2607 improperabit,
3079 2546 3134 2593 et
3172 2539 3331 2593 datus
3375 2539 3595 2594 indisci-

2022 2649 2039 2679 ‹
2071 2627 2260 2699 plinati
2306 2628 2580 2683 tabescere
2628 2627 2760 2681 facit
2808 2628 3012 2682 oculos.
3045 2646 3063 2679 ›
3096 2659 3167 2669 ——
3201 2647 3219 2678 ι
3251 2629 3308 2682 ln
3342 2643 3440 2683 ore
3468 2644 3596 2699 ergc

2017 2717 2189 2782 stulti,
2237 2718 2316 2788 (ut
2349 2717 2476 2771 alibi
2508 2717 2724 2788 legitur)
2778 2718 2930 2787 virga
2976 2727 3062 2773 est
3101 2718 3461 2782 contumeliae,
3487 2738 3506 2770 ι
3543 2727 3598 2773 et

2016 2806 2136 2861 ideo
2162 2807 2359 2862 donum
2388 2805 2505 2876 ejus
2527 2816 2707 2862 exstat
2729 2807 3018 2877 ingratum,
3045 2809 3165 2878 quia
3193 2818 3429 2863 mentem
3457 2810 3596 2863 acci-

2015 2896 2216 2966 pientis
2261 2896 2551 2950 exacerbat
2590 2896 2768 2950 verbis
2814 2895 3082 2967 malignis.
3137 2897 3363 2968 Mystico
3414 2907 3592 2952 autem

2017 3001 2176 3040 sensu
2206 2986 2319 3041 hinc
2344 2986 2610 3041 sententia
2640 2986 2860 3041 denotat
2885 2988 3187 3052 haereticus,
3221 2989 3309 3058 qui
3337 2990 3596 3058 quidquid

2017 3075 2294 3146 proferunt
2345 3077 2444 3130 sub
2490 3077 2704 3131 virtutis
2745 3078 2944 3145 specie,
2989 3093 3156 3148 pravo
3198 3079 3445 3148 polluunt
3475 3095 3592 3133 ser-

2018 3182 2196 3232 mone,
2225 3165 2416 3221 stultas
2444 3176 2717 3221 moventes
2741 3169 3084 3237 quaestiones,
3117 3177 3170 3223 et
3195 3171 3594 3235 contentiones,

2016 3265 2071 3310 et
2093 3270 2304 3326 pugnas
2330 3255 2480 3326 legis.
2506 3255 2571 3309 Et
2600 3257 2719 3310 ideo
2744 3257 3033 3326 Apostolus
3052 3256 3206 3325 jubet
3235 3273 3336 3312 nos
3361 3257 3482 3312 illos
3506 3259 3597 3312 de-

2016 3347 2230 3410 vitarc,
2303 3347 2537 3402 scientes
2595 3347 2720 3417 quia
2785 3348 3031 3402 sub'crsi
3094 3357 3223 3403 sunt
3282 3347 3591 3417 ejusmodi:

2024 3457 2041 3487 ι
2077 3437 2268 3493 Sermo
2315 3453 2499 3493 eorum
2532 3447 2590 3491 ιιι
2619 3453 2815 3492 cancer
2844 3455 2870 3495 ς
2896 3438 3043 3508 :rpit,
3095 3447 3151 3492 et
3191 3447 3301 3493 tota
3348 3442 3594 3495 doctrina

2016 3543 2204 3583 eorum
2225 3529 2348 3584 dolo
2367 3536 2423 3583 et
2444 3529 2722 3582 mendacio
2744 3529 2898 3598 plena
2920 3529 3185 3583 veraciter
3205 3529 3594 3599 improperium

2017 3629 2100 3674 est
2136 3618 2221 3690 (II
2248 3619 2380 3672 Tim.
2415 3620 2495 3688 ιι).
2525 3639 2542 3668 ι
2575 3618 2864 3688 Propterea
2894 3619 3059 3674 dicit:
3098 3637 3116 3668 ι
3144 3619 3478 3690 lmproperia
3502 3635 3598 3673 ex-

2017 3709 2388 3779 probrantium
2416 3710 2511 3766 tibi
2538 3708 2850 3764 ceciderunt
2879 3723 3040 3778 super
3066 3725 3150 3764 me
3174 3708 3347 3779 (Ptol.
3365 3707 3610 3772 tum)”

2018 3815 2246 3870 quorum
2296 3807 2472 3852 tamen
2521 3798 2642 3853 linis
2685 3799 2958 3863 interitus,
2988 3809 3042 3853 et
3075 3799 3306 3868 procella
3339 3801 3596 3855 tenebra-

2019 3908 2138 3946 rum
2168 3892 2220 3946 in
2253 3898 2510 3946 azternum
2541 3892 2620 3945 eis
2648 3901 2860 3945 servata
2890 3899 2994 3944 est.
3031 3891 3180 3947 Unde
3209 3891 3466 3946 admonet
3498 3906 3596 3944 au-
3663 3876 3682 3890 ’

2019 3984 2222 4038 ditores
2255 3999 2381 4037 suos
2409 3983 2692 4052 sapientia,
2742 3992 2802 4037 ut
2825 3983 3155 4052 przevideant
3192 3983 3295 4038 sibi
3327 3983 3380 4039 in
3406 3992 3596 4053 poste-

2021 4093 2162 4141 rum,
2215 4085 2269 4131 et
2312 4075 2378 4131 de
2425 4074 2621 4129 futuris
2663 4075 3030 4144 praecogitent,
3085 4075 3318 4144 qualiter
3359 4075 3596 4130 evadant

2020 4182 2236 4237 poenam
2265 4166 2535 4231 vindictae,
2565 4174 2622 4220 et
2651 4165 3075 4222 misericordiam
3105 4165 3379 4220 inveniant
3403 4181 3591 4221 coram

2021 4256 2190 4311 oculis
2220 4256 2336 4311 Dei.

2097 4366 2115 4397 ι
2150 4346 2290 4401 Ante
2323 4343 2582 4414 judicium
2610 4358 2737 4414 para
2769 4344 3033 4414 justitiam
3066 4344 3182 4407 tibi,
3213 4352 3262 4397 et
3303 4352 3594 4412 antequam

343 4438 545 4492 bonum
594 4435 750 4491 bonis
794 4433 1232 4488 commendemus
1274 4432 1654 4492 sermonibus:
1689 4431 1921 4484 «Beatus
1952 4475 1996 4532 υ
2029 4458 2046 4488 ι
2082 4436 2338 4505 loquaris,
2382 4436 2561 4500 disce;
2603 4446 2730 4491 ante
2767 4435 3081 4505 languorem
3129 4435 3323 4489 adhibe
3367 4433 3595 4489 medici-

345 4529 508 4582 homo
533 4526 622 4596 qui
647 4541 751 4580 non
782 4532 971 4593 peccat
995 4524 1046 4577 in
1070 4523 1251 4592 lingua
1275 4537 1372 4576 sua
1401 4519 1606 4592 (Iacob.
1643 4519 1744 4592 ill).
1773 4540 1791 4572 ι
1819 4519 1917 4586 Qui

346 4628 527 4674 autem
558 4634 662 4673 non
685 4616 907 4672 offendit
933 4615 1117 4679 verbo,
1145 4614 1234 4667 hic
1261 4613 1531 4683 perfectus
1557 4621 1640 4667 est
1667 4613 1771 4666 vir.
1813 4611 1920 4666 Sed

347 4717 474 4764 sunt
503 4707 744 4766 nonnulli
779 4705 867 4774 qui
899 4719 1020 4758 mox
1050 4709 1108 4756 ut
1136 4702 1203 4756 ab
1228 4702 1414 4772 egenis
1440 4700 1694 4756 fratribus
1721 4701 1922 4756 fuerint

350 4801 656 4857 necessaria
705 4797 992 4868 postulati,
1041 4803 1162 4865 post
1215 4795 1352 4850 dona
1404 4794 1674 4864 largituri,
1723 4794 1775 4846 in
1828 4808 1921 4847 eos

348 4892 498 4963 prius
518 4889 902 4946 contumeliosa
924 4887 1082 4941 verba
1101 4884 1430 4956 jaculantur,
1456 4884 1546 4952 qui
1568 4892 1620 4936 et
1637 4883 1796 4936 rebus
1823 4881 1920 4938 mi-

349 4980 633 5034 nisterium
673 4977 890 5047 pictatis
927 4975 1229 5045 perficiunt,
1275 4975 1453 5028 verbis
1488 4982 1666 5026 tamen
1691 4973 1920 5043 gratiam

351 5069 670 5124 humilitatis
711 5068 956 5137 perdunt.
1002 5067 1080 5120 lla
1123 5067 1439 5136 plerumque
1483 5067 1714 5134 videtur,
1779 5065 1920 5134 quod

354 5162 519 5217 illata:
542 5160 654 5230 jam
692 5157 899 5225 injuria:
935 5157 1357 5230 satisfactionem
1385 5157 1614 5222 solvant,
1645 5173 1766 5211 cum
1804 5167 1924 5224 post

354 5229 709 5308 contumelias
737 5249 876 5302 dona
901 5247 1220 5316 largiuntur,
1266 5229 1368 5301 nec
1402 5247 1579 5316 magni
1609 5255 1692 5301 est
1719 5246 1919 5315 operis,

354 5341 495 5412 quod
520 5338 784 5411 postulata
817 5338 1079 5401 tribuunt,
1114 5337 1240 5406 quia
1271 5335 1385 5407 ipso
1413 5335 1646 5391 dationis
1669 5351 1779 5390 sua:
1808 5353 1925 5390 mu-

355 5449 485 5492 nere
517 5434 601 5488 vix
631 5431 878 5487 eumdem
919 5443 1196 5483 excessum
1242 5428 1508 5483 sermonis
1556 5435 1764 5498 tegunt,
1811 5428 1926 5498 qui-

355 5523 458 5578 bus
496 5525 633 5579 bene
675 5523 776 5578 boc
818 5519 934 5575 loco
971 5518 1206 5574 dicitur:
1242 5519 1518 5574 «lnomni
1545 5521 1672 5575 dato
1696 5536 1802 5575 non
1833 5523 1926 5577 des

357 5616 636 5671 tristitiam
711 5612 857 5668 verbi
894 5610 1053 5676 mali;
1087 5629 1104 5662 ι
1147 5619 1202 5664 et
1227 5610 1386 5680 paulo
1410 5618 1552 5680 post,
1601 5631 1617 5662 ι
1641 5611 1776 5665 Ecce
1805 5627 1926 5665 ver-

358 5707 485 5763 bum
521 5718 682 5778 super
723 5703 905 5760 datum
931 5701 1152 5768 bonum,
1183 5708 1237 5756 et
1267 5709 1494 5773 utraque
1538 5716 1660 5757 cum
1708 5701 1921 5756 homine

2029 4550 2044 4577 ι
2081 4544 2229 4592 nam,
2267 4536 2324 4582 et
2359 4535 2482 4582 ante
2515 4525 2776 4594 judicium
2821 4525 3091 4594 interroga
3131 4525 3380 4594 teipsum,
3435 4534 3491 4578 et
3541 4525 3596 4579 in

2029 4638 2046 4670 ι
2080 4626 2368 4688 conspectu
2399 4616 2493 4671 Dei
2525 4616 2764 4670 invenies
2797 4615 3254 4684 propitiationem.
3299 4614 3438 4668 Ante
3481 4614 3599 4668 lan-

2029 4728 2045 4758 ι
2079 4723 2299 4779 guorem
2331 4703 2551 4760 humilia
2592 4705 2842 4774 teipsum,
2879 4714 2933 4758 et
2962 4705 3014 4759 in
3039 4713 3279 4773 tempore
3309 4703 3597 4757 inﬁrmita—

2029 4818 2046 4849 ι
2085 4801 2152 4853 tis
2203 4797 2427 4852 ostende
2480 4797 2939 4850 conversationem
2994 4803 3160 4850 tuam.
3194 4815 3212 4846 ι
3269 4793 3396 4848 llaec
3449 4796 3597 4849 enim

2023 4889 2204 4944 omnia
2230 4887 2295 4941 ad
2329 4886 2595 4942 cautelam
2633 4887 2874 4942 fidelium
2920 4887 3061 4943 dicta
3107 4893 3253 4949 sunt,
3290 4895 3351 4940 ut
3377 4902 3596 4956 semper

2025 4980 2195 5050 parati
2237 4979 2364 5043 sint,
2411 4988 2464 5032 et
2506 4993 2780 5048 nunquam
2814 4977 3114 5047 perniciosa
3148 4978 3442 5031 securitate
3467 4978 3600 5033 sibi-

2026 5069 2266 5139 metipsis
2311 5068 2671 5134 blandiantur,
2717 5068 2809 5123 sed
2841 5067 2987 5122 omni
3025 5067 3146 5122 nisu
3165 5067 3227 5121 in
3253 5068 3476 5123 servitio
3504 5069 3600 5122 Dei

2027 5174 2197 5228 usque
2219 5159 2283 5212 ad
2312 5157 2470 5212 tinem
2501 5157 2624 5211 vita:
2661 5173 2771 5212 sua:
2807 5157 3055 5212 laborare
3077 5157 3438 5221 contendant,
3471 5166 3601 5214 ante

2019 5246 2208 5315 judicii
2241 5255 2450 5318 tempus
2479 5257 2533 5302 et
2555 5247 2696 5302 diem
2719 5247 2884 5311 illum,
2916 5262 3024 5316 quo
3044 5247 3413 5316 unusquisque
3441 5247 3602 5302 debet

2025 5353 2126 5407 pro
2153 5353 2210 5393 se
2238 5337 2500 5392 rationem
2529 5336 2640 5392 Deo
2663 5337 2907 5392 reddere.
2940 5337 3030 5392 llle
3053 5337 3213 5392 discit
3245 5346 3410 5407 atque
3440 5336 3604 5406 justi-

2028 5428 2158 5483 tiam
2193 5427 2293 5482 sibi
2340 5435 2630 5497 praeparat,
2673 5428 2763 5496 qui
2805 5427 3049 5496 quotidie
3092 5428 3338 5489 rimatur,
3371 5425 3503 5495 quid
3536 5427 3604 5479 de

2027 5519 2437 5574 conversatione
2479 5534 2576 5573 sua
2622 5527 2678 5572 et
2719 5519 2926 5573 actibus
2977 5519 3088 5573 Deo
3134 5518 3362 5588 placeat,
3401 5515 3604 5586 quidve

2028 5610 2331 5680 displiceat,
2360 5618 2415 5663 et
2443 5610 2516 5662 ita
2557 5624 2616 5663 se
2649 5624 2746 5679 per
2782 5609 3213 5679 compunctionis
3249 5607 3520 5678 lacrymas
3549 5614 3606 5659 et

2027 5702 2432 5774 castigationem
2473 5702 2734 5776 corporis,
2779 5701 2960 5759 studet
2986 5717 3017 5757 a
3044 5700 3252 5760 delictis
3293 5698 3598 5760 mundam.
