3904 6184
294 304 401 358 383

1165 299 1514 356 COMMENT.
1552 301 1620 354 IN
1660 298 2267 357 ECCLESIASTICUM.
2308 329 2360 339 —-
2417 297 2541 352 LIB.
2585 296 2668 351 IV.

3449 295 3552 350 886

299 431 359 474 ut
385 435 490 472 non
513 432 730 471 necesse
751 417 819 470 sit
845 431 942 485 pro
967 416 1258 484 pollutione
1283 425 1624 486 peccatorum
1650 417 1867 471 aeternis
1895 419 1941 478 Α
1970 424 2054 470 est
2079 416 2272 478 oratio,
2307 415 2430 483 quia
2473 411 2807 468 solummolo
2835 411 2907 464 illi
2939 412 3004 464 ah
3038 425 3102 464 co
3131 409 3421 463 audiuntur
3450 413 3540 479 qtti

298 508 630 564 ct'uCtatibtts
666 508 716 560 in
746 508 831 560 die
861 507 1108 560 vindicttc
1139 508 1314 561 denuo
1334 506 1482 560 illum
1515 507 1713 561 subire.
1732 507 1879 560 lllant

302 600 448 651 enim
480 599 670 652 horatn
695 597 1006 668 languorem
1032 597 1263 666 appellat
1289 606 1343 652 et
1368 604 1575 667 tempus
1602 595 1883 652 inﬁrmita—

307 691 398 753 tis,
451 689 671 758 quando
706 687 854 755 justa
905 687 1191 742 retributio
1233 687 1520 756 unicuique
1543 704 1641 757 pro
1671 687 1882 742 astibus

304 779 562 848 propriis-
575 776 910 847 rependitur.
944 777 1053 832 Nec
1074 776 1184 845 jam
1221 779 1346 832 licet
1368 779 1615 849 cuiquam
1641 777 1878 848 operari,

306 868 401 922 sed
420 865 504 920 fas
523 877 609 920 est
631 881 855 936 operum
875 881 1094 921 suorum
1125 868 1426 922 mercedem
1447 883 1880 939 unumquemque

309 959 569 1026 recipere.
603 957 702 1010 Hic
729 957 872 1011 enim
897 957 1014 1011 dies
1044 958 1218 1026 qualis
1266 959 1356 1024 sit,
1404 959 1707 1030 Sophonias
1752 975 1880 1029 pro-

306 1051 470 1120 pheta
521 1049 797 1113 ostendit,
846 1049 1028 1102 dicens
1065 1064 1142 1123 τοι
1171 1048 1329 1103 Juxta
1377 1059 1460 1105 est
1506 1051 1622 1106 dies
1670 1051 1880 1105 Domini

308 1155 536 1208 magnus
585 1148 640 1192 et
682 1139 834 1192 velox
866 1139 1066 1193 nimis:
1098 1154 1197 1193 vox
1251 1141 1356 1195 diei
1405 1141 1618 1195 Domini
1670 1156 1879 1207 amara,

320 1230 668 1284 tribulabitur
697 1230 768 1282 ibi
801 1229 976 1293 fortis,
1004 1230 1118 1284 dies
1143 1231 1500 1286 tribulationis
1520 1241 1577 1285 et
1598 1233 1882 1303 angustiae,

310 1323 426 1376 dies
455 1320 778 1374 calamitatis
806 1330 860 1374 et
889 1320 1138 1382 miseriae,
1168 1321 1284 1375 dies
1309 1322 1650 1376 tenebrarum
1672 1331 1726 1377 et
1755 1323 1884 1378 cali-

309 1413 470 1481 ginis,
495 1412 609 1466 dies
633 1411 844 1464 nebulae
884 1418 938 1463 et
966 1410 1214 1475 turbinis,
1261 1413 1377 1466 dies
1406 1412 1545 1466 tubae
1576 1420 1631 1467 et
1658 1413 1880 1484 clango-

311 1507 409 1570 ris,
441 1521 603 1574 super
641 1505 886 1559 civitates
935 1503 1189 1568 munitas,
1235 1512 1289 1559 et
1313 1519 1477 1572 super
1513 1503 1743 1575 angulos
1787 1519 1883 1558 ex-

309 1597 501 1650 celsos.
525 1596 592 1648 Et
613 1595 880 1649 tribulabo
909 1594 1175 1658 homines,
1199 1602 1255 1648 et
1274 1595 1629 1649 ambulabunt
1652 1604 1710 1649 ut
1732 1597 1882 1662 caeci,

310 1689 437 1758 quia
467 1688 693 1742 Domino
724 1695 1103 1755 peccaverunt,
1136 1695 1191 1740 et
1217 1685 1522 1741 eil'undetur
1547 1687 1764 1757 sanguis
1798 1702 1885 1741 eo-

1983 515 2129 559 recta
2157 506 2260 559 title
2285 514 2340 559 et
2363 504 2518 559 bonis
2547 501 2800 572 operibus
2830 501 3008 556 levant
3036 499 3310 554 orationes
3341 515 3466 554 suas
3487 501 3552 552 ad

1982 595 2168 648 Deum.

2057 704 2074 733 ‹
2109 683 2378 738 Memento
2407 682 2502 736 irae
2533 682 2585 735 in
2613 681 2701 735 die
2730 679 3235 743 consummationis,
3261 687 3315 732 et
3346 688 3555 748 tempus

1988 797 2005 828 ε
2041 775 2409 832 retributionis
2440 776 2493 829 in
2526 775 2936 829 conversatione
2961 773 3138 828 faciei.
3171 793 3188 826 ι
3225 792 3242 824 t
3267 772 3551 836 Memento,

1981 869 2184 938 inquit,
2237 868 2350 933 ine,
2376 887 2394 919 ι
2449 868 2553 922 hoc
2592 876 2677 922 est
2718 867 2984 932 vindictm,
3027 881 3146 936 qttte
3185 867 3556 936 peccatoribus

1982 965 2290 1014 reservatur
2319 958 2371 1011 in
2399 958 2484 1012 die
2522 957 2843 1012 universalis
2868 956 3078 1026 judicii,
3121 966 3176 1012 et
3218 958 3270 1011 in
3317 973 3558 1012 resurre-

1981 1053 2160 1106 ctione
2185 1057 2521 1115 cunctorum,
2549 1051 2762 1119 quando
2781 1065 3004 1119 corpora
3028 1051 3350 1104 immortalia
3380 1067 3558 1105 resur-

1983 1149 2131 1210 gunt,
2171 1141 2344 1212 qualis
2374 1147 2503 1196 tunc
2532 1140 2814 1195 retributio
2839 1157 2868 1194 a
2891 1139 3040 1208 justo
3060 1141 3239 1211 judice
3271 1142 3557 1211 unicuique

1984 1233 2319 1287 restituatur.
2357 1233 2544 1289 Justus
2581 1231 2722 1288 enim
2753 1233 3032 1299 Dominus,
3060 1242 3115 1288 et
3139 1233 3404 1303 justitiam
3434 1235 3555 1288 dili-

1983 1320 2083 1388 git,
2126 1322 2435 1390 aequitatem
2470 1324 2602 1378 vidit
2641 1322 2820 1377 vultus
2847 1323 2981 1393 ejus,
3009 1325 3099 1392 qui
3124 1324 3310 1379 reddet
3337 1325 3563 1392 singulis

1985 1413 2280 1466 secundum
2311 1427 2478 1483 opera
2503 1431 2617 1469 sua.

2060 1521 2079 1554 t
2125 1503 2390 1559 Memento
2424 1509 2754 1578 paupertatis
2799 1505 2856 1561 in
2907 1515 3150 1576 tempore
3197 1506 3559 1571 abundantiae,

1993 1613 2009 1645 t
2045 1603 2102 1649 et
2142 1597 2518 1652 necessitatum
2557 1600 2894 1668 paupertatis
2936 1598 2989 1652 in
3043 1598 3130 1653 dic
3177 1598 3507 1653 divitiarum.
3542 1621 3556 1645 ι

1989 1683 2357 1740 Saluberrima
2396 1687 2642 1741 doctrina
2671 1697 2755 1743 est
2782 1697 2840 1743 ut
2874 1689 2927 1743 in
2975 1696 3213 1757 tempore
3247 1674 3400 1742 istius
3443 1687 3565 1740 vit-.e

310 1797 430 1834 rum
459 1781 598 1834 sicut
624 1780 833 1843 humus,
868 1787 922 1832 et
949 1793 1172 1847 corpora
1207 1793 1394 1834 eorum
1431 1780 1564 1834 sicut
1605 1789 1878 1847 stercora;
1914 1766 1961 1825 B
1988 1793 2094 1846 quo
2118 1777 2244 1834 licet
2275 1779 2510 1848 operari,
2539 1779 2892 1850 eleemosynac
2918 1788 2970 1834 et
3011 1779 3396 1834 misericordia:
3427 1779 3562 1831 acti—

309 1870 404 1923 sed
434 1875 487 1922 et
517 1875 798 1938 argentum
827 1882 1014 1921 eorum
1053 1874 1108 1921 et
1133 1882 1323 1921 aurum
1370 1884 1475 1923 non
1511 1869 1709 1938 poterit
1744 1869 1881 1924 libe-

313 1976 438 2014 rare
475 1975 567 2014 eos
595 1959 647 2012 in
673 1958 758 2012 die
796 1958 890 2010 ira:
923 1957 1165 2022 Domini;
1218 1957 1272 2024 in
1323 1957 1443 2027 igne
1489 1958 1590 2012 zeli
1628 1957 1746 2028 ejus
1793 1960 1885 2014 de-

314 2050 592 2105 vorabitur
654 2048 832 2101 omnis
899 2056 1041 2100 terra
1073 2086 1087 2110 ,
1159 2047 1287 2116 quia
1353 2050 1879 2104 consummationem

312 2155 437 2193 eum
477 2137 820 2192 festinatione
857 2136 1013 2192 faciet
1041 2139 1252 2193 cunctis
1290 2139 1656 2196 habitantibus
1685 2149 1885 2196 terram

316 2232 504 2302 (Soph.
539 2231 598 2302 t).
620 2249 641 2282 ο

898 2319 1126 2376 CAPUT
1166 2321 1294 2376 VIII.

314 2415 387 2469 Ut
404 2432 512 2470 non
539 2414 884 2484 impediantur
901 2431 1056 2468 orare
1073 2413 1356 2467 Dominum
1382 2429 1603 2482 semper,
1642 2413 1886 2484 Apostolo

623 2485 784 2538 icente
805 2499 822 2535 :
846 2485 976 2538 Sine
1000 2484 1400 2538 intermissione
1426 2494 1598 2537 orate.

393 2616 412 2650 ι
444 2597 558 2652 Non
612 2598 920 2667 impediaris
957 2611 1116 2650 orare
1157 2611 1390 2665 semper,
1425 2606 1478 2650 et
1511 2612 1615 2650 non
1653 2597 1890 2651 verearis

316 2694 338 2728 ι
391 2691 567 2746 usque
592 2677 658 2730 ad
685 2687 914 2730 mortem
937 2675 1244 2744 iustificari,
1271 2675 1530 2743 quoniam
1563 2689 1775 2730 merces
1800 2675 1894 2731 Det

317 2789 342 2820 ι
393 2780 575 2823 manet
610 2771 660 2823 in
685 2779 971 2823 aeternum.
1007 2787 1025 2818 ι
1068 2767 1385 2836 Apostolica
1432 2769 1739 2822 exhortatio
1783 2769 1899 2822 haec

315 2873 402 2916 est
426 2876 546 2931 qua:
573 2861 708 2916 dicit
733 2879 747 2914 :
773 2881 790 2912 ι
823 2859 952 2914 Sine
980 2861 1388 2915 intermissione
1416 2871 1591 2921 orate.
1626 2860 1678 2913 in
1713 2858 1894 2914 omni-

313 2954 417 3007 bus
441 2953 646 3021 gratias
664 2953 825 3022 agite.
851 2951 978 3006 Haec
1001 2961 1084 3007 est
1107 2953 1250 3006 enim
1275 2950 1530 3004 voluntas
1552 2950 1646 3004 Dei
1669 2952 1719 3004 in
1740 2950 1901 3005 Chri-

313 3057 404 3100 sto
428 3045 554 3100 Jesu
601 3047 654 3099 in
682 3044 937 3099 omnibus
963 3045 1117 3099 vobis
1143 3044 1194 3114 (Ι
1224 3044 1398 3098 Thess.
1433 3045 1512 3112 v).
1540 3062 1558 3096 ι
1588 3042 1732 3097 Idem
1755 3044 1897 3112 Apo-

1984 1867 2084 1922 btts
2107 1883 2327 1938 operam
2359 1868 2580 1933 demus,
2612 1885 2710 1924 nec
2731 1869 3018 1939 perdamus
3043 1871 3213 1924 otium
3250 1869 3407 1923 nobis
3437 1883 3566 1923 cou—

1985 1974 2218 2023 cessum,
2249 1976 2268 2009 α
2298 1959 2422 2028 quia
2463 1961 2641 2015 veniet
2672 1969 2902 2030 tempus,
2925 1961 3140 2030 quando
3166 1961 3280 2031 jam
3307 1975 3415 2015 non
3439 1961 3566 2016 licet

1984 2047 2252 2116 operari.»
2289 2046 2401 2102 Hoc
2426 2048 2568 2103 enim
2602 2050 2691 2103 hic
2730 2057 2941 2118 tempus
2969 2051 3306 2121 paupertatis
3345 2059 3400 2105 et
3425 2051 3566 2106 diem

1986 2138 2324 2192 necessitatis
2361 2139 2621 2192 nominat.
2675 2138 2826 2194 Unde
2877 2139 3126 2194 Salvator
3177 2141 3228 2194 in
3273 2139 3568 2212 Evangelio

1987 2228 2276 2299 discipulos
2320 2245 2446 2284 suos
2477 2229 2688 2292 docuit,
2729 2230 2913 2284 dicens
2953 2249 2966 2284 :
3012 2251 3028 2282 t
3069 2231 3282 2286 Currite
3326 2231 3451 2285 dum
3481 2231 3568 2285 lu-

1987 2333 2110 2372 men
2155 2318 2382 2378 habetis.
2426 2331 2494 2372 ne
2524 2317 2662 2373 forte
2702 2320 2939 2374 tenebrat
2969 2335 3065 2374 vos
3101 2321 3570 2390 comprehendant

1989 2407 2172 2480 (Joan.
2207 2409 2325 2479 χιι).
2366 2429 2384 2461 ι
2419 2409 2484 2463 Et
2510 2409 2638 2464 item
2672 2398 2750 2463 εἲ
2789 2409 2994 2474 Facite,
3024 2411 3216 2481 inquit,
3259 2411 3411 2467 vobis
3431 2412 3570 2465 ami-

1989 2513 2081 2554 cos
2107 2499 2174 2573 de
2199 2515 2506 2554 mammona
2535 2500 2868 2570 iniquitatis,
2896 2509 2956 2556 ut
2981 2517 3102 2556 cum
3127 2501 3454 2570 defcceritis,
3488 2519 3573 2558 re-

1988 2591 2188 2662 cipiant
2216 2607 2312 2645 vos
2341 2592 2394 2646 in
2424 2601 2626 2647 aeterna
2661 2593 3002 2648 tabernacula
3031 2588 3176 2658 (ιω.
3207 2591 3371 2663 χνι).›

2065 2700 2083 2732 ι
2121 2680 2166 2734 Α
2201 2696 2360 2736 mane
2387 2696 2560 2750 usque
2589 2682 2656 2736 ad
2682 2696 2960 2751 vesperam
3003 2683 3299 2736 mutabitur
3337 2691 3566 2752 tempus.

1995 2793 2013 2824 ι
2046 2782 2102 2828 et
2121 2773 2234 2828 btec
2249 2773 2428 2828 omnia
2451 2775 2617 2829 citata
2643 2775 2694 2826 in
2717 2773 2888 2828 oculis
2907 2773 3139 2828 Domini.
3163 2793 3283 2826 i—t
3306 2774 3352 2826 Α
3370 2790 3527 2827 mane
3549 2793 3566 2824 ι

1990 2864 2137 2928 dicit,
2154 2863 2252 2919 hoc
2267 2873 2351 2920 est
2370 2865 2436 2919 ab
2450 2874 2568 2919 ortu
2590 2864 2903 2929 nativitatis,
2926 2883 2944 2915 ι
2969 2865 3217 2935 usquead
3243 2879 3520 2934 vesperam
3548 2885 3566 2918 ι

1991 2955 2284 3008 senectutis
2319 2973 2334 3004 t
2358 2954 2656 3008 mutabitur
2693 2962 2900 3023 tempus
2924 2973 2943 3006 ι
2972 2955 3148 3010 aetatis
3171 2955 3426 3020 hominis,
3447 2955 3574 3024 quia

2001 3067 2019 3099 t
2048 3047 2284 3117 repletus
2311 3045 2493 3100 multis
2521 3045 2755 3099 miseriis
2776 3043 2915 3114 fugit
2942 3044 3086 3098 velut
3114 3045 3327 3111 umbra,
3355 3053 3412 3098 et
3435 3060 3574 3098 nun-

317 3138 499 3193 stolus
538 3136 666 3189 alibi
715 3137 780 3189 tle
814 3135 1016 3204 nuptiis
1061 3137 1300 3205 disputat
1347 3133 1619 3204 quomodo
1670 3134 1896 3204 innupta
1921 3116 1964 3178 Ο
1996 3157 2156 3213 quam
2184 3142 2238 3194 in
2261 3138 2458 3197 [eodem
2489 3147 2630 3194 statu
2655 3145 2934 3208 permanet
2959 3135 3101 3207 (Job.
3131 3136 3263 3209 XIV).
3302 3155 3320 3188 ι
3361 3136 3454 3191 Vel
3477 3136 3575 3190 ali-

317 3226 525 3296 eogitat
570 3240 686 3293 quae
738 3225 952 3278 Domini
986 3236 1132 3288 sunt,
1178 3235 1232 3278 ut
1263 3223 1332 3279 sit
1371 3235 1558 3279 saneta
1594 3239 1820 3294 corpore
1849 3233 1903 3278 et

316 3319 538 3386 spiritu,
571 3324 625 3370 et
657 3318 892 3385 qualiter
939 3317 1028 3369 illa
1081 3332 1200 3386 qua:
1229 3327 1394 3385 nupta
1425 3325 1513 3370 est
1540 3318 1746 3387 cogitat
1783 3331 1904 3385 quae

317 3421 454 3464 sunt
505 3410 712 3474 mundi,
767 3409 1038 3477 quomodo
1085 3409 1298 3474 placeat
1347 3409 1486 3472 viro,
1531 3419 1586 3462 et
1629 3407 1900 3479 subjungit

319 3502 554 3556 dicens:
587 3520 604 3552 ι
637 3499 813 3556 l’orro
844 3501 948 3554 hoc
969 3500 1034 3554 ad
1061 3500 1351 3555 utilitatem
1370 3509 1612 3556 vestram
1637 3501 1780 3566 dico,
1801 3518 1904 3556 non

321 3603 384 3648 ut
409 3593 656 3662 laqueum
683 3594 839 3646 vobis
858 3593 1122 3660 injiciam,
1149 3595 1244 3647 sed
1264 3591 1327 3647 ad
1357 3593 1406 3646 id
1432 3591 1572 3662 quod
1619 3595 1904 3649 honestum

320 3696 432 3750 est,
461 3695 517 3740 et
553 3687 696 3755 quod
740 3684 1058 3738 facultatem
1091 3688 1330 3752 pratbeat
1366 3687 1482 3740 sine
1515 3687 1904 3756 impedimento

328 3777 621 3831 Dominum
647 3777 967 3832 ohsecrandi
995 3780 1046 3845 (ι
1067 3776 1188 3831 Cor.
1214 3775 1335 3845 vn).
1375 3796 1393 3829 t
1421 3777 1560 3832 Hinc
1581 3788 1635 3832 et
1662 3780 1776 3848 ipsa
1800 3779 1908 3834 Ve-

326 3871 462 3923 ritas
479 3871 532 3922 in
560 3868 850 3936 Evangelio
872 3869 1012 3922 aitzt
1037 3869 1268 3936 Vigilate
1292 3870 1470 3938 itaque
1492 3869 1638 3922 omni
1666 3882 1905 3939 tempore

324 3970 572 4028 orantes,
609 3971 670 4015 ttt
693 3963 840 4032 digni
882 3962 1194 4016 habeamini
1230 3961 1417 4031 fugere
1446 3961 1549 4016 ista
1579 3962 1759 4014 omnia
1787 3976 1906 4029 quae

323 4053 512 4106 futura
539 4061 686 4116 sunt,
715 4063 771 4108 et
799 4063 946 4109 stare
971 4064 1096 4108 ante
1124 4053 1290 4108 filium
1322 4055 1560 4110 hominis
1585 4054 1736 4123 (Luc.
1768 4054 1904 4125 ut),

323 4147 590 4213 quoniam
626 4161 832 4200 merces
869 4145 981 4211 Dei,
1020 4147 1221 4216 inquit,
1251 4157 1436 4202 manet
1471 4148 1524 4202 in
1560 4156 1846 4203 aeternum.
1881 4164 1910 4212 ι,

323 4227 570 4281 Prudens
613 4225 802 4290 lector,
851 4227 1069 4282 attende
1105 4229 1249 4296 quod
1287 4227 1418 4283 dicit
1461 4230 1762 4284 mercedem
1805 4229 1898 4283 Dei

323 4332 548 4371 manere
577 4316 629 4369 itt
654 4324 936 4370 aeternum.
979 4317 1047 4370 Et
1090 4317 1227 4371 scito
1251 4317 1395 4386 quod
1429 4319 1632 4372 frustra
1663 4320 1897 4374 hmretici

320 4408 670 4477 suspicantur
695 4405 953 4476 supplicia
994 4416 1339 4476 peccatorum
1377 4423 1483 4462 non
1525 4423 1645 4464 esse
1671 4417 1894 4463 aeterna.

319 4470 487 4552 Juxta
510 4470 869 4567 evangelicum
889 4470 1018 4567 ergo
1043 4498 1366 4552 sententiam
1397 4516 1409 4551 :
1443 4516 1462 4549 ι
1491 4499 1645 4552 [bunt
1671 4499 1819 4568 impii
1846 4502 1898 4553 in
1929 4470 1975 4529 ῃ

321 4592 641 4661 supplicium
671 4607 954 4661 aztcrnum,
988 4597 1119 4666 justi
1151 4603 1330 4650 autem
1363 4597 1417 4651 in
1450 4597 1614 4650 vitam
1641 4605 1898 4650 teternam

322 4685 543 4758 (Matth.
575 4689 754 4757 xxv)”
793 4697 849 4743 et
875 4689 1088 4759 utrique
1117 4689 1292 4744 ordini
1331 4705 1426 4745 sua
1474 4691 1756 4746 retributio
1779 4706 1901 4761 per-

321 4779 613 4850 petualiter
634 4790 931 4849 permanet.

401 4886 423 4918 (
448 4868 588 4922 Ante
627 4872 924 4926 orationem
969 4888 1210 4942 pnepara
1248 4872 1482 4928 animam
1508 4881 1674 4938 tuam,
1706 4881 1761 4928 et
1789 4874 1899 4928 noli

325 4981 345 5012 ‹
380 4976 508 5015 esse
550 4962 706 5031 quasi
737 4964 899 5017 homo
927 4965 1017 5033 qui
1053 4972 1225 5019 tentat
1263 4966 1451 5019 Deum.
1486 4985 1504 5017 ι
1541 4963 1615 5019 De
1646 4966 1746 5020 hoc
1775 4966 1898 5034 qui-

319 5054 451 5108 dem
474 5053 528 5105 in
552 5051 838 5123 Evangelia
862 5055 1151 5124 discipulos
1171 5072 1298 5112 suos
1321 5058 1660 5126 praemonuit,
1685 5058 1896 5113 dicens:

320 5165 344 5196 ε
384 5145 523 5199 Cum
551 5145 760 5200 stabilis
781 5147 846 5200 ad
867 5148 1154 5212 orandum,
1177 5147 1432 5202 dimittite
1459 5149 1504 5202 si
1535 5149 1661 5216 qttid
1690 5149 1900 5204 habetis

312 5237 586 5292 adversus
622 5237 875 5306 aliquem,
910 5246 968 5291 ut
998 5238 1157 5292 Pater
1188 5248 1386 5303 vester,
1412 5241 1502 5309 qui
1532 5240 1584 5293 in
1613 5241 1766 5295 cmlis
1793 5251 1895 5301 est,

314 5329 568 5382 dimittat
591 5329 742 5383 vobis
767 5338 986 5398 peccata
1017 5339 1213 5384 vestra.
1239 5330 1389 5396 Quod
1419 5329 1462 5383 si
1486 5345 1581 5384 vos
1606 5348 1710 5384 non
1738 5331 1897 5385 dimi-

311 5421 532 5485 seritis,
564 5433 662 5474 nec
707 5419 870 5475 Pater
916 5428 1110 5485 vester,
1143 5421 1233 5489 qui
1261 5423 1312 5474 itt
1343 5419 1496 5474 cmlis
1519 5429 1625 5485 est,
1667 5421 1902 5475 dimittet

315 5511 484 5565 vobis
530 5519 748 5578 peccata
787 5521 966 5563 vestra
999 5509 1192 5581 (Marc.
1224 5509 1322 5578 XI).
1355 5529 1372 5560 ι
1418 5509 1509 5562 llle
1550 5510 1694 5563 enim
1742 5510 1902 5564 homo

310 5605 500 5657 Deum
547 5600 757 5654 videtur
795 5608 1039 5668 tentare,
1069 5601 1159 5669 qui
1203 5601 1275 5655 ita
1306 5610 1446 5663 orat,
1499 5609 1557 5652 ttt
1594 5600 1795 5664 docuit,
1847 5609 1903 5654 et

307 5712 510 5755 tamen
558 5716 662 5754 ttott
713 5697 812 5750 hoc
851 5694 961 5764 agit
1002 5694 1142 5762 quod
1170 5694 1346 5764 jussit.
1378 5691 1541 5761 Cujus
1572 5692 1897 5747 infructuosa

1999 3245 2080 3290 ter
2110 3253 2121 3286 :
2152 3234 2193 3287 Α
2221 3247 2414 3295 mane,
2445 3232 2547 3285 hoc
2576 3239 2660 3285 est
2689 3230 2757 3284 ab
2790 3231 2946 3284 initio
2971 3229 3262 3284 creationis
3291 3230 3576 3284 mundana:

1998 3339 2166 3392 usque
2196 3323 2264 3376 ad
2289 3335 2565 3391 vesperam
2603 3319 2784 3374 saeculi
2810 3334 3025 3388 semper
3055 3319 3406 3374 mutabuntur
3433 3326 3574 3373 tem-

1995 3428 2146 3484 pora,
2171 3420 2226 3466 et
2249 3427 2365 3476 ver,
2388 3419 2569 3474 testas,
2599 3420 2891 3464 autumnus
2915 3418 2972 3464 et
2999 3410 3196 3474 hiems,
3226 3409 3341 3463 dies
3371 3417 3425 3464 et
3449 3424 3575 3472 nox,

1998 3520 2273 3574 nunquam
2305 3503 2652 3573 requiescunt
2684 3520 2696 3554 :
2729 3511 2785 3556 et
2810 3511 2988 3557 tamen
3020 3504 3135 3558 haec
3161 3503 3345 3558 omnia
3375 3504 3442 3556 ad
3471 3510 3580 3556 sta—

2000 3609 2112 3653 tum
2149 3597 2470 3652 aeternitatis
2517 3603 2828 3664 comparata
2869 3595 2978 3650 cito
3022 3596 3256 3650 transire
3304 3596 3578 3659 videntur,

1999 3705 2098 3744 nec
2126 3688 2326 3758 aliquid
2351 3689 2418 3742 de
2446 3686 2816 3756 corporalibus
2848 3687 3008 3740 rebus
3033 3695 3352 3756 perpetuum
3374 3697 3576 3742 manet.

1999 3779 2105 3834 Sed
2131 3778 2308 3832 omnia
2344 3793 2529 3832 coram
2559 3777 2730 3832 oculis
2769 3776 2977 3831 Domini
3008 3783 3317 3841 transeunt,
3347 3787 3405 3832 et
3427 3788 3580 3834 certo

1999 3870 2102 3922 line
2125 3867 2464 3922 clauduntur.
2498 3867 2615 3936 Ipse
2641 3875 2820 3921 autem
2850 3881 3062 3937 semper
3083 3866 3223 3922 idem
3249 3877 3350 3933 est,
3375 3877 3429 3923 et
3450 3871 3577 3924 anni

1995 3959 2112 4029 ejus
2135 3973 2238 4012 non
2275 3957 2549 4012 deficient.
2895 4002 2898 4005 .

2073 4069 2091 4102 ε
2147 4049 2319 4104 Homo
2354 4048 2572 4118 sapiens
2613 4048 2665 4102 in
2696 4048 2947 4104 omnibus
2979 4049 3188 4114 metuit,
3219 4059 3275 4104 et
3301 4050 3354 4104 in
3387 4051 3577 4107 diebus

2003 4162 2020 4194 ς
2059 4143 2374 4197 delictorum
2410 4141 2651 4195 attendet
2693 4141 2760 4196 ab
2805 4139 3019 4194 inertia.
3081 4162 3099 4192 ι
3135 4141 3329 4208 llomo,
3380 4142 3574 4210 inquit.

1997 4235 2212 4303 sapiens
2237 4232 2289 4285 in
2313 4232 2565 4286 omnibus
2589 4231 2800 4296 metuit,
2843 4232 2969 4301 quia
3010 4233 3203 4286 beatus
3244 4233 3406 4286 homo
3431 4248 3576 4287 sem-

1998 4341 2094 4394 per
2122 4323 2345 4393 pavidus
2377 4330 2479 4376 est.
2515 4321 2607 4376 Ille
2640 4323 2837 4392 quippe
2883 4337 3009 4377 vere
3055 4323 3273 4392 sapiens
3317 4332 3400 4378 est
3427 4364 3441 4387 ,
3483 4325 3576 4392 qui

2003 4416 2250 4468 timorem
2290 4412 2382 4466 Dei
2434 4425 2651 4480 semper
2693 4420 2818 4466 ante
2851 4412 3037 4467 oculos
3073 4412 3255 4467 cordis
3283 4413 3464 4476 habet,
3508 4414 3581 4466 ita

2003 4515 2061 4558 ut
2107 4505 2174 4558 ab
2201 4503 2452 4557 omnibus
2487 4501 2731 4569 delictis,
2763 4514 3018 4571 quantum
3056 4502 3311 4572 possibile
3344 4513 3450 4566 est,
3491 4518 3580 4556 ca-

1999 4603 2140 4656 veat,
2185 4593 2510 4647 oblivionem
2553 4603 2941 4663 praeceptorum
2981 4593 3074 4647 Dei
3111 4591 3302 4663 fugiat,
3332 4603 3386 4647 ct
3428 4608 3580 4646 matt-

2001 4684 2126 4740 data
2174 4683 2291 4754 ejus
2345 4700 2511 4754 opere
2565 4683 2788 4752 implere
2832 4685 3082 4749 studeat,
3137 4687 3261 4754 quia
3318 4687 3579 4755 propheta

1999 4781 2229 4828 testante
2257 4793 2270 4826 :
2307 4791 2324 4824 t
2353 4773 2570 4828 Initium
2599 4775 2874 4843 sapientia:
2901 4783 2988 4828 est
3018 4776 3180 4829 timor
3224 4777 3457 4841 Domini,
3493 4777 3576 4829 in—

2004 4866 2246 4920 tellectus
2269 4866 2441 4920 bonus
2464 4866 2715 4920 omnibus
2740 4867 3059 4921 facientibus
3079 4882 3201 4921 eum
3227 4866 3398 4938 (Psal.
3415 4869 3525 4938 cx).
3554 4889 3570 4919 ι

2006 4956 2369 5026 Cogitationes
2393 4957 2535 5010 enim
2573 4957 2773 5011 robusti
2801 4973 3015 5028 semper
3047 4959 3100 5012 itt
3131 4957 3492 5026 abundantia,
3524 4971 3580 5015 et

2005 5054 2180 5109 omnis
2203 5053 2355 5122 piger
2384 5067 2596 5120 semper
2621 5052 2672 5105 itt
2700 5060 2934 5122 egestate
2963 5053 3065 5106 erit
3083 5089 3097 5102 .

2081 5167 2098 5198 ι
2132 5147 2317 5201 Omnis
2341 5153 2549 5200 astutus
2572 5146 2814 5215 agnoscit
2837 5146 3180 5214 sapientiam,
3211 5158 3267 5203 et
3288 5149 3573 5203 invenienti

2011 5256 2030 5287 ς
2067 5253 2185 5291 eam
2229 5237 2378 5291 dabit
2412 5236 2823 5292 confessionem.
2861 5255 2879 5288 ι
2914 5237 3158 5302 Astutus,
3192 5239 3292 5294 hoc
3329 5247 3431 5302 est,
3458 5238 3577 5290 dili-

2004 5345 2136 5397 gens
2163 5339 2212 5383 et
2238 5330 2476 5382 intentus
2502 5328 2792 5382 meditator
2816 5327 2952 5399 legis
2974 5328 3069 5383 Dei
3095 5330 3337 5401 agnoscit
3360 5329 3576 5396 sapien-

2006 5427 2133 5477 tiam
2191 5423 2285 5475 Dei
2337 5436 2456 5475 esse
2513 5421 2815 5484 Christum;
2866 5429 2922 5474 et
2974 5431 3255 5489 postquam
3309 5418 3577 5470 invenerit

2005 5531 2125 5569 cum
2147 5555 2161 5578 ,
2197 5523 2254 5567 et
2287 5512 2449 5568 corde
2477 5513 2697 5567 credulo
2725 5511 2842 5580 ejus
2881 5511 3203 5581 agnitionem
3242 5507 3571 5577 perceperit,

2006 5602 2119 5670 ipse
2153 5603 2302 5657 dabit
2347 5604 2395 5657 ei
2439 5602 2829 5657 confessionem
2871 5607 3029 5653 rectae
3069 5595 3486 5666 prwdicationis,
3521 5604 3578 5650 ct

2005 5687 2239 5742 studium
2269 5688 2544 5758 condigna:
2572 5685 2918 5755 operationis.
