3928 6182
355 313 453 369 88Ἰ

992 313 1051 366 Β.
1094 313 1344 366 BADA-Nl
1386 313 1604 367 MAURI
1641 313 1958 370 ARCIIIEP.
2007 311 2319 370 MOGUNT.
2360 312 2642 369 OPERUM
2686 314 2864 370 PARS
2903 317 2943 370 1.

3512 323 3616 376 883

430 445 449 477 ‹
487 425 702 479 Sensati
734 425 786 478 in
829 424 1006 478 verbis
1043 433 1099 479 et
1131 425 1232 494 ipsi
1273 426 1545 495 sapienter
1582 438 1848 498 egerunt,
1877 439 1932 483 et
1958 434 2007 490 Α
2037 437 2218 481 tamen
2263 428 2317 480 in
2369 427 2524 482 turba
2577 429 2920 482 conversanti
2975 443 3082 483 non
3129 429 3344 486 videtur
3394 438 3620 504 grandis

361 539 379 572 ι
419 517 797 574 intellexerunt
822 517 1104 570 veritatem
1131 525 1186 571 et
1205 516 1494 585 justitiam,
1525 530 1578 574 et
1605 521 1927 591 implorave-

361 628 380 660 ι
419 618 544 664 runt
572 605 856 677 proverbia
891 616 941 659 et
985 607 1209 676 judicia.
1251 629 1269 660 ι
1315 608 1465 664 Sicut
1491 612 1642 680 prius
1669 612 1745 666 ait
1773 621 1924 666 astu—

356 709 443 756 tos
469 709 762 770 agnoscere
795 696 1131 765 sapientiam,
1185 699 1265 752 sic
1307 706 1363 753 et
1402 715 1546 754 nunc
1589 709 1833 755 sensatos
1873 703 1926 755 in

350 793 533 848 verbis
590 791 745 844 bonis
795 789 1004 844 actibus
1062 790 1399 846 demonstrat
1450 792 1680 862 probare
1735 809 1929 848 sensus

350 881 732 952 prudentiam;
765 880 817 934 in
844 881 1023 935 verbis
1043 881 1187 935 enim
1221 883 1423 936 sensati
1455 884 1554 952 ipsi
1589 892 1715 938 sunt
1743 885 1924 940 docto-

353 992 442 1030 res
480 975 671 1039 sancti,
709 974 800 1042 qui
831 990 937 1028 non
980 973 1153 1028 solum
1197 974 1502 1044 intelligunt
1543 977 1827 1031 veritatem
1873 985 1928 1032 et

345 1066 609 1136 justitiam
635 1064 1011 1120 mandatorum
1050 1065 1170 1129 Dei,
1205 1065 1301 1119 sed
1327 1073 1382 1118 et
1419 1066 1702 1134 proverbia
1727 1067 1928 1122 doctri-

348 1172 541 1210 narum
568 1157 636 1210 ob
657 1156 959 1210 auditorum
989 1171 1210 1210 suorum
1235 1155 1515 1224 proferunt
1541 1156 1844 1219 utilitatem,
1873 1166 1930 1213 et

345 1250 613 1306 bonorum
635 1247 1002 1316 exemplorum
1031 1263 1138 1303 non
1167 1257 1384 1302 cessant
1411 1249 1491 1302 eis
1517 1249 1775 1304 exhibere
1801 1250 1926 1303 imi-

348 1342 626 1396 tationem.

954 1449 1180 1504 CAPUT
1234 1449 1322 1502 1X.

351 1566 426 1618 De
457 1565 771 1618 continentia
797 1564 1010 1634 animm,
1052 1578 1110 1616 eo
1136 1567 1277 1633 quod
1307 1581 1409 1616 non
1443 1566 1509 1617 sit
1540 1565 1768 1617 eundum
1815 1575 1928 1634 post

422 1635 680 1688 desideria
729 1632 921 1696 cordis,
960 1634 1014 1685 id
1055 1642 1129 1685 est
1164 1648 1288 1704 non
1329 1649 1465 1704 esse
1495 1632 1924 1704 (requiescendum

422 1704 820 1786 cogitationibus
860 1704 1005 1756 vanis
1033 1743 1048 1766 ,
1080 1703 1169 1755 sed
1211 1703 1411 1756 auxilio
1441 1703 1537 1757 Dei
1571 1703 1924 1758 obsistendum

424 1792 520 1828 €18.

429 1906 448 1939 ι
479 1887 608 1944 Post
628 1891 1092 1960 concupiscentias
1116 1899 1234 1944 tuas
1256 1905 1362 1945 non
1385 1905 1498 1955 eas,
1523 1899 1578 1945 et
1602 1906 1632 1944 a
1657 1891 1928 1961 voluptate

358 1997 376 2028 ι
418 1987 505 2032 tua
540 1989 817 2035 avertere:
852 1981 895 2036 si
925 1989 1148 2051 praestes
1181 1982 1375 2036 animae
1405 1990 1508 2036 tuae
1541 1983 1929 2052 concupiscen-

355 2090 374 2121 ι
413 2071 540 2126 tiam
569 2070 706 2139 ejus,
732 2071 892 2126 faciet
923 2080 972 2126 le
1000 2073 1051 2126 in
1078 2057 1334 2142 gaudium
1365 2072 1615 2128 inimicis.
1650 2093 1668 2124 ι
1705 2073 1930 2128 Omnem

350 2164 843 2234 concupiscentiam
893 2163 1165 2219 carnalem
1227 2164 1471 2218 nocivam
1521 2179 1642 2219 esse
1698 2165 1932 2220 ostendit

353 2252 635 2323 Scriptura
670 2269 846 2309 sacra.
878 2253 1030 2310 Unde
1061 2254 1115 2308 in
1151 2254 1268 2324 lege
1306 2255 1436 2308 dicit
1470 2272 1482 2307 :
1529 2273 1546 2304 o
1579 2253 1696 2308 Non
1733 2268 1932 2309 concu-

346 2347 524 2416 pisces
551 2347 766 2402 domum
799 2348 1029 2418 proximi
1061 2348 1174 2410 tui,
1210 2362 1312 2402 nec
1339 2347 1676 2402 desiderabis
1706 2361 1929 2401 uxorem

348 2435 486 2506 ejus.
517 2434 633 2492 Non
671 2450 920 2502 servum,
955 2452 1060 2492 non
1105 2437 1389 2499 ancillam,
1424 2441 1532 2490 non
1568 2436 1790 2501 bovem,
1822 2451 1928 2490 non

352 2525 589 2592 asinum,
635 2542 735 2582 nec
763 2527 942 2582 omnia
984 2542 1104 2597 quae
1147 2527 1288 2582 illius
1319 2536 1447 2581 sunt
1488 2526 1687 2597 (Exod.
1713 2526 1830 2597 xx).
1863 2526 1932 2580 Et

349 2617 476 2670 alibi
527 2618 784 2686 scriptum
828 2627 912 2673 est
968 2637 980 2672 :
1036 2636 1054 2668 ι
1101 2617 1547 2687 Concupiscentia
1593 2618 1785 2671 avertit
1835 2631 1931 2672 cor

349 2722 538 2762 eorum
581 2707 742 2779 (Dan.
781 2709 922 2781 xm).
963 2729 980 2761 ι
1015 2710 1091 2764 De
1119 2724 1228 2778 quo
1273 2723 1370 2778 per
1411 2707 1636 2762 Paulum
1679 2707 1875 2762 dicitur
1913 2725 1925 2760 :

357 2814 375 2845 ι
415 2796 589 2851 Radix
617 2798 762 2852 enim
791 2799 1033 2854 omnium
1054 2799 1316 2854 malorum
1343 2805 1428 2853 est
1451 2798 1743 2867 cupiditas,
1764 2813 1929 2867 quam

349 2888 569 2957 quidam
595 2896 912 2959 appetentes
940 2898 1262 2945 erraverunt
1283 2905 1314 2943 a
1352 2888 1476 2952 fide,
1509 2896 1564 2943 et
1585 2889 1931 2942 inseruerunt

350 2994 410 3034 se
455 2980 730 3036 doloribus
770 2983 954 3038 multis
999 2982 1052 3052 (I
1095 2981 1229 3035 Tim.
1260 2980 1356 3052 vi).
1391 2999 1408 3031 ι
1444 2979 1579 3034 Hinc
1604 2987 1659 3034 et
1689 2977 1928 3034 Joannes

347 3070 426 3124 ait
476 3089 489 3124 :
548 3089 568 3121 ι
623 3071 797 3126 Nolite
837 3073 1060 3142 diligere
1103 3071 1394 3136 mundum,
1462 3085 1636 3141 neque
1687 3085 1752 3125 ea
1805 3085 1925 3140 quae

2030 532 2150 573 esse
2177 519 2380 588 culpae,
2423 534 2546 573 cum
2574 519 2854 588 Scriptura
2897 519 3043 574 dicat
3073 539 3084 573 :
3120 539 3137 571 ι
3188 521 3360 577 Omne
3389 525 3615 582 verbum

2029 610 2262 664 otiosum
2289 609 2434 678 quod
2461 609 2625 664 locuti
2653 609 2853 664 fuerint
2877 612 3124 668 homines
3149 654 3163 678 ,
3195 616 3427 671 reddent
3452 620 3624 674 ratio-

2030 715 2152 754 nem
2185 700 2250 754 de
2291 715 2356 754 eo
2404 699 2459 752 in
2498 700 2585 754 die
2616 699 2806 768 judicii
2852 702 3066 770 (Matth.
3113 705 3236 776 xu).
3287 725 3305 757 ι
3339 707 3408 760 Ει
3438 709 3615 766 alibi:

2034 808 2051 840 ‹
2096 788 2281 854 Risus,
2324 788 2533 858 inquit,
2592 790 2764 844 dolori
2821 791 3158 858 miscebitur,
3205 803 3261 849 et
3305 806 3616 854 extremum

2027 877 2207 947 gaudii
2236 877 2412 934 luctus
2445 888 2673 948 occupat
2703 878 2884 951 (Prov.
2927 881 3060 952 XIV).
3113 903 3132 935 ι
3169 868 3320 940 Unde
3354 887 3622 945 Dominus

2028 978 2230 1035 noster,
2255 971 2348 1040 qui
2378 971 2527 1026 venit
2554 972 2606 1025 in
2641 973 2784 1026 hunc
2807 976 3065 1029 mundum
3097 987 3408 1046 peceatores
3437 982 3620 1038 salvos

2028 1059 2232 1126 facere,
2264 1069 2318 1114 et
2343 1062 2526 1116 omnia
2557 1061 2777 1116 trahere
2801 1064 2872 1140 ad
2902 1065 3141 1135 seipsum
3172 1067 3390 1137 (Matth.
3424 1072 3528 1140 rx),
3560 1083 3620 1126 ut

2028 1153 2185 1208 nobis
2229 1156 2537 1210 ostenderet
2587 1156 2932 1212 solitudinem
2995 1159 3282 1229 aliquando
3355 1164 3619 1232 prodesse

2028 1253 2245 1314 propter
2265 1246 2804 1316 circumspectionem
2826 1248 3006 1305 cordis
3028 1252 3198 1305 nostri
3228 1252 3613 1317 innovaudam,

2029 1337 2285 1390 scribitur
2322 1337 2506 1408 fugere
2533 1340 2585 1393 in
2620 1339 2894 1395 desertum
2923 1342 3122 1407 locum,
3149 1351 3205 1397 et
3235 1345 3289 1398 in
3313 1353 3498 1399 monte
3529 1362 3617 1401 so-

2031 1427 2112 1481 lus
2142 1442 2322 1492 orare,
2355 1437 2516 1498 atque
2547 1431 2598 1483 in
2626 1446 2764 1484 nave
2789 1432 3178 1500 conquiescere
3207 1433 3358 1503 (Luc.
3388 1434 3470 1504 v).
3498 1434 3614 1489 Non

2027 1519 2168 1587 quod
2197 1519 2345 1572 illum
2383 1519 2579 1589 aliquis
2619 1519 2816 1576 laedere
2843 1523 3126 1591 potuisset,
3169 1533 3262 1578 aut
3293 1523 3480 1594 aliquo
3509 1527 3617 1581 cri-

2031 1610 2176 1664 mine
2199 1610 2437 1678 polluere
2461 1611 2644 1682 (quem
2671 1622 2884 1668 constat
2904 1615 2973 1669 ab
2990 1616 3137 1670 omni
3166 1625 3396 1687 peccato
3422 1619 3618 1673 immu-

2031 1713 2153 1752 nem
2192 1700 2356 1771 esse),
2411 1702 2505 1757 sed
2546 1710 2607 1756 ut
2642 1703 2797 1757 nobis
2838 1705 3143 1774 exemplum
3173 1704 3352 1772 daret,
3379 1708 3613 1777 qualiter

1957 1791 2004 1850 B
2031 1789 2277 1845 humanm
2306 1791 2431 1845 vita).
2461 1793 2698 1859 pericula
2734 1795 3004 1863 possimus
3030 1798 3292 1854 devitarc.

2646 1905 2872 1960 CAPUT
2912 1907 2977 1961 Χ.

2033 1993 2196 2078 Quod
2212 1995 2444 2078 ebriosus
2467 2013 2569 2078 non
2589 1998 2925 2078 dimbimnet
2946 2005 3233 2078 spernendo
3253 2009 3463 2062 modica
3481 2028 3612 2078 pau-

2101 2063 2247 2148 latim
2279 2065 2484 2148 decidet
2512 2081 2529 2118 :
2554 2070 2755 2137 etquod
2773 2063 3012 2125 mulieres
3042 2083 3088 2126 et
3119 2075 3294 2130 vinum
3321 2063 3614 2148 apostatare

2103 2133 2304 2201 faciant
2333 2153 2364 2188 a
2399 2135 2526 2190 Deo.

2109 2266 2126 2294 ι
2169 2242 2247 2299 Ne
2286 2244 2453 2301 fueris
2495 2248 2782 2303 mediocris
2815 2249 2870 2303 in
2920 2253 3261 2308 contentione
3294 2271 3365 2309 ex
3410 2257 3609 2325 fenore,

2037 2354 2056 2386 ι
2101 2345 2157 2392 et
2183 2352 2290 2392 non
2319 2346 2403 2393 est
2439 2339 2533 2394 tibi
2573 2340 2628 2394 in
2657 2341 2872 2396 sacculo
2901 2343 3056 2408 nihil,
3089 2345 3198 2399 eris
3224 2347 3369 2400 enim
3399 2349 3608 2405 invidus

2037 2444 2054 2475 ι
2104 2435 2205 2482 tua:
2239 2428 2452 2483 animai.
2498 2448 2514 2479 δ
2553 2429 2675 2484 Ιίειιο
2709 2433 2974 2486 sententia
3006 2447 3262 2502 provocat
3291 2454 3393 2492 nos
3423 2441 3491 2495 ad
3519 2442 3616 2494 mi-

2030 2517 2340 2572 sericordiae
2379 2533 2576 2587 opera,
2611 2527 2672 2574 ut
2713 2535 2818 2575 non
2857 2523 3028 2578 simus
3057 2524 3192 2595 pigri
3229 2527 3282 2579 in
3308 2531 3615 2594 przestando

2027 2609 2290 2677 proximis
2327 2610 2528 2664 nostris
2577 2609 2838 2667 beneﬁcia
2869 2620 3112 2676 terrena,
3168 2616 3296 2685 quia
3338 2633 3445 2670 non
3495 2620 3616 2673 inde

2029 2697 2257 2752 deerunt
2282 2699 2437 2754 nobis
2476 2699 2668 2754 solatia
2699 2703 3045 2771 temporalia;
3091 2705 3199 2759 imo
3225 2706 3268 2759 si
3299 2707 3402 2762 hoc
3431 2706 3609 2764 facere

2029 2789 2364 2861 negligentes
2403 2791 2684 2859 fuerimus,
2715 2794 2912 2849 animae
2936 2807 3134 2852 nostra:
3175 2813 3281 2852 non
3325 2803 3618 2871 perspicis

2029 2897 2150 2937 mus
2174 2898 2480 2952 praaparare
2503 2885 2642 2939 bona
2667 2884 2870 2940 futura.
2912 2887 3012 2942 Ubi
3037 2889 3348 2959 temporalis
3378 2891 3614 2949 eleemo-

2029 2990 2161 3046 syna
2189 2977 2622 3032 remunerabitur
2649 2979 2900 3036 mercede
2920 2990 3198 3050 perpetua.

2099 3065 2259 3135 (CAP.
2288 3066 2442 3138 xxx.)
2484 3085 2503 3118 ι
2537 3067 2830 3137 Operarius
2853 3070 3101 3127 ebriosus
3134 3087 3242 3127 non
3266 3073 3619 3144 locupletabi-

351 3164 407 3216 in
454 3165 653 3220 mundo
699 3172 844 3219 sunt.
888 3164 947 3218 Si
976 3165 1098 3232 quis
1141 3163 1314 3234 diligit
1364 3163 1646 3227 mundum,
1697 3176 1804 3216 non
1845 3168 1928 3216 est
1956 3145 2000 3205 C
2036 3175 2054 3208 ι
2093 3165 2200 3222 tur,
2227 3167 2282 3212 et
2301 3159 2392 3228 qui
2414 3161 2620 3228 spernit
2643 3161 2872 3226 modica,
2897 3162 3154 3232 paulatim
3176 3165 3412 3221 decidet.
3435 3187 3455 3220 ι
3491 3167 3618 3224 Haec

348 3254 589 3308 charitas
622 3253 800 3307 Patris
844 3251 899 3306 in
935 3265 1042 3305 eo:
1079 3251 1334 3319 quoniam
1379 3265 1538 3306 omne
1576 3250 1720 3320 quod
1749 3258 1831 3304 est
1871 3249 1925 3304 in

350 3346 572 3409 mundo,
624 3343 1060 3413 concupiscentia
1115 3342 1296 3398 carnis
1319 3383 1332 3408 ,
1388 3350 1444 3397 et
1490 3341 1925 3410 concupiscentia

247 3492 250 3494 γ
349 3435 629 3490 oculorum
651 3443 764 3499 est,
795 3442 852 3489 et
875 3434 1126 3504 superbia
1153 3433 1301 3500 vitae,
1325 3449 1446 3503 quae
1480 3447 1586 3487 non
1610 3441 1692 3487 est
1721 3447 1788 3486 ex
1825 3431 1927 3485 Pa-

348 3536 454 3591 tre,
485 3527 579 3582 sed
611 3542 678 3581 ex
711 3527 911 3581 mundo
932 3534 1032 3588 est,
1066 3533 1120 3581 et
1147 3526 1378 3580 mundus
1402 3513 1620 3590 transit,
1648 3532 1704 3578 et
1728 3539 1928 3579 concu-

344 3619 611 3690 piscentia
640 3617 790 3686 ejus;
829 3617 920 3688 qui
946 3626 1127 3672 autem
1165 3617 1296 3670 facit
1320 3617 1645 3672 voluntatem
1674 3616 1789 3681 Dei,
1813 3630 1927 3669 ma-

347 3719 440 3766 net
468 3711 523 3765 in
548 3719 807 3764 aeternum
833 3709 884 3782 (I
911 3709 1070 3763 Joan.
1096 3709 1180 3779 ιι).
1220 3728 1239 3761 ι
1266 3706 1367 3774 Qui
1392 3707 1536 3762 enim
1561 3705 1927 3776 voluptatibus

345 3817 566 3872 cperam
591 3801 702 3865 dat,
721 3800 1014 3855 verendum
1037 3799 1113 3852 illi
1139 3808 1222 3855 est
1240 3812 1308 3853 ne
1326 3799 1379 3853 in
1402 3797 1532 3852 illud
1552 3796 1925 3867 propheticum

349 3893 569 3955 incidat,
612 3906 721 3961 quo
757 3890 956 3945 dicitur
988 3907 1001 3943 :
1043 3907 1062 3940 ι
1093 3888 1344 3958 Correpti
1373 3894 1530 3951 sunt,
1563 3895 1618 3941 et
1643 3885 1926 3963 abomina-

345 3983 484 4038 biles
529 3982 654 4037 facti
703 3991 829 4039 sunt
861 3982 914 4035 in
950 3980 1317 4036 voluntatibus
1345 3979 1458 4034 suis
1487 3976 1658 4047 (Psal.
1708 3977 1852 4046 xm).
1899 3996 1917 4028 ι

345 4075 414 4128 Et
435 4074 562 4128 alibi
590 4091 603 4127 :
637 4093 654 4125 ‹
694 4073 952 4142 Voluptas
981 4073 1144 4128 habet
1172 4085 1409 4142 ptenam,
1427 4077 1482 4126 et
1511 4069 1806 4124 necessitas
1831 4085 1926 4139 pa-

348 4165 420 4218 rit
449 4179 705 4220 coronam
741 4181 756 4228 ;
796 4184 813 4216 »
861 4164 953 4233 qui
988 4163 1133 4219 enim
1174 4170 1399 4232 praestat
1427 4161 1619 4214 animae
1657 4174 1767 4213 sua:
1797 4173 1927 4212 con-

346 4256 756 4326 cupiscentiam,
790 4254 948 4310 faciet
979 4269 1103 4309 eum
1134 4253 1187 4308 in
1217 4253 1469 4324 gaudium
1499 4251 1684 4306 venire
1712 4250 1929 4318 nequis-

345 4351 498 4405 simis
520 4348 786 4414 hostibus,
809 4348 910 4402 hoc
937 4355 1022 4403 est
1063 4347 1311 4416 malignis
1339 4343 1642 4416 spiritibus,
1667 4343 1758 4412 qui
1785 4357 1928 4396 sem-

344 4456 442 4511 per
484 4440 762 4494 interitum
808 4447 1054 4493 nostrum
1096 4437 1422 4492 desiderant.
1476 4434 1627 4489 Unde
1672 4434 1925 4503 princeps

345 4531 713 4601 apostolorum
735 4531 812 4583 ait
840 4547 852 4581 :
885 4548 902 4579 (
931 4528 1091 4582 Novit
1113 4527 1371 4581 Dominus
1397 4526 1515 4594 pios
1540 4525 1606 4580 de
1629 4525 1923 4580 tentatione

344 4625 573 4694 eripere,
623 4623 835 4690 iniquos
860 4635 988 4674 vero
1012 4619 1066 4672 in
1089 4619 1228 4673 diem
1259 4617 1446 4684 judicii
1481 4617 1802 4670 cruciandos
1839 4632 1924 4670 re-

347 4728 563 4769 servare
612 4713 699 4785 (II
737 4712 882 4767 Petr.
924 4709 1007 4783 ιι),
1063 4729 1083 4761 ι
1118 4709 1296 4778 magis
1336 4717 1514 4762 autem
1562 4722 1655 4761 eos
1685 4707 1775 4776 qui
1805 4718 1927 4778 post

348 4795 564 4856 carnem
604 4802 827 4856 alteram
867 4800 920 4855 in
957 4797 1390 4869 concupiscentia
1427 4796 1783 4850 immunditia:
1812 4813 1926 4851 am-

345 4891 556 4954 bulant,
591 4900 645 4947 et
672 4894 798 4961 quia
824 4891 1258 4961 concupiscentia
1287 4905 1390 4944 non
1419 4888 1592 4943 solum
1623 4889 1676 4942 in
1715 4888 1925 4944 luxuria

339 4989 400 5035 ct
435 4981 488 5034 in
517 4982 830 5036 deliciarum
863 4983 1101 5053 appetitu
1125 4989 1368 5046 constat,
1396 4981 1489 5035 sed
1523 4981 1688 5034 etiam
1727 4980 1780 5034 in
1811 4995 1925 5033 am-

343 5073 549 5127 bitione
577 5074 844 5143 primatus
879 5083 937 5128 et
963 5089 1149 5129 amore
1185 5073 1429 5141 obsequii
1471 5072 1749 5141 popularis
1773 5111 1786 5134 ,
1832 5071 1924 5125 ubi

344 5173 630 5236 peccatum
661 5163 872 5219 diﬂicile
899 5163 1188 5218 devitatur.
1209 5163 1334 5219 Ideo
1363 5163 1637 5232 sequitur:

424 5274 444 5306 ‹
487 5254 564 5309 Ne
591 5253 880 5310 oblecteris
912 5255 966 5308 in
993 5253 1186 5320 turbis,
1229 5269 1330 5308 nec
1359 5255 1414 5308 in
1445 5253 1671 5309 modicis
1690 5251 1926 5308 delecte-

351 5368 371 5401 ι
409 5351 522 5415 ris;
559 5348 772 5404 assidua
808 5356 891 5402 est
927 5348 1070 5402 enim
1115 5348 1424 5404 commissio
1465 5348 1698 5404 illorum.
1746 5367 1765 5399 ι
1821 5347 1924 5413 Qui

344 5442 490 5496 enim
525 5447 716 5495 cautus
744 5454 851 5493 non
877 5447 960 5494 est
990 5439 1042 5493 in
1069 5439 1346 5493 turbarum
1373 5438 1825 5508 frequentatione,
1870 5446 1927 5492 et

346 5549 405 5588 se
451 5533 787 5588 intermiscet
827 5531 1071 5602 pepulari
1124 5531 1553 5596 eonversationi,
1611 5530 1927 5600 frequenter

348 5627 556 5693 regitur
573 5627 687 5680 sive
715 5626 768 5680 in
808 5625 975 5680 verbo
995 5665 1009 5689 ,
1040 5624 1153 5680 sive
1184 5624 1236 5678 in
1271 5624 1403 5686 risu,
1453 5625 1565 5678 sive
1596 5624 1649 5677 in
1686 5622 1926 5677 vanitate

349 5715 522 5782 aliqua
550 5715 925 5771 mandatorum
954 5717 1046 5771 Dei
1072 5715 1552 5784 transgressionem
1582 5715 1780 5780 facere,
1809 5727 1926 5782 quae

1951 4487 2003 4545 D

2029 3247 2292 3302 sententia
2303 3247 2369 3302 ad
2387 3249 2665 3318 superiora
2681 3250 2921 3320 respicit,
2946 3251 3035 3307 ubi
3057 3253 3255 3310 dicitur
3281 3269 3298 3308 :
3329 3274 3349 3306 ι
3370 3255 3452 3311 Ne
3469 3257 3620 3313 oble-

2028 3341 2193 3393 cteris
2213 3339 2266 3392 in
2293 3340 2480 3406 turbis,
2505 3355 2604 3394 nec
2629 3341 2684 3395 in
2714 3342 2940 3398 modicis
2958 3343 3258 3411 delecteris,
3280 3362 3513 3417 quorum
3537 3358 3640 3404 est‘

2027 3430 2245 3484 assidua
2257 3433 2584 3488 commissio.
2614 3453 2632 3486 ι
2650 3433 2818 3504 Igitur
2837 3436 2890 3489 in
2920 3436 3074 3492 turba
3099 3447 3322 3508 propter
3345 3455 3505 3496 usum
3532 3457 3621 3498 ne-

2028 3523 2348 3592 quissimum
2384 3539 2491 3579 non
2519 3527 2722 3596 grande
2743 3528 2948 3584 crimen
2975 3544 3094 3585 esse
3128 3540 3352 3602 putatur
3378 3537 3622 3591 ebrieta-

2028 3614 2099 3668 tis
2120 3615 2326 3680 vitium,
2359 3616 2446 3671 cui
2471 3624 2652 3673 tztmen
2678 3619 2920 3675 adhaeret
2939 3635 3116 3691 poenre
3140 3638 3302 3678 oume
3331 3622 3620 3695 ﬂagitium,

2030 3701 2171 3758 sicut
2193 3705 2248 3758 in
2285 3707 2636 3776 sequentibus
2660 3707 3138 3774 demonstrabitur,
3163 3712 3254 3768 ubi
3278 3729 3400 3782 qua:
3434 3717 3618 3772 ebrie.

2030 3794 2128 3849 tati
2157 3796 2454 3850 succedunt
2473 3797 2632 3863 mala,
2655 3799 2932 3855 evidenter
2950 3803 3286 3869 ostenditur;
3310 3803 3442 3860 licet
3474 3809 3625 3862 enim

2028 3884 2229 3954 gulosis
2261 3900 2486 3954 parvum
2516 3888 2721 3943 crimen
2745 3890 2992 3950 videatur
3015 3906 3138 3948 esse
3175 3894 3343 3949 nimia
3381 3899 3621 3967 potatio,

2031 3977 2086 4031 in
2119 3977 2442 4034 detrimento
2486 3987 2667 4036 tamen
2714 3988 2770 4036 et
2798 3983 3089 4040 amissione
3113 3986 3377 4041 bonarum
3409 4003 3620 4056 rerum,

2029 4077 2085 4122 et
2112 4069 2164 4123 in
2188 4069 2637 4140 multiplicatione
2671 4071 2935 4128 scelerum
2953 4114 2970 4139 ,
3006 4075 3224 4131 tandem
3248 4076 3350 4132 sibi
3376 4080 3626 4134 sentiunt

2030 4159 2184 4214 valde
2204 4175 2323 4215 esse
2344 4160 2730 4229 perniciosum,
2761 4164 2906 4232 quod
2936 4173 3092 4220 antea
3121 4179 3443 4235 spernentes
3469 4173 3625 4226 testi-

2033 4263 2318 4310 maverunt
2341 4270 2461 4312 esse
2486 4256 2777 4313 modicum.
2808 4260 2942 4314 Nam
2969 4262 3211 4330 sequitur
3237 4281 3250 4318 :

2107 4364 2126 4395 ι
2161 4346 2356 4400 Vinum
2377 4356 2432 4401 et
2457 4347 2707 4402 mulieres
2722 4358 3028 4418 apostatare
3042 4350 3243 4406 faciunt
3259 4355 3555 4424 sapientes,
3571 4369 3629 4412 et

2037 4454 2057 4489 ι
2095 4446 2326 4507 arguunt
2355 4446 2629 4502 sensatos;
2659 4447 2713 4493 et
2737 4441 2828 4507 qui
2860 4455 2918 4495 se
2947 4441 3127 4512 jungit
3157 4442 3488 4509 fornicariis,
3513 4448 3627 4501 erit

2036 4545 2053 4576 ι
2089 4543 2320 4596 nequam
2357 4548 2372 4595 ;
2419 4529 2666 4597 putredo,
2703 4538 2760 4583 et
2781 4544 2994 4584 vermes
3017 4533 3414 4588 haereditahunt
3441 4535 3619 4600 illum,

2036 4639 2053 4670 ι
2087 4630 2140 4674 et
2165 4621 2448 4676 extolletur
2468 4623 2520 4676 in
2542 4623 2844 4693 exemplum
2872 4623 3062 4692 majus,
3093 4635 3148 4680 et
3177 4626 3395 4681 tolletur
3422 4630 3488 4683 de
3518 4645 3628 4684 nu-

2039 4731 2056 4761 c
2094 4729 2242 4768 mero
2290 4714 2466 4769 anima
2509 4713 2643 4783 ejus.
2694 4735 2711 4768 ι
2764 4717 2980 4783 Vinum,
3021 4718 3216 4786 inquit,
3257 4727 3313 4772 et
3360 4720 3624 4776 mulieres

2033 4812 2338 4873 apostatare
2390 4804 2594 4861 faciunt
2639 4808 2937 4877 sapientes,
2981 4817 3037 4863 et
3062 4819 3292 4878 arguunt
3344 4819 3621 4875 sensatos,

2035 4911 2099 4951 ac
2137 4896 2183 4950 si
2209 4895 2436 4961 diceret,
2481 4897 2717 4952 ebrietas
2743 4912 2808 4952 ac
2850 4897 3134 4952 fornicatio
3163 4898 3282 4952 illos
3311 4899 3404 4968 qui
3443 4915 3501 4954 se
3533 4917 3627 4955 sa-

2025 4986 2236 5055 pientes
2275 4987 2329 5040 in
2367 4987 2616 5041 acumine
2657 4987 2858 5056 ingenii
2897 4997 2953 5041 et
2993 4989 3046 5042 in
3091 4987 3388 5042 subtilitate
3426 5003 3622 5044 sensus

2027 5076 2314 5141 aastimant,
2353 5075 2558 5131 faciunt
2585 5077 2840 5131 adversos
2871 5086 2928 5131 et
2962 5077 3167 5132 alienos
3189 5092 3221 5130 a
3245 5092 3377 5131 vera
3401 5079 3623 5148 sapien-

2027 5166 2118 5229 tia,
2138 5175 2194 5220 et
2213 5167 2664 5237 reprehensibiles
2683 5182 2804 5222 esse
2819 5167 3129 5234 ostendunt,
3153 5183 3219 5222 eo
3243 5168 3390 5238 quod
3417 5178 3622 5240 praeter

2027 5261 2226 5315 donum
2253 5260 2582 5329 praecipuum
2609 5259 2884 5329 sapientia:
2906 5260 2960 5314 in
2999 5259 3282 5314 stultitiam
3313 5262 3615 5316 maximam

2027 5347 2261 5403 devoluti
2289 5360 2431 5403 sunt.
2461 5347 2531 5402 Ut
2557 5363 2616 5403 se
2644 5348 2948 5403 fornicariis
2970 5346 3261 5418 jungerent
3282 5388 3297 5410 ,
3326 5357 3616 5417 propterea

2026 5441 2257 5510 putredo
2294 5447 2351 5494 et
2389 5455 2601 5494 vermes
2635 5439 2832 5494 futurm
2852 5454 3026 5509 ptenze
3062 5447 3362 5508 sequentur
3389 5440 3526 5503 illos,
3559 5448 3612 5493 et

2030 5531 2229 5585 malum
2262 5529 2568 5600 exemplum
2611 5531 2845 5600 posteris
2887 5529 3255 5599 relinquentes
3283 5530 3350 5585 de
3390 5542 3614 5584 miniem

2029 5629 2337 5676 sanctorum
2374 5621 2660 5686 tollentur,
2699 5636 2798 5676 nec
2828 5621 2881 5675 in
2925 5635 3112 5675 eorum
3151 5620 3410 5674 societate
3439 5618 3613 5671 adnu-

2031 5714 2231 5768 merari
2259 5723 2566 5774 merentur.
2605 5713 2747 5780 quod
2777 5713 2911 5768 bene
2940 5721 3194 5779 expertus
3221 5719 3304 5766 est
3333 5701 3610 5765 Salomon.
