3928 6182
282 330 391 387 889
1159 323 1510 382 COMMENT.
1552 324 1620 380 ΙΝ
1653 323 1870 381 ECCLE

1982 321 2263 381 ,S'l‘lCUM.
2292 353 2364 365 —
2399 324 2529 381 LIB.
2569 323 2656 381 IV.
3439 326 3539 383 8‘30

282 440 378 510 qui
424 444 710 508 postquam
753 435 962 505 accepit
1011 450 1043 489 a
1087 434 1200 490 Deo
1250 436 1475 491 multam
1537 437 1859 508 sapientiam
1885 438 1937 499 Α
1963 444 2047 492 est
2071 437 2213 507 quod
2238 438 2543 508 quicunque
2564 438 2985 510 malisoperibus
3006 438 3240 495 animam
3254 443 3542 511 suampot-

282 526 441 598 quasi
484 524 704 591 ﬂumen,
750 524 993 579 deseruit
1045 524 1215 579 Deum
1261 533 1475 594 patrum
1518 541 1761 590 suorum,
1808 534 1866 580 et
1964 529 2083 596 luit,
2110 530 2160 585 in
2178 528 2672 601 futuropoenitebit,
2693 533 2908 602 quando
2923 548 3083 588 omne
3102 536 3543 607 peccatumjusto

275 618 502 688 junctus
544 625 631 673 est
677 616 993 671 mulieribus
1032 615 1365 686 alienigenis,
1405 630 1635 685 quarum
1677 629 1863 672 amore

281 712 518 783 turpiter
543 712 823 773 detentus,
862 707 985 763 fana
1009 706 1256 778 profana,
1292 717 1349 764 et
1372 708 1514 764 idola
1543 709 1755 764 diversa
1781 709 1862 764 eis

281 800 591 858 fabricavit.
621 799 775 856 Unde
799 808 855 856 et
882 800 1092 855 laudem
1118 800 1305 869 gloriae
1331 800 1578 855 maximae
1602 799 1856 870 perdidit.

279 902 340 950 et
370 909 479 948 non
514 893 656 947 inter
687 892 910 957 electos,
947 891 1040 946 sed
1077 890 1223 945 inter
1263 898 1537 960 apostatas
1560 889 1859 959 computari

279 984 586 1055 promeruit
619 980 738 1056 (III
770 982 895 1053 Reg.
926 980 1026 1051 xl).
1057 981 1183 1036 Haec
1209 982 1364 1052 juxta
1402 981 1683 1037 historiam
1720 982 1861 1036 dicta

281 1076 414 1131 sint.
443 1074 708 1131 Ceterum
731 1072 887 1142 juxta
915 1073 1228 1144 allegoriam
1265 1074 1448 1128 vinum
1482 1072 1861 1128 hmreticorum

281 1166 351 1222 de
377 1180 487 1236 quo
510 1166 565 1221 in
589 1166 800 1220 cantico
820 1164 1220 1220 Deuteronomii
1243 1165 1503 1234 scriptum
1534 1172 1618 1218 est
1646 1181 1658 1217 :
1695 1181 1714 1214 ‹
1750 1162 1864 1218 Uva

239 1260 249 1269 '
280 1270 474 1313 eorum
487 1272 590 1312 uva
606 1256 826 1320 fellis,et
836 1257 1026 1312 botrus
1045 1255 1420 1310 amaritudinis
1432 1254 1613 1321 (Deut.
1627 1254 1820 1325 χχιιι).
1836 1272 1856 1306 ι

282 1346 462 1401 Furor
485 1347 779 1401 draconum
810 1347 999 1401 vinum
1021 1360 1230 1409 eorum,
1258 1354 1314 1401 et
1344 1344 1493 1400 furor
1510 1344 1757 1415 aspidum
1786 1345 1864 1399 in-

282 1436 562 1501 sanabilis,
588 1444 645 1490 et
668 1435 955 1491 fornicatio
982 1451 1171 1491 eorum
1198 1436 1550 1505 nequissima,
1575 1450 1680 1504 qua
1711 1435 1864 1490 dese-

284 1536 471 1582 rentes
498 1526 622 1581 ﬁdei
644 1526 925 1582 veritatem
942 1526 1117 1597 juncti
1139 1534 1264 1581 sunt
1284 1525 1582 1581 daemoniis.
1605 1522 1863 1579 Conversi

284 1617 341 1672 in
384 1616 789 1685 vaniloquium,
833 1625 889 1671 et
932 1616 986 1670 in
1013 1616 1289 1687 hypocrisi
1325 1616 1607 1685 loquentes
1646 1613 1865 1669 menda-

281 1707 448 1762 cium.
497 1707 749 1761 Dicentes
785 1720 845 1762 se
881 1707 1154 1776 sapientes
1190 1721 1330 1771 esse,
1356 1705 1507 1761 stulti
1539 1704 1668 1759 facti
1698 1711 1860 1767 sunt;

1955 622 2159 693 judicio
2195 623 2288 678 Dei
2334 624 2606 694 punietur.
2651 625 2752 691 Qui
2782 625 2926 680 enim
2949 623 3280 693 jucundatur
3310 627 3538 697 malitia,

1961 714 2321 782 denotabitur,
2362 718 2614 786 quoniam
2647 718 2703 771 hi
2743 718 2837 787 qui
2866 718 3115 773 ltetantur
3145 735 3266 774 cum
3301 722 3439 776 male
3467 721 3541 779 fe-

1960 805 2154 869 cerint,
2205 813 2260 860 et
2300 806 2572 861 exsultant
2614 807 2667 861 in
2730 808 2891 862 rebus
2934 808 3207 877 pessimis,
3252 810 3538 879 iustissimi

1955 896 2154 966 judicis
2187 897 2453 952 sententia
2499 898 2928 963 damnabuntur,
2965 898 3180 954 dicente
3208 900 3273 953 ad
3304 915 3397 955 eos
3423 901 3539 970 ipso

1962 986 2190 1041 Domino
2231 1005 2245 1040 :
2297 1005 2316 1038 ι
2353 988 2623 1043 Discedite
2673 1003 2704 1042 a
2750 1002 2836 1042 me
2878 1004 3065 1044 omnes
3105 990 3198 1059 qui
3242 991 3539 1059 operamini

1962 1079 2316 1149 iniquitatem,
2349 1079 2403 1133 in
2429 1080 2605 1150 ignem
2631 1089 2912 1147 aetemum,
2943 1082 3033 1137 ubi
3056 1090 3140 1137 est
3162 1081 3316 1137 ﬂetus
3340 1090 3393 1138 et
3413 1083 3540 1136 stri-

1962 1168 2063 1223 dor
2085 1168 2328 1222 dentium
2358 1163 2505 1237 (Lut.
2532 1167 2705 1234 ann.»

2039 1276 2058 1309 ς
2103 1256 2181 1311 Ne
2217 1257 2383 1311 iteres
2426 1259 2649 1314 verbum
2687 1274 2918 1329 nequam
2962 1268 3017 1314 et
3063 1258 3281 1324 durum,
3330 1269 3385 1315 et
3430 1276 3534 1315 non

1967 1363 1990 1397 ε
2032 1347 2406 1402 minoraberis.
2455 1367 2473 1399 ι
2508 1346 2745 1401 Verbum
2785 1363 2914 1418 ergo
2962 1364 3195 1418 nequam
3231 1348 3426 1404 iterare
3452 1358 3541 1405 est

1961 1446 2083 1507 post
2125 1436 2307 1490 ﬂetum
2354 1437 2714 1501 committere,
2762 1440 2903 1506 quod
2942 1454 3161 1493 rursum
3204 1455 3429 1495 necesse
3469 1440 3541 1494 sit

1963 1524 2111 1580 ﬂere.
2136 1524 2301 1579 Iterat
2319 1526 2544 1580 verbum
2563 1540 2803 1595 nequam
2822 1566 2837 1590 ,
2861 1535 2915 1581 et
2938 1528 3040 1582 hoc
3069 1527 3358 1583 defendere
3387 1535 3534 1583 sata-

1964 1617 2063 1686 git,
2101 1614 2244 1685 quod
2272 1615 2410 1670 male
2452 1615 2664 1670 locutus
2687 1624 2790 1680 est,
2831 1618 2922 1685 qui
2953 1617 3056 1671 hoc
3085 1618 3226 1685 quod
3272 1616 3539 1671 malitiosa

1971 1716 2149 1761 mente
2192 1708 2458 1775 concepit,
2509 1708 2745 1777 pessimo
2791 1707 3014 1777 replicat
3056 1707 3200 1764 facto
3230 1726 3242 1761 :
3269 1708 3422 1779 cujus
3459 1714 3544 1762 est

284 1796 480 1852 borum
507 1797 801 1863 cruciatus,
820 1805 881 1851 ut
905 1797 1175 1852 cruciatus
1200 1804 1291 1852 est
1304 1795 1502 1865 scorpii
1525 1811 1647 1851 cum
1674 1809 1867 1864 percu-
1897 1774 1943 1833 Β
1971 1806 2118 1852 certa
2149 1774 2458 1864 minoratio,
2480 1774 2605 1868 quia
2628 1806 2746 1868 post
2773 1774 2997 1869 pravum
3024 1774 3372 1855 commissum
3396 1800 3545 1854 nulla

287 1888 355 1940 tit
384 1887 695 1951 hominem,
743 1906 762 1938 ι
807 1895 863 1942 et
887 1887 1091 1942 vermis
1111 1901 1300 1942 eorum
1333 1901 1442 1941 non
1482 1886 1731 1949 moritur,
1770 1899 1870 1940 nec
1969 1888 2084 1957 ejus
2120 1897 2277 1958 paret
2314 1890 2637 1944 emendatio.
2685 1888 2834 1945 Unde
2890 1890 3020 1945 Cain
3054 1900 3338 1965 postquam
3373 1891 3546 1946 iratus

281 1977 426 2047 ignis
449 1977 812 2048 exstinguitur
836 1975 1344 2048 (Marc.1x).i'Unde
1362 1977 1626 2033 notabiles
1644 1976 1794 2041 facti,
1815 1982 1870 2030 et
1969 1991 2052 2038 est
2077 1988 2265 2037 contra
2294 1981 2516 2036 fratrem
2549 1997 2703 2036 suum
2720 2022 2736 2047 ,
2765 1989 2819 2036 et
2845 1997 2968 2036 eum
2993 1983 3239 2038 occidere
3266 1980 3545 2054 cogitavit,

279 2069 540 2124 omnibus
564 2068 951 2124 abominabiles
971 2068 1038 2123 de
1064 2077 1209 2124 terra
1230 2069 1486 2124 Ecclesiae
1504 2069 1865 2137 eradicantur.
1969 2087 2102 2129 voce
2132 2069 2412 2127 Dominica
2442 2080 2729 2142 correptus
2767 2079 2889 2137 est;
2938 2074 3034 2128 sed
3077 2075 3201 2143 quia
3245 2089 3340 2129 sua
3376 2074 3549 2129 corri—

283 2157 433 2214 etde
459 2160 718 2214 societate
738 2167 1044 2214 sanctorum
1070 2158 1128 2218 in
1147 2167 1410 2215 teternum
1438 2167 1892 2229 sequestrantun
1970 2177 2098 2233 gere
2138 2161 2330 2226 noluit,
2376 2169 2431 2215 et
2478 2160 2703 2216 verbum
2756 2162 3083 2218 malitiosum
3126 2164 3267 2232 quod
3308 2163 3546 2232 cogitatu

361 2267 380 2300 ε
416 2247 519 2316 Qui
541 2248 715 2304 credit
736 2250 846 2304 cito
871 2248 1005 2305 levis
1029 2250 1194 2305 corde
1220 2258 1306 2305 est
1324 2259 1380 2304 et
1408 2251 1791 2315 minorabitur,
1814 2259 1869 2306 et
1970 2260 2314 2322 conceperat,
2341 2251 2585 2322 implevit
2608 2252 2772 2318 facto,
2802 2254 2998 2324 piaculi
3025 2255 3108 2309 sui
3137 2255 3365 2311 Domino
3387 2253 3547 2310 retri-

290 2356 311 2389 ι
344 2339 437 2408 qui
461 2338 725 2408 delinquit
744 2337 799 2391 in
826 2337 1065 2392 animam
1086 2353 1240 2394 suam
1263 2338 1482 2409 insuper
1501 2337 1804 2393 habebitur.
1844 2357 1863 2390 ι

291 2426 589 2482 Videndum
615 2435 701 2482 est
725 2443 794 2482 ne
821 2427 935 2483 batc
960 2428 1224 2482 sententia
1251 2427 1522 2482 contraria
1548 2427 1620 2482 sit
1651 2426 1725 2480 illi
1748 2442 1873 2497 apo-

282 2518 492 2574 stolica
516 2520 833 2585 sententiae,
875 2534 992 2589 quae
1009 2519 1139 2575 dicit
1164 2519 1232 2574 de
1264 2519 1572 2575 charitate:
1611 2536 1630 2569 ‹
1675 2517 1869 2573 Omnia

282 2613 482 2677 credit,
508 2612 690 2667 omnia
726 2620 940 2681 sperat,
967 2612 1149 2667 omnia
1172 2612 1433 2675 sustinet,
1463 2610 1702 2666 cbaritas
1730 2625 1871 2664 nun~

283 2718 450 2773 quam
479 2703 679 2758 excidit
712 2701 763 2773 (Ι
793 2699 916 2758 Cor.
944 2702 1097 2774 xm);
1132 2723 1153 2756 ι
1191 2703 1285 2759 sed
1321 2703 1395 2757 ibi
1426 2701 1688 2773 perfectio
1713 2701 1869 2756 bona;

282 2795 602 2858 voluntatis,
639 2809 760 2863 quas
797 2808 1009 2863 semper
1036 2802 1287 2865 prompta
1321 2803 1406 2849 est
1436 2795 1504 2850 ad
1539 2807 1701 2850 omne
1726 2805 1865 2861 opus

282 2888 522 2954 bonum;
552 2889 641 2944 hic
689 2897 867 2944 autem
906 2889 1097 2945 levitas
1138 2890 1302 2944 animi
1350 2889 1698 2949 describitur,
1750 2900 1869 2954 quae

285 2992 503 3047 semper
524 2979 796 3034 mutabilis
823 2987 926 3043 est,
952 2988 1009 3034 et
1028 2988 1227 3035 statum
1252 2978 1524 3034 ﬁrmitatis
1551 2992 1659 3031 non
1685 2976 1867 3031 habet.

287 3067 445 3124 Unde
468 3069 595 3125 alibi
615 3072 872 3141 scriptum
898 3080 1016 3127 est:
1041 3090 1060 3122 ‹
1097 3070 1303 3125 Stultus
1331 3079 1390 3124 ut
1407 3069 1530 3124 luna
1562 3076 1817 3123 mutatur.
1843 3086 1861 3119 ι

1970 2345 2168 2400 buente
2183 2342 2390 2413 justam
2413 2344 2618 2414 recepit
2642 2344 2931 2399 vindictam
2956 2340 3110 2417 (Gen.
3140 2346 3234 2416 tv).

2579 2476 2804 2534 CAPUT
2843 2477 2935 2533 XI.

1974 2584 2248 2656 Sapientia
2277 2594 2471 2652 monet,
2494 2586 2600 2641 sive
2619 2589 2795 2660 cmico
2826 2604 2916 2642 seu
2942 2589 3174 2656 inimico,
3204 2604 3418 2660 propere
3445 2604 3550 2642 non

2487 2658 2715 2727 pandere
2748 2667 3021 2713 secretum.

2057 2800 2078 2836 ι
2098 2782 2287 2841 Amico
2312 2794 2369 2840 et
2398 2785 2618 2841 inimico
2642 2786 2750 2841 noli
2779 2802 3004 2842 narrare
3034 2802 3249 2841 sensum
3271 2795 3424 2841 tuum
3450 2828 3465 2851 ,
3492 2794 3548 2841 et

1979 2893 1998 2925 ι
2034 2876 2079 2931 si
2121 2884 2205 2931 est
2245 2876 2340 2930 tibi
2369 2876 2657 2941 delictum,
2695 2876 2804 2932 noli
2836 2878 3140 2943 denudare;
3185 2878 3368 2931 audiet
3402 2877 3548 2931 cni=n

1979 2986 1997 3019 σ
2037 2976 2090 3022 te
2127 2977 2183 3023 et
2212 2969 2480 3023 custodiet
2527 2978 2598 3033 te,
2638 2977 2693 3023 et
2737 2969 2891 3039 quasi
2933 2968 3225 3024 defendens
3269 2976 3550 3038 peccatum

1979 3080 1998 3112 ι
2031 3062 2178 3116 odiet
2201 3070 2271 3127 te,
2295 3072 2349 3116 et
2374 3063 2453 3118 sic
2466 3063 2760 3117 adhaerebit
2782 3062 2877 3117 tibi
2903 3077 3168 3131 semper.»
3198 3060 3473 3117 Cautelam
3495 3067 3553 3113 et

284 3159 393 3227 Qui
427 3176 555 3232 ergo
596 3133 767 3218 facilis
800 3170 883 3217 est
912 3163 979 3218 ad
1013 3146 1450 3225 subvertendum,
1487 3166 1542 3213 et
1564 3158 1869 3230 prurientes
1894 3133 1940 3196 α
1972 3152 2351 3207 discretionem
2377 3153 2535 3207 docet
2581 3168 2679 3208 nos
2718 3154 2772 3207 in
2804 3153 3056 3208 omnibus
3080 3155 3303 3218 habere,
3352 3159 3412 3205 ut
3446 3165 3553 3204 non

285 3267 453 3307 aures
475 3253 682 3307 habens
710 3269 739 3306 a
768 3252 996 3307 veritate
1035 3251 1275 3306 auditum
1305 3250 1532 3314 avertit,
1561 3248 1630 3302 ad
1661 3246 1870 3301 fabulas

286 3352 473 3399 autem
494 3345 845 3407 convertitur,
867 3344 957 3397 hic
990 3343 1349 3397 minorabitur
1377 3356 1538 3396 sensu
1566 3347 1623 3394 et
1648 3338 1867 3402 virtute,

286 3442 347 3491 et
377 3422 699 3504 delinquens
729 3434 783 3488 in
818 3434 1050 3488 animam
1091 3448 1244 3488 suam
1270 3433 1412 3486 inter
1433 3429 1627 3485 stultos
1649 3428 1872 3498 deputas

286 3527 463 3581 bitur.

368 3634 388 3666 ι
435 3615 536 3682 Qui
574 3614 770 3685 gaudet
807 3613 1092 3683 iniquitate
1137 3612 1512 3678 denotabitur,
1547 3618 1602 3665 et
1641 3609 1733 3679 qui
1760 3609 1875 3665 odit

293 3722 313 3755 ι
356 3705 775 3773 correptionem,
819 3704 1081 3758 minuitur
1114 3704 1245 3757 vita.
1286 3723 1304 3754 ι
1335 3703 1426 3757 Ille
1466 3704 1662 3774 gaudet
1687 3703 1739 3756 in
1770 3702 1875 3757 ini-

286 3794 521 3864 quitate,
571 3793 661 3862 qui
715 3808 821 3847 non
863 3793 1027 3847 habet
1064 3792 1208 3846 illam
1256 3792 1600 3858 cbaritatem,
1657 3792 1873 3861 de-qua

287 3886 557 3958 scriptum
615 3892 697 3939 est
732 3901 750 3938 :
793 3901 813 3934 ‹
871 3882 987 3937 Non
1039 3883 1235 3953 gaudet
1280 3896 1445 3952 super
1494 3882 1871 3950 iniquitatem,

288 3976 596 4047 congaudet
621 3982 800 4030 autem
830 3974 1043 4029 veritati
1068 3972 1232 4044 (Ibid.
1266 3971 1308 4046 ).
1359 3992 1378 4025 ι
1414 3972 1481 4027 Ει
1510 3972 1625 4043 ipse
1650 3972 1878 4026 deuotae

288 4069 462 4133 bitur,
488 4068 613 4138 quia
633 4082 731 4137 per
756 4067 1125 4136 operationem
1154 4080 1377 4136 pravam
1405 4064 1562 4120 valde
1585 4062 1876 4133 reprehen-

291 4159 474 4215 sibilis
500 4158 977 4222 demonstrabitur,
1007 4164 1062 4211 et
1094 4156 1217 4211 talis
1245 4156 1437 4221 etiam,
1463 4154 1590 4224 quia
1611 4153 1727 4209 odit
1754 4167 1877 4207 cor-

290 4249 595 4321 reptionem
615 4290 630 4314 ,
654 4256 711 4304 et
738 4264 843 4303 non
868 4248 980 4302 vult
1001 4247 1245 4303 converti
1274 4247 1342 4301 ad
1363 4245 1554 4301 melius
1571 4286 1585 4311 ,
1616 4244 1877 4299 minuitur

291 4343 407 4399 vita
425 4383 438 4407 ,
463 4343 717 4413 quoniam
742 4341 952 4397 carebit
972 4340 1153 4410 quiete
1181 4338 1529 4409 sempiterna.

323 4444 330 4450 ‘
372 4453 395 4485 ι
427 4433 530 4500 Qui
559 4433 674 4488 odit
719 4431 1121 4502 loquacitatem,
1161 4428 1460 4500 exstinguit
1505 4427 1788 4482 malitiam.
1849 4446 1868 4478 ι

294 4525 476 4582 Grave
502 4524 692 4578 vitium
719 4531 802 4578 est
827 4522 1150 4592 loquacitas,
1173 4521 1387 4576 dicente
1410 4519 1689 4590 Scriptura
1726 4536 1738 4571 :
1776 4536 1795 4569 ‹
1818 4517 1874 4572 In

294 4613 638 4682 multiloquio
668 4627 775 4667 non
811 4611 1032 4681 eﬂ‘ugies
1065 4622 1340 4681 peccatum
1360 4650 1375 4675 ,
1411 4617 1466 4663 et
1492 4609 1578 4663 vir
1604 4609 1879 4680 linguosus

296 4719 409 4759 non
443 4703 706 4773 dirigetur
738 4716 901 4771 super
928 4710 1126 4755 terram
1159 4698 1342 4771 (Prov.
1370 4698 1448 4768 x).
1489 4717 1508 4750 ι
1545 4697 1681 4752 Hinc
1705 4704 1759 4751 et
1781 4695 1876 4750 Ja-

294 4797 471 4854 cobus
520 4796 794 4864 apostolus
841 4795 958 4849 ait:
994 4812 1014 4846 ε
1071 4793 1276 4865 Lingua
1333 4793 1551 4863 quidem
1607 4792 1878 4846 modicum

298 4888 606 4942 membrum
630 4893 732 4950 est,
756 4894 811 4939 et
840 4900 1032 4955 magna
1057 4884 1277 4938 exultat.
1304 4883 1443 4938 Ecce
1463 4890 1695 4952 quantus
1718 4881 1876 4951 ignis,

299 4994 470 5049 quam
506 4993 753 5048 magnam
806 4977 994 5031 silvam
1025 4977 1280 5042 incendit,
1314 4988 1369 5032 et
1404 4976 1581 5047 lingua
1621 4976 1759 5045 ignis
1796 4982 1881 5031 est

300 5067 632 5122 universitas
655 5065 1181 5137 iniquitatis.Lingua
1198 5066 1543 5123 constituitur
1556 5066 1607 5120 in
1625 5065 1882 5122 membris

300 5161 533 5223 nostris,
572 5175 692 5229 quae
740 5158 986 5214 maculat-
1016 5168 1187 5215 totum
1229 5174 1447 5227 corpus,
1490 5167 1545 5213 et
1584 5155 1883 5212 inﬂammat

305 5260 487 5307 rotam
539 5249 836 5305 nativitatis
879 5258 1119 5315 nostrae,
1170 5247 1498 5304 inﬂammata
1560 5265 1592 5304 a
1637 5249 1883 5319 gehenna

307 5339 521 5411 (Jacob.
549 5336 654 5410 Ill).
693 5357 714 5392 ι
744 5337 846 5404 Qui
877 5347 1056 5392 autem
1088 5353 1119 5392 a
1151 5337 1489 5408 multiloquio
1527 5352 1586 5393 se
1616 5337 1881 5405 continet,

304 5430 603 5501 exstinguit
627 5427 888 5485 malitiam
913 5429 1174 5500 superbiae
1198 5439 1253 5484 et
1273 5429 1591 5499 iniquitatis.

386 5538 409 5574 ι
444 5521 548 5589 Qui
569 5530 764 5582 peccat
789 5524 842 5579 in
870 5524 1105 5579 animam
1142 5537 1327 5588 suam,
1365 5519 1678 5591 pmnitebit;
1711 5527 1766 5576 et
1792 5518 1885 5590 qui

314 5630 335 5665 ι
362 5611 696 5683 jucundamr
722 5614 775 5670 in
814 5614 1033 5680 malitia,
1065 5614 1425 5669 denotabitur.
1461 5631 1480 5664 ι
1514 5610 1641 5667 Haec
1667 5612 1885 5680 quidem

304 5690 583 5763 sententia
617 5707 951 5777 expositione
985 5721 1090 5763 non
1120 5705 1351 5776 indiget,
1380 5703 1503 5774 quia
1538 5702 1885 5759 manifestum

1969 3242 2250 3312 aequaliter
2294 3242 2471 3297 amico
2519 3251 2574 3297 et
2628 3242 2846 3298 inimico
2890 3242 3155 3298 catholico
3197 3252 3255 3297 et
3299 3239 3556 3296 haeretico

1970 3347 2157 3389 nostra
2187 3334 2490 3404 pandamus
2515 3333 2732 3389 occulta
2766 3352 2779 3387 ε
2816 3333 2942 3403 quia
2967 3333 3215 3388 inimicus
3234 3344 3555 3402 perversum

1970 3425 2175 3481 habens
2216 3433 2543 3490 tractatum,
2592 3425 2718 3480 licet
2767 3441 2864 3495 per
2906 3424 3216 3496 hypocrisin
3246 3415 3557 3493 aliquando

1970 3517 2104 3577 foris
2142 3520 2489 3599 blandiaturt
2508 3520 2688 3576 dolum
2729 3528 2908 3574 tamen
2948 3528 3003 3574 et
3038 3518 3341 3589 decipulam
3381 3517 3439 3572 in
3464 3531 3558 3574 oc—

1971 3615 2133 3670 cultis
2163 3615 2318 3670 nobis
2347 3629 2567 3685 semper
2600 3621 2890 3684 praeparat.

2050 3722 2069 3755 ¢
2113 3703 2325 3759 Audisti
2381 3705 2605 3759 verbum
2665 3702 2930 3757 adversus
2980 3713 3286 3770 proximum
3352 3698 3555 3751 tuum?

1980 3816 2000 3850 ι
2035 3797 2421 3852 commoriatur
2443 3796 2499 3849 in
2526 3802 2579 3850 te
2606 3794 2796 3859 ﬁdens,
2823 3792 3075 3860 quoniam
3104 3806 3209 3845 non
3233 3797 3287 3844 te
3309 3789 3547 3842 disrum-

1980 3884 2013 3940 ‹“
2034 3894 2144 3958 pet.
2166 3885 2214 3940 A
2241 3886 2379 3941 facie
2399 3883 2549 3939 verbi
2571 3882 2806 3953 parturit
2825 3881 3005 3935 fatuus
3032 3891 3287 3949 tanquam
3311 3875 3545 3947 gemitus

1981 3996 2000 4029 ι
2037 3985 2225 4047 partus
2251 3975 2494 4032 infantis.
2531 3993 2551 4028 ι
2586 3973 2705 4029 Non
2730 3971 3009 4043 aequaliter
3040 3971 3261 4026 verbum
3282 3964 3552 4038 prolatum

1976 4067 2167 4137 recipit
2187 4081 2379 4122 sensus
2411 4065 2671 4136 sapientis
2697 4072 2753 4118 et
2788 4062 2959 4126 stulti,
2991 4062 3117 4132 quia
3152 4058 3414 4130 sapientis
3441 4057 3553 4112 anis

1975 4174 2127 4214 mum
2154 4156 2368 4213 diﬂicile
2398 4155 2759 4211 commovebit
2785 4152 3006 4208 verbum
3032 4152 3246 4211 durum,
3276 4149 3423 4204 stulti
3452 4163 3550 4202 au-

1976 4256 2084 4303 tem
2117 4255 2285 4302 totum
2310 4247 2594 4316 perturbat
2613 4258 2852 4299 sensum.
2877 4243 2953 4297 Ita
2978 4250 3038 4295 ut
3062 4240 3316 4312 gemitum
3354 4237 3555 4291 doloris

1976 4337 2244 4408 exprimat
2281 4351 2379 4405 per
2405 4344 2587 4390 actum
2612 4332 2923 4388 nefandum.
2954 4328 3107 4386 Unde
3134 4327 3391 4397 scriptum
3425 4335 3508 4380 est
3536 4338 3554 4379 :

1984 4446 2003 4479 ι
2039 4426 2157 4481 Non
2198 4426 2486 4484 conturbat
2505 4422 2730 4494 justum,
2771 4420 3030 4492 quidquid
3057 4417 3314 4472 acciderit
3345 4416 3429 4479 ei;
3461 4414 3553 4484 qui

1980 4527 2161 4574 autem
2200 4517 2439 4588 perversi
2496 4516 2675 4572 cordis
2717 4522 2801 4570 est
2831 4554 2846 4579 ,
2903 4528 3008 4566 non
3066 4510 3304 4564 inveniet
3352 4508 3555 4561 bonum

1981 4604 2162 4681 (Prov.
2202 4605 2498 4677 XVII)JSBd
2538 4605 2834 4660 cavendum
2876 4610 2958 4658 est
2988 4600 3061 4655 illi
3086 4600 3176 4670 qui
3206 4597 3272 4653 de
3299 4596 3554 4651 ﬁrmitate

1981 4702 2159 4756 cordis
2182 4701 2265 4756 sui
2303 4698 2542 4763 conﬁdit,
2570 4714 2639 4753 ne
2666 4696 2867 4751 diutius
2894 4693 3045 4749 verbi
3077 4691 3196 4746 duri
3230 4689 3556 4744 mentionem

1982 4793 2036 4846 in
2065 4792 2226 4847 corde
2252 4791 2485 4852 habeat,
2522 4789 2647 4859 quia
2680 4785 2993 4855 serpentina
3022 4780 3312 4853 suggestio,
3343 4778 3434 4831 ubi
3466 4777 3550 4830 iu-

1982 4883 2204 4936 troitum
2253 4881 2556 4945 invenerit,
2606 4878 2760 4932 virus
2813 4874 3064 4945 nequitiae
3108 4870 3390 4927 infundere
3446 4883 3555 4923 non

1986 4970 2240 5035 cessabit,
2267 4976 2322 5023 et
2347 4976 2581 5023 mentem
2611 4966 2852 5020 invasam
2875 4963 2981 5017 cito
3008 4960 3325 5028 corrumpit.

2062 5079 2080 5112 ι
2102 5060 2304 5131 Sagitta
2322 5058 2484 5113 inﬁxa
2507 5056 2699 5113 femori
2720 5055 2868 5112 canis
2883 5053 2903 5126 [
2917 5051 3090 5123 Vulg.,
3114 5049 3338 5122 carnis],
3355 5049 3433 5104 sic
3446 5063 3563 5103 ver-

1992 5171 2011 5205 ι
2031 5151 2160 5207 bum
2184 5151 2239 5205 in
2266 5150 2427 5205 corde
2441 5134 2651 5203 stultia.
2671 5146 2833 5202 Canis
2844 5143 3130 5214 aliquando
3152 5142 3203 5195 in
3220 5141 3414 5196 bonam
3437 5153 3563 5207 par-

1987 5250 2097 5298 tem
2111 5239 2780 5311 recipitsignilicationem,
2795 5233 3082 5304 aliquando
3106 5246 3234 5287 vero
3263 5231 3315 5284 in
3340 5227 3555 5282 malum.

1986 5334 2046 5389 In
2060 5333 2253 5388 bonam
2269 5338 2493 5402 ergo,.ut
2504 5339 2585 5385 est
2601 5328 2727 5383 illud
2751 5327 2804 5381 in
2819 5324 3108 5381 Psalterio:
3131 5342 3150 5373 ι
3171 5320 3561 5402 Convertentur

1988 5426 2056 5481 ad
2080 5400 2386 5494 vesperam,
2414 5429 2471 5476 et
2486 5420 2682 5475 famem
2701 5416 2971 5488 patientur
2994 5419 3054 5465 ut
3078 5422 3262 5471 canes,
3285 5412 3342 5494 et
3371 5400 3561 5457 circui-

1985 5517 2118 5572 bunt
2132 5492 2404 5570 civitatem
2420 5510 2591 5583 (Psal.
2611 5506 2782 5579 mu).
2813 5524 2834 5558 ι
2857 5502 3009 5571 Quod
3024 5497 3290 5570 signiﬁcat
3311 5492 3560 5547 doctones

1986 5622 2054 5664 ex
2078 5605 2277 5663 Iudaeis
2302 5603 2437 5673 legis
2471 5601 2566 5657 Dei
2587 5600 2854 5669 justitiam
2875 5597 3196 5657 esurientes,
3223 5594 3347 5660 post
3372 5597 3561 5652 vespe—

1989 5714 2103 5755 ram
2129 5696 2394 5769 passionis
2414 5692 2613 5751 Cbristi
2640 5692 2912 5748 civitatem
2939 5683 3192 5744 Ecclesiae
3216 5675 3401 5738 solerti
3429 5687 3565 5731 cura
