3904 6184
380 321 482 380 891

1012 302 1074 357 B.
1117 293 1371 355 RARANI
1409 288 1628 349 MAUBI
1667 287 1990 345 ARCHIEP.
2032 277 2348 340 MOGUNT.
2389 270 2676 333 OPEBUM
2712 266 2897 326 PARS
2934 269 2976 324 l.

3557 269 3665 325 892

385 429 695 492 circumire,
728 432 784 479 et
822 425 1022 476 latratu
1056 407 1458 484 praedicationis
1483 404 1789 461 defendere.
1835 401 1970 456 llinc
1999 405 2048 466 Α
2076 402 2201 449 ante
2223 391 2337 462 jam
2373 385 2602 450 monuit,
2631 391 2693 438 ut
2717 381 2978 453 patientia
3011 386 3068 434 et
3102 383 3462 433 mansuetudo
3495 384 3664 451 magis

1826 491 1835 492 κ
2141 485 2156 492 -
2235 490 2241 492 Α
2298 482 2311 492 -
2530 490 2538 492 ξ
2589 475 2692 492 ,ρψ
2714 488 2729 492 -
2781 472 3005 492 ..μωω
3081 484 3235 492 ,μω
3286 469 3441 492 ρ,,,,,
3487 477 3534 492 ,.
3575 472 3639 492 λ,

337 557 347 565 -
383 525 613 596 legimus
660 516 714 570 in
755 507 1068 579 Evangelio,
1114 502 1258 573 quod
1300 511 1463 554 canes
1503 494 1757 550 linxerint
1788 491 1973 547 ulcera

385 584 576 673 Lazari
620 604 849 664 mendici
895 602 1046 674 (Luc.
1092 595 1228 669 xvi).
1278 593 1441 648 Canis
1483 603 1613 644 vero
1654 587 1722 642 ad
1773 584 1972 639 malam

386 716 593 773 partem
632 699 797 755 vertit
842 690 1311 766 significationem,
1351 699 1473 740 cum
1500 688 1847 753 peccatorum
1871 691 1972 731 ex-

386 767 575 867 primit
610 788 818 849 sordes,
848 792 910 838 ut
946 790 1031 836 est
1071 777 1240 834 illud:
1278 794 1296 826 ι
1332 773 1486 829 Sicut
1510 771 1661 827 canis
1686 767 1974 824 revertitur

388 859 457 940 ad
484 883 745 939 vomitum
776 888 954 938 suum,
992 872 1071 927 sic
1114 868 1331 932 stultus,
1361 866 1452 935 qui
1480 864 1643 918 iterat
1689 859 1975 917 stultitiam

389 994 542 1035 suam
585 972 771 1046 (Prov.
800 967 971 1039 xxvr).
997 985 1016 1018 ι
1057 962 1263 1033 Sagitta
1296 958 1536 1028 infigitur
1577 953 1769 1011 femori
1799 951 1971 1016 canis,

390 1088 512 1128 cum
542 1061 977 1136 concupiscentia
1024 1057 1165 1112 mala
1212 1070 1280 1109 ex
1321 1051 1589 1107 diabolica
1633 1047 1976 1119 suggestione

390 1162 633 1232 infigitur
661 1158 715 1211 in
745 1154 908 1210 corde
936 1147 1257 1222 peccatoris,
1299 1145 1391 1214 qui
1434 1143 1631 1198 merito
1670 1140 1867 1196 stultus
1897 1138 1979 1193 di-

390 1229 550 1315 citur,
592 1245 847 1318 quoniam
886 1238 1041 1310 quasi
1088 1238 1186 1292 bos
1229 1234 1465 1289 trahitur
1495 1232 1563 1286 ad
1599 1229 1895 1292 victimam,
1922 1233 1978 1282 et

394 1355 502 1395 non
547 1317 863 1408 praevidebit
898 1330 1001 1387 sibi
1040 1341 1142 1382 nec
1175 1332 1333 1381 cavet
1371 1321 1558 1379 aeterni
1595 1319 1845 1375 interitus
1868 1317 1980 1371 rui-

396 1448 525 1489 nam

470 1545 489 1577 (
519 1520 746 1590 Corripe
774 1517 1007 1571 amicum
1038 1526 1107 1567 ne
1134 1509 1273 1565 forte
1304 1522 1411 1590 non
1436 1503 1783 1567 intellexerit,
1812 1509 1868 1557 et
1893 1500 1978 1555 di-

400 1633 419 1664 (
453 1620 561 1679 cat,
587 1583 705 1665 Non
726 1607 858 1674 feci;
898 1613 993 1660 aut
1019 1603 1063 1660 si
1092 1600 1310 1665 fecerit,
1349 1583 1420 1653 ne
1456 1597 1652 1651 iterum
1692 1592 1854 1648 a'ddat
1898 1590 1979 1645 fa-

400 1727 418 1757 ι
452 1718 594 1762 cere.
618 1700 842 1770 Corripe
861 1697 1191 1769 proximum,
1220 1707 1290 1747 ne
1310 1690 1449 1745 forte
1478 1702 1585 1743 non
1617 1684 1833 1749 dixerit,
1859 1674 1915 1737 et'
1933 1681 1978 1737 si

2071 485 2249 539 valeat
2296 482 2352 536 in
2394 475 2738 546 correptione
2779 472 3031 537 fratrum,
3075 484 3240 539 quam
3286 469 3441 523 furor
3484 477 3542 523 et
3571 472 3663 525 du-

2073 577 2197 631 ritia
2231 589 2247 627 :
2284 571 2411 641 quia
2451 568 2576 623 inde
2621 565 2784 621 datur
2827 563 2981 618 locus
3027 561 3206 616 timori
3267 560 3573 624 Altissimi,
3620 570 3671 615 et

2072 664 2355 724 conversio
2377 677 2407 716 a
2435 659 2692 732 peccatis.
2721 654 2911 712 Omnis
2932 654 3079 710 enim
3099 654 3364 723 sapientia
3394 661 3483 709 est
3506 653 3669 709 timor

2074 758 2194 820 Dei,
2224 764 2281 810 et
2306 755 2363 809 in
2393 752 2484 807 illa
2510 751 2673 805 homo
2712 745 2848 802 nihil
2873 744 3032 801 discit
3060 744 3162 799 nisi
3192 744 3385 798 timere
3416 751 3476 798 ct
3502 743 3671 798 hono-

2075 862 2199 904 rare
2226 846 2413 901 Deum.
2434 841 2588 898 Unde
2613 847 2672 895 et
2692 837 2941 908 sequitur
2968 853 2983 890 :

2151 963 2169 996 ι
2206 945 2263 999 In
2302 941 2450 998 omni
2493 937 2756 1011 sapientia
2803 935 3085 1006 dispositio
3126 932 3282 1005 legis,
3326 940 3381 987 et
3435 948 3546 987 non
3593 940 3672 985 est

2083 1054 2102 1088 ι
2138 1034 2404 1104 sapientia
2432 1029 2686 1099 nequitiae
2726 1026 3029 1096 disciplina,
3059 1033 3116 1078 et
3141 1040 3249 1079 non
3287 1030 3371 1078 est
3402 1024 3673 1093 cogitatus

2084 1143 2103 1176 ι
2134 1131 2479 1194 peccatorum
2522 1116 2829 1189 prudentia.
2861 1133 2879 1166 ι
2905 1115 3015 1168 Lex
3040 1113 3185 1167 enim
3216 1111 3428 1166 Domini
3455 1112 3673 1181 sapien-

2079 1216 2152 1270 tia
2178 1215 2359 1269 divina
2383 1210 2641 1281 disposita
2685 1216 2849 1277 atque
2873 1205 3121 1260 ordinata
3153 1211 3256 1268 est,
3284 1217 3385 1256 nec
3412 1211 3499 1256 est
3526 1202 3581 1254 in
3608 1216 3671 1255 ea

2080 1305 2282 1376 aliquid
2332 1302 2587 1373 nequitia:
2623 1313 2723 1354 nec
2764 1298 2945 1368 aliqua
2981 1303 3326 1365 peccatorum
3368 1293 3669 1356 meditatio,

2081 1395 2178 1450 sed
2202 1404 2313 1449 tota
2342 1393 2573 1455 sincera,
2600 1397 2712 1443 tota
2757 1387 2985 1442 veritate
3028 1393 3191 1455 atque
3224 1382 3431 1452 justitia
3471 1381 3672 1452 plenis-

2082 1485 2238 1540 sima.
2267 1480 2420 1538 Unde
2454 1481 2717 1550 scriptum
2743 1486 2831 1533 est
2873 1494 2886 1530 :
2941 1494 2961 1528 ι
3007 1475 3224 1531 Justitia
3264 1484 3350 1528 tua
3370 1473 3587 1542 justitia
3614 1472 3669 1527 in

2081 1581 2367 1636 :etemum,
2390 1577 2445 1625 et
2467 1569 2553 1624 lex
2581 1577 2673 1623 tua
2703 1566 2925 1621 veritas.
2973 1584 2993 1617 ι
3030 1564 3183 1618 Hanc
3210 1563 3509 1634 apostolica
3540 1578 3673 1632 pan-

2084 1664 2165 1720 dit
2207 1663 2475 1729 doctrina,
2519 1671 2576 1716 et
2617 1657 2882 1715 catholica
2928 1671 3026 1727 per
3072 1663 3243 1711 totum
3286 1657 3473 1709 orbem
3525 1664 3672 1710 tenet

401 1815 419 1846 σ
459 1793 676 1857 dixerit,
704 1746 934 1845 nerfmrte
961 1788 1170 1842 iteret.»
1208 1780 1453 1838 Salubris
1479 1779 1633 1833 valde
1656 1784 1711 1832 et
1744 1776 1974 1831 discreta

2094 1756 2355 1821 Ecclesia;
2395 1755 2464 1810 de
2503 1752 2594 1808 illa
2619 1766 2753 1807 vero
2782 1764 2904 1825 quae
2946 1749 3072 1803 huic
3113 1748 3386 1803 contraria
3421 1755 3529 1811 est,
3571 1746 3673 1801 hoc

398 1890 513 1943 haec
553 1895 637 1941 est
681 1883 949 1947 doctrina,
991 1885 1053 1933 ut
1092 1874 1468 1946 corripiamus,
1517 1870 1721 1925 amicos
1761 1874 1976 1922 nostros

396 1979 768 2049 delinquentes
789 1988 913 2028 curn
935 1968 1082 2025 omni
1102 1964 1387 2038 patientia,
1408 1960 1663 2033 quoniam
1689 1955 1976 2027 aliquando

393 2077 650 2142 peccatur
691 2079 789 2136 per
826 2061 1205 2134 ignorantiam,
1240 2053 1527 2125 aliquando
1560 2066 1656 2123 per
1701 2049 1975 2120 negligen-

394 2138 547 2225 tiam,
576 2155 865 2227 aliquando
887 2166 1017 2208 vero
1044 2164 1144 2221 per
1170 2152 1536 2215 contemptum
1575 2150 1629 2196 et
1669 2138 1979 2217 inobedien-

395 2252 559 2316 tiam;
592 2247 687 2304 sed
708 2245 754 2302 si
786 2242 1066 2315 disciplina
1104 2236 1297 2294 talibus
1329 2234 1616 2291 adhibetur
1645 2247 1767 2287 cum
1797 2230 1980 2285 mode-

396 2341 522 2405 stia,
554 2339 621 2394 de
644 2332 933 2408 praeteritis
956 2329 1113 2386 malis
1152 2332 1373 2400 generat
1414 2324 1469 2379 in
1498 2323 1578 2379 eis
1600 2318 1981 2377 verecundiam

396 2438 563 2501 atque
589 2424 997 2499 ptenitentiam;
1026 2420 1094 2476 de
1122 2417 1318 2473 futuris
1353 2429 1480 2470 vero
1512 2411 1732 2469 exhibet
1759 2410 1982 2479 diligen-

397 2500 529 2575 tiam
554 2527 714 2586 atque
738 2512 1025 2570 cautelam.
1054 2509 1207 2565 Unde
1230 2507 1502 2561 auditores
1522 2518 1648 2576 suos
1674 2500 1869 2555 Paulus
1895 2500 1983 2555 ad-

399 2616 603 2671 mouet,
649 2605 835 2660 dicens
881 2620 895 2655 ε
935 2620 953 2652 ι
990 2598 1228 2663 Fratres,
1272 2596 1320 2652 si
1369 2600 1774 2665 praeoccupatus
1821 2589 1985 2645 fuerit

400 2697 562 2752 homo
600 2695 655 2749 in
702 2692 882 2763 aliquo
915 2689 1129 2755 delicto,
1159 2702 1256 2743 vos
1295 2686 1387 2756 qui
1423 2683 1695 2755 spiritales
1724 2681 1876 2747 estis,
1904 2681 1984 2735 in-

400 2790 594 2846 struite
640 2784 945 2858 hujusmodi
979 2784 1035 2838 in
1081 2781 1272 2852 spiritu
1321 2777 1578 2843 lenitatis,
1633 2774 1984 2830 considerans

399 2883 631 2952 teipsum
677 2893 744 2933 ne
783 2885 838 2931 et
879 2884 934 2931 tu
957 2873 1213 2939 tenteris;
1242 2870 1378 2926 alter
1415 2866 1639 2923 alterius
1672 2879 1839 2921 onera
1861 2880 1985 2936 por-

399 2984 531 3039 tate,
574 2981 628 3028 et
670 2972 749 3027 sic
779 2966 1140 3037 adimplebitis
1188 2964 1356 3036 legem
1406 2959 1603 3018 Christi
1650 2956 1851 3031 (Calat.
1882 2958 1981 3028 vi).

479 3084 497 3116 ι
532 3063 757 3134 Corripe
786 3060 1020 3115 amicum
1053 3072 1066 3110 :
1099 3070 1241 3125 saepe
1268 3053 1411 3110 enim
1457 3050 1516 3106 fit
1558 3048 1888 3114 commissio,
1930 3054 1987 3102 et

406 3175 425 3208 ι
461 3170 565 3210 non
600 3151 750 3209 omni
786 3150 954 3205 verbo
978 3149 1198 3211 credas;
1230 3152 1313 3200 est
1355 3143 1447 3214 qui
1483 3142 1683 3197 labitur
1719 3141 1773 3195 in
1801 3139 1983 3210 lingua

407 3265 427 3297 ι
467 3259 585 3309 sua,
612 3242 709 3298 sed
728 3256 836 3296 non
865 3255 929 3295 ex
971 3240 1171 3292 animo.
1201 3234 1334 3302 Quis
1359 3240 1443 3289 est
1470 3232 1613 3288 enim
1635 3230 1726 3302 qui
1761 3245 1867 3291 non
1893 3229 1987 3285 de-

402 3337 621 3410 liquerit
665 3335 720 3390 in
762 3334 943 3405 lingua
986 3330 1116 3387 sua?
1142 3348 1161 3383 ι
1191 3325 1424 3384 Grandis
1454 3323 1707 3381 distantia
1733 3318 1818 3378 est
1846 3330 1987 3377 Inter

404 3438 528 3486 cum
565 3427 654 3500 qui
696 3434 887 3497 peccat
917 3437 1015 3493 per
1052 3419 1449 3491 simplicitatem
1481 3414 1567 3470 vel
1605 3412 1982 3485 ignorantiam,

404 3529 463 3579 et
490 3536 611 3576 eum
638 3516 730 3589 qui
758 3531 856 3588 per
882 3513 1162 3570 malitiam.
1209 3509 1392 3564 Potest
1428 3507 1574 3563 enim
1611 3504 1753 3570 fieri,
1782 3513 1842 3559 ut
1866 3502 1989 3575 quis

406 3610 641 3667 oll‘endat
669 3607 723 3662 in
750 3604 918 3661 verbo
942 3602 1107 3667 malo,
1134 3600 1278 3670 quod
1324 3606 1502 3652 tamen
1530 3596 1646 3666 ipse
1672 3610 1779 3650 non
1816 3593 1990 3664 suspi-

404 3712 562 3759 cetur
590 3714 711 3757 esse
751 3696 974 3761 malum,
1003 3700 1064 3748 ut
1099 3701 1183 3746 est
1216 3704 1348 3746 usus
1384 3687 1680 3760 quotidiani
1723 3686 1991 3755 otiosique

407 3789 695 3855 sermonis,
715 3786 808 3858 qui
835 3799 943 3841 non
970 3796 1037 3838 ex
1058 3780 1199 3848 dolo,
1225 3777 1320 3836 sed
1347 3795 1414 3835 ex
1442 3778 1658 3834 levitate
1678 3776 1843 3831 animi
1864 3790 1988 3847 pro-

406 3882 580 3948 cedit;
620 3874 928 3948 hujusmodi
971 3887 1099 3944 ergo
1133 3870 1359 3928 verbum
1397 3868 1523 3924 licet
1555 3881 1664 3922 non
1688 3872 1873 3921 careat
1901 3865 1992 3920 de-

407 3974 558 4040 licto,
591 3979 773 4025 tamen
815 3981 923 4022 non
951 3966 1266 4035 adsequatur
1290 3960 1344 4015 in
1385 3974 1526 4014 noxa
1561 3956 1640 4013 illi
1683 3956 1774 4026 qui
1800 3955 1992 4028 plenus

410 4074 494 4123 cst
523 4063 766 4136 nequitia
790 4068 847 4117 et
874 4060 1013 4117 dolo.
1038 4058 1170 4126 Quis
1193 4063 1277 4113 est
1299 4055 1441 4110 enim
1466 4052 1557 4124 qui
1579 4067 1683 4107 non
1708 4050 1994 4120 deliquerit

411 4159 466 4213 in
494 4156 676 4227 lingua
699 4153 829 4209 sua?
849 4151 965 4206 Non
1002 4159 1087 4205 est
1110 4149 1255 4203 enim
1284 4147 1447 4201 homo
1480 4158 1640 4213 super
1677 4150 1875 4196 terram
1901 4140 1993 4209 qui

324 4272 329 4277 ο
411 4249 578 4305 faciat
604 4247 826 4312 bonum,
849 4252 904 4299 et
939 4258 1044 4298 non
1068 4247 1286 4311 peccet;
1315 4237 1410 4293 sed
1445 4235 1521 4291 illi
1547 4234 1612 4289 de
1637 4233 1833 4304 quibus
1854 4231 1993 4286 scri-

411 4351 564 4412 ptum
587 4346 671 4395 est
701 4356 714 4393 :
757 4358 775 4390 ι
810 4335 1032 4407 Linguis
1059 4333 1171 4388 suis
1209 4330 1394 4387 dolose
1439 4327 1691 4399 agebant,
1728 4339 1992 4380 venenum

2078 1859 2163 1905 est
2192 1846 2570 1902 haereticorum
2599 1842 2866 1906 doctrina,
2890 1840 3285 1909 subsequenter
3308 1837 3513 1892 dicitur
3535 1855 3549 1889 :

2155 1958 2175 1992 ι
2206 1939 2303 1994 Est
2328 1936 2590 2007 nequitia,
2636 1942 2692 1988 et
2739 1933 2794 1987 in
2835 1932 2952 2002 ipsa
2994 1929 3316 1984 exsecratio.
3354 1946 3374 1979 ι
3411 1925 3665 1996 Nequitia

2077 2031 2223 2087 enim
2247 2028 2624 2085 haereticorum
2651 2023 2902 2080 omnibus
2938 2020 3095 2077 bonis
3118 2029 3173 2074 et
3194 2016 3358 2087 iustis
3385 2026 3467 2071 est
3509 2031 3669 2070 exse~

2079 2121 2320 2188 crabilis,
2370 2127 2425 2176 et
2468 2119 2639 2188 ipsam
2687 2116 2987 2170 detestatur
3032 2109 3212 2165 omnis
3264 2109 3455 2179 religio
3512 2107 3670 2161 Chri-

2080 2213 2257 2269 stiana
2289 2228 2303 2265 :
2343 2229 2362 2262 ι
2398 2207 2590 2265 Sermo
2621 2206 2767 2261 enim
2794 2217 2982 2260 eorum
3033 2208 3094 2256 ut
3138 2216 3337 2256 cancer
3382 2199 3574 2269 serpit,
3614 2209 3670 2251 et

2081 2305 2308 2360 multum
2338 2300 2555 2373 prolicit
2605 2299 2673 2353 ad
2707 2296 3039 2368 impietatem
3091 2312 3104 2347 :
3157 2308 3391 2363 quorum
3434 2291 3667 2345 societas

2082 2393 2387 2466 perniciosa
2433 2398 2539 2457 est,
2587 2387 2842 2461 quoniam
2868 2385 3025 2457 juxta
3070 2382 3433 2445 Salomonem,
3472 2400 3493 2433 ι
3542 2382 3671 2436 reli-

2082 2491 2317 2555 querunt
2338 2483 2528 2537 ducem
2551 2478 2854 2550 pubertatis
2876 2491 3012 2542 suae,
3043 2482 3099 2529 et
3119 2473 3258 2543 pacti
3286 2472 3383 2527 Dei
3410 2473 3496 2528 sui
3515 2472 3670 2528 obliti

2083 2588 2239 2643 sunt;
2273 2576 2529 2631 inclinata
2558 2581 2644 2628 est
2666 2572 2811 2627 enim
2860 2572 2928 2625 ad
2964 2578 3194 2623 mortem
3240 2568 3434 2623 domus
3459 2582 3669 2632 eorum,

2083 2675 2138 2722 et
2163 2667 2229 2722 ad
2259 2665 2462 2721 inferos
2489 2664 2698 2719 semitae
2722 2662 2984 2732 ipsorum.
3016 2658 3218 2715 Omnes
3237 2658 3330 2727 qui
3358 2657 3673 2729 ingrediun-

2085 2764 2173 2811 tur
2206 2756 2273 2810 ad
2307 2770 2424 2821 eos,
2472 2770 2582 2809 non
2614 2759 2975 2816 revertentur,
3025 2763 3126 2805 nec
3154 2748 3563 2818 apprchendent
3589 2764 3673 2803 se-

2086 2848 2249 2903 mitas
2277 2848 2401 2902 vitae
2427 2844 2609 2920 (Prov.
2652 2845 2736 2916 ιι).
2773 2862 2792 2896 ο

2163 2988 2182 3021 ι
2216 2969 2314 3025 Est
2365 2967 2627 3037 insipiens
2675 2965 2765 3036 qui
2818 2964 2964 3020 minu
2989 2972 3077 3019 tur
3131 2961 3417 3033 sapientia.
3473 2982 3493 3013 ι
3553 2960 3673 3015 llaec

2089 3061 2356 3120 sententia
2400 3059 2721 3131 quibusdam
2773 3056 2986 3111 videtur
3028 3055 3097 3109 ad
3144 3054 3425 3124 superiora
3464 3052 3672 3115 referri,

2090 3154 2194 3209 hoc
2238 3159 2353 3217 est,
2407 3150 2475 3205 ad
2511 3148 2888 3204 haereticorum
2919 3144 3310 3201 exsecrabilem
3342 3144 3673 3215 nequitiam,

2088 3258 2318 3316 quorum
2361 3256 2515 3296 mens
2536 3248 2795 3311 quantum
2827 3237 3098 3309 captivata
3119 3247 3204 3291 est
3228 3250 3438 3300 errore,
3469 3242 3675 3287 tantum

2086 3332 2275 3407 procul
2310 3332 2515 3403 recedit.
2567 3346 2599 3385 a
2628 3331 2886 3393 veritate;
2940 3328 3035 3385 sed
3074 3328 3201 3398 quia
3246 3342 3483 3397 sequens
3531 3326 3677 3381 locus

2087 3441 2197 3481 non
2229 3425 2296 3480 de
2324 3420 2615 3487 luereticis,
2652 3420 2748 3477 sed
2790 3421 2856 3475 de
2888 3417 3244 3490 simplicibus,
3270 3417 3364 3487 qui
3397 3416 3577 3471 minus
3621 3415 3673 3470 in

2090 3518 2493 3590 Scripturarum
2520 3515 2750 3571 scientia
2772 3512 2917 3571 docti
2952 3519 3099 3576 sunt,
3133 3512 3414 3583 disputare
3443 3509 3672 3576 videtur,

2086 3617 2269 3680 potest
2310 3623 2418 3664 non
2463 3604 2908 3662 inconvenienter
2937 3604 3004 3659 de
3037 3602 3235 3657 talibus
3262 3600 3391 3667 dici,
3422 3603 3565 3671 quod
3605 3600 3677 3654 sit

2090 3697 2351 3768 insipiens
2381 3696 2474 3766 qui
2522 3695 2786 3751 minuitur
2816 3693 3101 3763 sapientia,
3146 3692 3250 3748 hoc
3275 3700 3361 3747 est
3387 3693 3672 3764 mysterio-

2088 3804 2209 3843 rum
2241 3786 2337 3842 Dei
2366 3794 2516 3841 caret
2555 3782 2929 3855 iutclligentia,
2959 3790 3221 3853 quantum
3261 3780 3331 3836 ad
3370 3781 3668 3837 doctrinam

2090 3881 2354 3957 pertinet;
2386 3878 2481 3934 sed
2507 3886 2684 3933 tamen
2735 3893 2843 3931 non
2889 3877 3045 3932 abest
3078 3875 3296 3947 penitus
3326 3890 3359 3930 a
3400 3876 3649 3930 mandato

2091 3987 2210 4026 rum
2240 3970 2335 4025 Dei
2365 3967 2641 4035 custodia;
2671 3977 2957 4037 propterea
2988 3975 3381 4035 consequenter
3409 3964 3575 4019 dicit:

2168 4082 2186 4116 ι
2218 4063 2406 4118 Melior
2437 4069 2521 4116 est
2564 4062 2727 4116 homo
2762 4058 2852 4129 qui
2896 4058 3158 4113 minuitur
3185 4057 3471 4126 sapientia,
3501 4065 3554 4110 et
3576 4055 3671 4110 de-

2092 4156 2280 4211 ficiens
2306 4169 2467 4209 sensu
2502 4153 2555 4206 in
2584 4152 2796 4217 timore,
2835 4165 2996 4220 quam
3023 4149 3116 4220 qui
3141 4148 3380 4203 abundat
3410 4163 3585 4211 sensu,
3617 4156 3671 4199 et

2094 4246 2489 4319 transgreditur
2516 4244 2688 4315 legem
2725 4242 3007 4298 Altissimi.
3044 4262 3063 4295 ι
3100 4240 3329 4295 Multum
3353 4256 3481 4312 ergo
3515 4240 3669 4294 distat

2094 4343 2236 4396 inter
2260 4354 2382 4395 eum
2404 4338 2495 4408 qui
2518 4337 2681 4393 habet
2710 4335 2990 4391 scientiam
3016 4333 3150 4405 legis
3164 4333 3261 4387 Dei
3279 4332 3332 4386 in
3353 4330 3669 4393 eruditione,

414 4433 662 4504 aspidm
689 4431 790 4487 θυι)
827 4428 986 4483 ιθδίίε
1019 4438 1226 4490 eorum:
1256 4436 1486 4516 qu_0"“_m
1526 4434 1595 4516 °5_
1618 4416 1994 4516 ωίξίθάίοιίοηθ
2023 4457 2071 4516 D
2097 4432 2188 4487 sed
2218 4441 2396 4485 tamen
2427 4444 2534 4482 non
2564 4434 2743 4482 servat
2770 4439 2890 4480 eam
2923 4425 2976 4479 in
3025 4423 3363 4494 operatione,
3414 4430 3469 4476 et
3523 4420 3665 4475 illum

415 4534 472 4582 et
499 4523 857 4591 amaritudine
896 4519 1114 4591 plenum
1158 4523 1241 4572 est
1282 4513 1452 4587 (Psal.
1484 4512 1628 4582 xui),
1660 4511 1704 4565 si
1734 4525 1839 4565 non
1867 4525 1991 4564 con-

414 4616 560 4673 versi
588 4613 809 4679 fuerint,
833 4619 888 4666 et
914 4608 1233 4678 condignam
1260 4604 1632 4674 paenitentiam
1655 4599 1722 4656 de
1750 4599 1991 4669 peccatis

417 4708 530 4764 suis
554 4722 660 4762 non
680 4703 907 4777 egerint,
933 4699 1122 4754 mortis
1146 4694 1411 4752 sententia
1439 4708 1534 4749 eos
1556 4689 1813 4746 manebit.
1848 4689 1990 4744 Con-

419 4799 568 4854 tritio
599 4797 742 4852 enim
783 4802 838 4850 et
864 4789 1151 4848 infelicitas
1173 4794 1259 4844 est
1285 4787 1341 4841 in
1367 4785 1471 4841 viis
1512 4800 1723 4850 eorum,
1752 4791 1807 4838 et
1849 4783 1991 4837 viam

416 4885 571 4957 pacis
598 4901 704 4940 non
738 4887 1126 4955 cognoverunt,
1159 4892 1260 4933 nec
1286 4878 1589 4933 habuerunt
1620 4874 1869 4928 timorem
1899 4872 1993 4928 Dei

420 4985 547 5031 ante
565 4975 748 5029 oculos
767 4989 989 5039 eorum;
1028 4979 1310 5041 propterea
1334 4970 1386 5025 in
1413 4969 1657 5025 caecitate
1680 4967 1859 5024 cordis
1887 4967 1993 5033 sui,

421 5075 478 5122 et
507 5064 563 5119 in
589 5064 959 5133 iniquitatibus
988 5062 1103 5117 suis
1132 5061 1447 5117 interibunt.

1015 5194 1241 5251 CAPUT
1280 5195 1394 5251 ΧΠ.

425 5312 698 5385 Sapientia
728 5318 900 5364 monet
928 5308 1075 5385 prius
1104 5308 1360 5385 corripere
1383 5309 1682 5385 proximum.
1707 5319 1827 5364 ante
1860 5327 1999 5364 com-

492 5378 852 5446 ininationem,
879 5378 1163 5435 secundum
1184 5378 1607 5449 praedicationem
1636 5378 1925 5451 Evangelii.

499 5534 518 5568 ι
551 5514 775 5588 Corripe
802 5513 1101 5583 proximum
1124 5521 1412 5582 antequam
1438 5513 1816 5579 committeris;
1851 5522 1903 5570 et
1931 5514 1997 5569 da

431 5628 449 5662 σ
487 5611 662 5664 locum
701 5608 877 5664 timori
914 5605 1195 5671 Altissimi,
1237 5607 1361 5678 quia
1407 5608 1584 5664 omnis
1626 5610 1889 5681 sapientia
1937 5610 2002 5664 tio

433 5722 450 5754 ι
489 5717 605 5756 mor
624 5701 741 5769 Dei,
764 5710 817 5757 et
852 5701 905 5758 in
945 5700 1032 5756 illa
1072 5699 1262 5755 timere
1303 5699 1491 5755 Deum.
1533 5720 1550 5753 ι
1579 5699 1691 5757 lloc
1728 5711 1811 5757 est
1857 5704 1998 5771 quod

2096 4522 2187 4595 qui
2241 4520 2365 4575 licet
2391 4533 2498 4573 non
2529 4518 2728 4573 habeat
2753 4513 3076 4586 profundum
3122 4513 3474 4577 intellectum,
3510 4512 3558 4564 in
3598 4510 3670 4563 ti-

2097 4625 2248 4666 more
2275 4614 2455 4662 tamen
2503 4606 2598 4663 Dei
2626 4613 2890 4675 quantum
2932 4602 3080 4658 novit
3107 4610 3162 4655 et
3188 4608 3368 4672 potest
3410 4608 3548 4654 recte
3590 4596 3663 4650 vi-

2099 4703 2274 4760 vendo
2305 4707 2675 4757 conversatur.
2706 4698 2783 4753 De
2832 4694 2923 4751 illo
2968 4710 3099 4766 ergo
3128 4693 3363 4748 dicitur:
3421 4712 3440 4743 ι
3478 4690 3667 4744 Servus

2101 4796 2191 4864 qui
2231 4794 2333 4849 scit
2361 4792 2695 4847 voluntatem
2732 4788 2947 4845 Domini
2974 4788 3082 4853 sui,
3107 4796 3160 4842 et
3188 4803 3296 4841 non
3331 4783 3480 4849 facit,
3509 4797 3664 4851 vapu-

2108 4879 2239 4936 labit
2285 4877 2490 4933 multis.
2524 4894 2543 4927 ι
2598 4873 2673 4929 De
2704 4873 2808 4928 isto
2838 4888 2969 4927 vero
3005 4890 3025 4925 ι
3050 4870 3142 4941 qui
3200 4884 3310 4923 non
3344 4868 3445 4923 scit
3472 4877 3524 4921 et
3557 4880 3660 4918 non

2109 4971 2258 5034 facit,
2287 4968 2559 5039 vapulabit
2589 4966 2779 5040 paucis
2813 4964 2964 5036 (Luc.
3009 4963 3129 5034 xu).
3183 4961 3259 5017 De
3295 4962 3387 5016 illo
3417 4959 3661 5028 scriptum

2108 5074 2196 5122 est
2224 5081 2238 5119 :
2272 5085 2290 5116 ι
2315 5064 2573 5118 Potentes
2598 5058 2902 5131 potentiora
2931 5065 3193 5112 tormenta
3227 5056 3501 5125 patiuntur
3518 5048 3662 5119 (Sep.

2111 5156 2212 5228 vt).
2244 5175 2263 5208 ι
2298 5157 2373 5210 De
2404 5155 2508 5209 isto
2533 5166 2752 5222 quoque
2805 5151 2875 5203 ita
2908 5149 3136 5205 dicitur:
3172 5167 3189 5197 ι
3224 5146 3429 5215 Evigilo
3476 5155 3664 5197 conre-

2107 5248 2261 5302 detur
2292 5239 2682 5297 misericordia.
2737 5258 2756 5291 ›
2794 5239 2869 5293 De
2921 5239 3024 5293 hoc
3049 5246 3104 5291 et
3147 5234 3380 5292 lacubus
3407 5228 3661 5304 apostolus

2105 5337 2223 5391 ait:
2264 5353 2283 5386 ι
2320 5333 2377 5389 Si
2404 5333 2523 5403 quis
2570 5330 2785 5386 auditor
2819 5337 2904 5384 est
2944 5327 3091 5384 verbi
3131 5338 3186 5383 ct
3217 5342 3325 5381 non
3366 5326 3545 5386 factor,
3571 5321 3660 5373 hic

2101 5424 2501 5497 comparabitur
2551 5424 2668 5477 viro
2713 5421 3079 5477 consideranti
3131 5418 3337 5472 vultum
3388 5409 3659 5471 nativitatis

2102 5535 2213 5575 suae
2242 5519 2296 5574 in
2319 5516 2558 5589 speculo.
2583 5511 2959 5570 Cousideravit
2983 5510 3127 5564 enim
3154 5524 3213 5564 se
3241 5517 3296 5562 ct
3321 5506 3531 5569 abiit,et
3552 5507 3656 5553 sta-

2102 5612 2199 5665 tim
2228 5583 2428 5664 oblitus
2458 5617 2541 5661 est
2583 5604 2756 5675 qualis
2786 5601 2965 5656 fuerit.
2998 5600 3098 5663 Qui
3139 5606 3323 5654 autem
3351 5583 3666 5668 perspexerit

2106 5702 2157 5756 in
2188 5701 2356 5771 legem
2384 5695 2677 5769 perfectam
2704 5692 2998 5756 libertatis,
3027 5698 3082 5746 ct
3118 5687 3470 5762 permanserit
3490 5685 3536 5739 in
3561 5695 3655 5744 ea,
