3928 6182
298 293 406 349 893

1174 295 1526 352 COMMENT.
1568 295 1632 350 ΙΝ
1675 294 2284 353 ECCLESIASTICUM.
2324 329 2392 340 -—
2431 300 2557 356 LIB.
2598 301 2685 357 1V.

3460 313 3555 366 8a.!

295 422 404 461 non
442 406 656 462 auditor
683 406 977 462 obliviosos
1005 407 1200 472 factus,
1228 409 1324 463 sed
1353 409 1526 465 factor
1564 410 1762 480 operis,
1792 410 1880 464 hic
1909 415 1954 474 Α
1982 410 2126 464 enim
2156 412 2335 468 cordis
2361 429 2423 469 os
2457 414 2692 485 loquitur
2720 416 2928 490 (lbid.).
2980 439 2998 471 ι
3043 419 3135 476 Sic
3159 431 3215 478 et
3240 422 3553 492 Apostolus,

291 496 486 552 beatus
517 497 570 550 in
597 496 738 551 facto
768 512 866 552 suo
897 497 998 552 erit
1024 497 1230 568 (Iacob.
1262 499 1322 567 ι).
1357 517 1374 549 ο

371 604 391 637 r
418 586 515 641 Est
537 586 756 641 solertia
787 595 936 641 certa
961 595 1018 641 et
1045 587 1158 657 ipsa
1187 588 1392 657 iniqua,
1423 595 1476 642 et
1503 595 1588 642 est
1606 587 1700 657 qui
1720 587 1878 642 emit-

297 693 317 726 ι
351 675 418 729 tit
441 677 665 732 verbum
696 684 923 740 certum,
951 691 1212 731 enarratis
1241 677 1545 731 veritatem.
1569 695 1586 728 ι
1613 676 1766 730 Modo
1790 675 1875 729 in-

292 763 426 834 cipit
451 762 688 817 ﬁdelium
717 764 809 833 qui
852 764 1130 819 ambulant
1159 766 1451 820 secundum
1485 765 1789 830 veritatem,
1821 771 1878 819 et

290 853 698 922 liypocritarum
725 855 816 924 qui
845 864 1038 909 cuncta
1066 855 1188 910 ﬁcte
1229 856 1457 921 faciunt,
1488 870 1744 912 enarrare
1769 856 1874 910 dif-

295 938 603 1007 ferentiam,
635 951 691 996 et
717 957 986 1011 exponere
1011 944 1295 999 rationem.
1351 964 1369 997 ‹
1403 945 1520 1011 Est,
1567 945 1758 1015 inquit,
1790 960 1876 1001 so-

291 1029 450 1084 lertia
485 1040 654 1094 certa,
688 1041 743 1086 et
765 1033 879 1102 ipsa
911 1033 1093 1102 iniqua
1131 1051 1144 1088 :
1183 1053 1202 1086 ι
1237 1035 1339 1090 hoc
1368 1045 1469 1102 est,
1499 1036 1874 1091 haereticorum

293 1121 537 1175 versutia
568 1131 686 1177 arte
715 1123 994 1178 dialectica
1042 1125 1326 1190 instructa,
1360 1141 1475 1196 quae
1509 1135 1704 1182 cuncta
1753 1128 1875 1184 dolo

292 1209 426 1280 agit,
456 1218 511 1264 et
537 1226 704 1280 pravo
729 1212 893 1266 corde
938 1227 1153 1282 semper
1181 1214 1520 1269 machinatur
1547 1215 1778 1282 malum,
1819 1225 1874 1272 et

293 1298 352 1351 in
374 1299 521 1353 omni
553 1307 791 1370 tempore
814 1302 992 1373 jurgia
1022 1304 1280 1369 seminat;
1319 1323 1336 1355 ‹
1371 1312 1425 1360 et
1455 1315 1538 1360 est
1583 1306 1674 1376 qui
1717 1308 1874 1362 emit-

296 1389 364 1442 tit
390 1389 613 1443 verbum
644 1398 874 1456 certum,
909 1412 927 1442 ι
963 1394 1065 1449 hoc
1091 1403 1195 1460 est,
1243 1398 1536 1452 Strenuitas
1562 1407 1873 1454 sanctorum

293 1483 600 1545 doctorum,
625 1497 744 1550 quae
773 1491 920 1536 recte
951 1485 1173 1538 verbum
1203 1487 1463 1556 praedicat
1491 1488 1786 1558 Evangelii,
1817 1500 1874 1545 et

293 1564 420 1620 ﬁdei
450 1567 643 1623 edocet
672 1570 950 1627 veritatem
985 1593 997 1626 :
1031 1575 1142 1628 haec
1176 1575 1416 1631 docendo
1444 1586 1500 1631 et
1549 1582 1824 1646 operando
1852 1622 1868 1646 ,

292 1655 534 1726 regulam
557 1657 782 1727 justitia:
807 1664 1164 1718 sectatoribus
1185 1665 1298 1720 suis
1318 1667 1555 1721 ostendit
1581 1687 1592 1721 :
1625 1669 1713 1722 illa
1737 1687 1872 1739 quo-

291 1759 402 1813 que
443 1761 656 1818 semper
687 1764 1036 1820 quoscunque
1063 1761 1258 1822 potest,
1286 1770 1386 1824 per
1412 1759 1546 1811 artis
1591 1773 1698 1812 suae
1721 1758 1872 1813 falla—
1899 1766 1946 1825 B

294 1836 436 1890 ciam
463 1839 720 1895 seducere
743 1849 798 1895 et
826 1843 1072 1912 decipere
1098 1861 1203 1899 non
1243 1847 1488 1914 desistit;
1520 1850 1634 1906 haec
1661 1851 1765 1906 iter
1790 1867 1874 1907 re-

296 1934 470 1992 ctum,
521 1928 610 1982 illa
643 1930 796 1985 devia
836 1935 1012 2003 pergit
1048 1936 1282 2001 erroris;
1335 1939 1450 1992 haec
1495 1941 1560 1994 ad
1588 1956 1769 1996 veram
1795 1943 1874 1998 vi-

295 2024 434 2082 tam,
461 2017 549 2070 illa
576 2019 643 2072 ad
666 2028 924 2077 aeternam
953 2026 1119 2080 tendit
1143 2028 1522 2097 perditionem.

371 2127 390 2156 ι
429 2109 524 2164 Est
549 2112 640 2180 qui
693 2113 942 2182 nequiter
971 2117 1216 2172 humiliat
1261 2134 1340 2186 se,
1372 2129 1428 2175 et
1473 2123 1729 2180 interiora
1757 2125 1874 2194 ejus

302 2217 321 2248 ‹
351 2198 507 2268 plena
537 2210 663 2255 sunt
691 2203 846 2270 dolo;
878 2213 932 2259 et
965 2215 1046 2261 est
1072 2209 1161 2276 qui
1190 2223 1248 2263 se
1291 2211 1517 2266 nimium
1546 2216 1815 2270 submittit
1841 2233 1873 2272 a

299 2304 320 2336 ι
354 2287 521 2342 multa
551 2289 871 2346 humilitate.
915 2313 934 2346 ι
980 2295 1056 2349 De
1080 2296 1186 2352 illis
1207 2313 1335 2354 vero
1364 2302 1456 2369 qui
1498 2318 1557 2358 se
1599 2303 1734 2359 falso
1767 2306 1870 2359 hu-

293 2377 529 2443 iniliant,
562 2388 617 2434 et
643 2381 698 2434 in
729 2383 907 2438 cordis
935 2395 1145 2442 secreto
1172 2389 1317 2458 pleni
1345 2401 1474 2446 sunt
1509 2394 1653 2460 dolo,
1693 2398 1872 2465 quali-

293 2480 377 2522 ter
397 2471 696 2526 cavendum
739 2475 830 2540 sit,
862 2475 975 2545 ipsa
1008 2478 1222 2534 Veritas
1267 2486 1612 2551 praemonuit,
1644 2488 1868 2542 dicens:

298 2579 318 2610 ι
353 2560 627 2616 Attendite
655 2578 686 2617 a
709 2565 858 2621 falsis
891 2570 1188 2637 prophetis,
1217 2573 1308 2641 qui
1341 2575 1560 2630 veniunt
1583 2578 1648 2631 ad
1681 2593 1778 2633 vos
1819 2580 1872 2633 in

291 2653 632 2710 vestimentis
656 2658 855 2724 ovium,
887 2661 1212 2719 intrinsecus
1234 2674 1414 2720 autem
1435 2677 1562 2722 sunt
1583 2669 1691 2739 lupi
1719 2688 1875 2742 rapa-

291 2756 404 2814 ces.
437 2762 458 2796 ι
507 2744 675 2816 Igitur
728 2767 747 2798 ί
785 2764 814 2802 a
845 2749 1110 2807 fructibus
1155 2768 1344 2809 eorum
1395 2761 1733 2827 cognoscetis
1779 2777 1873 2818 eos

293 2834 513 2905 (Matth.
545 2838 666 2910 vu).
701 2860 720 2892 ι
753 2840 828 2895 De
860 2843 945 2898 his
970 2854 1148 2898 autem
1187 2848 1278 2915 qui
1307 2863 1434 2904 vere
1478 2851 1711 2906 humiles
1757 2853 1874 2908 ﬁeri

289 2924 500 2991 volunt,
549 2941 582 2981 a
632 2943 690 2983 se
719 2932 1021 3002 exemplum
1063 2949 1278 2990 sumere
1323 2940 1599 3008 praecepit,
1637 2942 1870 2998 dicens:

297 3033 319 3066 ι
355 3016 555 3074 Discite
583 3035 614 3074 a
641 3035 751 3086 me,
781 3023 904 3091 quia
931 3025 1076 3080 mitis
1108 3041 1225 3080 sum
1271 3037 1325 3084 et
1352 3031 1572 3085 humilis
1607 3033 1788 3096 corde,
1817 3041 1874 3089 et

289 3108 582 3165 invenietis
611 3113 848 3181 requiem
896 3115 1177 3171 animabus
1211 3120 1404 3174 vestris
1450 3118 1663 3191 (Matth.
1703 3122 1801 3194 χι).
1843 3143 1862 3175 ι
1897 3102 1942 3167 C

290 3197 350 3252 Si
379 3215 512 3270 ergo
553 3201 798 3256 volumus
827 3201 1080 3259 Veritatis
1118 3221 1238 3262 esse
1287 3209 1556 3279 discipuli,
1611 3227 1640 3265 a
1690 3213 1870 3268 cordis

289 3289 475 3344 radice
517 3305 659 3346 verte
693 3291 1011 3348 humilitatis
1057 3297 1254 3351 bonum
1285 3300 1520 3368 primum
1551 3304 1868 3358 sumendum

286 3391 396 3446 est,
425 3390 480 3436 et
507 3384 586 3438 sic
615 3397 710 3453 per
753 3385 927 3453 ipsum
958 3386 1222 3442 bonorum
1253 3405 1475 3460 operum
1507 3394 1749 3463 exempla
1791 3393 1872 3448 fo-

288 3473 539 3528 rinsecus
587 3477 953 3543 praeparanda.
1007 3477 1143 3544 Quid
1191 3489 1370 3534 autem
1419 3482 1542 3538 ﬁcta
1593 3485 1871 3540 humilitas

288 3566 480 3630 faciat,
512 3582 744 3636 sequens
773 3571 1036 3625 sententia
1067 3574 1320 3628 ostendit.

363 3676 382 3706 ι
411 3656 480 3709 Et
503 3665 586 3710 est
611 3658 700 3726 qui
732 3659 949 3714 inclinat
974 3661 1186 3729 faciem,
1209 3672 1265 3718 et
1290 3663 1441 3735 ﬁngit
1467 3680 1526 3720 se
1551 3681 1656 3720 non
1687 3667 1870 3721 videre

292 3762 310 3794 ι
347 3745 492 3813 quod
523 3746 825 3816 ignoratum
852 3759 962 3816 est;
994 3761 1049 3806 et
1077 3754 1120 3807 si
1151 3753 1219 3807 ab
1261 3755 1631 3810 imbecillitate
1673 3757 1868 3811 virium

292 3859 310 3891 σ
344 3847 561 3895 vetetur
594 3857 838 3911 peccare,
866 3845 910 3899 si
933 3845 1196 3901 invenerit
1221 3854 1430 3918 tempus
1458 3849 1829 3904 malefaciendi
1850 3891 1866 3915 ,

292 3952 310 3984 ε
348 3931 676 3989 malefaciet.
711 3954 729 3986 ›
785 3935 876 3991 Sic
914 3937 1057 3991 enim
1083 3939 1343 4003 haeretici,
1382 3940 1460 3994 sic
1487 3955 1674 3996 omnes
1704 3941 1871 4011 hypo-

287 4025 466 4090 crita,
495 4025 620 4080 licet
648 4027 880 4096 speciem
906 4029 1161 4084 virtutum
1189 4029 1372 4085 habitu
1399 4038 1455 4085 et
1483 4038 1636 4101 gestu
1664 4031 1869 4086 extrin-

286 4132 449 4172 secus
493 4117 764 4183 simulent,
802 4127 977 4174 tamen
1007 4120 1131 4190 quia
1156 4121 1410 4176 virtutem
1454 4121 1572 4190 ejus
1617 4121 1870 4176 intrinse-

285 4227 388 4266 cus
421 4227 528 4267 non
569 4213 786 4278 habent,
819 4214 874 4268 in
900 4229 966 4270 eo
995 4217 1134 4284 quod
1184 4217 1249 4272 ad
1281 4226 1494 4287 tempus
1527 4229 1745 4274 sumunt
1773 4219 1868 4274 ﬁr-

286 4303 452 4356 miter
477 4319 697 4358 manere
726 4298 830 4360 nan
850 4315 1110 4376 possunt;
1141 4308 1233 4362 sed
1256 4309 1442 4362 statim
1464 4319 1524 4364 ut
1550 4311 1722 4365 locum
1748 4327 1868 4380 pec-

285 4393 447 4447 candi
469 4395 793 4460 invenerint,
815 4396 955 4465 quod
977 4398 1126 4468 prius
1148 4399 1247 4453 sub
1269 4399 1570 4456 velamento
1593 4403 1863 4472 tegebant,

287 4484 343 4538 in
381 4485 664 4554 propatulo
697 4486 1020 4542 declarando
1056 4487 1336 4543 revelant:
1371 4490 1514 4559 quod
1540 4498 1596 4545 et
1635 4506 1869 4559 sequens

285 4576 553 4630 sententia
581 4579 790 4645 probat.

365 4687 385 4718 ι
418 4668 498 4722 Ex
527 4669 642 4723 visu
671 4672 1012 4740 cognoscitur
1034 4674 1138 4736 vir,
1166 4680 1220 4728 et
1249 4675 1316 4730 ab
1341 4689 1567 4730 occursu
1590 4674 1745 4730 faciei
1768 4691 1864 4731 co-

291 4778 310 4809 r
347 4759 624 4828 gnoscitur
667 4768 935 4816 sensatus.
991 4761 1234 4817 Amictus
1282 4765 1558 4833 corporis,
1613 4773 1668 4819 et
1723 4765 1866 4820 risus

292 4869 312 4899 ‹
350 4849 616 4914 dentium,
645 4857 698 4905 et
723 4851 996 4920 ingressus
1021 4853 1254 4907 hominis
1275 4854 1562 4907 enuntiarit
1589 4855 1655 4909 de
1693 4854 1803 4908 illo.
1840 4874 1858 4906 ι

285 4936 398 4992 Per
419 4938 614 4992 indicia
645 4940 787 4993 enim
813 4940 1084 4994 exteriora
1114 4955 1256 5009 saepe
1283 4942 1704 5010 deprehenditur
1731 4944 1867 4998 inte-

285 5027 406 5080 rior
433 5025 654 5082 allectus
703 5029 892 5093 animi,
924 5037 979 5083 et
1015 5045 1112 5098 per
1139 5037 1347 5099 gestum
1376 5032 1619 5100 corporis
1647 5031 1868 5086 demon-

285 5125 498 5173 stratur
527 5119 758 5188 qualitas
785 5120 1098 5175 voluntatis.
1150 5119 1301 5176 Unde
1337 5128 1420 5175 est
1465 5121 1594 5175 illud
1621 5121 1866 5192 Evange-

287 5208 456 5262 licuiu
485 5226 499 5262 :
534 5227 554 5261 ι
586 5208 702 5264 Non
733 5220 817 5265 est
848 5211 1011 5265 arbor
1047 5213 1185 5266 bona
1215 5225 1333 5279 quae
1367 5209 1495 5264 facit
1523 5209 1730 5266 fructus
1753 5228 1869 5266 ina-

284 5298 394 5364 los,
431 5313 608 5370 neque
636 5302 799 5356 arbor
817 5301 955 5356 mala
987 5301 1189 5356 faciens
1215 5300 1447 5356 fructum
1475 5300 1694 5356 bonum.
1720 5301 1864 5357 Una-

284 5405 518 5460 quaque
544 5391 688 5446 enim
717 5392 878 5446 arbor
905 5406 972 5446 ex
1017 5390 1192 5446 fructu
1223 5406 1320 5445 suo
1343 5391 1686 5461 cognoscitur
1706 5389 1859 5461 (Luc.

284 5481 391 5552 vr).
423 5501 443 5534 ι
474 5481 541 5536 Et
564 5482 732 5538 item:
769 5501 788 5532 ο
817 5482 1015 5547 Bonus,
1043 5482 1236 5551 inquit,
1270 5481 1430 5535 homo
1456 5482 1520 5534 de
1565 5481 1706 5535 bono
1746 5481 1863 5535 the-

285 5588 454 5628 sauro
484 5563 662 5628 cordis
697 5573 778 5628 sui
820 5572 1027 5642 profert
1062 5574 1280 5637 bonum,
1313 5581 1368 5628 et
1394 5572 1565 5626 malus
1590 5571 1750 5626 homo
1794 5573 1861 5628 de

286 5663 435 5722 malo
493 5665 746 5720 thesauro
811 5663 1017 5736 profert
1089 5663 1309 5718 malum.
1383 5661 1460 5720 Ex
1529 5663 1857 5719 abundantia

1985 515 2100 568 quae
2129 510 2253 556 sunt
2284 503 2481 559 indicia
2509 506 2771 561 malarum
2811 524 2997 576 qumve
3026 510 3286 566 bonarum
3313 513 3551 572 volunta-

1982 597 2094 644 tum
2121 594 2408 661 eXprcssit,
2431 596 2652 651 dicens:
2692 617 2710 648 ‹
2745 598 3024 656 Manifesta
3046 612 3226 658 autem
3252 615 3376 660 sunt
3395 622 3557 677 Opera

1982 679 2182 745 carnis,
2211 697 2328 749 quze
2375 692 2502 737 sunt
2551 683 2855 752 fornicatio,
2904 688 3263 757 immunditia,
3310 693 3559 761 luxuria,

1981 765 2244 822 idolorum
2276 771 2530 838 servitus,
2580 775 2855 840 veneﬁcia,
2903 777 3218 847 inimicitia),
3263 787 3562 842 contentio-

1981 871 2100 922 nes,
2127 859 2522 928 aetiiulationes,
2570 864 2682 929 iraa,
2741 867 2888 929 rixae,
2932 868 3318 938 dissensiones,
3369 885 3558 937 sectae.

1981 944 2212 1012 invidiae,
2243 950 2532 1006 homicidia
2552 992 2566 1018 ,
2596 954 2911 1021 ebrietates,
2943 963 3380 1030 comessationes,
3403 974 3458 1020 et
3478 967 3562 1022 his

1981 1034 2174 1090 similia
2206 1055 2218 1090 :
2249 1053 2368 1107 qua:
2395 1042 2629 1110 przedico
2661 1045 2830 1113 vobis,
2862 1047 3001 1101 sicut
3026 1051 3270 1119 prmdixi,
3305 1056 3559 1122 quoniam

1978 1127 2068 1194 qui
2094 1127 2219 1180 talia
2235 1140 2396 1199 agunt
2415 1146 2635 1200 regnum
2652 1132 2744 1187 Dei
2777 1150 2880 1189 non
2903 1150 3326 1208 consequentur:
3357 1143 3380 1197 Γ
3381 1154 3562 1200 ructus

1979 1225 2157 1271 autem
2187 1217 2419 1288 Spiritus
2466 1232 2550 1277 est
2605 1225 2864 1290 Charitas,
2896 1230 3172 1299 gaudium,
3202 1247 3326 1302 pax,
3356 1237 3562 1304 patien-

1979 1307 2079 1372 tia,
2131 1308 2526 1380 longanimitas,
2571 1314 2804 1380 bonitas,
2852 1319 3178 1388 benignitas,
3232 1321 3384 1388 ﬁdes,
3443 1341 3559 1378 mo-

1977 1395 2174 1464 destia,
2229 1401 2578 1468 continentia,
2634 1423 2652 1454 i
2707 1414 2810 1460 etc.
2857 1405 2949 1461 Sic
2991 1423 3121 1478 ergo
3171 1409 3429 1465 bonarum
3482 1430 3561 1466 aro

1977 1485 2165 1540 bOrum
2194 1489 2552 1545 ostenduntur
2586 1493 2713 1548 boni
2742 1495 2976 1561 fructus,
3001 1506 3054 1552 ct
3084 1499 3345 1555 malarum
3391 1503 3516 1556 ntali
3544 1544 3558 1563 .

1977 1576 2232 1644 quoniam
2284 1579 2422 1633 bona
2451 1596 2614 1650 opera
2654 1585 2940 1640 manifesta
2972 1588 3127 1654 fiunt,
3170 1598 3225 1644 et
3254 1605 3373 1660 quaa
3401 1593 3556 1648 aliter

1977 1678 2036 1718 se
2056 1665 2279 1732 habent,
2306 1668 2568 1724 abscondi
2600 1688 2704 1725 non
2730 1684 2970 1742 possunt.

2051 1771 2069 1802 ‹
2107 1753 2201 1806 Est
2229 1758 2500 1825 correptio
2550 1761 2779 1815 mendax
2828 1763 2879 1817 in
2934 1764 3016 1818 ira
3049 1769 3454 1836 contumeliosi,
3505 1784 3560 1827 et

1983 1858 2001 1890 ι
2036 1849 2119 1895 est
2152 1842 2414 1911 judicium
2468 1849 2610 1916 quod
2659 1866 2765 1904 non
2814 1855 3073 1921 probatur
3115 1872 3235 1912 esse
3264 1859 3483 1915 bonum.
3535 1881 3552 1913 ι

1974 1926 2246 1985 Hactenus
2275 1943 2456 1988 servat
2485 1945 2746 2005 tenorem,
2782 1956 2944 2009 quem
2975 1945 3125 2013 prius
3160 1948 3394 2014 tenebat,
3447 1952 3558 2006 dis-

1974 2031 2169 2092 putans
2199 2027 2266 2080 de
2298 2027 2426 2082 falsa
2458 2030 2761 2087 humilitate
2805 2035 3212 2106 bypocritarum
3239 2050 3293 2096 et
3339 2044 3555 2099 lucreti-

1975 2127 2199 2179 corum;
2232 2115 2356 2183 quia
2388 2119 2620 2172 mendax
2653 2128 2946 2177 esteorum
2979 2129 3247 2197 correptio
3275 2130 3557 2195 doctrinm,

1973 2209 2027 2256 et
2045 2201 2306 2269 judicium
2340 2205 2528 2259 falsum
2551 2249 2564 2272 ,
2599 2210 2723 2277 quia
2759 2212 2899 2267 sicut
2923 2225 3107 2270 errant
3134 2217 3189 2271 in
3222 2217 3326 2272 ﬁde
3355 2228 3406 2273 ct
3435 2221 3557 2274 reli-

1973 2297 2150 2368 gione,
2205 2299 2283 2353 sic
2320 2300 2552 2354 titubant
2595 2301 2925 2371 judiciorum
2977 2323 3196 2363 suorum
3248 2312 3551 2380 qualitate;

1974 2405 2075 2443 nec
2104 2398 2280 2460 potest
2302 2405 2422 2446 esse
2453 2393 2649 2448 bonum
2671 2393 2955 2464 judicium,
2987 2401 3129 2469 quod
3161 2417 3264 2457 non
3295 2404 3434 2458 bono
3465 2421 3557 2476 ge-

1974 2479 2114 2532 ritur
2142 2479 2342 2535 animo.

2568 2576 2793 2634 CAPUT
2831 2579 2964 2634 X‘lll.

1976 2679 2128 2747 Quod
2178 2683 2367 2738 bonum
2419 2688 2771 2763 sit_arguere
2817 2689 3095 2763 loquendo,
3149 2710 3303 2763 quam
3338 2696 3556 2750 tacendo

2433 2755 2580 2810 dolos
2611 2755 2780 2812 tenere
2806 2755 2900 2829 per
2929 2762 3084 2814 iram.

2045 2862 2196 2934 (Car.
2251 2865 2366 2936 xx.)
2426 2887 2444 2918 ‹
2494 2867 2664 2934 Quam
2711 2869 2911 2925 bonum
2962 2882 3044 2927 est
3089 2890 3337 2945 arguere,
3391 2893 3552 2946 quam

1975 2954 2156 3020 irasci,
2181 2967 2235 3010 et
2261 2957 2604 3014 conﬁtentem
2637 2960 2690 3014 in
2739 2963 2986 3018 oratione
3014 2981 3118 3019 non
3162 2968 3488 3035 prohibere!
3529 2986 3550 3020 ›

1973 3041 2180 3098 Bonum
2227 3055 2311 3100 est
2361 3061 2490 3118 ergo
2540 3050 2718 3104 omnia
2751 3051 3138 3122 circumspecte
3183 3064 3238 3110 et
3287 3057 3557 3126 patienter

1975 3150 2157 3203 agere,
2189 3137 2312 3205 quia
2347 3138 2424 3191 ira
2457 3139 2557 3193 viri
2592 3140 2858 3210 justitiam
2899 3143 2991 3198 Dei
3034 3161 3139 3198 non
3184 3157 3456 3216 Operatur,
3497 3160 3554 3204 et

1978 3227 2217 3282 doctrina
2253 3231 2484 3286 hominis
2526 3247 2625 3300 per
2675 3235 2990 3304 patientiam
3020 3237 3369 3307 dignoscitur.
3403 3241 3553 3298 Unde

1975 3327 2030 3370 et
2058 3320 2304 3388 superius
2339 3320 2408 3374 ita
2440 3322 2718 3377 admonuit
2751 3342 2763 3377 :
2805 3344 2822 3375 ι
2861 3325 3084 3396 Corripe
3121 3331 3420 3398 proximum
3449 3347 3548 3387 an-

1978 3415 2191 3476 tequam
2221 3409 2584 3488 commincris,
2624 3421 2680 3466 et
2718 3413 2782 3466 da
2811 3413 2984 3468 locum
3035 3415 3218 3470 timori
3262 3417 3548 3486 Altissiiui,

1973 3514 2041 3553 ne
2091 3499 2226 3555 forte
2257 3517 2354 3570 per
2396 3502 2817 3572 inquietudinem
2867 3506 3225 3562 animositatis
3255 3509 3447 3577 perdat
3487 3512 3541 3564 in

1973 3588 2218 3657 proximo
2273 3589 2509 3645 fructum
2555 3594 2913 3663 correptionis
2969 3595 3170 3664 (Eccli.
3213 3597 3360 3668 xix),
3394 3619 3412 3650 ι
3453 3618 3471 3649 σ
3497 3609 3551 3652 ct

1973 3676 2336 3744 confitentem,
2389 3682 2480 3744 ait,
2532 3683 2585 3736 in
2617 3685 2860 3738 oratione
2907 3684 3014 3738 noli
3059 3686 3398 3754 prohibere.»
3431 3687 3547 3742 Non

1972 3777 2056 3822 est
2085 3768 2172 3821 ille
2200 3770 2588 3837 prohibendus,
2620 3773 2709 3841 qui
2737 3773 3029 3828 conﬁtetur
3056 3774 3165 3829 Deo
3205 3774 3256 3828 in
3303 3776 3548 3831 oratione

1974 3870 2091 3919 sua,
2121 3864 2176 3909 et
2202 3856 2384 3911 laudat
2411 3859 2586 3928 ipsum
2616 3861 2667 3914 in
2696 3876 2791 3915 ore
2821 3877 2939 3925 suo,
2968 3863 3063 3917 sed
3092 3862 3456 3927 instruendus,
3483 3875 3542 3919 ut

1973 3954 2134 4000 recta:
2182 3944 2304 3999 ﬁdei
2335 3957 2390 4001 et
2434 3948 2695 4002 bonorum
2739 3965 2961 4018 operum
2992 3951 3345 4020 concordiam
3391 3953 3544 4006 adhi-

1972 4037 2118 4101 beat,
2145 4037 2271 4106 quia
2301 4053 2408 4092 non
2437 4047 2520 4092 est
2554 4040 2794 4109 speciosa
2823 4039 2939 4094 laus
2979 4039 3031 4093 in
3077 4055 3169 4095 ore
3203 4041 3505 4109 peccatoris
3531 4083 3544 4103 .

1973 4129 2067 4183 sed
2099 4148 2115 4179 ι
2153 4129 2314 4184 corde
2335 4129 2576 4184 creditur
2601 4131 2668 4185 ad
2694 4131 2984 4200 justitiam,
3014 4146 3107 4187 ore
3129 4139 3307 4184 autem
3335 4131 3550 4186 confes-

1969 4219 2052 4272 sio
2076 4219 2136 4272 ﬁt
2163 4219 2229 4274 ad
2259 4219 2486 4274 salutem
2535 4239 2548 4273 :
2587 4239 2606 4270 ι
2642 4221 2865 4290 proinde
2893 4220 3160 4289 Propheta
3191 4222 3318 4275 dicit
3347 4239 3358 4273 ;
3395 4240 3411 4271 ι
3450 4223 3548 4275 Be-

1969 4309 2144 4372 nedic,
2173 4309 2352 4362 anima
2397 4324 2543 4373 mea,
2572 4311 2820 4374 Domino,
2847 4318 2900 4364 et
2919 4310 3099 4363 omnia
3143 4311 3396 4363 interiora
3427 4326 3544 4364 mea

1971 4412 2166 4452 nomen
2215 4405 2456 4452 sanctum
2486 4396 2601 4466 ejus
2647 4398 2816 4469 (Psal.
2845 4395 2955 4468 cn).
2996 4418 3015 4450 ι
3071 4398 3138 4451 Ει
3168 4399 3331 4451 alibi:
3369 4417 3386 4449 ‹
3424 4397 3545 4452 Ele—

1970 4488 2133 4552 vatio,
2166 4488 2358 4558 inquit,
2392 4503 2648 4542 manuum
2677 4503 2919 4543 mearum
2946 4489 3274 4543 sacriﬁcium
3321 4503 3538 4558 vesper-

1969 4578 2139 4632 tinum
2172 4574 2344 4648 (Psal.
2375 4576 2521 4649 CXL).
2553 4595 2572 4628 ι

2045 4685 2062 4717 ι
2085 4665 2529 4734 Concupiscentia
2547 4666 2800 4735 spadonis
2812 4666 3537 4738 devirginabitjuvenculam,

1972 4773 1990 4806 ι
2032 4756 2110 4810 sic
2139 4754 2228 4824 qui
2260 4754 2391 4807 facit
2418 4769 2514 4823 per
2536 4755 2644 4807 vim
2667 4757 2931 4826 judicium
2977 4758 3237 4827 iniquum.
3273 4777 3292 4810 ›
3340 4757 3539 4812 Probat

1965 4844 2211 4913 exemplo
2242 4844 2384 4912 quod
2415 4844 2663 4913 superius
2691 4846 2986 4913 protulerat
3012 4847 3198 4912 verbo,
3243 4856 3300 4901 ut
3339 4847 3539 4902 bonum

1966 4935 2037 4988 sit
2066 4949 2172 4987 non
2217 4932 2380 4986 irasci
2425 4950 2437 4986 :
2472 4935 2728 5002 quoniam
2777 4936 2917 4990 sicut
2949 4939 3383 5007 concupiscentia
3424 4954 3544 5007 spao

1967 5023 2120 5077 donis
2169 5021 2403 5075 maculat
2437 5023 2653 5091 quidem
2701 5025 2984 5094 virginem,
3041 5030 3134 5081 sed
3166 5044 3269 5082 non
3321 5037 3543 5094 generat

1967 5112 2229 5179 sobolem,
2255 5113 2330 5167 ita
2357 5121 2412 5166 et
2439 5115 2698 5169 violentia
2727 5117 2932 5187 iniqua,
2963 5119 3182 5174 simulat
3206 5121 3420 5190 quidem
3447 5121 3538 5189 ju-

1966 5205 2188 5269 dicium,
2217 5206 2308 5260 sed
2338 5223 2445 5260 non
2474 5217 2653 5261 servat
2680 5211 2951 5278 aequitatis
2980 5213 3217 5267 modum.

2042 5315 2061 5346 ‹
2097 5295 2268 5361 Quam
2304 5297 2500 5351 bonum
2532 5307 2612 5353 est
2639 5310 2946 5369 correptum
2994 5303 3335 5358 manifestare
3365 5302 3535 5370 pomi-

1973 5406 1990 5438 ‹
2031 5391 2280 5444 tentiam:
2309 5392 2388 5445 sic
2411 5393 2554 5446 enim
2576 5393 2796 5465 ell'ugies
2818 5396 3170 5450 voluntarium
3193 5403 3487 5463 peccatum.
3511 5414 3532 5446 ι

1968 5479 2118 5534 Sicut
2138 5483 2287 5552 prius
2307 5483 2580 5552 prohibuit
2597 5485 2924 5540 iracundiam
2941 5487 3229 5554 prmvalcre
3242 5485 3294 5537 in
3308 5483 3537 5554 judicio,

1964 5571 2045 5626 sic
2069 5581 2124 5626 et
2150 5589 2289 5628 nunc
2317 5573 2520 5638 laudat,
2553 5585 2610 5629 ut
2655 5577 3047 5645 correptioncm
3078 5574 3318 5644 magistri
3343 5589 3533 5645 sequa«

1966 5670 2054 5718 tur
2077 5662 2392 5732 pmiiitcntia
2421 5663 2664 5736 discipuli
2695 5684 2708 5720 :
2757 5666 2831 5721 ita
2861 5680 3072 5738 quoque
3099 5663 3535 5727 concupiscentia
