3928 6182
288 386 294 393 ·
373 357 476 414 8‘5

1002 352 1064 408 Β.
1105 349 1356 407 RABAM
1396 349 1612 407 MAURI
1650 347 1969 404 ARClllEP.
2012 345 2321 404 MOGUNT.
2365 338 2645 403 OPERUM
2685 346 2867 405 PARS
2905 348 2946 402 ι.

3520 350 3647 409 896

375 463 692 540 θυρηιηίιητ
741 476 1042 537 peccatum,
1093 473 1148 521 ει
1192 467 1350 519 venia
1400 464 1720 534 impetratur
1745 460 1944 518 delicti.
1974 461 2027 522 Α
2127 479 2146 512 ι
2179 459 2276 515 Est
2298 458 2574 529 proceséio
2598 461 2653 515 in
2685 461 2840 516 malis
2868 461 2986 516 viro
3008 464 3425 536 indisciplinato,
3460 476 3515 523 et
3539 479 3639 526 est

382 560 529 616 Unde
554 558 800 614 Salvator
828 557 883 610 in
906 554 1199 627 Evangelia
1219 555 1381 611 Petro
1411 553 1686 625 prmcepit.
1719 552 1943 607 dicens:

380 673 399 703 ‹
434 649 489 707 Si
520 649 821 721 peccaverit
848 649 904 703 in
946 656 997 701 te
1017 647 1188 702 frater
1219 656 1363 711 tuus,
1393 644 1550 709 vade,
1580 643 1791 712 corripe
1823 656 1947 696 eum

375 742 514 797 inter
545 749 597 796 te
630 747 683 795 ct
711 740 885 810 ipSum
919 738 1091 793 solum
1121 756 1133 790 :
1167 737 1311 807 quod
1350 736 1394 791 si
1421 732 1798 805 pwnitenliam
1824 746 1949 803 ege—

373 832 457 893 rit,
488 832 724 886 lucratus
752 832 860 886 eris
886 829 1109 885 fratrem
1142 837 1315 895 tuum,
1344 848 1361 879 ›
1393 836 1499 883 etc.
1526 825 1740 898 (Matth.
1765 821 1961 897 XVIII).‘

372 923 505 977 Hinc
549 930 604 978 et
652 923 707 977 in
745 921 1047 976 Proverbiis
1098 920 1351 974 Salomon
1396 918 1473 973 ait
1512 935 1523 970 :
1561 935 1579 968 ι
1616 915 1717 983 Qui
1762 913 1948 984 abjicit

369 1014 741 1083 disciplinam,
810 1011 1035 1081 despicit
1084 1010 1316 1064 animam
1376 994 1573 1072 suam;
1638 1004 1727 1074 qui
1748 1012 1946 1057 .autem

378 1104 662 1175 icquiescit
725 1101 1221 1171 increpationibus,
1289 1112 1571 1169 possessor
1618 1103 1703 1151 est
1767 1093 1944 1150 cordis

371 1196 387 1266 ί
395 1194 551 1248 Prov.
581 1193 694 1266 xv).
728 1212 747 1245 ι

442 1300 459 1333 ι
495 1283 585 1337 Est
614 1290 797 1337 tacens
820 1282 911 1351 qui
941 1280 1211 1336 invenitur
1255 1278 1489 1349 sapiens,
1518 1284 1572 1332 et
1614 1283 1698 1331 est
1728 1274 1941 1330 odibilis

373 1390 391 1423 ι
424 1372 515 1441 qui
568 1386 771 1442 procax
811 1378 894 1426 est
940 1370 1004 1425 ad
1054 1369 1400 1439 loquendum.
1440 1385 1458 1418 ι
1511 1366 1625 1421 liae
1673 1364 1939 1421 sententia

364 1459 614 1514 laudatur
647 1459 909 1515 modestia
955 1458 1082 1513 boni
1111 1458 1233 1523 viri,
1264 1464 1318 1512 et
1362 1456 1699 1526 vituperatur
1727 1454 1941 1534 temeri-

367 1558 450 1601 tas
474 1545 689 1616 superbi
713 1587 729 1614 ,
757 1548 843 1601 vel
887 1548 1056 1619 magis
1086 1546 1491 1603 commendatur
1520 1544 1843 1616 religiositas
1885 1551 1942 1598 et

365 1638 646 1707 prudentia
676 1639 801 1693 boni
842 1637 1110 1704 catholici,
1140 1645 1193 1693 et
1217 1636 1626 1706 reprehenditur
1654 1644 1816 1704 atque
1840 1635 1936 1689 de-

366 1735 593 1782 testatur
618 1729 845 1783 stultitia
891 1736 947 1783 et
989 1728 1290 1799 procacitas
1316 1726 1590 1791 haeretici;
1641 1726 1767 1796 quia
1798 1725 1939 1779 sicut

2056 571 2075 604 ‹
2110 552 2348 607 inventio
2398 552 2452 607 in
2502 553 2905 608 detrimentum.
2943 572 2961 605 ι
3013 552 3126 609 Sub
3151 556 3331 628 lingua
3361 559 3508 614 enim
3534 575 3638 617 eo-

2049 660 2169 698 rum
2201 643 2351 699 labor
2379 652 2464 699 est
2501 652 2557 699 et
2595 644 2778 710 dolor,
2812 646 3003 701 sedent
3031 646 3083 701 in
3114 649 3340 705 occultis
3365 659 3425 704 ut
3454 652 3634 708 inter-

2049 732 2233 788 ficiant
2259 733 2631 800 innocentem;
2677 743 3010 806 quapropter
3037 744 3148 791 tota
3178 739 3510 795 machinatio
3534 741 3635 795 do-

2048 822 2175 878 losae
2208 822 2530 879 inventionis
2576 838 2762 878 eorum
2820 824 3161 895 reputabitur
3205 827 3285 881 eis
3328 826 3384 881 in
3425 843 3634 899 oppro-

2045 912 2223 968 brium
2253 913 2658 982 sempiternum.
2702 910 2820 967 Fiet
2844 914 2988 969 enim
3017 929 3203 969 mensa
3226 930 3412 971 eorum
3434 933 3630 973 coram

2047 1002 2178 1075 ipsis
2203 1003 2256 1057 in
2276 1003 2545 1073 laqueum,
2562 1012 2619 1059 et
2637 1004 2690 1058 in
2705 1004 3119 1060 retributionem
3136 1015 3190 1061 et
3209 1007 3262 1061 in
3283 1008 3626 1063 scandalum.

2120 1112 2139 1145 ι
2169 1093 2264 1148 Est
2298 1093 2479 1148 datum
2514 1093 2655 1162 quod
2709 1108 2817 1149 non
2873 1102 2958 1149 est
2998 1094 3147 1161 utile,
3204 1102 3260 1152 et
3297 1104 3384 1152 est
3432 1098 3626 1153 datum

2050 1201 2068 1233 ι
2102 1181 2256 1252 cujus
2303 1182 2586 1239 retributio
2623 1182 2843 1254 duplex.
2881 1203 2901 1235 ι
2928 1182 3146 1263 ,Βιιῐιιηι
3201 1186 3341 1255 quod
3387 1202 3494 1240 non
3535 1196 3628 1242 est

2041 1272 2195 1337 utile,
2248 1270 2352 1327 hoc
2387 1279 2503 1339 est,
2556 1288 2679 1329 cum
2730 1274 2894 1330 homo
2933 1274 3332 1347 eleemosynam
3378 1278 3636 1333 tribuens

2040 1365 2293 1434 expendit
2315 1376 2435 1420 eam
2461 1380 2561 1435 pro
2588 1366 2824 1423 humano
2853 1364 3067 1432 favore;
3099 1376 3154 1423 et
3188 1377 3273 1423 est
3298 1369 3499 1423 iterum
3524 1370 3627 1425 da-

2041 1463 2174 1521 tum,
2201 1453 2355 1524 cujus
2378 1463 2461 1512 est
2485 1457 2770 1512 retributio
2795 1458 3010 1528 duplex,
3044 1458 3258 1528 quando
3287 1458 3448 1513 homo
3476 1458 3625 1514 elec-

2038 1557 2317 1614 mosyuam
2345 1558 2445 1614 pro
2472 1544 2565 1599 Dei
2593 1560 2779 1601 amore
2804 1554 2859 1601 et
2883 1561 2979 1617 pro
3005 1554 3220 1602 aeternae
3255 1547 3381 1602 vita:
3406 1547 3625 1603 deside-

2038 1633 2121 1689 rio
2155 1632 2315 1700 facit;
2356 1634 2445 1689 cui
2474 1634 2564 1689 hic
2608 1636 2926 1690 meritorum
2954 1635 3209 1691 tribuitur
3236 1636 3429 1701 honor,
3461 1645 3519 1692 et
3556 1636 3621 1691 in

2036 1720 2217 1776 futura
2265 1724 2697 1781 remuneratione
2738 1725 2905 1797 gloria
2958 1736 3215 1797 sequetur
3261 1727 3623 1798 sempiterna.

363 1816 465 1872 iste
506 1818 856 1873 immoderato
880 1817 1091 1872 silentio
1121 1817 1356 1871 ostendit
1397 1815 1721 1884 sapientiam
1747 1828 1931 1881 suam,
1963 1803 2011 1862 Β
2039 1812 2191 1868 Unde
2232 1813 2347 1883 ipsa
2389 1815 2604 1871 Veritas
2645 1816 2699 1871 in
2730 1817 3017 1888 Evangelio
3060 1821 3137 1874 ait
3172 1838 3185 1872 :
3224 1837 3244 1871 ‹
3293 1819 3464 1875 Nemo
3493 1827 3616 1884 est,

363 1905 443 1960 sic
469 1916 524 1961 et
553 1907 638 1961 ille
666 1907 722 1961 in
751 1906 1075 1976 loquacitate
1105 1904 1371 1976 superflua
1406 1904 1713 1959 manifestat
1757 1903 1935 1960 stulti-

363 1995 492 2049 tiam
529 2012 711 2060 suam,
745 1997 840 2053 sed
873 1998 996 2067 quia
1040 1997 1380 2052 taciturnitas
1429 1996 1715 2065 aliquando
1742 2010 1935 2066 proce-

362 2084 439 2139 dit
465 2099 528 2140 ex
560 2087 720 2153 bono,
769 2086 1055 2157 aliquando
1082 2102 1213 2141 vero
1241 2100 1308 2141 ex
1347 2085 1511 2151 malo,
1549 2085 1673 2141 inde
1708 2084 1935 2153 subjun-

358 2174 527 2244 gitur:

434 2284 452 2316 ι
486 2264 577 2320 Est
604 2274 779 2321 autem
806 2275 991 2322 tacens
1016 2281 1123 2322 non
1145 2264 1352 2321 habens
1373 2277 1587 2321 sensum
1612 2265 1853 2336 loquela,
1881 2272 1936 2321 et

362 2374 382 2407 ‹
417 2366 500 2411 cst
551 2365 733 2412 tacens
788 2358 965 2413 sciens
1014 2365 1224 2429 tempus
1278 2365 1480 2427 aptum.
1540 2377 1559 2410 ι
1612 2356 1751 2412 Sunt
1788 2358 1933 2413 enim

357 2444 511 2499 multi
540 2447 630 2516 qui
666 2447 785 2502 ideo
810 2454 1015 2514 tacent,
1057 2448 1311 2518 quoniam
1343 2463 1450 2503 non
1485 2448 1685 2503 habent
1713 2464 1930 2505 sensum

354 2543 412 2588 et
438 2536 686 2605 peritiam
723 2536 1006 2606 loquendi;
1036 2546 1163 2592 sunt
1187 2546 1243 2592 et
1285 2538 1377 2593 alii
1406 2538 1497 2609 qui
1529 2552 1636 2593 non
1670 2554 1767 2609 per
1795 2540 1931 2595 insi-

355 2625 632 2695 pientiam,
667 2628 758 2681 sed
784 2642 882 2698 per
914 2628 1195 2684 scientiam
1221 2629 1402 2695 silent,
1476 2629 1829 2687 observantes
1874 2631 1929 2685 in

356 2715 623 2786 loquendo
661 2718 847 2773 horam
893 2720 1004 2790 apti
1059 2720 1332 2791 temporis,
1368 2720 1496 2791 quia
1536 2739 1556 2771 ‹
1595 2728 1806 2791 tempus
1845 2728 1931 2776 est

358 2807 588 2873 tacendi,
619 2816 674 2862 et
700 2816 908 2880 tempus
934 2809 1214 2880 loquendi;
1252 2829 1271 2863 ι
1305 2825 1406 2866 nec
1432 2825 1592 2865 omne
1623 2819 1832 2882 tempus
1860 2811 1927 2866 ad

354 2896 534 2950 omnia
559 2896 837 2966 aequaliter
864 2901 1191 2955 conveniens
1215 2908 1317 2955 est.
1351 2900 1505 2958 Unde
1527 2908 1583 2956 et
1609 2902 1888 2971 sequitur:

431 3004 450 3038 ς
482 2986 656 3043 Homo
681 2990 894 3059 sapiens
932 2991 1130 3046 tacebit
1157 3006 1326 3062 usque
1357 2992 1425 3046 ad
1460 3000 1692 3061 tempus.
1727 3010 1746 3043 ι
1800 2990 1927 3046 Lin-

352 3091 456 3146 gua
490 3077 670 3148 itaque
704 3080 937 3136 discrete
981 3081 1236 3137 frenanda
1275 3090 1381 3149 est,
1417 3098 1525 3137 non
1569 3082 1927 3139 insolubiliter

353 3166 659 3238 obliganda,
686 3179 747 3226 ut
776 3172 1032 3226 nimirum
1059 3187 1180 3227 cum
1206 3181 1567 3244 opportunum
1598 3175 1924 3242 considerat,

353 3259 647 3326 postposita
670 3274 896 3315 censura
922 3261 1143 3328 silentii,
1166 3262 1432 3333 loquendo
1457 3279 1578 3335 qua:
1603 3276 1925 3336 congruunt,

355 3346 411 3402 in
448 3362 603 3403 usum
632 3364 692 3405 se
719 3350 967 3408 utilitatis
999 3354 1291 3424 impendat.

431 3456 455 3490 ι
484 3437 740 3497 Lascivus
789 3452 966 3498 autem
1016 3453 1098 3499 et-
1122 3445 1434 3516 imprudens
1480 3461 1586 3502 non
1637 3449 1929 3504 servabunt

358 3537 589 3600 tempus.
623 3550 643 3584 ι
674 3532 787 3588 Mos
816 3545 897 3590 est
924 3548 1138 3608 semper
1160 3538 1523 3608 prudentium,
1560 3548 1620 3595 ut
1647 3540 1929 3595 maderent

355 3634 633 3678 sermones
664 3638 811 3690 suos,
842 3635 898 3680 et
925 3635 1109 3696 aptum
1137 3635 1349 3700 tempus
1371 3631 1660 3685 observent
1691 3649 1703 3685 :
1737 3631 1928 3687 stulto-

355 3726 475 3768 rum
506 3727 635 3769 vero
677 3723 737 3769 ut
764 3730 866 3771 nec
908 3715 1105 3783 locum,
1141 3732 1242 3774 nec
1289 3728 1522 3790 tempus,
1572 3735 1674 3775 nec
1708 3721 1927 3777 modum

355 3806 681 3874 custodiant,
736 3808 830 3863 sed
874 3816 1042 3864 totum
1091 3811 1336 3880 spiritum
1385 3826 1540 3867 suum
1591 3812 1929 3882 impudenter

355 3898 671 3967 proferant:
720 3899 860 3968 quod
901 3899 1193 3968 sepissime
1238 3900 1475 3957 hazretici
1502 3908 1558 3956 et
1598 3902 1923 3958 schismatiei

359 3986 579 4041 faciunt.
613 3986 765 4042 Unde
809 3987 1095 4057 Apostolus
1125 3988 1467 4045 Timotheum
1512 3991 1670 4047 docet
1695 3993 1928 4062 qualiter

358 4077 628 4131 auditores
655 4091 779 4132 suos
804 4077 1057 4144 instruat,
1093 4097 1112 4129 ‹
1135 4094 1201 4134 ne
1229 4079 1511 4137 intendant
1537 4081 1731 4138 fabulis
1759 4092 1814 4137 et
1837 4096 1927 4153 ge-

358 4164 594 4236 nealogis
620 4166 1001 4233 iutermiuatis,
1033 4183 1151 4238 quae
1180 4170 1504 4243 quastiones
1527 4179 1785 4240 praestant
1810 4188 1926 4227 ma-

355 4259 436 4326 gis
460 4273 621 4326 quam
664 4257 1076 4313 aedificationem
1111 4260 1225 4326 Dei,
1257 4275 1380 4331 qua:
1405 4269 1489 4316 est
1540 4262 1594 4316 in
1625 4262 1767 4329 fide;
1801 4262 1924 4319 finis

355 4358 531 4404 autem
563 4352 810 4421 preecepti
843 4362 927 4407 est
955 4352 1190 4408 eharitas
1219 4353 1287 4409 de
1320 4354 1482 4409 corde
1513 4368 1668 4424 puro,
1699 4363 1754 4410 et
1792 4370 1924 4410 eon-

354 4443 581 4498 srientia
620 4444 778 4511 bona,
809 4454 863 4500 et
895 4445 999 4502 fide
1034 4462 1141 4503 non
1180 4446 1304 4503 ficta
1352 4465 1368 4503 :
1398 4462 1428 4502 a
1477 4448 1674 4519 quibus
1704 4446 1923 4518 quidam

354 4535 672 4591 aberrantes
717 4539 964 4593 conversi
1009 4546 1138 4594 sunt
1180 4539 1235 4593 in
1262 4538 1650 4609 vaniloquium,
1684 4539 1925 4595 volentes

353 4641 472 4679 esse
501 4627 632 4698 legis
660 4628 927 4695 doctores,
958 4644 1065 4683 non
1092 4629 1467 4700 intelligentes,
1496 4644 1669 4699 neque
1703 4645 1822 4700 quae
1849 4629 1929 4685 lo-

354 4725 611 4784 qunntur,
665 4734 839 4788 neque
888 4718 956 4774 de
1001 4718 1195 4789 quibus
1242 4717 1511 4775 affirmant
1543 4719 1597 4793 (Ι
1626 4720 1760 4776 Tim.
1803 4723 1866 4795 ι).
1901 4742 1920 4775 ι

356 4809 594 4875 Quorum
621 4812 899 4867 stultitiam
923 4812 1096 4868 adhuc
1122 4811 1397 4883 redarguit
1412 4811 1686 4883 Sapientia
1709 4814 1922 4869 dicens:

432 4918 451 4951 ι
494 4901 595 4968 Qui
643 4903 824 4958 multis
851 4905 1020 4959 utitur
1049 4903 1245 4969 verbis,
1275 4903 1420 4958 laedit
1470 4904 1707 4958 animam
1737 4919 1921 4973 suam;

361 5005 382 5040 ι
425 4998 481 5044 et
526 4993 617 5059 qui
666 5000 985 5062 potestatem
1035 4990 1135 5048 sibi
1171 4994 1331 5049 sumit
1378 4992 1592 5064 injuste,
1639 4994 1870 5049 odietur.
1902 5014 1919 5045 ι

358 5080 537 5137 Multis
573 5091 795 5137 utuntur
813 5085 993 5139 verbis
1026 5085 1271 5141 haeretici
1294 5072 1415 5140 cum
1443 5098 1539 5155 per
1562 5085 1923 5154 eloquentiam

358 5172 644 5225 humanam
680 5181 888 5227 certant
926 5188 1076 5228 suam
1106 5174 1284 5229 velare
1340 5174 1633 5240 malitiam;
1687 5174 1779 5243 qui
1822 5172 1925 5229 sibi

354 5259 608 5331 injustam
635 5271 897 5331 usurpant
923 5271 1265 5331 potestatem,
1315 5264 1571 5332 quoniam
1608 5272 1797 5319 contra
1834 5277 1925 5318 ve-

355 5353 567 5407 ritatem
599 5353 879 5408 sentiendo
923 5368 1028 5408 non
1056 5361 1203 5408 recte
1236 5353 1337 5408 sibi
1372 5363 1636 5424 usurpant
1674 5355 1925 5425 magiste—

354 5442 419 5496 rii
449 5443 782 5515 dignitatem.
837 5442 990 5500 Unde
1036 5443 1138 5513 ipsi
1168 5443 1393 5499 odibiles
1418 5453 1597 5510 erunt,
1644 5446 1771 5514 quia
1814 5453 1924 5500 tam

354 5550 537 5590 coram
565 5537 674 5592 Deo
706 5551 869 5608 quam
913 5536 1080 5591 etiam
1104 5551 1287 5592 coram
1318 5536 1625 5592 hominibus
1650 5544 1838 5607 turpes
1870 5544 1928 5591 et

351 5625 697 5687 detestabiles
724 5629 891 5699 fiunt;
929 5644 1156 5700 quorum
1195 5628 1435 5684 doctrina
1477 5636 1528 5683 et
1565 5627 1798 5683 studium
1842 5636 1924 5682 to-

350 5729 469 5775 tum
494 5720 723 5778 vertitur
765 5720 874 5779 illis
910 5721 967 5777 in
1008 5718 1410 5778 detrimentum.
1443 5716 1595 5774 Unde
1637 5718 1918 5787 sequitur:

2038 1902 2129 1971 qui
2181 1901 2459 1973 reliquerit
2493 1905 2751 1972 domum,
2798 1915 2891 1962 aut
2946 1904 3170 1973 fratres,
3218 1918 3309 1964 aut
3349 1918 3611 1976 sorores,

2037 1999 2131 2046 aut
2170 2000 2417 2061 patrem,
2484 2002 2577 2049 aut
2627 2003 2900 2064 matrem,
2948 2006 3041 2053 aut
3097 1999 3254 2065 ﬁlios,
3299 2010 3396 2066 aut
3449 2016 3615 2072 agros

2035 2090 2257 2152 prepter
2285 2098 2371 2137 me
2395 2093 2450 2138 et
2475 2092 2696 2155 propter
2720 2085 3089 2158 Evangelium,
3120 2088 3212 2160 qui
3238 2104 3345 2144 non
3377 2091 3614 2161 accipiat

2035 2174 2242 2229 centies
2269 2181 2476 2230 tantum
2513 2190 2656 2232 nunc
2697 2178 2751 2232 in
2783 2186 3028 2249 tempore
3067 2181 3173 2236 hoc
3200 2195 3321 2236 cum
3348 2196 3609 2252 persecu-

2034 2263 2372 2330 tionibus,.et
2409 2265 2465 2320 in
2488 2267 2686 2323 saeculo
2724 2266 2907 2325 futuro
2938 2270 3104 2325 vitam
3148 2278 3407 2327 :ntcrnam
3449 2273 3607 2345 (Luc.

2032 2367 2201 2420 xvm;
2226 2373 2245 2407 ι
2275 2355 2429 2425 cujus
2455 2359 2734 2414 sententiae
2762 2374 2952 2417 sensus
2976 2361 3100 2417 talis
3121 2371 3235 2418 est:
3254 2363 3353 2431 Qui
3378 2372 3603 2436 propter

2032 2443 2379 2516 Evangelium
2434 2444 2635 2504 Christi
2690 2449 2927 2505 carnalia
2980 2451 3277 2523 reliquerit,
3336 2454 3607 2523 spiritalia

2030 2535 2171 2591 bona
2206 2537 2449 2606 recipiet,
2481 2552 2601 2609 quae
2631 2540 3031 2611 comparatione
3063 2550 3118 2597 et
3157 2543 3354 2598 merito
3397 2544 3483 2599 sui
3530 2544 3605 2598 ita

2029 2636 2190 2681 erunt
2217 2668 2232 2692 ,
2270 2628 2423 2697 quasi
2473 2635 2640 2698 parVo
2683 2644 2908 2687 nurnero
2954 2634 3296 2689 centenarius
3344 2649 3606 2691 numerus

2029 2725 2415 2786 comparetur:
2446 2719 2570 2788 quia
2612 2719 2869 2775 nimirum
2909 2737 2939 2776 a
2980 2721 3239 2778 fratribus
3277 2732 3441 2793 atque
3472 2739 3607 2779 con-

2029 2807 2265 2862 sortibus
2305 2808 2565 2878 propositi
2610 2810 2713 2875 sui,
2745 2811 2835 2880 qui
2860 2810 2911 2865 ei
2951 2811 3178 2881 spiritali
3219 2812 3427 2884 glutino
3453 2813 3608 2869 colli-

2028 2904 2238 2967 gantur,
2282 2897 2454 2953 multo
2497 2900 2787 2968 gratiorem
2829 2901 2997 2956 etiam
3050 2902 3107 2956 in
3166 2903 3266 2957 hac
3317 2902 3431 2958 vita
3469 2903 3609 2959 rcci-

2025 2987 2137 3057 piet
2175 2988 2520 3055 charitatem,
2556 2995 2612 3043 et
2639 2990 2693 3043 in
2725 2989 2908 3045 futuro
2937 2991 3160 3060 praemia
3200 2993 3552 3062 sernpiterna.

2104 3094 2124 3126 ι
2157 3075 2253 3131 Est
2295 3086 2519 3148 propter
2560 3078 2783 3149 gloriam
2828 3081 3140 3146 minoratio,
3179 3089 3233 3136 et
3269 3093 3355 3153 est
3388 3082 3483 3152 qui
3508 3083 3597 3138 lm-

1955 3150 2000 3213 C
2037 3182 2057 3216 r
2087 3165 2316 3221 militate
2342 3166 2542 3221 levavit
2581 3176 2765 3239 caput.
2803 3188 2823 3222 ι
2865 3168 2965 3224 Hic
3006 3170 3157 3227 locus
3182 3150 3505 3243 evangelico
3528 3180 3613 3228 te-

2028 3255 2280 3311 stimonio
2315 3257 2508 3326 exponi
2538 3256 2769 3324 videtur,
2800 3259 2891 3314 ubi
2932 3260 3130 3316 dicitur
3173 3278 3188 3314 :
3233 3278 3254 3311 ι
3291 3261 3485 3319 Ouinis
3513 3263 3607 3334 qui

2028 3357 2087 3400 se
2112 3343 2329 3411 exaltat,
2360 3345 2764 3414 humiliabitur;
2808 3354 2863 3403 et
2893 3349 2985 3418 qui
3015 3362 3074 3405 se
3098 3348 3363 3414 bumiliat,
3393 3351 3608 3407 exalta-

2025 3434 2173 3490 bitur
2198 3431 2354 3507 (Luc.
2382 3452 2497 3503 xiv,
2520 3437 2701 3509 xvm).
2734 3458 2755 3492 ι
2785 3438 3013 3511 Propter
3031 3440 3256 3512 gloriam
3282 3456 3417 3511 ergo
3435 3442 3611 3499 mim-

2028 3533 2179 3580 ratur
2202 3525 2382 3594 homo,
2412 3542 2535 3583 cum
2569 3537 2793 3602 propter
2817 3533 3201 3590 exaltationem
3234 3537 3418 3592 cordis
3446 3538 3613 3592 meri-

2028 3622 2141 3670 tum
2183 3616 2403 3673 virtutis
2430 3618 2505 3673 illi
2556 3620 2852 3688 decrescit;
2879 3631 2935 3678 et
2961 3623 3030 3679 ab
3068 3624 3375 3680 humilitate
3410 3626 3609 3682 levavit

2026 3717 2190 3778 caput
2212 3751 2228 3777 ,
2285 3724 2409 3766 cum
2450 3719 2576 3781 post
2612 3722 2933 3782 prmsentem
2993 3716 3374 3771 contritionem
3425 3717 3609 3772 anima

2026 3799 2143 3872 ejus
2174 3800 2344 3871 gloria
2373 3803 2692 3859 sublimatur
2718 3814 2938 3861 :eterna.

2102 3908 2122 3943 ι
2158 3891 2253 3947 Est
2289 3894 2381 3963 qui
2426 3894 2594 3949 multa
2623 3895 2853 3950 redimat
2885 3895 3099 3953 modico
3136 3899 3329 3969 pretio,
3367 3905 3425 3953 et
3450 3899 3611 3954 resti-

2031 4001 2055 4036 ς
2097 3992 2255 4041 tuens
2280 4000 2345 4041 ea
2377 3986 2697 4058 septuplum.
2720 4007 2740 4041 ι
2776 3988 2938 4043 Multa
2963 3989 3178 4044 redimit
3202 3986 3415 4045 modico
3434 3990 3613 4061 pretio

2026 4076 2115 4147 qui
2138 4089 2239 4145 per
2275 4076 2669 4134 confessionem
2714 4077 3031 4134 humilitatis
3077 4081 3144 4135 ab
3184 4081 3329 4136 ornni
3366 4089 3614 4137 meretur

2027 4166 2222 4223 resolvi
2259 4168 2484 4234 delicto;
2514 4189 2533 4221 c
2551 4177 2607 4225 et
2632 4171 2864 4226 restituit
2889 4187 2953 4227 ea
2994 4171 3317 4242 septuplum.
3341 4191 3361 4224 ι
3388 4172 3617 4242 quando

2025 4255 2080 4310 in
2105 4257 2357 4312 vitiorum
2386 4259 2580 4325 locum,
2612 4261 2889 4331 copiosum
2918 4262 3108 4316 inserit
3135 4263 3391 4317 virtutum
3417 4278 3613 4319 nume-

2024 4360 2169 4401 rum.
2188 4345 2342 4413 Nam,
2362 4357 2424 4402 ut
2443 4348 2520 4403 ait
2538 4348 2845 4420 Apostolus,
2867 4369 2885 4402 ι
2906 4351 2995 4406 ubi
3019 4351 3315 4406 abundavit
3329 4352 3607 4417 delictum,

2027 4437 2487 4506 superabundavit
2532 4448 2590 4494 et
2632 4441 2805 4511 gratia
2835 4456 2850 4495 :
2881 4450 2943 4496 ut
2966 4443 3106 4498 sicut
3133 4443 3383 4513 regnavit
3416 4458 3601 4513 pecca~

2027 4532 2141 4579 tum
2166 4525 2221 4580 in
2250 4534 2503 4594 mortem,
2531 4529 2607 4583 ita
2629 4537 2687 4586 et
2711 4530 2882 4601 gratia
2915 4542 3102 4601 regnet
3124 4546 3222 4602 per
3252 4532 3525 4602 justitiam
3552 4532 3608 4587 in

2025 4616 2193 4671 vitam
2235 4625 2494 4673 mternam
2530 4635 2629 4691 per
2674 4619 2858 4676 Iesum
2891 4620 3165 4677 Christum
3197 4623 3488 4679 Dominum
3515 4638 3616 4677 no-

2028 4714 2200 4761 strum
2224 4707 2402 4779 (Rom.
2428 4707 2536 4780 ν).›

2104 4814 2124 4848 σ
2157 4796 2383 4866 Sapiens
2404 4798 2461 4853 in
2484 4798 2647 4854 verbo
2668 4800 2902 4870 seipsum
2925 4801 3209 4856 amabilem
3235 4803 3395 4865 facit;
3420 4804 3608 4873 gratim

2033 4904 2053 4937 ε
2081 4895 2260 4941 autem
2297 4884 2567 4942 fatuorum
2594 4887 2954 4944 efl‘undentur.
3009 4909 3029 4943 ι
3078 4889 3306 4961 Sapiens
3348 4892 3405 4945 in
3442 4893 3613 4946 verbo

2026 4987 2112 5033 est
2162 4978 2351 5034 doctor
2384 4979 2700 5046 catholicus,
2748 4981 2843 5049 qui
2887 4981 2940 5035 in
2973 4981 3215 5037 doctrina
3238 4996 3338 5036 sua
3367 4982 3610 5051 seipsum

2027 5065 2312 5121 amabilem
2340 5066 2486 5131 facit,
2508 5066 2722 5139 quando
2748 5070 2801 5124 in
2828 5070 3162 5125 testamentis
3185 5070 3387 5125 divinis
3410 5072 3611 5124 verita—

2028 5167 2136 5214 tem
2165 5160 2317 5229 sequi
2349 5175 2457 5214 non
2488 5160 2740 5232 negligit;
2764 5162 2954 5232 gratia;
2977 5170 3157 5216 autem
3180 5160 3483 5226 fatuorum,
3507 5164 3609 5216 hoc

2024 5256 2110 5303 est
2135 5250 2383 5318 dogmata
2416 5251 2815 5317 hereticorum,
2843 5250 3203 5317 effundantur,
3229 5266 3331 5307 nec
3353 5252 3469 5307 Illo
3485 5252 3608 5308 usui

2024 5340 2167 5396 bono
2193 5349 2330 5411 aptae
2356 5349 2552 5395 erunt:
2581 5342 2646 5397 de
2673 5358 2781 5412 quo
2807 5342 2981 5398 adhuc
3010 5342 3296 5398 subditur:

2105 5459 2125 5492 ‹
2161 5440 2328 5496 Datus
2356 5442 2659 5512 insipientis
2688 5457 2795 5498 non
2823 5443 2929 5498 erit
2955 5442 3100 5497 utilis
3129 5442 3222 5497 tibi
3246 5459 3259 5507 ;
3290 5441 3435 5497 oculi
3460 5442 3606 5498 urina

2033 5548 2057 5585 ‹
2089 5534 2232 5590 illius
2277 5535 2652 5606 septemplices
2688 5544 2832 5591 sunt.
2878 5555 2897 5586 ι
2945 5536 3110 5589 Datus
3153 5533 3457 5603 insipientis
3497 5547 3604 5587 non

2024 5624 2131 5680 erit
2165 5623 2335 5690 utilis,
2375 5625 2499 5695 quia
2528 5623 2771 5679 doctrina
2811 5623 3186 5679 haereticorum
3214 5622 3347 5677 nulli
3390 5630 3478 5678 est
3512 5636 3609 5676 sa-

2024 5712 2226 5781 lubris;
2258 5713 2396 5769 oculi
2426 5715 2568 5770 enim
2599 5714 2740 5768 illius
2765 5712 3139 5783 scptempliecs
3176 5720 3322 5782 sunt,
3349 5711 3479 5777 quia
3519 5709 3605 5763 in-
