3928 6182
291 325 399 382 8⁸3⁸1

1193 322 1545 380 COMMENT.
1584 321 1650 377 lN
1689 319 2522 379 ECELESIASTICULL—LIB.
2561 319 2642 379 IV.

3440 331 3544 392 898

294 433 468 491 tentio
502 433 795 491 voluntatis
820 432 937 501 ejus
965 433 1131 491 variis
1159 434 1416 503 nequitiis
1461 433 1728 493 maculata
1769 438 1876 497 est,
1905 445 1955 508 Α
1986 449 2004 481 ι
2041 441 2184 493 sunt.
2221 450 2240 481 ι
2271 429 2532 497 Quoniam
2561 432 2652 501 qui
2697 432 3099 489 communicant
3121 434 3357 507 dogmati
3376 437 3552 494 haere-

293 526 516 593 Quando
540 526 611 580 ad
641 526 942 581 nocendum
981 539 1196 595 semper
1227 532 1406 579 exstat
1436 531 1643 593 parata.
1691 521 1877 592 Septee

294 616 487 670 uarius
526 630 658 686 ergo
681 628 958 673 numerus.
985 614 1076 682 qui
1098 624 1320 683 propter
1346 614 1525 669 divina
1551 612 1876 668 charismata

294 720 422 775 qua:
449 704 616 763 Isaias
649 706 908 774 propheta
940 704 992 757 in
1034 703 1268 774 Spiritus
1296 703 1467 758 sancti
1498 702 1638 757 dono
1658 715 1879 755 enume-

296 802 385 848 rat
416 794 553 866 (lsa.
580 794 656 865 vi)
686 792 1002 863 perfectioni
1029 804 1380 847 consecratus
1401 799 1518 857 cst,
1546 791 1685 845 idem
1713 805 1879 845 econ-

297 897 384 941 tra
432 887 721 958 aliquando
751 886 1137 957 plenitudinem
1173 886 1425 954 nequitia:
1476 884 1770 955 significat,
1820 890 1881 938 ut

294 987 381 1033 cst
408 977 538 1032 illud
568 977 620 1031 in
654 976 962 1047 Evangelia,
990 976 1133 1045 quod
1172 975 1417 1031 Salvator
1447 975 1514 1029 de
1546 974 1751 1043 Spiritu
1774 974 1876 1029 im-

297 1066 501 1129 mundo
526 1065 594 1121 ad
619 1074 831 1135 tempus
858 1065 1141 1118 deserente
1183 1063 1457 1118 hominem
1499 1060 1756 1125 narravit,
1800 1060 1882 1116 di-

294 1173 427 1213 cens
453 1171 470 1210 :
509 1175 526 1208 ‹
558 1155 691 1211 Cum
737 1155 1046 1209 immundus
1071 1154 1291 1222 spiritus
1317 1152 1512 1206 exierit
1537 1151 1604 1206 de
1638 1151 1878 1217 homine,

294 1246 637 1317 perambulat
656 1261 755 1316 per
782 1246 896 1300 loca
922 1245 1203 1314 inaquosa,
1241 1258 1487 1313 quan-eus
1518 1242 1794 1312 requiem;
1824 1250 1881 1297 et

294 1353 403 1392 non
426 1338 706 1392 inveniens
724 1336 892 1391 dicit:
917 1335 1177 1391 Revertar
1200 1335 1256 1388 in
1277 1334 1492 1389 domum
1516 1347 1717 1397 meam,
1739 1332 1881 1388 unde

297 1431 460 1485 exivi.
510 1430 576 1484 Et
616 1445 738 1484 cum
781 1428 1005 1494 venerit,
1054 1427 1261 1483 invenit
1284 1441 1405 1481 eam
1447 1425 1627 1495 scopis
1657 1424 1878 1478 munda-

298 1528 433 1585 tam,
474 1530 529 1575 et
574 1528 701 1574 tunc
737 1518 885 1572 vadit
913 1526 967 1572 et
1011 1516 1240 1571 assumit
1285 1522 1491 1585 septem
1530 1512 1752 1582 spiritus
1781 1526 1879 1566 ne-

296 1612 517 1681 quiores
537 1625 618 1675 se,
641 1618 696 1664 et
723 1609 949 1680 ingrcssi
977 1607 1223 1662 habitant
1244 1606 1337 1671 ibi,
1367 1614 1421 1660 et
1441 1613 1567 1660 sunt
1588 1603 1881 1658 novissima

299 1699 531 1754 hominis
562 1698 702 1753 illius
729 1697 913 1767 pejora
936 1695 1205 1766 prioribus
1232 1693 1491 1767 (Luc.xt).
1528 1712 1544 1746 ι

1978 519 2225 581 ticorum,
2257 520 2356 589 ipsi
2383 519 2435 573 in
2459 520 2562 574 fide
2589 529 2645 574 et
2662 521 2885 576 scientia
2916 524 3202 579 mendaces
3220 525 3383 590 fiunt;
3412 527 3554 581 unde

1976 626 2074 681 per
2098 625 2338 665 errorem
2364 613 2797 667 suum/omnibus
2814 612 3080 668 notabiles
3101 621 3278 680 erunt,
3304 614 3445 672 sicut
3468 631 3553 672 se-

1978 718 2150 773 quens
2181 704 2451 758 sententia
2476 703 2687 772 probat.

2053 810 2072 843 ι
2107 793 2329 859 Quoties
2348 801 2403 846 et
2435 794 2622 862 quanti
2645 792 2944 849 irridebunt
2986 794 3147 848 eum?
3179 794 3363 864 Neque
3410 798 3556 853 enim

1982 899 2003 932 ‹
2043 883 2187 951 quod
2208 882 2511 941 habendum
2538 892 2656 937 erat
2696 882 2901 938 directo
2943 898 3101 937 sensu
3145 883 3445 950 distribuit,
3475 885 3550 939 si-

1985 988 2004 1020 ι
2039 971 2237 1024 militer
2257 979 2312 1024 et
2337 970 2478 1040 quod
2507 986 2613 1024 non
2637 978 2757 1024 erat
2776 970 3099 1026 habendum.
3132 991 3151 1025 ι
3176 971 3383 1027 Idcirco
3407 973 3550 1027 enim

1977 1061 2309 1119 detestabilis
2362 1070 2446 1116 est
2500 1062 2873 1117 hmreticorum
2923 1070 3117 1127 coctus,
3164 1063 3417 1132 quoniam
3463 1079 3554 1118 ca-

1978 1167 2174 1207 noncm
2213 1152 2472 1216 divinum,
2510 1160 2566 1206 et
2592 1160 2928 1207 sacramenta
2966 1167 3085 1221 qua
3130 1153 3184 1207 in
3236 1154 3328 1209 illo
3380 1155 3553 1211 conti-

1978 1249 2178 1297 nentur
2223 1237 2325 1310 ipsi
2393 1251 2541 1296 recto
2595 1256 2754 1296 sensu
2808 1256 2914 1296 non
2969 1242 3415 1311 interpretantur,
3445 1258 3547 1298 nec

1978 1331 2368 1399 expositionem
2421 1338 2748 1386 tractatuum
2795 1346 3016 1385 suorum
3040 1370 3056 1396 ,
3108 1347 3229 1401 quae
3284 1332 3416 1386 nulli
3464 1341 3550 1387 est

1979 1421 2309 1486 necessaria,
2335 1420 2599 1476 catholico
2627 1435 2788 1475 sensu
2812 1418 3120 1490 proferunt;
3149 1428 3204 1474 et
3218 1421 3338 1474 ideo
3352 1421 3548 1490 praedi-

1978 1509 2120 1564 catio
2144 1524 2333 1565 eorum
2362 1509 2518 1564 simul
2539 1516 2594 1563 et
2622 1509 2853 1564 societas
2891 1510 3111 1564 omnino
3131 1517 3214 1563 est
3237 1509 3546 1565 devitanda.

2056 1617 2073 1651 ι
2113 1597 2320 1669 Lapsus
2371 1597 2521 1653 falsae
2572 1598 2769 1669 linguae
2817 1598 2974 1668 quasi
3002 1598 3096 1667 qui
3140 1598 3195 1652 in
3242 1599 3550 1669 pavimento

1985 1708 2004 1741 ι
2044 1690 2262 1754 cadens,
2289 1688 2367 1744 sic
2412 1703 2570 1743 casus
2621 1687 2886 1742 malorum
2927 1687 3247 1743 festinanter
3289 1689 3484 1744 veniet.
3524 1708 3545 1743 ι

374 1811 393 1841 i
425 1790 629 1860 Exigua
654 1790 802 1842 dabit
827 1796 884 1842 et
913 1787 1080 1842 multa
1128 1787 1536 1859 improperabit,
1580 1798 1638 1845 et
1666 1790 1874 1861 aperlio
1904 1791 1950 1851 Β
1980 1780 2133 1837 Sicut
2162 1781 2307 1836 enim
2349 1781 2404 1834 in
2443 1779 2665 1848 planitie
2720 1779 3045 1849 pavimenti,
3092 1780 3185 1834 ubi
3231 1780 3551 1835 offendicula

304 1902 321 1933 ι
358 1882 470 1936 oris
511 1881 654 1934 illius
684 1878 1036 1937 inflammatio
1072 1888 1174 1933 est.
1210 1899 1229 1932 ι
1264 1880 1468 1950 Exigua
1492 1883 1641 1939 dabit
1661 1884 1874 1938 hmreti—

294 1991 411 2039 cus,
428 1975 530 2029 hoc
544 1981 647 2039 est,
672 1988 793 2028 raro
815 1973 869 2026 in
888 1980 1000 2027 tota
1024 1971 1267 2026 doctrina
1288 1987 1386 2037 sua
1410 1973 1654 2030 veritatis
1676 1975 1873 2035 indicia

294 2067 559 2130 ostendit;
603 2075 659 2119 et
695 2064 861 2119 multa
904 2064 1326 2133 improperabit,
1367 2065 1491 2134 quia
1541 2066 1594 2119 in
1640 2066 1875 2122 multilo-

290 2160 422 2229 quio
446 2174 545 2214 suo
567 2157 793 2228 plurima
819 2155 1143 2226 improperia
1167 2155 1367 2220 erroris
1387 2155 1633 2222 effundit,
1656 2166 1874 2227 etaper-

288 2254 370 2309 tio
382 2253 493 2309 oris
511 2251 654 2306 illius
676 2248 1025 2305 inﬂammatio
1038 2260 1143 2313 est,
1165 2248 1419 2317 quoniam
1435 2263 1613 2305 sermo
1623 2247 1745 2318 ejus
1773 2264 1870 2305 ne-

290 2346 520 2417 quitiam
546 2342 752 2399 erroris
772 2341 829 2396 in
937 2340 1248 2410 pectoribus
1272 2341 1581 2401 auditorum
1609 2341 1868 2399 incendit.

368 2457 387 2488 ι
421 2435 591 2490 Hodie
617 2433 892 2488 feneratur
914 2432 1060 2502 quis,
1089 2439 1145 2487 et
1169 2446 1294 2487 cras
1318 2432 1552 2501 expetit;
1583 2438 1639 2486 et
1657 2432 1872 2491 odibilis

284 2550 312 2583 4
351 2531 516 2585 homo
532 2526 918 2597 hujuscemodi.
938 2544 958 2576 ι
978 2524 1103 2580 Haec
1116 2525 1379 2581 sententia
1391 2532 1445 2578 et
1462 2524 1870 2582 instabilitatem

285 2622 666 2678 haereticorum
695 2618 998 2688 significare
1020 2624 1221 2686 potest,
1260 2617 1353 2686 qui
1376 2616 1643 2677 violenter
1668 2617 1871 2673 erroris

283 2716 374 2771 sui
403 2727 686 2768 assensum
711 2711 780 2767 ab
823 2709 1157 2767 auditoribus
1200 2709 1312 2764 suis
1338 2718 1681 2777 extorquent.
1718 2709 1871 2766 Unde

282 2815 342 2860 et
385 2803 613 2861 odibiles
633 2810 795 2858 erunt
814 2810 923 2855 tam
951 2814 1136 2860 ceram
1169 2799 1281 2856 Deo
1309 2814 1469 2869 quam
1498 2800 1661 2855 etiam
1686 2815 1869 2857 coram

283 2895 628 2959 hominibus;
696 2893 781 2949 vel
840 2891 1017 2947 altiori
1078 2906 1239 2949 sensu
1289 2891 1525 2947 insinuat
1581 2892 1724 2961 quod
1782 2892 1870 2947 ille

285 2987 383 3055 qui
406 2986 802 3055 eleemosynam
831 2982 1054 3054 pauperi
1087 2982 1296 3048 tribuit,
1323 2990 1378 3037 et
1402 2982 1458 3037 in
1487 2983 1738 3052 praesenti
1759 2984 1868 3040 vita

288 3076 707 3130 retributionem
771 3072 1010 3143 quaerit,
1065 3070 1321 3127 odibilem
1368 3071 1717 3140 semetipsum
1778 3087 1871 3128 co-

285 3180 409 3220 ram
440 3164 608 3219 oculis
634 3163 830 3218 divin:e
863 3161 1160 3231 majestatis
1201 3159 1368 3226 facit;
1399 3161 1556 3217 docet
1581 3161 1726 3221 enim
1752 3177 1868 3217 ma—
1893 3169 1936 3232 C

282 3252 483 3311 nifeste
498 3254 553 3307 in
565 3252 850 3323 Evangelio
862 3251 978 3321 ipsa
992 3251 1226 3315 Veritas,
1241 3260 1462 3321 propter
1481 3253 1611 3321 quid
1623 3251 1868 3309 facienda

283 3343 362 3398 sit
391 3342 750 3412 elcemosyna,
785 3340 861 3395 ita
898 3340 1083 3397 dicens
1112 3355 1127 3395 :
1165 3358 1183 3390 ι
1225 3338 1358 3397 Cum
1410 3338 1544 3395 facis
1569 3340 1869 3412 eleemOSy-

287 3448 440 3496 nam,
477 3431 682 3486 nesciat
713 3430 936 3486 sinistra
980 3438 1070 3486 tua
1121 3429 1251 3498 quid
1300 3429 1469 3486 faciat
1511 3431 1733 3488 dextera
1776 3441 1868 3487 tua

283 3517 515 3586 (alarm.
546 3522 658 3585 vt);
686 3536 703 3568 ι
729 3529 784 3572 et
818 3520 979 3574 item:
1003 3538 1021 3569 ι
1053 3519 1252 3584 Nolite,
1272 3520 1466 3591 inquit,
1492 3521 1860 3577 thesauriaare

281 3611 444 3665 vobis
475 3611 757 3666 thesauros
791 3611 847 3665 in
882 3603 1049 3675 terra.
1086 3613 1175 3667 ubi
1201 3629 1387 3682 aerugo
1407 3623 1462 3669 et
1496 3613 1640 3668 tinea
1669 3614 1861 3669 demo-

282 3704 438 3770 litur,
479 3714 533 3759 et
568 3704 659 3759 ubi
688 3704 838 3760 iures
864 3704 1128 3761 effodiunt
1167 3715 1222 3760 et
1265 3705 1534 3761 furantur.
1566 3705 1859 3761 Thesauri-

283 3806 408 3855 zate
438 3808 618 3852 autem
651 3797 806 3853 vobis
841 3797 1129 3852 thesauros
1156 3796 1212 3852 in
1241 3797 1402 3860 ctelo,
1438 3796 1530 3852 ubi
1556 3811 1738 3865 neque
1779 3811 1858 3852 aa-

283 3904 446 3959 rugo,
491 3904 592 3945 nec
638 3889 783 3944 tinea
828 3888 1141 3952 demolitur,
1177 3898 1233 3943 et
1270 3890 1359 3943 ubi
1387 3888 1535 3943 fures
1564 3904 1674 3944 non
1726 3887 1861 3944 effo-

280 3980 466 4045 diunt,
499 3995 674 4050 neque
701 3978 1205 4051 furantur(lbid.).i
1221 3980 1288 4034 Et
1311 3979 1438 4035 alibi
1457 3979 1673 4035 cuidam
1700 3979 1856 4047 prin-

281 4070 400 4140 cipi
422 4068 821 4133 Pharisaeorum
852 4069 995 4125 idem
1028 4070 1292 4133 Dominus
1321 4070 1490 4127 dixit:
1517 4087 1537 4122 ι
1561 4068 1697 4125 Cum
1716 4069 1857 4126 facis

281 4163 578 4233 prandium
630 4172 723 4219 aut
771 4161 1009 4225 orenam,
1042 4162 1151 4216 noli
1205 4174 1399 4217 vocare
1450 4159 1654 4216 amicos
1706 4169 1855 4226 tuos,

278 4270 467 4325 neque
521 4254 742 4320 fratres,
779 4268 956 4323 neque
1001 4260 1285 4323 cognatos,
1317 4265 1497 4321 neque
1531 4252 1742 4308 vicinos
1771 4252 1855 4308 di-

278 4348 443 4413 vites,
478 4362 548 4402 ne
581 4346 722 4401 forte
747 4357 804 4401 et
840 4345 941 4416 ipsi
989 4354 1043 4400 te
1082 4345 1396 4410 reiniitent,
1425 4352 1480 4399 et
1514 4344 1608 4399 fiat
1633 4344 1730 4401 tibi
1768 4360 1856 4400 re-

280 4436 514 4497 tributio
535 4453 553 4503 ;
578 4435 676 4493 sed
695 4452 820 4492 cum
853 4437 986 4492 facis
1018 4436 1328 4492 convivium
1349 4475 1367 4504 ,
1405 4451 1535 4497 voca
1562 4452 1855 4508 pauperes,

1978 1889 2087 1929 non
2120 1885 2265 1938 sunt,
2288 1870 2489 1927 frustra
2509 1871 2632 1940 quis
2654 1870 2819 1936 cadit,
2850 1870 2932 1925 sic
2958 1869 3332 1924 haereticorum
3360 1885 3551 1933 sensus

1977 1966 2193 2037 propria
2215 1964 2453 2034 nequitia
2489 1969 2809 2027 excaecatus,
2836 1960 2890 2014 in
2917 1961 3110 2016 semita
3140 1961 3400 2026 veritatis,
3429 1976 3550 2030 qua:

1975 2054 2206 2111 lucidior
2222 2053 2335 2108 sole
2360 2063 2460 2117 est,
2488 2050 2847 2120 nequidquam
2872 2048 3086 2114 titubat,
3116 2057 3171 2104 σι
3189 2064 3375 2105 casum
3399 2050 3547 2105 inve-

1975 2145 2088 2209 nit;
2114 2143 2244 2212 quid
2278 2151 2456 2197 autem
2485 2142 2568 2197 eis
2596 2140 2805 2195 ruinam
2830 2139 3027 2209 pariat,
3050 2139 3338 2197 continuus
3366 2154 3544 2197 sermo

1973 2233 2151 2306 palam
2186 2233 2441 2287 insinuat.

2049 2343 2069 2377 ι
2103 2324 2276 2380 Homo
2323 2324 2568 2393 ingratus
2617 2319 2772 2391 quasi
2795 2318 3030 2377 acharis.
3072 2337 3093 2371 ι
3129 2317 3265 2386 Quia
3308 2332 3437 2389 ergo
3460 2317 3546 2372 iu-

1973 2427 2159 2492 gratus
2198 2426 2282 2473 est
2306 2415 2613 2481 hereticus,
2640 2412 2954 2469 excellentis
2985 2411 3184 2481 ingenii
3226 2410 3365 2477 dolo,
3402 2410 3546 2479 quod

1972 2511 2212 2581 percepit
2236 2524 2304 2564 ex
2332 2522 2556 2563 munere
2591 2506 2792 2565 divino.
2822 2503 2993 2576 magis
3023 2503 3182 2575 elegit
3205 2517 3364 2563 suum
3386 2518 3542 2559 erro-

1974 2617 2089 2657 rem
2110 2601 2345 2657 condere
2373 2613 2536 2669 quam
2559 2597 2793 2653 divinam
2822 2596 3163 2651 traditionem
3187 2595 3243 2651 in
3265 2593 3545 2666 Scriptura

1972 2708 2130 2759 sacra
2158 2707 2404 2757 servare;
2451 2691 2570 2745 ideo
2610 2689 2726 2745 sine
2776 2687 2948 2759 gratia
2979 2686 3214 2756 Spiritus
3236 2686 3409 2745 sancti
3454 2687 3549 2741 de-

1972 2784 2169 2838 viando
2198 2783 2531 2837 demonstrat
2570 2794 2629 2833 se
2660 2776 2995 2835 auditoribus
3015 2776 3129 2833 suis
3149 2792 3361 2848 semper
3390 2790 3541 2835 ama-

1971 2890 2091 2929 rum
2131 2881 2185 2929 et
2226 2872 2447 2927 noxium
2494 2884 2634 2925 esse.
2683 2867 2914 2924 Acharis
2968 2867 3112 2922 enim
3161 2867 3549 2937 interpretatur

1970 2981 2207 3030 amarus,
2238 2965 2351 3019 sive
2378 2963 2493 3018 sine
2512 2961 2716 3034 gratia;
2749 2968 2804 3015 et
2825 2957 3017 3018 merito
3037 2958 3151 3027 ipse
3175 2956 3372 3011 dicitur
3391 2969 3543 3011 ama-

1970 3074 2084 3124 rus,
2115 3057 2207 3126 qui
2236 3072 2341 3115 non
2374 3053 2572 3114 meruit
2595 3052 2773 3109 divina
2807 3050 2977 3122 gratia
3017 3048 3133 3104 fieri
3160 3048 3411 3118 repletus.

2046 3169 2064 3202 ‹
2102 3148 2305 3204 Fabula
2348 3162 2487 3202 vana
2530 3145 2583 3198 in
2621 3159 2714 3198 ore
2755 3141 3274 3211 iudisciplinatorum
3327 3139 3543 3195 assidua

1977 3259 1997 3292 ι
2037 3239 2160 3295 erit.
2199 3258 2217 3291 ι
2248 3237 2392 3295 Bene
2409 3250 2538 3305 ergo
2562 3233 2805 3291 doctrina
2834 3230 3226 3292 haereticorum,
3258 3244 3420 3299 quam
3447 3244 3543 3285 ne-

1968 3330 2128 3392 fando
2147 3342 2242 3385 ore
2267 3326 2531 3398 garriunt,
2565 3323 2741 3378 fabula
2777 3329 3132 3391 nuncupatur,
3150 3315 3289 3388 'quia
3328 3318 3540 3373 vanita-

1968 3431 2076 3480 tem
2102 3420 2248 3479 omni
2280 3419 2445 3477 modo
2478 3417 2738 3487 sequitur.
2776 3414 2928 3469 Unde
2946 3411 3235 3482 Apostolus
3263 3410 3542 3480 hujusmo-
3578 3399 3591 3413 ’

1967 3515 2021 3571 di
2052 3513 2357 3570 doctrinam
2382 3524 2642 3579 respuens
2669 3507 2737 3562 ad
2765 3504 3105 3563 Timotheum
3137 3503 3398 3566 scribens,
3426 3503 3542 3557 ait:

1974 3624 1993 3657 ι
2024 3604 2177 3662 Sicut
2212 3602 2396 3673 rogavi
2434 3609 2504 3666 te,
2535 3607 2594 3654 ut
2646 3610 2955 3653 remaneres
2998 3594 3198 3663 Ephesi
3247 3607 3371 3648 cum
3409 3593 3545 3647 irem

1964 3697 2021 3754 in
2049 3694 2445 3758 Macedoniam,
2486 3698 2547 3747 ut
2575 3687 2920 3747 denuntiares
2942 3684 3263 3757 quibusdam
3297 3697 3365 3737 ne
3388 3681 3545 3736 aliter

1965 3789 2245 3851 docerent,
2285 3798 2459 3854 neque
2512 3779 2853 3835 intenderent
2894 3773 3087 3828 fabulis
3116 3780 3170 3828 et
3214 3770 3544 3842 genealogiis

1966 3873 2365 3933 interminatis:
2389 3885 2510 3940 quae
2537 3867 2861 3937 quaestiones
2895 3869 3154 3934 praestant
3179 3860 3349 3930 magis
3378 3875 3542 3928 quam

1964 3964 2377 4031 aedificationem
2408 3959 2521 4025 Dei,
2559 3972 2681 4028 quae
2726 3962 2811 4012 est
2839 3955 2891 4008 in
2937 3953 3040 4007 fide
3066 3952 3117 4024 (I
3152 3950 3285 4005 Tim.
3319 3950 3379 4021 ι).
3406 3969 3425 4002 ι
3474 3948 3543 4003 Ει

1964 4071 2181 4119 rursum
2211 4073 2226 4109 :
2261 4073 2279 4106 ς
2305 4052 2537 4122 lueptas,
2569 4048 2767 4117 inquit,
2793 4053 2849 4100 et
2874 4043 3042 4099 aniles
3069 4041 3277 4096 fabulas
3320 4040 3535 4095 devita:

1964 4162 2156 4207 exerce
2183 4152 2362 4207 autem
2406 4141 2633 4210 teipsum
2678 4136 2746 4191 ad
2771 4136 3045 4207 pietatem.
3086 4131 3220 4186 Nam
3248 4128 3542 4200 corporalis

1964 4240 2283 4303 exercitatio
2311 4237 2380 4292 ad
2408 4235 2679 4293 modicum
2712 4232 2860 4288 utilis
2905 4237 2990 4285 est
3014 4247 3027 4282 :
3056 4229 3232 4299 pietas
3257 4235 3436 4281 autem
3473 4225 3542 4279 ad

1965 4332 2147 4395 omnia
2172 4329 2319 4385 utilis
2339 4335 2445 4393 est,
2467 4323 2878 4395 promissionem
2901 4318 3104 4375 habens
3118 4318 3241 4377 vita:
3260 4329 3378 4385 quis
3398 4327 3540 4370 nunc

1964 4436 2071 4490 est,
2100 4431 2157 4480 et
2181 4420 2375 4483 futura:
2397 4416 2451 4489 (Ι
2484 4416 2621 4471 Tim.
2648 4414 2747 4485 1v).
2788 4433 2807 4466 ι
2842 4412 2976 4473 Nam
3006 4411 3133 4480 quia
3158 4409 3393 4477 undique
3413 4421 3541 4476 per-

282 4486 508 4497 π-ηη-
536 4486 553 4503 .
578 4486 675 4493 -η
700 4486 820 4492 -τ-
853 4486 985 4492 --νη
1026 4486 1117 4491 ν--τ
1138 4486 1327 4492 τ-τ--τ
1349 4486 1367 4504 ν
1416 4486 1535 4497 γη-
1563 4486 1855 4508 τ--τν-π,

278 4528 518 4595 debiles,
550 4543 747 4594 caecos,
797 4529 1042 4595 claudos,
1090 4538 1143 4584 et
1186 4529 1379 4584 beatus
1409 4528 1541 4594 eris,
1566 4529 1697 4599 quia
1744 4544 1858 4585 non

1977 4486 2248 4573 versurum
2299 4486 2480 4567 sermo
2531 4504 2884 4578 reprobabilis
2930 4509 3130 4567 exstat,
3182 4499 3306 4559 inde
3367 4497 3543 4554 adhuc

278 4621 486 4676 habent
528 4620 833 4677 retribuere
874 4621 1012 4674 tibi:
1043 4639 1064 4673 ι
1099 4620 1433 4687 retribuetur
1462 4629 1645 4677 autem
1669 4620 1770 4676 tibi
1800 4621 1856 4676 iu

277 4714 686 4768 resurrectione
711 4711 983 4781 justorum
1016 4710 1147 4780 (Luc
1200 4710 1337 4774 xw).

363 4813 380 4844 ι
415 4792 586 4848 Fatuo
615 4807 723 4848 non
754 4791 859 4847 erit
880 4788 1112 4855 amicus,
1131 4798 1187 4843 et
1221 4805 1327 4843 non
1358 4789 1461 4843 erit
1503 4790 1677 4861 gratia
1705 4791 1864 4849 bonis

283 4901 305 4937 ι
346 4883 511 4938 illius.
554 4903 573 4935 ι
609 4881 815 4938 Fatuus
857 4886 970 4934 tam
1016 4877 1106 4943 ille
1143 4877 1343 4947 estqui
1380 4877 1637 4948 spiritalis
1663 4879 1865 4942 laboris

275 4975 564 5044 praemium
613 4974 668 5035 in
719 4974 821 5033 hac
864 4973 976 5035 vita
1013 4987 1127 5029 non
1153 4971 1208 5026 in
1237 4970 1419 5025 futura
1440 4971 1653 5040 quaerit,
1699 4985 1862 5040 quam

274 5065 447 5122 etiam
495 5065 801 5130 hmreticus,
830 5063 924 5134 qui
954 5062 1174 5119 laudem
1207 5060 1500 5137 humanam
1555 5059 1781 5131 appetit,
1808 5067 1865 5115 et

275 5156 509 5229 gloriam
519 5170 638 5226 quae
650 5171 681 5209 a
699 5155 815 5212 solo
829 5163 912 5221 est
922 5154 1033 5209 Deo
1043 5166 1287 5224 quaerere
1300 5150 1547 5223 negligit;
1564 5150 1866 5219 huiusmodi

273 5264 414 5319 ergo
455 5247 762 5305 hominibus
805 5246 1011 5300 amicus
1048 5259 1210 5300 verus
1233 5258 1340 5301 non
1363 5243 1485 5308 erit,
1514 5242 1641 5310 quia
1676 5255 1865 5297 eorum

275 5339 512 5397 stultitia
538 5353 723 5392 verum
750 5337 1002 5401 amicum,
1035 5336 1128 5406 qui
1155 5334 1449 5395 secundum
1468 5332 1638 5387 Deum
1659 5331 1866 5389 amiws

274 5431 373 5493 sit,
415 5428 615 5489 habere
638 5428 811 5484 nescit
841 5446 855 5482 :
880 5435 936 5482 et
973 5427 1096 5483 ideo
1137 5426 1290 5481 labor
1335 5439 1529 5483 eorum
1569 5422 1623 5476 in
1658 5420 1866 5482 cale/sti

275 5535 454 5591 regno
498 5520 906 5585 retributionem
956 5532 1065 5572 non
1095 5515 1332 5581 habebit,
1360 5514 1488 5586 quia
1543 5509 1866 5576 transitoria:

275 5614 411 5671 vitae
436 5614 627 5683 gaudia
656 5614 890 5673 maxime
916 5609 1186 5680 quasivit.

365 5726 385 5761 ς
420 5706 523 5776 Qui
571 5708 716 5763 enim
769 5705 937 5761 edunt
978 5716 1175 5773 panem
1225 5700 1368 5755 illius
1399 5736 1414 5764 ,
1467 5695 1616 5752 falsa:
1662 5692 1857 5763 lingua:

1964 4603 2295 4747 δυῗάἓὲἒίνθ
2320 4688 2456 4747 fatui
2502 4682 2876 4755 reprohabitur
2914 4677 3208 4751 parabola;
3240 4691 3348 4735 non
3394 4674 3542 4731 enim

1965 4784 2097 4841 dicit
2145 4781 2293 4836 illam
2333 4779 2389 4833 in
2432 4784 2673 4844 tempore
2706 4786 2826 4825 suo.
2882 4790 2901 4821 ›
2944 4767 3148 4822 Fatuus
3174 4774 3258 4821 est
3299 4779 3427 4833 ergo
3450 4762 3545 4817 Ju-

1966 4874 2134 4937 dazus,
2176 4870 2269 4939 qui
2305 4863 2658 4921 caeremonias
2705 4859 2839 4929 legis
2867 4857 3199 4927 temporibus
3228 4855 3415 4925 gratia:
3442 4868 3542 4909 ηερ

1967 4960 2233 5019 cessarias
2259 4971 2378 5012 esse
2411 4955 2590 5017 docet,
2619 4947 3089 5013 circumcisionem
3116 4944 3383 5030 videlicet,
3413 4959 3545 4999 neo-

1965 5052 2193 5118 menias,
2243 5059 2298 5104 et
2348 5047 2591 5110 sabbata,
2636 5051 2691 5098 et
2719 5040 2924 5098 hostias
2949 5039 3232 5111 pecudum,
3272 5045 3327 5093 et
3351 5052 3415 5092 ea
3443 5036 3546 5096 sub

1966 5142 2258 5212 allegorica
2285 5136 2622 5209 expositione
2663 5132 2820 5203 juxta
2855 5144 3072 5187 sensum
3099 5143 3254 5183 suum
3282 5128 3546 5198 interpre-

1968 5234 2130 5298 tando
2160 5230 2357 5289 asserit
2383 5225 2649 5291 habenda,
2683 5242 2705 5279 ι
2731 5237 2853 5278 cum
2883 5220 3007 5274 linis
3035 5218 3170 5290 legis
3197 5216 3446 5273 Christus
3472 5215 3544 5270 sit

1968 5325 2034 5381 ad
2058 5322 2327 5394 justitiam
2350 5317 2499 5374 omni
2535 5315 2797 5373 credenti.
2831 5331 2850 5366 ι
2879 5310 3083 5366 Fatuus
3112 5316 3197 5363 est
3221 5315 3278 5365 et
3297 5305 3539 5394 philoso-

1965 5391 2128 5488 phus,
2158 5412 2252 5483 qui
2279 5411 2517 5466 humana
2545 5402 2959 5462 ratiocinatione
3000 5398 3318 5488 aestimatae
3360 5391 3544 5447 omnia

1965 5485 2126 5578 posse
2172 5500 2654 5574 comprehendere,
2720 5495 2989 5562 vertitque
3034 5485 3332 5544 doctrinam
3389 5496 3545 5578 suam

1966 5570 2461 5667 disputando-juxta
2496 5590 2763 5644 elementa
2793 5580 3002 5644 mundi,
3034 5588 3088 5632 et
3106 5588 3219 5667 rion
3247 5570 3543 5626 secundum

1963 5663 2266 5754 veritatem,
2297 5696 2417 5754 qute
2445 5687 2529 5736 est
2575 5679 2632 5733 in
2678 5675 2893 5732 Christo
2929 5668 3075 5724 Iesu.
3102 5663 3303 5719 Fatuus
3337 5666 3421 5716 est
3469 5670 3526 5717 et
