3926 6168
467 307 575 367 899

1113 294 1174 349 Β.
1217 287 1465 347 RABANI
1506 288 1726 346 MAURI
1768 284 2091 344 ARCHIEP.
2130 280 2445 341 MOGUNT.
2485 277 2772 337 OPERUM
2809 276 2989 333 PARS
3026 276 3068 331 l.
3584 283 3666 339 suo

469 422 775 482 haereticus,
803 410 895 485 qui
924 413 1072 468 falsis
1094 408 1426 481 argumentis
1450 416 1504 462 et
1541 405 1853 476 sophisticis
1889 403 2044 459 locu-
2069 409 2124 471 Α
2147 400 2346 456 feraris
2379 397 2558 471 (Rom.
2592 395 2687 469 u);
2712 414 2732 448 ι
2763 405 2820 451 et
2845 394 3084 451 haeretici
3136 396 3435 461 mendaces,
3480 412 3671 466 quorum

472 509 708 565 tionibus
733 510 958 561 conatur
1005 501 1283 555 destruere
1329 496 1631 551 doctrinam
1666 492 1960 564 Evangelii,
1996 498 2052 546 et
2152 494 2365 549 facinus
2393 506 2460 547 eo
2508 490 2833 562 propensius
2872 497 2956 544 est
2988 486 3291 542 Judaorum
3321 486 3559 555 facinore,
3589 505 3674 558 quo

471 598 753 653 veritatem
801 590 1082 646 catholicae
1130 587 1273 642 fidei.
1308 586 1510 641 Horum
1531 598 1664 656 ergo
1698 584 1939 638 omnium
1961 597 2050 638 re-
2150 590 2276 654 post
2299 591 2611 652 perceptam
2634 579 2865 651 gratiam
2891 576 3252 648 baptismatis,
3276 584 3331 631 et
3353 576 3672 633 indumentum

476 685 787 756 probabitur
827 679 1101 750 parabola,
1153 680 1256 732 hoc
1310 685 1396 731 est
1450 674 1844 743 argumentatio
1893 671 2050 738 falsa,

476 792 615 846 quae,
655 776 958 827 lucescentc
1002 783 1100 839 per
1124 767 1398 823 Christum
1428 765 1627 834 ubique
1666 764 1907 825 veritate,
1939 777 2055 815 um~

477 867 627 919 bram
677 862 809 931 legis
853 859 1051 913 veteris
1086 865 1142 911 et
1180 855 1435 926 ﬁgmenta
1468 852 1602 907 falsa
1648 852 1701 906 in
1758 851 2054 907 Ecclesium

476 954 824 1008 introducere
854 948 1059 1003 volunt.

553 1062 571 1092 ε
610 1042 707 1096 Est
733 1041 822 1108 qui
854 1047 1065 1093 velatur
1088 1050 1313 1107 peccare
1341 1049 1457 1104 prae
1485 1032 1686 1102 inopia,
1719 1040 1775 1087 et
1795 1032 1847 1085 in
1874 1029 2057 1099 requie

484 1154 501 1184 ι
541 1149 637 1189 sua
684 1131 1068 1187 stimulabitur.
1108 1148 1126 1179 ι
1162 1128 1421 1195 Superius
1464 1123 1812 1193 reprehendit
1849 1121 2057 1175 falsita-

480 1232 586 1277 tem
614 1222 883 1276 haereticae
913 1218 1195 1281 doctrinm,
1228 1231 1369 1270 nunc
1401 1215 1653 1269 similiter
1681 1214 1947 1282 vituperat
1974 1211 2058 1264 in-

480 1314 774 1368 tentionem
801 1309 1091 1366 voluntatis
1133 1320 1429 1378 perversae;
1469 1313 1594 1361 sunt
1618 1305 1762 1358 enim
1792 1303 1945 1368 tales,
1967 1302 2059 1372 qui

480 1406 605 1460 licet
655 1404 939 1473 aliquando
980 1410 1203 1473 propter
1231 1408 1482 1453 eventum
1520 1397 1753 1466 aliquem
1784 1410 1891 1450 non
1938 1410 2062 1465 pos-

483 1496 592 1550 sint
622 1501 903 1563 peccatum
945 1499 1257 1562 perpetrare
1287 1488 1339 1542 in
1366 1487 1532 1552 facto,
1559 1496 1737 1541 tamen
1785 1499 2062 1553 nunquam

482 1587 673 1643 volunt
709 1585 987 1654 quiescere
1016 1596 1045 1634 a
1074 1580 1216 1634 malo
1256 1579 1544 1641 desiderio,
1591 1591 1726 1646 quos
1762 1575 1951 1644 parum
1971 1573 2062 1644 ju-

483 1686 577 1734 vat
607 1677 906 1731 forinsecus
936 1673 1233 1743 captivatos
1259 1671 1433 1726 teneri
1460 1669 1697 1723 versutia
1719 1675 1773 1722 et
1798 1666 1941 1721 dolo.

561 1785 581 1820 ε
616 1767 713 1821 Est
746 1766 838 1834 qui
883 1763 1060 1834 perdit
1103 1761 1337 1815 animam
1380 1773 1533 1814 suam
1562 1774 1677 1829 pra:
1726 1755 2061 1822 confusione,
2090 1747 2138 1807 B

492 1874 512 1910 ε
546 1866 600 1914 et
651 1858 718 1912 ab
771 1853 1094 1925 imprudenti
1130 1866 1362 1921 persona
1399 1852 1589 1922 perdet
1609 1864 1729 1904 eam
1770 1868 1782 1904 :
1822 1863 2066 1918 personae

494 1965 514 1998 ε
544 1954 723 2000 autem
759 1943 1068 2013 acceptione
1107 1940 1298 2010 perdet
1326 1956 1404 1995 se.
1459 1960 1477 1993 ι
1516 1940 1610 1994 Ille
1645 1939 1879 1994 animam
1914 1952 2067 1993 suam

488 2051 600 2107 prae
628 2034 939 2090 confusione
966 2031 1162 2103 perdit,
1203 2031 1295 2100 qui
1334 2031 1531 2084 timens
1562 2028 1935 2083 transitoriam
1964 2042 2065 2098 po-

437 2118 445 2133 ’
493 2135 740 2183 testatem
758 2126 913 2180 istius
942 2120 1146 2189 mundi,
1177 2136 1283 2176 non
1324 2121 1486 2175 audet
1511 2119 1753 2191 profiteri
1780 2119 2067 2173 veritatem

495 2217 789 2288 Evangelii.
819 2214 1098 2271 Mauifeste
1122 2215 1267 2270 enim
1293 2214 1406 2283 ipse
1432 2212 1692 2267 Dominus
1717 2211 1882 2266 dicit:
1918 2228 1937 2260 ι
1965 2209 2070 2277 Qui

495 2323 583 2363 me
612 2308 888 2363 erubuerit
910 2313 966 2360 et
985 2320 1135 2361 meos
1160 2318 1459 2371 sermones,
1485 2304 1629 2358 hunc
1660 2301 1803 2357 filius
1836 2300 2070 2356 hominis

490 2388 774 2445 erubescet
798 2402 924 2444 eum
953 2387 1154 2442 sederit
1182 2387 1238 2441 in
1264 2388 1545 2453 majestate
1576 2400 1674 2439 sua
1707 2382 1861 2455 (Luc.
1897 2386 1999 2451 ix).
2033 2396 2054 2432 ι

494 2483 565 2538 Et
601 2482 774 2536 item:
815 2496 836 2532 ι
874 2479 1075 2544 Nolite,
1098 2477 1309 2547 inquit,
1343 2478 1536 2532 timere
1565 2492 1662 2531 eos
1685 2476 1778 2545 qui
1807 2474 2062 2528 occidunt

496 2585 718 2642 corpus,
743 2570 983 2624 animam
1019 2577 1203 2623 autem
1238 2581 1348 2622 non
1394 2577 1621 2637 possunt
1657 2566 1935 2630 occidere;
1966 2563 2062 2618 sed

495 2665 682 2735 potius
736 2677 861 2717 eum
923 2662 1132 2725 timete,
1177 2661 1270 2728 qui
1297 2668 1475 2730 potest
1502 2657 1736 2711 animam
1775 2664 1825 2710 et
1864 2668 2065 2724 corpus

493 2754 725 2822 perdere
756 2752 811 2806 in
837 2754 1139 2823 gehennam
1173 2750 1382 2820 (Matth.
1419 2750 1530 2812 χ).›

1083 2867 1310 2924 CAPUT
1348 2864 1488 2922 XIV.

502 2960 760 3017 Usitatam
801 2978 909 3016 rem
949 2960 1198 3032 loquitur,
1224 2960 1349 3030 quia
1372 2958 1525 3012 multi
1545 2966 1666 3032 sunt
1691 2956 1779 3027 qui
1807 2969 2075 3032 precen-

569 3033 774 3102 [usione
794 3024 1100 3102 promittunt
1132 3024 1320 3095 antibo,
1351 3037 1400 3083 et
1429 3028 1592 3099 gratis
1632 3024 1752 3080 cuin
1778 3025 1888 3080 suis
1918 3024 2071 3079 labiis

573 3101 849 3172 acquirunt
888 3101 1179 3155 inimicum.

579 3232 599 3264 ι
632 3210 730 3265 Est
760 3211 851 3280 qui
881 3226 992 3281 prae
1035 3209 1351 3266 confusione
1370 3207 1636 3279 promittit
1665 3206 1862 3274 amico,
1901 3215 1956 3261 et
1990 3205 2075 3261 lu-

506 3319 529 3355 ι
562 3309 746 3357 oratus
789 3310 872 3356 est
913 3317 1035 3356 eum
1086 3302 1362 3357 inimicum
1413 3300 1643 3371 gratis.»
1688 3299 1785 3354 Est
1833 3300 2078 3369 quaedam

500 3408 632 3466 pars
671 3393 971 3457 hominum,
1002 3407 1119 3461 quae
1147 3392 1202 3446 in
1242 3407 1339 3447 usu
1385 3392 1548 3447 habet
1596 3391 1752 3461 plura
1786 3391 1910 3446 aliis
1954 3406 2077 3462 pro-

503 3482 739 3546 mittere,
770 3481 861 3536 sed
884 3496 1053 3552 pauca
1084 3490 1304 3551 propter
1328 3481 1647 3552 parcitatem
1674 3481 1807 3536 solet
1830 3481 2075 3547 reddere,

504 3574 645 3628 unde
667 3572 968 3642 huiusmodi
997 3588 1109 3638 eos,
1133 3588 1268 3642 quos
1295 3580 1547 3643 poterant
1583 3590 1689 3629 non
1716 3573 2080 3645 promittendo

505 3663 703 3718 habere
733 3664 955 3729 amicos,
986 3663 1039 3716 in
1068 3663 1430 3733 promissione
1458 3663 1772 3718 mentiendo
1799 3664 1966 3735 gratis
1997 3663 2080 3717 lu-

505 3759 640 3812 crati
668 3765 792 3812 sunt
812 3757 1076 3811 inimicos.

582 3867 600 3899 ‹
631 3846 986 3917 Opprobrium
1028 3846 1172 3901 enim
1220 3860 1454 3916 nequam
1499 3847 1553 3901 in
1597 3847 1814 3903 homine
1860 3850 2080 3903 menda-

512 3955 531 3990 ι
566 3940 730 4004 cium,
767 3947 820 3994 et
866 3940 919 3994 in
966 3955 1061 3995 ore
1100 3940 1619 4011 indisciplinatorum
1649 3942 1863 3997 assidue
1896 3943 2019 3997 erit.
2056 3960 2075 3993 ι

506 4027 624 4083 Non
666 4030 808 4084 enim
847 4044 1072 4099 parvum
1101 4031 1287 4085 vitium
1313 4038 1399 4086 est
1421 4032 1784 4097 mendacium,
1808 4032 1900 4087 sed
1940 4032 2083 4087 inter

505 4119 774 4189 praecipua
815 4121 945 4175 vitia
980 4127 1346 4175 enumeratur.
1378 4119 1531 4175 Unde
1555 4120 1610 4175 in
1658 4119 1924 4192 Decalogo
1951 4121 2082 4191 legis

508 4212 765 4281 scriptum
791 4220 874 4267 est
901 4230 913 4267 :
946 4231 964 4263 ι
999 4211 1075 4266 Nc
1096 4211 1289 4266 falsum
1312 4212 1679 4266 testimonium
1700 4212 1851 4267 dicas
1881 4210 2079 4284 (Exod.

508 4303 678 4375 xx);»
718 4311 773 4358 et
812 4303 976 4358 alibi:
1007 4321 1025 4355 ι
1058 4302 1153 4369 Os,
1196 4303 1393 4373 inquit,
1416 4304 1558 4372 quod
1599 4305 1860 4358 mentitur
1885 4305 2084 4361 occidit

507 4394 742 4447 animam
766 4391 932 4467 (Sap.
961 4409 979 4449 ι
1006 4393 1045 4467 ).
1082 4412 1101 4446 ι
1122 4394 1251 4465 Ejus
1279 4409 1491 4464 quoque
1517 4394 1803 4450 assiduitas
1819 4396 1975 4451 valde
2001 4403 2085 4452 est

506 4484 879 4556 vituperabilis
899 4493 953 4540 et
976 4486 1301 4555 perniciosa.
1327 4485 1479 4541 Unde
1507 4493 1562 4540 et
1581 4486 1864 4555 sequitur:

585 4592 604 4625 ι
643 4574 827 4629 Potior
849 4574 934 4627 fur
958 4590 1120 4644 quam
1149 4574 1437 4629 assiduitas
1458 4574 1559 4627 viri
1589 4575 1879 4640 mendacis,
1901 4574 2078 4645 perdi-

513 4682 536 4720 t
574 4665 776 4721 tionem
808 4672 988 4719 autem
1014 4664 1173 4718 ambo
1206 4663 1616 4719 haereditabunt.
1656 4683 1675 4715 ι
1712 4662 1829 4719 Non
1857 4672 2082 4720 excusat

502 4759 680 4816 furem
710 4758 863 4828 quasi
902 4757 975 4812 sit
1012 4756 1128 4812 sine
1172 4764 1415 4829 peccato,
1447 4754 1541 4810 sed
1577 4754 1629 4808 in
1656 4752 1771 4823 ejus
1792 4770 2080 4825 compara-

507 4849 653 4903 tione
676 4854 932 4920 aggravat
969 4846 1340 4902 assiduitatem
1366 4844 1630 4900 mendacii
1655 4859 1668 4898 :
1692 4846 1833 4901 sicut
1858 4846 1912 4899 in
1942 4845 2079 4900 Eze-

509 4939 679 4996 chiele
724 4938 1006 5007 propheta,
1056 4936 1342 4992 fornicatio
1391 4936 1727 4991 Hierusalem
1770 4946 2082 5006 comparata

510 5028 848 5082 fornicationi
885 5027 1165 5093 Samaria),
1210 5027 1526 5083 sceleratior
1566 5026 1836 5081 invenitur
1862 5024 2079 5097 (Ezech.

508 5118 621 5188 xw)
644 5135 659 5182 ;
684 5117 775 5170 sed
796 5126 974 5173 tamen
991 5119 1162 5172 ambas
1177 5119 1350 5189 dignae
1374 5126 1500 5172 sunt
1525 5124 1718 5172 morte.
1744 5117 1811 5171 Et
1832 5117 1885 5171 in
1908 5118 2083 5173 Evan—

507 5208 646 5280 gelio
672 5215 948 5278 peccatum
981 5205 1130 5262 Judze
1172 5216 1539 5277 comparatum
1572 5218 1798 5278 peccato
1823 5209 2084 5266 Sodomo-

507 5310 627 5355 rum
659 5298 979 5369 propensius
1007 5311 1127 5352 esse
1175 5298 1344 5367 ipsius
1374 5298 1587 5352 Domini
1634 5313 1731 5353 ore
1768 5301 2085 5368 pronuntia-

506 5403 623 5462 tur;
677 5391 873 5464 quibus
913 5400 1092 5446 tamen
1142 5392 1404 5447 ambabus
1453 5392 1508 5446 in
1551 5389 1757 5460 judicio
1806 5392 2085 5465 condignae

506 5483 888 5539 retributiones
928 5494 1213 5552 poenarum
1234 5489 1582 5536 reservantur
1612 5480 1829 5549 (Matth.
1862 5482 1940 5553 χ).
1972 5482 2086 5554 My—

510 5574 640 5628 stice
695 5580 873 5629 autem
918 5571 1065 5627 fures
1109 5567 1277 5625 Judaei
1332 5579 1559 5642 possunt
1609 5570 1855 5641 intelligi,
1890 5572 2085 5641 quibus

506 5676 601 5730 per
626 5662 848 5718 Paulum
872 5663 1111 5719 dicitur:
1149 5678 1167 5712 ε
1205 5660 1306 5728 Qui
1350 5660 1614 5731 prmdieas
1640 5673 1748 5716 non
1774 5659 2081 5728 furandum,

2104 4452 2159 4511 D

2153 672 2352 727 tunica:
2388 671 2593 727 Christi
2662 685 2770 740 quo
2838 666 3217 731 induebantur,
3269 666 3334 720 ad
3394 670 3673 736 apostasiam

2153 762 2455 827 redierunt,
2507 768 2562 816 et
2611 759 2823 830 spiritui
2855 757 3042 830 gratia:
3085 755 3401 811 calumniam
3444 757 3671 827 fecerunt;

2157 852 2251 906 sed
2299 858 2653 920 utrorumque
2710 859 2895 904 reatus
2935 848 3288 919 perditionem
3344 857 3592 916 mternam,
3639 855 3674 909 si

2157 943 2274 997 sine
2302 943 2622 1013 poenitentia
2644 942 2894 1005 obierint,
2926 940 3183 995 inveniet.

2232 1053 2250 1085 ‹
2293 1033 2469 1088 Mores
2522 1033 2800 1089 hominum
2847 1031 3187 1086 mendacium
3244 1030 3355 1084 sine
3405 1029 3595 1097 honore,
3633 1044 3673 1088 et

2163 1144 2183 1176 ‹
2217 1126 2464 1180 confusio
2511 1124 2727 1180 illorum
2757 1139 2881 1179 cum
2924 1123 3055 1193 ipsis
3101 1124 3218 1177 sine
3257 1121 3670 1181 intermissione.»

2159 1216 2301 1288 Ergo
2349 1231 2530 1271 mores
2563 1215 2941 1270 haereticorum
2981 1214 3241 1284 perversi,
3288 1230 3390 1270 non
3418 1227 3528 1272 sunt
3559 1222 3674 1293 digni

2159 1308 2363 1363 caelesti
2407 1308 2634 1373 honore,
2683 1308 2777 1363 sed
2827 1317 3081 1376 perpetua
3135 1305 3323 1361 inferni
3376 1309 3670 1366 confusione:

2160 1413 2280 1467 qua:
2314 1413 2434 1452 cum
2464 1397 2596 1468 ipsis
2639 1398 2759 1453 sine
2795 1397 3197 1453 intermissione
3227 1412 3490 1469 permanet
3517 1403 3562 1457 in
3583 1419 3674 1474 per-

2159 1496 2322 1558 petua
2349 1487 2713 1543 damnatione.

2761 1577 2988 1634 CAPUT
3028 1577 3147 1632 XV.

2632 1667 2857 1723 Verbum
2886 1667 3280 1738 parabolarum.

2243 1778 2261 1811 ι
2298 1757 2526 1828 Sapiens
2580 1757 2636 1812 in
2686 1758 2867 1812 verbis
2894 1757 3156 1827 producet
3189 1760 3433 1828 seipsum,
3474 1771 3521 1816 et
3552 1763 3679 1817 homo

2173 1870 2193 1903 ι
2232 1851 2468 1921 prudens
2492 1849 2726 1920 placebit
2756 1850 3046 1921 magnatis.
3088 1869 3108 1901 ι
3152 1848 3371 1920 Sapiens
3390 1854 3678 1924 semetipsum

2170 1945 2363 2013 prodet
2412 1944 2468 1998 in
2506 1943 2708 2009 verbis,
2756 1942 2973 2012 quando
3017 1944 3356 2013 prudentiam
3403 1948 3573 2003 mentis
3611 1948 3680 2002 de-

2166 2045 2433 2094 monstrat
2459 2037 2510 2092 in
2535 2038 2671 2092 bene
2700 2036 2881 2091 dictis.
2910 2037 3067 2104 Quod
3098 2038 3213 2106 ipsa
3250 2038 3449 2093 Veritas
3475 2038 3520 2092 in
3549 2038 3679 2093 Evan-

2168 2126 2308 2198 gelio
2326 2126 2583 2192 ostendit,
2626 2125 2813 2181 dicens
2845 2143 2856 2178 :
2892 2145 2911 2177 ι
2944 2126 3128 2181 Bonus
3160 2126 3318 2182 homo
3361 2129 3422 2183 de
3449 2129 3569 2183 bono
3593 2129 3681 2183 the-

2169 2235 2332 2275 sauro
2357 2220 2537 2275 cordis
2565 2218 2649 2275 sui
2672 2217 2879 2290 profert
2919 2219 3145 2285 bonum,
3177 2231 3232 2276 et
3269 2221 3430 2276 malus
3470 2223 3605 2277 homo
3627 2220 3677 2276 de

2167 2310 2311 2366 malo
2346 2310 2604 2365 thesauro
2638 2309 2845 2379 profert
2870 2310 3114 2365 malum:
3142 2328 3209 2368 ex
3242 2312 3541 2368 abundantia
3563 2314 3673 2368 enim

2167 2401 2348 2457 cordis
2401 2415 2463 2456 os
2516 2400 2753 2470 loquitur
2812 2399 2964 2472 (Luc.
3018 2404 3133 2474 vr);
3196 2410 3251 2457 et
3310 2403 3456 2458 homo
3496 2404 3681 2473 prudens

2169 2489 2438 2561 magnatis
2486 2489 2742 2561 placebit,
2793 2490 2919 2560 quia
2965 2491 3173 2546 sanctis
3218 2491 3507 2547 doctoribus
3550 2492 3683 2562 placet

2172 2581 2386 2636 devotio
2420 2580 2665 2651 discipuli
2734 2581 2874 2637 bene
2900 2581 3228 2648 obedientis,
3256 2583 3401 2653 cujus
3425 2582 3587 2636 merita
3607 2598 3679 2652 pa-

2170 2671 2320 2726 riunt
2357 2671 2460 2726 sibi
2516 2671 2822 2727 mercedem
2872 2671 3001 2726 vita:
3047 2682 3285 2739 eterna,
3328 2675 3459 2730 sicut
3501 2688 3682 2743 sque-3

2172 2760 2440 2816 sententia
2469 2760 2794 2816 declaranda
2823 2761 3083 2816 insinuat.

2249 2873 2268 2907 ε
2309 2853 2413 2923 Qui
2460 2862 2718 2925 operatur
2760 2862 2962 2909 terram
3012 2870 3190 2920 suam,
3218 2855 3448 2910 inaltabit
3480 2871 3679 2912 acervum

2172 2944 2385 3017 frugum
2405 2961 2421 3010 ;
2444 2952 2499 2999 et
2516 2944 2608 3014 qui
2628 2953 2885 3014 operatur
2900 2944 3193 3014 justitiam,
3211 2946 3323 3015 ipse
3343 2947 3636 3001 exaltabitur.
3662 2964 3678 2998 ι

2173 3037 2265 3093 Ille
2311 3052 2442 3109 ergo
2473 3045 2731 3109 operatur
2768 3044 2971 3092 terram
2998 3053 3176 3104 suam,
3224 3040 3313 3108 qui
3341 3053 3534 3093 carnem
3567 3052 3681 3092 suam

2172 3130 2485 3199 evangelica
2518 3144 2750 3185 exarans
2788 3144 3010 3185 vomere
3062 3129 3196 3185 facit
3236 3145 3351 3185 eam
3392 3130 3682 3199 plurimarum

2173 3218 2433 3273 virtutum
2489 3217 2696 3274 fructus
2731 3218 2971 3289 gignere,
3011 3229 3070 3275 et
3102 3218 3325 3288 justitize
3371 3220 3592 3290 cperibus
3618 3217 3686 3272 de-

2175 3306 2401 3363 servire.
2433 3306 2599 3376 Cujus
2631 3321 2795 3376 opera
2840 3306 3233 3378 paterfamilias
3292 3310 3344 3364 in
3390 3308 3546 3362 futura
3590 3322 3687 3361 exa-

2176 3397 2473 3454 minatione
2499 3397 2809 3453 collaudans
2829 3397 3038 3454 cmlesti
3062 3399 3269 3455 honore
3291 3400 3532 3470 condigne
3553 3410 3688 3451 remu-

2176 3497 2350 3553 nerat,
2374 3488 2561 3544 dicens
2590 3506 2603 3542 :
2642 3507 2661 3539 ι
2694 3488 2859 3559 Euge,
2911 3503 3068 3544 serve
3124 3490 3262 3544 bone
3293 3497 3344 3542 et
3379 3487 3549 3552 ﬁdelis,
3592 3484 3688 3555 quia

2177 3593 2337 3648 super
2361 3593 2532 3648 pauca
2559 3577 2707 3633 fuisti
2730 3578 2922 3643 fidelis,
2949 3594 3114 3649 super
3136 3579 3303 3634 multa
3327 3587 3377 3634 te
3393 3577 3688 3637 constituam,

2176 3667 2320 3722 intra
2351 3668 2404 3721 in
2434 3667 2688 3738 gaudium
2719 3666 2931 3722 Domini
2965 3668 3040 3722 tui
3070 3666 3286 3739 (Matth.
3306 3667 3491 3735 ΠΜ.»

2255 3777 2272 3810 ι
2308 3756 2408 3825 Qui
2438 3772 2571 3813 vero
2589 3756 2766 3828 placet
2785 3758 3074 3828 magnatis,
3105 3755 3320 3829 effugiet
3340 3756 3649 3825 iniquitatem.
3671 3771 3688 3801 ν

2178 3851 2293 3906 Hoc
2321 3859 2405 3906 est
2428 3850 2573 3920 quod
2595 3849 2845 3919 superius
2868 3849 3024 3915 dixit,
3070 3867 3090 3901 ι
3122 3849 3291 3905 Homo
3314 3848 3531 3919 prudens
3552 3844 3691 3915 place-

2178 3940 2260 3995 bit
2296 3941 2599 4011 magnatis;
2638 3958 2656 3992 ι
2688 3940 2742 3994 in
2788 3953 2855 3994 eo
2879 3939 3024 3994 enim
3052 3939 3231 4009 placet
3255 3940 3465 3995 devotus
3505 3936 3695 4002 discipu-

2180 4031 2265 4086 lus
2310 4030 2467 4086 bonis
2494 4031 2789 4103 magistris,
2819 4030 2962 4100 quod
3003 4028 3192 4101 fugere
3214 4036 3380 4086 certat
3399 4041 3588 4083 omnem
3604 4038 3694 4079 ma-

2181 4118 2357 4175 culam
2417 4120 2734 4189 iniquitatis.
2795 4119 2946 4175 Unde
2989 4133 3089 4189 per
3136 4118 3455 4188 psalmistam
3499 4114 3694 4168 dicitur:

2188 4229 2207 4262 ι
2240 4210 2391 4265 Beati
2416 4209 2749 4266 immaculati
2776 4210 2831 4264 in
2872 4209 2979 4275 via,
3004 4210 3098 4280 qui
3122 4209 3391 4265 ambulant
3424 4208 3475 4262 in
3500 4204 3697 4275 legeDo-

2182 4301 2315 4356 mini
2344 4300 2516 4373 (Psal.
2549 4299 2758 4373 exvut);
2821 4320 2841 4353 ι
2875 4308 2932 4355 et
2974 4300 3106 4355 item
3141 4320 3155 4354 :
3185 4319 3204 4352 ι
3230 4300 3418 4355 Beatus
3442 4297 3518 4351 vir
3542 4292 3623 4363 qui
3643 4291 3698 4344 ti-

2183 4401 2295 4449 met
2331 4393 2638 4460 Dominum,
2676 4394 2730 4449 in
2778 4394 3045 4449 mandatis
3071 4394 3193 4463 ejus
3217 4393 3388 4463 cupiet
3416 4388 3562 4444 nimis
3585 4403 3597 4439 :
3624 4395 3698 4454 p0-

2187 4494 2306 4541 tens
2346 4487 2401 4540 in
2449 4494 2594 4541 terra
2621 4487 2728 4541 erit
2753 4501 2939 4542 semen
2987 4487 3126 4557 ejus.
3158 4485 3334 4541 Gloria
3373 4493 3426 4537 et
3451 4480 3626 4535 divitia:
3655 4474 3696 4529 in

2186 4577 2346 4632 domo
2372 4576 2564 4646 ipsius,
2590 4585 2647 4632 et
2672 4576 2882 4646 justitia
2907 4574 3023 4645 ejus
3050 4585 3233 4632 manet
3282 4575 3334 4629 in
3359 4570 3587 4629 sacculum
3620 4578 3699 4619 83)-

2185 4667 2291 4722 culi
2317 4666 2489 4738 (Paul.
2514 4666 2647 4740 CXI).
2680 4686 2701 4719 ι

2259 4778 2279 4812 ι
2314 4758 2485 4814 Xenia
2531 4771 2587 4814 et
2621 4760 2761 4814 dona
2810 4768 3089 4815 excmcant
3140 4756 3319 4814 oculos
3362 4750 3615 4820 iudicum;
3658 4748 3699 4795 el

2190 4867 2209 4901 ι
2238 4848 2391 4919 quasi
2432 4857 2614 4904 mutus
2638 4849 2694 4902 in
2722 4863 2819 4905 ore
2859 4851 3059 4905 avertit
3096 4846 3448 4916 correptiones
3481 4848 3694 4919 eorum.)

2183 4917 2336 5005 Quod
2378 4938 2521 4992 enim
2564 4938 2704 4993 dona
2753 4945 2807 4993 et
2854 4938 3097 5008 pecunia:
3148 4934 3339 5005 judicia
3384 4929 3600 5000 judicum
3647 4917 3699 4972 ab

2181 5028 2452 5098 aequitatis
2478 5029 2696 5083 tramite
2739 5028 2803 5083 'ie
2830 5030 2916 5083 via
2942 5028 3245 5099 iniquitatis
3267 5030 3519 5085 avertant,
3552 5010 3698 5071 multis

2183 5117 2240 5173 in
2266 5117 2399 5172 locis
2423 5130 2578 5171 sacra
2603 5116 2880 5187 Scriptura
2906 5119 3185 5188 praecepit,
3214 5116 3390 5172 dicens
3422 5128 3437 5164 :
3467 5127 3487 5161 ‹
3521 5102 3696 5160 iudices

2183 5217 2241 5265 et
2264 5210 2555 5281 magistros
2587 5211 2886 5265 constitues
2920 5210 2974 5265 in
3000 5211 3250 5266 omnibus
3269 5206 3431 5279 portis
3457 5202 3567 5263 tuis,
3588 5207 3693 5267 quas

2187 5301 2445 5356 Dominus
2481 5301 2626 5356 Deus
2667 5310 2791 5358 tuus
2818 5301 3027 5357 dederit
3055 5301 3148 5356 tibi
3176 5314 3274 5370 per
3314 5294 3530 5366 singulas
3554 5287 3692 5342 tribus

2186 5400 2326 5458 tuas,
2354 5400 2415 5446 ut
2442 5391 2689 5461 judicent
2715 5391 2967 5463 populum
3002 5390 3148 5460 justo
3165 5389 3381 5460 judicio,
3406 5400 3496 5441 nec
3520 5383 3564 5436 in
3585 5377 3691 5432 alter

2186 5497 2306 5536 ram
2354 5490 2563 5553 partem
2599 5481 2890 5538 declinent.
2922 5481 3039 5537 Non
3078 5480 3307 5551 accipies
3330 5485 3583 5549 personam
3612 5477 3689 5521 nec

2186 5588 2432 5640 munera,
2465 5574 2589 5644 quia
2623 5589 2849 5629 munera
2896 5580 3170 5629 exemcant
3201 5569 3379 5627 oculos
3404 5561 3685 5634 sapientium.

2186 5677 2240 5721 et
2282 5676 2495 5723 mutant
2524 5670 2689 5726 verba
2724 5667 3013 5738 iustorum.
3061 5666 3211 5723 Juste
3256 5662 3391 5734 quod
3425 5662 3593 5730 justum
3628 5652 3692 5704 δι
