3926 6168
250 254 349 311 901

1141 209 1528 307 conamur.
1568 250 1640 308 IN
1680 249 2288 312 ECCLESIASTICUM.
2329 287 2399 298 -
2437 256 2564 312 LIB.
2605 255 2668 312 γ.

3338 246 3362 257 “
3421 251 3532 309 902

248 370 619 445 jar-sequeris,
642 377 701 423 ut
723 365 877 422 vivas
914 375 969 422 et
985 367 1265 438 possideas
1288 375 1511 430 terram,
1540 380 1701 434 quam
1735 365 1841 419 Ι)οο
1867 379 1916 437 Α
1942 364 2021 418 dit
2051 365 2104 420 in
2147 374 2315 432 terra,
2338 366 2588 451 .multum
2613 362 2940 434 objurgavit,
2980 361 3285 431 rependens
3309 361 3384 418 illi
3419 378 3529 417 me-

250 457 434 519 minus
467 461 612 515 Deus
641 468 766 513 tuus
818 458 1028 513 dederit
1075 457 1171 512 tibi
1226 457 1406 529 (Deut.
1447 456 1581 528 xvi).
1617 475 1637 508 ι
1676 455 1842 522 Quasi

252 563 440 609 mutus
474 553 530 605 in
558 566 657 606 ore
683 550 879 605 avertit
908 549 1278 619 correptiones
1312 549 1665 618 pecuniarum
1696 564 1847 603 ama-

252 651 363 703 tor,
390 641 520 708 quia
550 638 653 692 hoc
683 636 807 692 silet
833 644 1053 708 propter
1079 636 1202 690 illas
1235 635 1380 705 quod
1408 633 1699 690 dicendum
1726 641 1847 691 erat

253 741 349 785 aut
395 733 497 785 hoc
536 730 689 793 dicit,
737 729 883 798 quod
938 729 1274 783 reticendum
1322 727 1501 783 fuerat
1554 746 1566 781 :
1615 741 1844 796 quorum

254 835 547 892 utrumque
568 820 757 876 inutile
790 830 876 875 est
907 822 961 875 in
986 818 1213 889 judicio,
1253 819 1345 876 ubi
1370 818 1589 875 omnino
1619 833 1848 889 regnare

256 917 418 970 debet
447 914 652 969 vetitas
702 921 757 967 et
804 912 1100 982 pravalere
1141 910 1373 982 iustitia.
1412 911 1565 979 Quod
1613 925 1846 981 sequens

256 1005 531 1060 sententia
553 1003 719 1057 etiam
739 1002 840 1056 sub
867 1001 1115 1072 exemplo
1134 1001 1346 1071 probat.

331 1116 350 1146 ι
386 1093 670 1165 Sapientia
713 1092 976 1146 absconsa
1019 1099 1075 1145 et
1123 1092 1414 1146 thesaurus
1462 1089 1687 1153 invisus,
1729 1098 1889 1158 quaa'

262 1206 280 1238 ‹
316 1187 526 1241 utilitas
569 1185 621 1239 in
647 1183 928 1253 utrisque?
959 1182 1146 1237 Melior
1174 1192 1260 1238 est
1303 1182 1396 1252 qui
1427 1181 1567 1237 celat
1593 1180 1850 1250 insipien-

260 1280 393 1333 tiam
422 1293 597 1341 suam,
620 1291 781 1345 quam
801 1276 894 1345 qui
919 1274 1255 1331 abscondunt
1275 1273 1594 1344 sapientiam
1614 1288 1790 1329 suam.
1822 1291 1842 1324 ι

261 1368 418 1423 Sicut
472 1367 616 1421 nulla
657 1366 861 1421 utilitas
888 1373 972 1420 est
1027 1366 1427 1429 thesaurorum,
1474 1363 1566 1433 qui
1600 1363 1652 1417 in
1705 1372 1849 1416 terra

262 1459 461 1515 defessi
495 1460 772 1512 hommum
803 1457 972 1512 latent
999 1457 1330 1528 agnitionem
1365 1465 1421 1511 et
1447 1463 1749 1526 aspectum,
1772 1455 1852 1510 sic

260 1558 319 1604 et
356 1549 622 1619 sapientia
655 1548 944 1603 indiscrete
986 1547 1256 1603 occultata
1301 1547 1707 1616 possessoribus
1737 1546 1851 1601 suis

260 1642 474 1697 nullum
503 1639 662 1696 affert
683 1640 940 1707 fructum,
972 1642 1082 1695 imo
1102 1640 1402 1696 maximum
1428 1640 1847 1707 detrimentum;

259 1732 490 1803 proinde
514 1732 793 1796 Dominus,
823 1731 1037 1801 quando
1068 1732 1123 1786 in
1149 1730 1443 1802 Evangelia
1469 1730 1709 1785 laudavit
1734 1745 1851 1785 ser-
1877 1741 1925 1800 Β
1952 1725 2257 1781 stitisseut:
2285 1740 2394 1794 quo
2420 1725 2586 1794 igitur
2606 1732 2759 1778 reatu
2781 1725 3227 1795 constringuntur
3248 1723 3535 1793 aspiciant,
3612 1723 3621 1733 '

263 1839 414 1888 vum,
451 1823 542 1892 qui
578 1821 902 1893 negotiando
927 1821 1305 1892 multiplicavit
1325 1820 1608 1891 pecuniam
1635 1820 1848 1876 Domini

260 1914 374 1978 sui,
411 1914 692 1984 praemium
721 1913 1047 1983 condignum
1097 1910 1174 1967 illi
1216 1912 1481 1978 restituit;
1513 1926 1729 1967 servum
1757 1925 1852 1965 ne-

263 2019 456 2075 quam,
475 2005 565 2075 qui
580 2012 861 2074 acceptum
881 2004 1139 2058 talentum
1157 2002 1376 2058 sudario
1396 2002 1613 2073 ligando
1634 2002 1853 2056 abscon-

1949 454 2106 508 ritam
2134 468 2350 525 poenam
2377 454 2622 511 :ldcirco
2652 474 2671 506 ι
2706 453 2902 510 melius
2923 462 3008 508 est
3033 452 3345 508 hominibus
3371 452 3536 524 (sicut

1946 546 2037 601 hic
2061 546 2322 617 scriptum
2365 546 2470 619 est)
2501 554 2560 601 ut
2584 545 2856 602 occultent
2893 542 3262 612 insipientiam
3296 556 3475 608 suam,
3509 562 3529 596 ι

1947 649 2016 689 ne
2039 649 2158 688 eam
2179 634 2515 705 proferentes
2535 649 2641 689 non
2667 632 2808 687 nulla
2839 638 3099 703 generent
3119 629 3340 696 delicta,
3368 646 3533 700 quam

1947 733 2007 778 ut
2059 724 2390 780 abscondant
2439 724 2755 793 sapientiam
2797 737 2972 786 suam,
3026 736 3123 791 per
3172 734 3336 790 quam
3389 732 3537 777 recte

1946 814 2288 883 praedicando
2308 822 2363 868 et
2386 815 2524 868 bene
2550 812 2780 869 vivendo
2805 819 3030 881 possent
3055 811 3178 864 aliis
3207 810 3275 864 ad
3300 809 3531 865 salutem

1948 908 2225 975 prodesse,
2258 915 2314 960 et
2336 907 2441 961 sibi
2464 921 2772 977 praeparare
2795 905 2849 959 in
2878 919 3045 973 regno
3074 903 3284 959 caelesti
3329 917 3538 957 merce-

1948 996 2070 1052 dem
2126 1005 2464 1067 perpetuam,
2522 996 2574 1049 in
2617 996 2705 1051 die
2754 994 3002 1049 videlicet
3043 992 3259 1063 judicii,
3320 995 3536 1061 quando

1955 1107 1973 1139 ¢
2007 1089 2233 1158 recipiet
2260 1086 2630 1155 unusquisque
2657 1094 2816 1157 prout
2841 1085 3011 1155 gessit
3055 1084 3169 1138 sive
3194 1085 3392 1138 bonum
3421 1082 3537 1136 sive

1951 1178 2149 1233 malum
2186 1195 2199 1232 :
2238 1197 2255 1231 ι
2292 1178 2615 1233 admonendi
2644 1192 2879 1246 namque
2906 1183 3051 1240 sunt,
3078 1174 3169 1243 qui
3195 1189 3317 1230 cum
3343 1173 3540 1243 pradi-

1950 1285 2077 1327 Care
2119 1271 2324 1327 utiliter
2350 1271 2582 1341 possint,
2613 1270 2973 1324 immoderata
3018 1276 3202 1323 tamen
3234 1267 3539 1324 humilitate

1952 1359 2246 1431 refugiunt,
2301 1370 2362 1415 ut
2407 1376 2474 1416 ex
2530 1361 2727 1415 minori
2773 1359 3208 1415 consideratione
3257 1358 3536 1427 colligant,

1951 1460 2213 1520 quantum
2263 1450 2316 1505 in
2370 1451 2666 1520 majoribus
2703 1451 2865 1505 rebus
2894 1450 3228 1518 delinquant.
3286 1447 3344 1503 Si
3388 1449 3537 1503 enim

1951 1542 2313 1613 indigentibus
2347 1542 2610 1612 proximis
2646 1541 2748 1612 ipsi
2796 1555 2934 1611 quas
2984 1541 3250 1595 haberent
3279 1539 3538 1609 pecunias

1952 1632 2364 1698 absconderem,
2392 1633 2669 1703 adjutores
2694 1631 2883 1702 procul
2908 1631 3073 1686 dubio
3098 1631 3426 1686 calamitatis
3451 1646 3541 1685 ex-

1960 1816 2054 1887 qui
2083 1816 2208 1872 dum
2238 1816 2585 1887 peccantibus
2604 1815 2864 1870 fratribus
2892 1816 3115 1871 verbum
3139 1814 3539 1886 praedicationis

1952 1909 2295 1973 subtrahunt,
2356 1909 2713 1965 morientibus
2771 1907 3044 1964 mentibus
3103 1908 3228 1963 vitae
3298 1904 3539 1963 remedia

1953 2000 2312 2055 abscondunt.

1461 2302 1764 2380 LIBER
1833 2301 2332 2395 QUINTUS.

783 2560 1011 2616 CAPUT
1047 2560 1338 2617 PRIMUM.

263 2673 544 2756 Sapientia
578 2673 726 2726 docet
750 2690 913 2756 unum
942 2674 1201 2756 hominem
1230 2676 1283 2729 in
1306 2676 1567 2742 omnibus,
1602 2688 1649 2731 et
1672 2693 1848 2731 omnes

337 2743 395 2798 in
421 2759 525 2797 uno
551 2756 569 2794 :
592 2759 696 2817 non
731 2743 1087 2817 adjiciendum
1113 2760 1224 2799 esse
1263 2756 1529 2817 peccatum
1557 2764 1714 2817 super
1731 2764 1849 2817 pec-

334 2824 535 2878 catum,
562 2813 652 2867 sed
679 2815 937 2868 orandum
973 2813 1141 2869 Deum
1170 2823 1226 2868 ut
1249 2813 1508 2871 auxilium
1526 2813 1774 2887 praébea't.

334 2928 488 3000 (Car.
542 2927 678 2997 xxi.)
714 2926 835 2991 Fili,
882 2927 1153 2997 peccasti?
1200 2943 1307 2982 non
1351 2927 1576 2999 adjicias
1620 2929 1847 2994 iterum;

1957 2566 2071 2636 ipse
2097 2566 2240 2621 enim
2280 2559 2536 2616 interﬁcit
2579 2556 2861 2612 hominum
2888 2556 3119 2620 animas,
3164 2554 3291 2624 quia
3328 2556 3533 2628 peccati

1954 2655 2147 2725 laqueo
2167 2660 2354 2724 captas
2375 2657 2578 2705 aeterna
2612 2654 2788 2702 morte
2808 2644 2972 2700 eilicit
3000 2659 3142 2700 reas.

2031 2774 2050 2806 ι
2088 2753 2253 2823 Quasi
2284 2751 2555 2820 retnphaza
2586 2749 2671 2805 bis
2694 2755 2853 2803 acuta
2880 2747 3057 2803 omnis
3098 2748 3355 2823 iniquitas
3383 2767 3396 2802 :
3421 2747 3535 2820 pla-

1963 2865 1981 2899 ι
2014 2818 2281 2918 gatvillius
2328 2818 2434 2898 non
2478 2848 2563 2896 est
2613 2838 2836 2895 sanitas.
2876 2857 2894 2889 ι
2936 2837 3028 2892 Bis
3074 2818 3232 2892 acuta
3266 2818 3538 2908 romphata

1958 2938 2192 2994 hominis
2233 2936 2511 3006 iniquitas,
2558 2933 2682 2988 inde
2731 2931 2930 2986 dicitur
2978 2930 3122 3000 quod
3151 2929 3371 3000 utrique
3406 2930 3537 2986 sub‘

265 3041 285 3073 ι
322 3023 420 3076 sed
440 3030 495 3075 et
522 3021 589 3075 de
614 3020 860 3090 pristinis
889 3021 1202 3091 deprecare,
1229 3028 1292 3074 ut
1313 3020 1407 3075 tibi
1433 3020 1797 3076 dimittantur.
1828 3040 1846 3073 ι

1956 3030 2169 3086 stantia;
2199 3029 2387 3099 ipsius,
2418 3022 2687 3097 corporali
2714 3022 2963 3078 videlicet
2999 3030 3053 3077 et
3091 3021 3322 3092 spiritali
3368 3036 3536 3092 gene-

260 3111 494 3167 Salubre
514 3113 607 3167 dat
651 3112 960 3177 consilium,
999 3120 1061 3166 ut
1085 3113 1212 3182 quia
1242 3113 1585 3183 peccavimus
1613 3114 1742 3185 (non
1773 3121 1856 3167 est

258 3206 411 3262 enim
463 3206 622 3260 homo
649 3218 813 3274 super
843 3213 1042 3259 terram
1073 3203 1165 3273 qui
1205 3202 1369 3258 faciat
1394 3204 1616 3267 bonum,
1666 3211 1852 3257 etnon

259 3294 478 3366 peccet)
509 3308 616 3348 non
663 3296 924 3349 iteremus
950 3302 1198 3364 peccata,
1236 3294 1330 3348 sed
1356 3294 1423 3348 de
1450 3293 1694 3362 pristinis
1722 3308 1853 3347 con—

262 3387 485 3456 dignam
537 3386 914 3456 paenitentiam
961 3393 1185 3455 agentes
1243 3385 1596 3454 deprecemur
1658 3383 1850 3449 Deum,

262 3485 535 3547 quatenus
586 3475 823 3531 dimittat
873 3475 1030 3531 nobis
1079 3473 1505 3529 misericorditer
1558 3474 1703 3543 quod
1754 3489 1853 3529 nos

258 3579 366 3638 per
388 3566 736 3638 fragilitatem
765 3573 1007 3620 nostram
1032 3564 1406 3619 commisimus
1442 3565 1709 3634 nequiter.

341 3675 362 3707 α
400 3644 566 3722 Qu'asi
596 3670 629 3708 a
668 3654 805 3710 facie
830 3653 1039 3710 colubri
1071 3652 1197 3724 fuge
1223 3662 1477 3723 peccata;
1515 3662 1571 3709 et
1597 3654 1641 3708 si
1666 3669 1853 3709 acces-

266 3764 289 3799 ι
321 3747 463 3802 seris
483 3746 552 3801 ad
575 3745 683 3811 illa,
717 3745 1019 3816 suscipient
1048 3753 1121 3800 te.
1156 3764 1177 3797 ι
1208 3744 1443 3799 Coluber
1466 3745 1610 3798 enim
1639 3744 1729 3799 ille
1757 3759 1855 3798 an-

262 3837 472 3908 tiquus,
532 3835 623 3904 qui
682 3850 898 3905 semper
938 3834 1069 3889 colit
1105 3835 1326 3889 umbras
1380 3842 1750 3904 peccatorum,
1798 3841 1854 3888 et

262 3935 463 3998 regnat
489 3926 544 3980 in
569 3925 697 3980 filiis
727 3926 1098 3991 tenebrarum,
1139 3924 1419 3980 interitum
1455 3932 1702 3978 nostrum
1733 3924 1853 3978 sine

262 4018 574 4074 cessatione
608 4016 902 4082 desiderat,
932 4026 987 4073 et
1017 4017 1258 4088 suggerit
1278 4016 1435 4071 nobis
1461 4030 1624 4086 opera
1647 4014 1856 4071 facino-

262 4125 421 4178 rosa;
446 4112 562 4179 ipse
585 4110 808 4165 omnino
832 4109 987 4165 nobis
1010 4108 1294 4180 fugiendus
1322 4115 1423 4174 est,
1449 4108 1574 4178 quia
1602 4108 1646 4163 si
1670 4122 1855 4163 acces-

262 4201 502 4257 serimus
550 4201 617 4255 ad
665 4200 816 4254 illum
844 4200 1231 4255 consentiendo
1257 4198 1690 4269 suggestionibus
1715 4197 1849 4268 ejus,

261 4290 525 4361 suscipiet
553 4305 653 4345 nos
684 4291 751 4345 ad
791 4289 985 4346 inferni
1028 4299 1290 4345 tartarum
1324 4304 1509 4345 secum
1554 4290 1847 4357 ducendos,

1959 3133 2041 3179 ret
2082 3130 2352 3177 mortem:
2387 3119 2513 3190 quia
2552 3116 2690 3188 ignis
2718 3116 2977 3185 gehennae
3013 3121 3123 3169 tam
3153 3129 3350 3185 corpus
3376 3128 3538 3184 quam

1956 3214 2120 3268 etiam
2150 3212 2389 3266 animam
2411 3216 2533 3281 post
2571 3207 2713 3262 diem
2738 3205 2926 3275 judicii
2973 3204 3386 3260 excruciaturus
3419 3213 3537 3270 est;

1956 3304 2108 3373 cujus
2143 3303 2316 3375 plaga:
2368 3316 2477 3356 non
2503 3307 2587 3355 est
2613 3298 2850 3360 sanitas;
2895 3296 3023 3367 quia
3053 3306 3341 3366 postquam
3375 3297 3541 3351 homo

1955 3397 2072 3453 sine
2097 3395 2433 3467 pmnitentia:
2458 3392 2695 3448 remedio
2721 3391 2786 3446 de
2812 3391 2915 3444 hac
2941 3389 3052 3443 vita
3080 3389 3293 3455 exierit,
3323 3397 3378 3443 et
3415 3388 3542 3442 illuc

1949 3487 2097 3557 justo
2134 3485 2230 3540 Dei
2275 3483 2481 3553 judicio
2509 3483 2798 3537 damnatus
2833 3479 3015 3544 fuerit,
3048 3480 3165 3534 sine
3204 3479 3310 3534 fine
3354 3479 3425 3534 ibi
3455 3494 3543 3532 ar-

1956 3575 2121 3630 debit.
2168 3573 2323 3629 Unde
2355 3572 2485 3642 ipsis
2516 3569 2891 3642 peccatoribus
2917 3569 2972 3622 in
2999 3576 3244 3623 extremo
3287 3568 3539 3622 examine

1955 3665 2187 3720 dicitur:
2219 3684 2237 3715 ι
2274 3663 2351 3718 lte
2373 3663 2427 3717 in
2452 3663 2632 3733 ignem
2661 3669 2943 3723 aeternum,
2970 3657 3061 3728 qui
3091 3664 3428 3728 praeparatus
3456 3667 3542 3713 est

1956 3756 2170 3811 diabolo
2190 3763 2245 3808 et
2271 3752 2475 3822 angelis
2512 3750 2662 3819 ejus;
2689 3758 2746 3805 et
2776 3749 2930 3804 ibunt
2956 3747 3103 3817 impii
3138 3747 3190 3801 in
3216 3745 3539 3816 supplicium

1954 3853 2239 3907 aeternum,
2283 3841 2415 3912 justi
2456 3848 2637 3894 autem
2700 3840 2752 3892 in
2810 3839 2978 3892 vitam
3018 3846 3274 3892 aeternam
3320 3835 3536 3910 (Manli.

1955 3932 2104 4005 xxv).
2140 3952 2159 3984 ι
2205 3932 2310 3987 Sed
2350 3930 2477 4001 quia
2509 3930 2883 4000 opportunitas
2926 3929 3027 3984 loci
3055 3943 3113 3984 se
3143 3928 3343 3995 attulit,
3384 3937 3446 3983 ut
3472 3931 3538 3985 de

1955 4022 2312 4080 irremissihili
2348 4029 2571 4092 peccato
2598 4021 2802 4091 aliquid
2843 4021 3103 4085 dicamus,
3139 4019 3343 4092 placuit
3386 4020 3541 4077 nobis

1954 4131 2022 4171 ex
2049 4116 2231 4170 verbis
2258 4113 2428 4169 sancti
2451 4112 2738 4184 Augustini
2764 4111 2944 4181 aliqua
2966 4125 3188 4181 ponere,
3220 4111 3315 4180 qui
3343 4110 3397 4165 in
3423 4126 3539 4166 ser-

1953 4220 2114 4261 mone
2160 4205 2227 4260 ad
2269 4204 2547 4277 pepulum,
2587 4203 2679 4259 ubi
2713 4204 2964 4273 exposuit
2993 4218 3112 4273 qua:
3147 4202 3221 4257 sit
3250 4203 3542 4258 irremissi—

1956 4295 2082 4351 bilis
2108 4295 2445 4366 blasphemia
2474 4295 2529 4349 in
2560 4294 2821 4365 Spiritum
2856 4303 3125 4359 sanctum,
3168 4294 3242 4351 ita
3269 4295 3346 4349 ait
3378 4312 3393 4351 :
3424 4294 3543 4349 Pri-

261 4392 538 4457 quatenus
590 4392 983 4440 tormentorum
1050 4383 1166 4451 ejus
1214 4383 1386 4439 simus
1431 4383 1740 4454 participes,
1800 4390 2045 4450 etDmo
2082 4399 2214 4457 ergo
2263 4385 2318 4439 in
2362 4399 2461 4439 nos
2514 4384 2579 4438 ad
2631 4383 3000 4454 accipiendam
3044 4385 3209 4439 vitam
3255 4395 3536 4451 aeternam,

262 4479 633 4535 damnationis
686 4486 986 4533 consortes.
1046 4475 1197 4531 Unde
1243 4475 1418 4531 adhuc
1466 4476 1532 4530 de
1571 4473 1852 4530 ferocitate

260 4570 385 4640 ejus
434 4568 678 4639 loquens,
730 4567 878 4622 addit
912 4585 925 4620 :
963 4585 979 4616 ι
1021 4564 1218 4620 Dentes
1270 4564 1444 4620 leonis
1488 4564 1676 4620 dentes
1712 4564 1848 4636 ejus,

261 4660 656 4717 iuterlicientes
688 4660 900 4714 animas
938 4658 1238 4714 hominum.
1269 4675 1288 4709 ι
1326 4657 1383 4712 In
1414 4656 1695 4728 Scriptura
1721 4672 1853 4730 ergo

259 4766 427 4808 sacra
456 4750 540 4806 leo
565 4750 854 4820 aliquando
883 4750 937 4805 in
959 4749 1160 4805 bonam
1184 4757 1396 4819 partem
1440 4749 1724 4820 accipitur,
1757 4749 1856 4804 ali-

260 4840 483 4910 quando
527 4855 657 4896 vero
691 4840 747 4894 in
778 4839 977 4895 malam
1011 4859 1024 4894 :
1055 4840 1310 4910 quoniam
1342 4839 1424 4894 leo
1452 4841 1651 4895 dicitur
1690 4839 1852 4895 Chri-

260 4938 410 4995 stus,
456 4937 513 4984 et
561 4944 592 4984 e
619 4930 896 4985 contrario
954 4928 1039 4985 leo
1060 4929 1260 4984 dicitur
1297 4929 1574 4996 diabolus;
1631 4930 1727 4985 sed
1770 4929 1854 4986 leo

259 5021 518 5078 Christus
541 5029 762 5092 propter
788 5020 1185 5088 fortitudinem,
1216 5029 1277 5077 ut
1316 5030 1401 5078 est
1429 5021 1557 5077 illud
1584 5018 1809 5077 Joannis
1836 5038 1849 5074 :

266 5120 290 5166 ἀ
318 5112 463 5168 Ecce
506 5112 636 5168 vicit
661 5112 746 5169 leo
772 5114 839 5169 de
863 5113 1008 5169 tribu
1049 5113 1208 5181 Iuda,
1245 5114 1396 5169 radix
1428 5114 1617 5179 David,
1645 5115 1856 5185 aperire

263 5207 495 5273 librum,
517 5214 574 5262 et
597 5207 807 5263 solvere
832 5216 1040 5278 septem
1060 5206 1334 5279 signacula
1362 5205 1479 5276 ejus
1508 5204 1693 5279 (Apoc.
1723 5207 1798 5277 v).
1830 5225 1850 5259 ι

262 5297 407 5354 Item
433 5296 520 5354 leo
557 5298 801 5355 diabolus
828 5306 1052 5370 propter
1078 5298 1347 5355 saavitiam
1380 5317 1392 5352 :
1420 5297 1488 5352 de
1528 5312 1635 5368 quo
1663 5298 1858 5355 Petrus

266 5388 523 5445 scribens
573 5389 641 5444 ad
668 5390 972 5456 credentes,
1006 5390 1083 5445 ait
1110 5405 1126 5444 :
1166 5408 1184 5442 ι
1212 5387 1391 5445 Sobrii
1438 5396 1613 5445 estote
1639 5398 1694 5445 et
1724 5389 1857 5461 vigi-

263 5480 383 5538 late
414 5481 471 5536 in
506 5481 842 5538 orationibus
870 5501 883 5539 :
916 5482 1043 5553 quia
1090 5480 1433 5537 adversarius
1462 5488 1643 5536 vester
1670 5479 1858 5537 diabo-

262 5571 364 5628 lus
392 5582 649 5644 tanquam
690 5573 775 5629 leo
801 5576 1021 5646 rugiens
1048 5573 1243 5630 circuit
1281 5588 1531 5645 quaerens
1564 5587 1723 5643 quem
1765 5573 1858 5629 de-

244 5672 437 5731 ,\oret
480 5679 496 5719 :
542 5666 628 5721 cui
673 5665 911 5722 resistite
960 5664 1130 5722 fortes
1181 5664 1236 5720 in
1278 5663 1382 5720 fide
1409 5662 1463 5736 (I
1490 5661 1636 5720 Petr.
1683 5661 1738 5736 v)
1780 5681 1793 5717 :
1830 5682 1849 5716 ι

1956 4490 2075 4545 quae
2102 4474 2156 4530 in
2200 4475 2498 4531 novissimo
2548 4474 2785 4539 dabitur,
2826 4474 2892 4530 de
2920 4474 3165 4531 bonitate
3212 4477 3309 4532 Dei
3344 4493 3542 4535 munus

1955 4567 2104 4623 venit
2127 4568 2195 4622 ab
2220 4567 2373 4622 initio
2401 4564 2549 4633 fidei,
2583 4566 2832 4621 remissio
2856 4575 3205 4637 peccatorum
3234 4584 3247 4621 :
3277 4583 3375 4639 per
3397 4569 3541 4639 quod

1954 4656 2278 4713 beneﬁcium
2335 4657 2579 4712 eruimur
2630 4658 2696 4713 de
2742 4666 3011 4728 potestate
3050 4658 3416 4725 tenebrarum,
3486 4669 3546 4717 et

1955 4748 2209 4819 princeps
2251 4747 2410 4818 hujus
2455 4750 2640 4804 mundi
2685 4750 2918 4805 mittitur
2964 4748 3113 4807 foras
3165 4750 3272 4807 fide
3331 4764 3540 4819 nostra,

1957 4839 2048 4910 qui
2073 4848 2330 4910 operatur
2354 4839 2409 4894 in
2454 4840 2578 4894 ﬁliis
2621 4839 2981 4907 infidelitatis,
3011 4841 3158 4896 nulla
3195 4843 3245 4897 vi
3283 4841 3411 4909 alia,
3438 4844 3544 4900 nisi

1957 4931 2219 4986 societate
2268 4940 2323 4986 et
2370 4931 2696 5002 obligatione
2740 4934 2967 5003 peccati.
3028 4933 3087 4989 in
3140 4933 3344 5006 Spiritu
3398 4938 3544 4993 enim

1957 5031 2168 5089 sancto,
2195 5038 2303 5093 quo
2342 5023 2397 5077 in
2427 5038 2593 5078 unum
2637 5023 2730 5080 Dei
2761 5024 2991 5095 populus
3016 5034 3400 5098 congregatur,
3448 5027 3547 5098 eji-

1958 5113 2101 5170 citur
2143 5114 2365 5184 spiritus
2411 5114 2741 5170 immundus.
2772 5116 2864 5186 qui
2904 5116 2959 5170 in
2993 5116 3232 5186 seipsum
3260 5118 3541 5175 dividitur.

1958 5204 2160 5261 Contra
2178 5205 2282 5261 hoc
2308 5204 2509 5260 donum
2531 5206 2852 5277 gratuitum,
2886 5216 3077 5262 contra
3100 5208 3260 5263 istam
3296 5209 3389 5262 Dei
3419 5224 3545 5279 grai

1959 5295 2093 5349 tiam
2132 5293 2371 5365 loquitur
2394 5311 2491 5351 cor
2529 5295 2896 5366 impmnitens.
2946 5297 3067 5367 ipsa
3109 5312 3239 5369 ergo
3291 5296 3543 5366 impceni—

1960 5385 2129 5441 tentia
2161 5392 2247 5442 est
2289 5384 2526 5457 Spiritus
2550 5386 2910 5458 blasphemia,
2937 5403 3058 5458 qua:
3088 5401 3195 5442 non
3234 5385 3544 5439 remittetur

1959 5489 2134 5548 neque
2160 5477 2214 5532 in
2240 5478 2346 5535 hoc
2372 5478 2588 5544 saeculo,
2619 5494 2797 5549 neque
2828 5479 2885 5534 in
2919 5476 3120 5532 futuro.
3150 5473 3351 5530 Contra
3394 5474 3539 5531 enim

1960 5566 2221 5637 Spiritum
2253 5578 2521 5635 sanctum,
2545 5585 2654 5639 quo
2686 5570 3033 5640 baptizautur
3057 5579 3286 5636 quorum
3319 5574 3538 5636 peccata

1964 5660 2146 5718 omnia
2172 5661 2535 5729 dimittuntur,
2566 5666 2623 5715 et
2648 5674 2807 5730 quem
2839 5656 3042 5726 accepit
3066 5652 3328 5725 Ecclesia,
3363 5661 3424 5710 ut
3449 5655 3536 5711 cui
