3926 6168
359 314 467 376 903

999 308 1063 362 B.
1106 304 1358 360 RABANI
1395 304 1613 362 MAURI
1654 303 1973 361 ARCHIEP.
2014 302 2330 361 MOGUNT.
2369 302 2655 361 OPERUM
2689 303 2869 361 PARS
2906 305 2945 360 ι.

3517 314 3634 371 904

363 423 666 485 dimiserim
703 426 942 491 peccata,
967 448 971 452 -
997 418 1341 474 dimittantur
1387 420 1458 484 ei,
1513 418 1738 474 verbum
1784 418 1940 473 valde
1965 420 2016 481 Α
2043 419 2241 473 stentia
2270 418 2675 488 cooperantium
2701 433 3083 488 personarum;
3112 424 3237 491 quia
3275 432 3331 480 et
3364 424 3534 483 Filius
3556 429 3639 484 de

362 512 564 570 malum
586 518 640 566 et
665 508 826 563 nimis
859 507 1101 575 impium,
1128 507 1242 561 sive
1261 508 1612 578 cogitatione;
1637 506 1751 561 sive
1774 505 1938 560 etiam

372 605 554 675 lingua
604 616 700 656 sua
738 598 884 661 dicit,
916 613 1075 667 quem
1097 599 1355 667 patientia
1381 598 1477 653 Dei
1514 613 1639 653 cum
1667 597 1732 651 ad
1764 595 1938 667 paeni-

368 696 585 751 tentiam
616 689 866 755 adducat,
889 690 1003 759 ipse
1027 692 1324 746 secundum
1350 691 1603 745 duritiam
1634 689 1816 745 cordis
1853 688 1939 747 sui

363 796 419 841 et
447 798 541 839 cor
565 780 927 849 impcenitens,
954 780 1288 834 thesaurizat
1334 781 1437 835 sibi
1474 781 1608 834 iram
1636 780 1689 833 in
1726 780 1812 833 die
1844 779 1941 833 irae

364 884 419 932 et
447 873 792 929 revelationis
809 870 942 940 justi
961 870 1150 939 judicii
1179 872 1295 936 Dei,
1323 873 1413 943 qui
1435 872 1623 927 reddet
1652 871 1940 939 unicuique

365 945 661 1025 secundum
694 980 858 1034 opera
885 964 1001 1033 ejus
1035 964 1211 1035 (Rom.
1236 962 1319 1036 ιι).
1358 963 1484 1018 Haec
1525 976 1655 1032 ergo
1684 963 1939 1032 impteni-

365 1060 534 1114 tentia
563 1057 663 1127 (sic
690 1058 835 1113 enim
862 1072 970 1111 uno
995 1057 1171 1125 aliquo
1201 1056 1418 1109 nomine
1436 1070 1721 1125 possumus
1741 1062 1938 1108 utcun-

363 1165 467 1217 que
494 1148 764 1219 appellare
789 1147 1202 1217 blasphemiam,
1227 1156 1282 1201 et
1302 1147 1522 1203 verbum
1551 1154 1740 1200 contra
1767 1145 1940 1215 Spiri-

365 1247 475 1292 tum
513 1246 777 1302 sanctum,
802 1239 945 1306 quod
973 1237 1347 1292 remissionem
1374 1250 1480 1289 non
1505 1236 1668 1290 habet
1695 1236 1749 1290 in
1779 1244 1939 1290 aeter-

366 1330 512 1395 num)
569 1328 703 1391 haec,
757 1326 975 1396 inquam
1003 1365 1019 1391 ,
1066 1325 1479 1395 impmnitentia,
1537 1335 1725 1380 contra
1774 1340 1939 1394 quam

361 1417 630 1472 clamabat
667 1424 720 1470 et
752 1430 930 1484 praeco
964 1426 1019 1469 et
1059 1416 1225 1485 iudex
1263 1415 1502 1471 dicentes
1544 1432 1558 1469 :
1604 1435 1621 1466 ι
1668 1415 1941 1470 Pteniten-

364 1505 490 1558 tiam
515 1505 676 1577 agite,
734 1504 1181 1573 apprOpinquavit
1209 1505 1353 1559 enim
1403 1520 1627 1576 regnum
1677 1506 1939 1562 calorum

362 1591 584 1666 (Matth.
624 1590 743 1663 tu);
777 1601 967 1648 contra
1001 1609 1163 1663 quam
1208 1595 1467 1650 Dominus
1515 1612 1577 1651 os
1619 1597 1941 1666 evangelicae

359 1683 761 1753 praedicationis
792 1684 1023 1754 aperuit,
1049 1694 1104 1740 et
1142 1695 1331 1740 contra
1359 1702 1519 1755 quam
1561 1688 1737 1756 ipsum
1765 1687 1940 1741 Evan-

2041 507 2136 562 illo
2165 516 2326 563 natus
2370 516 2476 572 est,
2530 519 2587 563 et
2621 507 2860 579 Spiritus
2900 521 3116 568 sanctus
3153 515 3522 587 principalitér
3558 521 3638 575 de

2039 599 2130 655 illo
2155 598 2423 669 procedit,
2452 597 2519 652 de
2540 614 2650 668 quo
2677 609 2835 655 natus
2859 610 2944 657 est
2967 602 3158 671 Filius,
3180 617 3236 661 et
3261 622 3386 662 cum
3420 624 3529 679 quo
3546 609 3633 664 illi

2038 688 2342 743 communis
2369 696 2454 743 est
2481 689 2624 743 idem
2675 688 2931 760 Spiritus.
2965 692 3104 749 Hinc
3130 704 3216 750 est
3263 699 3409 766 quod
3440 698 3638 754 Domi-

2037 794 2141 833 nus
2160 777 2316 833 Jesus
2342 777 2397 832 in
2438 777 2643 849 Spiritu
2688 789 2879 837 sancto
2913 783 3187 843 daemones
3218 788 3414 858 eiecit,
3451 804 3639 861 neque

2038 869 2181 923 enim
2210 870 2312 924 hoc
2351 876 2406 923 et
2429 868 2577 926 solus
2604 870 2827 942 implere
2854 889 2961 929 non
3011 885 3240 945 poterat,
3265 889 3427 950 atque
3472 881 3633 937 illum

2039 957 2094 1012 in
2120 957 2441 1026 adiutorium
2468 967 2725 1028 tauquam
2769 962 2897 1018 huic
2925 967 3076 1035 operi
3102 983 3208 1022 non
3239 970 3512 1027 sutliciens
3533 987 3635 1028 as-

2039 1049 2288 1102 sumebat
2324 1066 2336 1100 :
2373 1049 2464 1103 sed
2494 1050 2742 1119 spiritum
2780 1051 3014 1109 divisum
3059 1057 3112 1110 in
3150 1062 3517 1132 semetipsum,
3552 1080 3634 1122 eo

2040 1138 2244 1208 Spiritu
2271 1141 2605 1210 congruebat
2628 1142 2842 1211 expelli,
2870 1160 3031 1214 quem
3056 1147 3218 1205 Pater
3235 1160 3292 1206 et
3315 1153 3486 1215 Filius
3511 1174 3629 1215 non

2039 1228 2273 1283 divisum
2300 1230 2357 1285 in
2404 1232 2756 1303 semetipsum
2787 1240 3148 1295 communiter
3194 1243 3414 1302 habent.
3444 1246 3539 1305 Sic
3564 1258 3634 1308 et

2037 1328 2281 1387 peccata,
2315 1320 2441 1390 quia
2476 1331 2679 1390 praeter
2732 1325 3029 1383 Ecclesiam
3088 1346 3196 1386 non
3253 1335 3626 1407 dimittuntur,

2041 1410 2096 1465 in
2164 1428 2231 1468 eo
2287 1413 2490 1484 Spiritu
2565 1419 2762 1475 dimitti
2827 1425 3108 1492 oportebat
3155 1443 3264 1497 quo
3322 1431 3379 1486 in
3456 1450 3631 1490 unum

2040 1504 2283 1561 Ecclesia
2322 1518 2700 1580 congregatur.
2759 1511 3002 1584 Denique
3031 1516 3076 1572 si
3105 1534 3431 1590 quemquam
3462 1536 3623 1580 extra

2040 1595 2338 1654 Ecclesiam
2400 1616 2621 1669 suorum
2679 1606 2939 1662 omniteat
2986 1619 3356 1681 peccatorum,
3410 1626 3467 1672 et
3534 1620 3631 1674 hic

2043 1689 2178 1743 tanti
2226 1692 2435 1759 peccati
2483 1694 2626 1763 quod
2673 1695 2906 1753 alienum
2963 1709 3047 1757 est
3104 1704 3173 1757 ab
3229 1704 3472 1762 Ecclesia
3526 1709 3629 1766 Dei

362 1771 558 1839 gelium
585 1773 639 1827 in
670 1781 782 1829 toto
804 1776 937 1830 orbe
964 1775 1365 1844 praedicandum
1389 1791 1511 1839 esse
1542 1778 1813 1845 praedixit,
1844 1777 1936 1833 ubi
1965 1767 2012 1826 Β
2039 1792 2135 1833 eor
2166 1778 2526 1868 impmnitens
2562 1784 2775 1852 habeat,
2805 1788 2935 1857 quid
2973 1791 3024 1845 ei
3057 1792 3278 1862 prodest
3307 1796 3399 1851 illa
3442 1802 3630 1868 pceni-

362 1873 545 1932 postea
601 1879 764 1934 quam
819 1866 1121 1921 resurrexit
1171 1881 1204 1921 a
1240 1868 1489 1932 mortuis,
1536 1869 1612 1922 ait
1663 1869 1938 1938 discipulis

363 1952 520 2006 suis:
569 1970 589 2003 ί
632 1952 928 2023 Oportebat
974 1954 1247 2011 Christum
1295 1958 1428 2024 pati,
1477 1965 1533 2012 et
1578 1973 1859 2029 resurgere
1904 1974 1938 2013 ιι

364 2044 594 2098 mortuis
614 2046 775 2100 tertio
797 2046 902 2112 die,
926 2055 980 2101 et
1003 2048 1281 2118 praedicari
1307 2050 1360 2102 in
1383 2050 1599 2105 nomine
1625 2048 1742 2118 ejus
1766 2051 1940 2120 poeni-

361 2132 589 2187 tentiam
653 2142 708 2189 et
756 2136 1126 2195 remissionem
1191 2146 1535 2207 peccatorum
1606 2154 1703 2208 per
1749 2155 1939 2196 omnes

360 2233 571 2295 gentes,
609 2225 990 2296 incipientibus
1019 2228 1088 2282 ab
1129 2228 1460 2284 Hierusalem
1501 2229 1651 2301 (Luc.
1677 2231 1826 2303 xxrv)
1858 2250 1871 2286 :
1912 2254 1932 2286 ι

354 2312 479 2370 haec
511 2317 729 2372 omnino
759 2318 1149 2388 impmnitentia
1197 2337 1301 2375 non
1333 2322 1496 2376 habet
1540 2322 1933 2390 remissionem,

359 2416 538 2474 neque
580 2404 633 2458 in
687 2405 791 2464 hoc
836 2407 1051 2472 saeculo,
1092 2423 1266 2478 neque
1291 2409 1345 2464 in
1370 2409 1584 2475 futuro;
1611 2412 1735 2479 quia
1765 2412 1937 2482 pomi-

359 2494 528 2550 teutia
566 2495 817 2566 impetrat
840 2498 1210 2553 remissionem
1243 2498 1297 2552 in
1329 2499 1431 2554 hoc
1461 2499 1680 2565 szeculo,
1701 2515 1822 2569 quae
1844 2516 1938 2557 va-

360 2580 438 2641 let
460 2585 516 2639 in
548 2583 748 2641 futuro.
783 2584 889 2642 Sed
928 2587 1030 2643 ista
1059 2586 1453 2658 imptenitentia
1504 2589 1590 2644 vel
1622 2605 1721 2646 cor
1747 2591 1938 2662 impae-

361 2672 561 2739 nitens,
617 2674 853 2743 quandiu
905 2676 1132 2747 quisque
1180 2677 1232 2731 in
1270 2677 1371 2733 hac
1416 2693 1582 2735 carne
1643 2680 1794 2747 vivit,
1827 2696 1937 2737 non

360 2771 538 2834 potest
576 2762 830 2834 iudicari.
888 2766 964 2822 De
1008 2767 1154 2825 nullo
1194 2769 1338 2823 enim
1392 2770 1785 2842 desperandum
1828 2782 1931 2838 est,

361 2853 596 2922 quandiu
645 2855 902 2923 patientia
930 2855 1023 2912 Dei
1057 2855 1124 2910 ad
1165 2858 1541 2929 paenitentiam
1570 2861 1806 2927 adducit,
1835 2877 1936 2919 nec

361 2943 429 3000 de
472 2943 575 3000 hac
619 2946 729 3000 vita
765 2946 906 3016 rapit
951 2946 1194 3017 impium,
1233 2966 1252 3000 ι
1282 2950 1372 3019 qui
1424 2965 1531 3005 non
1561 2950 1673 3006 vult
1704 2961 1935 3009 mortem

360 3034 511 3106 impii
550 3037 644 3091 sed
670 3037 844 3108 magis
885 3045 946 3091 ut
990 3047 1336 3093 convertatur
1357 3048 1413 3095 et
1437 3040 1602 3096 vivat.
1636 3061 1656 3095 ι
1683 3041 1934 3113 Paganus

358 3133 445 3183 est
499 3125 659 3183 hodie
700 3145 714 3181 :
755 3127 897 3183 unde
950 3129 1057 3183 scis
1102 3138 1284 3184 utrum
1338 3131 1407 3186 sit
1443 3131 1656 3189 futurus
1694 3136 1933 3191 crastino
1960 3114 2005 3176 (ἶ

358 3212 731 3270 Christianus?
762 3213 977 3271 Iudaeus
1004 3216 1234 3273 inﬁdelis
1255 3228 1339 3274 est
1362 3221 1521 3276 hodie
1546 3238 1560 3275 :
1591 3222 1718 3292 quid
1745 3224 1787 3278 si
1811 3239 1933 3280 cras

361 3305 544 3360 credet
562 3306 617 3359 in
638 3304 947 3360 Christum?
972 3307 1266 3363 Hmreticus
1288 3317 1371 3365 est
1393 3311 1550 3366 hodie
1567 3330 1579 3365 :
1596 3313 1723 3381 quid
1746 3313 1791 3367 si
1814 3330 1936 3371 cras

362 3404 617 3464 sequetur
655 3395 973 3451 catholicam
1031 3398 1358 3455 veritatem?
1412 3400 1803 3460 Schismaticus
1852 3415 1936 3461 est

361 3481 523 3538 hodie
551 3500 565 3537 :
596 3483 724 3553 quid
753 3484 799 3539 si
846 3500 965 3541 cras
991 3488 1343 3557 amplectetur
1364 3492 1683 3547 catholicam
1714 3496 1935 3564 pacem?

361 3571 502 3642 Quid
529 3574 573 3629 si
594 3574 706 3642 isti,
728 3590 863 3646 quos
887 3577 938 3629 in
960 3591 1280 3651 quocunque
1301 3596 1500 3652 genere
1522 3584 1726 3641 erroris
1755 3593 1933 3652 notas,

366 3669 424 3717 et
450 3672 705 3733 tanquam
721 3666 1183 3736 desperatissimos
1198 3671 1357 3726 modo
1379 3672 1623 3741 damnas,
1649 3683 1935 3745 antequam

361 3751 553 3808 ﬁniant
602 3755 759 3809 istam
805 3757 993 3824 vitam,
1043 3768 1204 3828 agant
1246 3762 1642 3830 pcenitcntiam,
1680 3773 1735 3820 et
1788 3766 1938 3822 inve-

362 3841 514 3901 niant
532 3858 717 3898 veram
739 3843 939 3899 vitam?
959 3844 1213 3917 Quisquis
1233 3850 1483 3906 universa
1506 3868 1602 3908 sua
1622 3854 1755 3921 vita,
1773 3870 1933 3926 quam

364 3934 416 3992 in
450 3937 553 3993 ista
582 3938 721 4008 gerit
748 3954 932 4004 carne,
976 3940 1307 4011 quantalibet
1348 3943 1680 4017 longitudine
1715 3957 1935 4017 proten-

359 4026 540 4092 datur,
572 4042 904 4099 quaecunque
932 4030 1094 4084 verba
1123 4031 1204 4085 vel
1226 4047 1319 4087 ore
1354 4033 1438 4088 vel
1475 4035 1588 4090 sola
1611 4038 1937 4108 cogitatione

362 4112 571 4171 locutus
618 4115 780 4171 fuerit
816 4117 976 4173 corde
1013 4119 1392 4190 impmnitenti,
1443 4134 1630 4180 contra
1660 4128 1936 4182 remissio-

362 4220 486 4263 nem
517 4214 882 4275 peccatorum,
915 4221 1035 4277 qute
1065 4208 1125 4262 tit
1169 4210 1224 4263 in
1254 4210 1516 4277 Ecclesia,
1545 4214 1767 4269 verbum
1807 4216 1937 4271 dicit

360 4305 549 4351 contra
589 4294 849 4366 Spiritum
893 4310 1162 4356 sanctum.
1195 4301 1254 4357 Si
1281 4318 1407 4374 ergo
1434 4304 1649 4378 (inquit)
1677 4316 1734 4363 et
1775 4308 1937 4365 Pater

361 4397 417 4441 et
456 4384 622 4441 Filius
648 4395 703 4440 et
734 4385 966 4456 Spiritus
993 4399 1209 4446 sanctus
1256 4403 1472 4464 peccata
1501 4396 1798 4467 dimittunt,
1833 4416 1934 4456 cur

362 4476 451 4533 illa
487 4479 877 4549 impoenitentia
899 4497 1020 4551 quae
1043 4499 1319 4553 nunquam
1344 4486 1663 4555 dimittetur,
1688 4498 1930 4547 tantum-

363 4569 521 4628 modo
564 4568 633 4625 ad
687 4570 920 4642 Spiritus
971 4572 1360 4644 blasphemiam
1413 4578 1610 4632 dicitur
1662 4581 1934 4650 pertinere

364 4665 617 4731 tanquam
667 4659 775 4726 ille,
826 4662 917 4732 qui
947 4662 1050 4716 hoc
1080 4663 1479 4732 impoenitentize
1526 4677 1748 4737 peccato
1771 4668 1937 4726 fuerit

362 4749 646 4822 obligatus,
699 4750 839 4805 dono
883 4752 1055 4806 sancti
1107 4751 1338 4823 Spiritus
1364 4754 1617 4810 resistere
1667 4758 1931 4827 videatur,

362 4838 505 4908 quod
530 4853 594 4895 eo
615 4839 755 4894 dono
778 4838 870 4895 ﬁat
895 4840 1143 4895 remissio
1168 4843 1551 4911 peccatorum?
1578 4843 1721 4899 Inter
1739 4855 1932 4903 caetera

363 4925 479 4983 haec
504 4927 579 4981 ita
604 4929 874 4996 dicuntur,
909 4939 968 4984 ut
1002 4938 1178 4985 tamen
1206 4932 1575 5003 inseparabilis
1602 4935 1932 5008 intelligatur

364 5018 604 5088 operatio
632 5018 927 5073 Trinitatis.
964 5019 1041 5073 lta
1071 5030 1129 5075 ut
1171 5037 1294 5076 cum
1317 5025 1560 5093 operatio
1589 5026 1765 5082 Patris
1793 5027 1928 5083 dici-

366 5114 473 5172 tur,
501 5120 607 5160 non
630 5122 748 5161 eam
776 5109 891 5164 sine
921 5109 1056 5164 Filio
1079 5121 1134 5166 et
1157 5112 1361 5181 Spiritu
1393 5124 1579 5175 sancto
1604 5120 1819 5187 operari
1845 5120 1929 5175 in~

363 5196 656 5267 telligatur,
677 5212 801 5252 cum
824 5200 1063 5268 operatio
1084 5200 1223 5266 Filii,
1254 5217 1359 5257 non
1388 5204 1505 5259 sine
1542 5204 1701 5261 Patre
1727 5216 1781 5262 et
1809 5208 1932 5279 Spi-

362 5288 470 5344 ritu
503 5294 728 5354 sancto;
774 5296 979 5343 etcum
1005 5292 1249 5361 operatio
1292 5292 1524 5365 Spiritus
1575 5298 1770 5365 sancti,
1821 5314 1929 5357 non

2043 1867 2229 1931 tentia,
2260 1884 2383 1925 cum
2417 1871 2522 1927 isto
2565 1874 2683 1930 solo
2705 1878 2930 1939 verbum
2971 1880 3118 1937 dicat
3140 1894 3328 1940 contra
3360 1867 3627 1959 Spiritum

2040 1966 2305 2026 sanctum,
2322 1976 2431 2033 quo
2454 1971 2745 2023 extraneth
2770 1977 2856 2023 est
2869 1970 2939 2025 ab
2959 1971 3223 2039 Ecclesia,
3248 1990 3373 2045 quae
3413 1980 3629 2054 accepit

2040 2050 2143 2105 hoc
2159 2050 2357 2105 donum
2377 2062 2437 2107 ut
2450 2068 2514 2108 ea
2532 2055 2585 2108 in
2610 2054 2814 2124 Spiritu
2838 2066 3026 2114 sancto
3047 2060 3143 2116 ﬁat
3163 2065 3415 2127 remissio
3429 2051 3595 2137 precs
3612 2101 3631 2111 ο

2039 2142 2262 2195 torum?
2290 2158 2451 2212 quam
2479 2146 2852 2201 remissionem
2874 2164 2998 2203 cum
3022 2150 3259 2208 Trinitas
3282 2153 3467 2223 faciat,
3494 2173 3626 2226 pro-

2036 2229 2154 2298 prie
2183 2239 2359 2286 tamen
2400 2234 2468 2288 ad
2503 2233 2761 2304 Spiritum
2809 2248 3052 2293 sanctum
3095 2242 3417 2314 intelligitur
3451 2250 3623 2317 perti-

2037 2333 2189 2375 nere.
2228 2319 2347 2390 Ipse
2369 2322 2515 2377 enim
2543 2334 2628 2379 est
2654 2323 2884 2395 Spiritus
2911 2329 3212 2400 adoptionis
3255 2334 3515 2402 ﬁliorum,
3560 2340 3622 2394 in

2035 2426 2145 2481 quo
2186 2412 2484 2469 clamamus
2512 2434 2525 2469 :
2564 2435 2582 2468 ι
2606 2417 2778 2484 Abba,
2813 2418 2995 2483 Pater,
3027 2442 3045 2474 ι
3081 2433 3139 2477 ut
3163 2425 3212 2480 ei
3236 2429 3510 2495 possimus
3534 2429 3623 2484 di-

2036 2520 2182 2571 cere,
2214 2525 2233 2557 ι
2260 2505 2470 2563 dimitte
2498 2509 2654 2564 nobis
2681 2512 2860 2567 debita
2887 2525 3090 2571 nostra.
3122 2536 3140 2568 ι
3173 2499 3431 2591 Quisquis
3458 2523 3629 2593 igitur

2037 2608 2162 2648 reus
2181 2593 2342 2650 fuerit
2363 2597 2769 2668 imptenitentite
2782 2613 2972 2665 contra
2987 2605 3268 2677 Spiritum,
3293 2611 3346 2665 in
3367 2627 3478 2681 quo
3506 2617 3629 2671 uni-

2036 2691 2122 2737 tas
2156 2693 2213 2738 et
2250 2686 2480 2743 societas
2516 2692 2913 2749 communionis
2950 2707 3309 2769 congregatur
3338 2701 3623 2770 Ecclesim,

2037 2791 2310 2845 nunquam
2346 2779 2420 2834 illi
2449 2781 2783 2850 remittetur;
2822 2787 2948 2855 quia
2987 2789 3089 2844 hoc
3132 2791 3234 2846 sibi
3276 2792 3493 2856 clausit,
3530 2796 3624 2850 ubi

2036 2869 2328 2924 remittitur
2352 2889 2365 2924 :
2393 2880 2448 2927 et
2471 2874 2666 2930 merito
2694 2876 3038 2935 damnabitur
3061 2896 3183 2936 cum
3229 2884 3422 2953 spiritu
3446 2888 3540 2955 qui
3565 2887 3623 2941 in

2036 2958 2273 3029 seipsum
2300 2962 2502 3018 divisus
2524 2972 2629 3028 est,
2658 2966 2862 3024 divisus
2890 2978 2948 3025 et
2983 2971 3098 3043 ipse
3131 2983 3319 3029 contra
3357 2974 3624 3046 Spiritum

2038 3049 2130 3120 qui
2156 3050 2211 3105 in
2240 3053 2474 3123 seipsum
2503 3055 2706 3113 divisus
2748 3075 2854 3114 non
2897 3070 2998 3117 est.
3035 3064 3166 3121 Item
3214 3067 3358 3123 inter
3404 3079 3625 3129 calere.

2038 3140 2108 3197 Ut
2135 3142 2203 3197 de
2237 3142 2565 3215 blasphemia
2604 3147 2837 3220 Spiritus
2876 3154 2993 3209 hzec
3024 3160 3291 3213 sententia
3322 3160 3622 3229 diceretur,

2035 3246 2196 3287 causa
2225 3234 2430 3290 exstitit
2459 3252 2522 3292 ex
2550 3244 3056 3300 commemoratione
3083 3247 3301 3315 spiritus
3335 3250 3621 3316 immundi,

2034 3322 2126 3393 qui
2154 3323 2208 3377 in
2235 3325 2467 3395 seipsum
2492 3328 2693 3383 divisus
2715 3340 2816 3387 est.
2864 3334 3076 3390 Dictum
3106 3337 3248 3391 enim
3277 3349 3400 3395 erat
3426 3341 3493 3396 de
3522 3343 3627 3398 Do-

2035 3415 2204 3480 mino,
2229 3418 2370 3485 quod
2393 3419 2447 3472 in
2474 3420 2714 3490 principe
2735 3423 3036 3483 dmmonum
3064 3427 3298 3497 eiecerat
3320 3430 3621 3488 daemones.

2042 3504 2140 3562 Ubi
2171 3507 2283 3578 ipse
2310 3508 2569 3567 Dominus
2609 3514 2687 3567 ait
2734 3515 2790 3569 in
2837 3514 3042 3585 Spiritu
3088 3529 3277 3576 sancto
3321 3537 3381 3577 se
3424 3524 3628 3592 ejicere

2036 3597 2326 3663 daemones,
2350 3608 2411 3653 ut
2433 3599 2682 3670 Spiritus,
2721 3605 2812 3674 qui
2837 3621 2943 3661 non
2967 3616 3052 3663 est
3076 3608 3129 3663 in
3156 3625 3215 3665 se
3240 3611 3450 3667 divisus
3495 3628 3625 3668 eum

2036 3688 2126 3758 qui
2158 3689 2213 3743 in
2243 3704 2301 3746 se
2333 3690 2540 3748 divisus
2588 3702 2673 3749 est
2719 3695 2902 3752 vincat
2939 3706 3103 3768 atque
3140 3698 3339 3767 eiiciat.
3392 3695 3486 3759 me
3526 3719 3626 3757 au-

2036 3784 2144 3833 tem
2173 3777 2336 3834 homo
2364 3778 2421 3833 in
2446 3780 2562 3851 eius
2586 3782 2888 3850 perditione
2914 3796 3213 3853 remaneat,
3238 3790 3333 3859 qui
3373 3789 3427 3844 in
3459 3791 3627 3861 huius

2034 3867 2126 3937 qui
2152 3869 2207 3922 in
2230 3884 2288 3924 se
2317 3870 2519 3929 divisus
2544 3887 2651 3927 non
2678 3882 2761 3929 est
2777 3913 2793 3940 ,
2826 3891 3018 3945 pacem
3044 3894 3142 3949 per
3168 3880 3623 3951 impcenitentiam

2035 3958 2268 4013 transire
2313 3960 2594 4017 detrectat.
2645 3962 2760 4019 Hoc
2807 3966 2954 4020 enim
3008 3967 3222 4025 Marcus
3272 3971 3343 4025 ita
3396 3984 3621 4031 narrat:

2040 4066 2059 4107 ι
2084 4046 2254 4103 Amen
2283 4048 2405 4105 dico
2429 4051 2600 4119 vobis,
2632 4053 2886 4122 quoniam
2912 4058 3092 4113 omnia
3120 4060 3463 4118 dimittentur
3496 4064 3629 4127 [iliis

2034 4136 2310 4193 hominum
2330 4148 2558 4210 peccata
2584 4148 2640 4196 et
2663 4142 3013 4215 blasphemiae
3044 4148 3241 4216 quibus
3268 4150 3624 4220 blasphema-

2033 4226 2208 4281 verint
2237 4244 2252 4281 :
2277 4228 2369 4298 qui
2399 4237 2577 4285 autem
2612 4229 3064 4302 blasphemaverit
3096 4237 3150 4291 in
3192 4236 3456 4307 Spiritum
3494 4257 3625 4297 san-

2034 4324 2200 4382 ctum,
2229 4330 2337 4372 non
2356 4317 2576 4373 habebit
2596 4320 2964 4378 remissionem
2984 4324 3041 4378 in
3060 4334 3343 4395 aeternum,
3366 4330 3464 4385 sed
3495 4346 3627 4388 reus

2035 4404 2139 4458 erit
2184 4404 2370 4459 aeterni
2409 4405 2588 4461 delicti
2631 4402 2824 4479 (Marc.
2850 4410 2957 4487 ιιι).
2993 4430 3012 4467 ι
3064 4412 3192 4471 Haec
3215 4419 3381 4473 verba
3407 4418 3623 4475 Domini

2035 4508 2158 4548 cum
2195 4493 2436 4561 dixisset,
2466 4509 2563 4550 sua
2597 4496 2790 4553 deinde
2834 4500 3125 4574 coniungit,
3167 4506 3356 4563 dicens
3386 4525 3403 4563 :
3437 4528 3457 4561 ι
3484 4525 3623 4581 quo-

2034 4583 2181 4638 niam
2218 4584 2468 4640 dicebant
2506 4604 2520 4640 :
2568 4585 2829 4658 Spiritum
2866 4592 3201 4650 immundum
3246 4598 3451 4654 habet:
3483 4620 3503 4652 ι
3556 4610 3625 4658 ut

2033 4674 2343 4730 ostenderet
2367 4675 2493 4732 hinc
2519 4675 2687 4733 fuisse
2716 4691 2961 4737 exortam
2997 4700 3235 4753 causam,
3267 4696 3328 4743 ut
3350 4690 3457 4747 hoc
3479 4692 3627 4747 dice-

2034 4770 2139 4830 ret,
2175 4765 2317 4833 quod
2343 4765 2592 4821 dixerunt
2626 4784 2749 4829 eum
2784 4771 2839 4827 in
2878 4771 3179 4831 Beelzebub
3224 4779 3469 4852 principe
3512 4782 3624 4837 daa-

2034 4854 2336 4909 moniorum
2383 4854 2654 4913 daemones
2701 4859 2924 4930 pellere.
2985 4862 3105 4921 Non
3143 4867 3429 4942 quiaipsa
3473 4882 3623 4929 esset

2036 4944 2388 5015 blasphemia,
2415 4962 2536 5019 qua;
2562 4965 2669 5006 non
2700 4953 3025 5022 remittetur,
3052 4973 3177 5013 cum
3197 4969 3255 5014 et
3282 4961 3399 5016 haec
3426 4966 3622 5021 remit-

2038 5046 2202 5105 tatur,
2245 5039 2292 5093 si
2335 5048 2481 5095 recta
2527 5042 2846 5113 poenitentia
2897 5059 3302 5120 consequatur:
3331 5053 3429 5108 sed
3474 5056 3618 5125 quod

2037 5127 2183 5193 hinc,
2213 5134 2273 5182 ut
2309 5128 2439 5195 dixi,
2470 5145 2631 5185 causa
2666 5134 2893 5201 exstitit,
2935 5145 2993 5192 ut
3036 5154 3068 5193 a
3105 5140 3335 5197 Domino
3363 5142 3454 5201 illa
3488 5158 3618 5199 sen-

2038 5217 2206 5272 tentia
2246 5217 2598 5288 proferretur,
2620 5220 2761 5278 facta
2784 5228 3053 5284 mentione
3077 5230 3300 5301 spiritus
3326 5232 3615 5300 humandi,

2033 5324 2196 5382 quem
2222 5309 2481 5367 adversus
2511 5311 2748 5381 seipsum
2790 5314 3048 5375 Dominus
3081 5320 3311 5377 divisum
3356 5324 3613 5387 ostendit,

362 5379 479 5438 sine
502 5377 664 5434 Patre
691 5386 747 5435 et
768 5378 905 5436 Filio
932 5398 944 5433 :
979 5382 1121 5452 quod
1151 5384 1282 5438 satis
1311 5394 1496 5442 notum
1526 5397 1610 5443 est
1633 5401 1780 5446 recte
1807 5407 1930 5449 cre-
2030 5377 2252 5468 propter
2278 5396 2539 5467 Spiritum
2562 5377 2830 5469 sanctum,
2857 5407 2950 5475 qui
2978 5422 3087 5464 non
3111 5409 3287 5464 solum

363 5471 631 5539 dentibus,
678 5472 763 5528 vel
817 5472 980 5529 etiam
1020 5483 1082 5530 ut
1114 5485 1341 5547 possunt
1385 5479 1827 5553 intelligentibus,
1877 5493 1934 5540 et

360 5561 492 5619 illud
517 5562 640 5620 ideo
664 5564 865 5621 dictum
890 5579 1011 5621 esse
1035 5566 1101 5621 de
1125 5566 1303 5633 Patre,
1342 5587 1360 5621 ι
1394 5571 1509 5641 ipse
1541 5570 1670 5628 facit
1690 5588 1874 5644 opera,
1905 5593 1925 5628 ι

362 5654 504 5723 quod
542 5654 722 5714 abillo
751 5657 823 5716 sit
849 5657 1000 5732 origo
1024 5659 1188 5716 etiam
1232 5674 1473 5732 operum,
1509 5677 1539 5717 a
1569 5679 1677 5734 quo
1705 5671 1787 5720 est
1812 5664 1929 5719 exi-

2033 5500 2092 5542 se
2118 5486 2320 5542 divisus
2343 5503 2452 5543 non
2486 5497 2592 5555 est,
2624 5493 2716 5548 sed
2744 5494 2910 5549 etiam
2936 5510 3070 5565 quos
3096 5497 3299 5569 colligit
3330 5497 3493 5554 eﬂicit
3532 5500 3612 5554 in—

2033 5576 2253 5632 divisos.
2311 5577 2445 5635 Nam
2475 5588 2529 5635 et
2556 5583 2600 5638 si
2624 5585 2906 5655 quisquam
2936 5588 3010 5641 ita
3036 5588 3106 5644 sit
3133 5592 3444 5647 contrarius
3468 5590 3608 5646 veri-

2033 5666 2154 5735 tati,
2179 5676 2237 5724 ut
2268 5668 2377 5728 Deo
2399 5670 2640 5744 loquenti
2665 5691 2773 5733 non
2806 5676 2859 5733 in
2886 5679 3186 5750 prophetis,
3224 5683 3321 5739 sed
3354 5696 3413 5737 ιιι
3450 5679 3608 5737 unico
