3926 6168
204 334 312 389 υθε

204 542 297 586 tur
318 528 485 583 ﬁlium
514 526 750 582 hominis
770 539 892 581 esse
918 524 1105 591 voluit)
1133 525 1450 591 reluctetur,
1484 528 1789 583 remittetur

203 623 278 686 ei,
309 636 432 676 cum
463 618 772 689 paenitendo
792 633 1086 673 conversus
1120 617 1281 673 fuerit
1319 620 1385 673 ad
1431 620 1523 675 Dei
1573 622 1786 676 bonita-

201 721 315 764 tem
351 728 364 762 :
396 709 486 778 qui
519 723 640 761 cum
681 716 908 761 mortem
934 708 1082 777 impii
1112 708 1297 772 nollet,
1334 719 1595 779 quantum
1621 722 1677 764 ut
1706 729 1790 768 re-

201 807 453 855 vertatur
481 806 537 852 et
558 796 721 861 vivat,
750 796 895 851 dedit
921 797 1172 851 Ecclesia:
1213 813 1323 852 suae
1359 797 1616 867 Spiritum
1667 817 1790 853 sau-

203 898 376 953 ctum,
398 896 456 943 ut
486 888 785 957 cuicunque
808 887 860 941 in
885 903 948 941 eo
973 897 1195 958 peccata
1218 889 1535 953 dimitteret,
1555 891 1792 945 dimitte.-

204 989 398 1034 rentur
429 979 500 1032 ei.
550 976 653 1043 Qui
696 991 828 1030 vero
866 977 992 1031 huic
1033 977 1172 1031 dono
1212 979 1478 1033 exstiterit
1518 980 1786 1047 inimicus,

207 1076 268 1122 ut
300 1083 406 1122 non
439 1066 568 1122 illud
594 1080 692 1136 per
718 1065 1087 1135 paenitentiam
1124 1075 1291 1136 petat,
1336 1069 1428 1123 sed
1466 1070 1513 1124 ci
1557 1084 1653 1139 per
1690 1071 1790 1124 im-

207 1157 581 1227 pmnitentiam
601 1156 960 1221 contradicat,
980 1155 1037 1210 ﬁt
1058 1157 1457 1222 irremissibile;
1490 1176 1595 1215 non
1619 1164 1786 1231 quod-

210 1261 421 1317 cunque
463 1255 767 1315 peccatum,
816 1245 909 1300 sed
960 1256 1266 1317 contempta
1316 1249 1398 1303 vel
1431 1249 1593 1304 etiam
1622 1266 1789 1321 oppu-

206 1346 371 1408 gnata
404 1338 517 1407 ipsa
554 1336 799 1391 remissio
827 1344 1187 1406 peccatorum.
1234 1338 1410 1408 Atque
1460 1338 1530 1393 ita
1581 1340 1789 1395 dicetur

208 1428 432 1483 verbum
463 1435 652 1483 contra
698 1426 957 1497 Spiritum
994 1437 1260 1494 sanctum,
1299 1444 1421 1484 cum
1472 1446 1537 1486 ex
1585 1433 1788 1502 disper-

207 1520 362 1573 sione
395 1519 462 1573 ad
498 1518 967 1589 congregationem
998 1532 1271 1588 nunquam
1299 1520 1529 1585 venitur,
1563 1538 1683 1591 «pne
1719 1523 1785 1576 ad

206 1609 533 1666 remittenda
561 1620 781 1680 peccata
806 1612 1014 1681 accepit
1049 1610 1308 1682 Spiritum
1341 1621 1607 1667 sanctum.

286 1719 306 1753 ί
331 1700 644 1772 Obiurgatio
667 1710 723 1756 et
761 1703 969 1773 injuriae
1002 1702 1352 1757 annullahunt
1380 1704 1735 1758 substantiam
1770 1718 1784 1755 :

1094 326 1443 382 COMMENT.
1482 328 1548 382 IN
1591 330 2201 388 ECCLESMSTICCM.
2242 364 2305 373 —
2348 332 2475 387 LIB.
2518 334 2577 386 Υ.

205 440 344 494 Filio
368 437 511 509 (cum
534 442 753 506 propter
780 446 878 487 nos
915 446 1061 497 eum,
1089 442 1149 487 ut
1173 433 1327 489 nobis
1359 433 1409 489 in
1446 450 1512 490 eo
1542 435 1786 505 loquere-
1813 448 1860 505 Α

3356 340 3458 394 906

1966 460 1983 489 ε
2018 438 2185 494 Notus
2230 456 2259 493 a
2298 440 2453 511 longe
2490 450 2677 512 potens
2716 442 2892 514 lingua
2938 447 3148 512 audaci,
3188 457 3242 503 et
3278 465 3461 505 sensa-

1893 548 1910 578 ‹
1941 537 2026 583 tus
2064 529 2167 585 scit
2200 528 2304 584 labi
2345 543 2405 583 se
2433 530 2500 585 ab
2534 529 2670 599 ipso.
2704 550 2721 583 ι
2768 531 3137 589 Manifestatur
3171 551 3299 608 ergo
3325 554 3464 608 pra:-

1887 619 2121 689 sumptio
2164 620 2416 676 haeretica
2465 621 2517 675 in
2566 621 2743 691 lingua
2792 625 3078 677 temeraria
3108 664 3123 689 ,
3168 641 3272 695 qua
3317 627 3460 697 loqui

1887 710 2163 777 prmsumit
2199 710 2460 766 adversus
2493 711 2658 766 Deum
2697 712 3068 783 iniquitatem;
3109 719 3203 771 sed
3251 719 3459 772 cautela

1889 800 2120 854 hominis
2142 800 2375 872 religiosi
2403 811 2458 855 et
2484 802 2654 857 ﬁdelis
2679 803 2925 857 observat
2948 819 3025 869 sc,
3056 820 3122 859 ne
3157 806 3208 860 in
3233 804 3347 874 ejus
3376 824 3464 862 er-

1889 908 2064 946 rorem
2088 893 2261 948 cadat.

1962 1003 1979 1030 ε
2009 981 2108 1049 Qui
2138 983 2367 1040 :edilicat
2395 984 2610 1039 domum
2634 1000 2783 1038 suam
2807 984 3049 1054 impediis
3069 984 3286 1049 alienis,
3310 986 3463 1056 quasi

1891 1092 1910 1124 ‹
1939 1073 2029 1143 qui
2058 1073 2273 1145 colligat
2298 1073 2501 1143 lapides
2534 1088 2659 1128 suos
2688 1074 2739 1127 in
2772 1074 2964 1127 hieme.
2996 1094 3011 1124 ι
3065 1072 3215 1130 llanc
3242 1084 3462 1130 senten-

1888 1163 2016 1217 tiam
2038 1178 2323 1233 possumus
2351 1163 2635 1233 dupliciter
2661 1164 2982 1235 intelligere,
3007 1173 3066 1219 ut
3093 1174 3184 1221 aut
3205 1166 3360 1237 juxta
3386 1166 3465 1220 al-

1889 1250 2146 1322 legoriam
2173 1251 2437 1322 signiﬁcet
2462 1252 2794 1316 hmreticum,
2843 1253 2933 1321 qui
2982 1254 3284 1308 testimonia
3330 1255 3465 1309 divi-

1888 1356 2078 1395 narmn
2119 1340 2520 1410 Scripturarum
2563 1358 2593 1395 a
2642 1356 2801 1396 sensu
2832 1356 2997 1411 pravo
3029 1344 3247 1397 omnino
3292 1345 3465 1399 aiicna

1887 1437 2176 1499 congregat
2208 1428 2262 1482 in
2301 1444 2491 1493 unum,
2522 1429 2590 1482 ad
2624 1429 3081 1484 conﬁrmationem
3119 1432 3323 1485 erroris
3362 1435 3463 1495 sui,

1888 1519 2086 1575 frustra
2120 1519 2365 1576 laborare
2395 1538 2407 1573 :
2437 1521 2561 1589 quia
2598 1521 2827 1574 vindicta
2856 1519 3074 1575 ultionis
3095 1519 3253 1588 justa:
3277 1522 3468 1577 dissol-

1890 1621 2044 1665 vetur
2080 1610 2277 1665 duritia
2319 1612 2548 1666 actionis
2582 1609 2855 1675 nefanda;
2894 1620 2988 1666 aut
3022 1613 3317 1668 secundum
3358 1621 3469 1668 tro-

1888 1699 2156 1771 pologiam
2189 1715 2409 1755 avarum
2438 1708 2732 1772 raptorem,
2760 1701 2850 1770 qui
2876 1706 2943 1756 ex
2971 1701 3160 1758 alienis
3188 1704 3347 1758 rebus
3369 1720 3467 1759 sua

211 1811 231 1843 ι
269 1791 352 1847 sic
385 1792 683 1847 substantia
710 1793 923 1862 superbi
953 1793 1343 1858 eradicabitur;
1372 1801 1427 1852 et
1452 1792 1641 1847 domus
1668 1808 1787 1861 quae
1818 1778 1861 1836 Β
1890 1788 2038 1843 lucra
2076 1788 2257 1845 studet
2296 1803 2517 1858 augere,
2564 1789 2814 1844 omnibus
2848 1790 3003 1845 bonis
3039 1807 3265 1846 vacuum
3298 1794 3351 1846 in
3381 1795 3467 1848 die

212 1902 233 1934 ι
265 1883 435 1939 nimie
466 1883 701 1955 locuples
724 1894 810 1939 est
836 1884 1198 1939 annullabitur
1221 1885 1491 1956 superbia.
1523 1905 1540 1937 ›
1592 1885 1647 1939 In
1679 1885 1783 1939 alia
1878 1876 2065 1945 iudicii
2103 1893 2202 1949 pro
2245 1879 2387 1934 malo
2432 1893 2597 1950 opere
2643 1894 2742 1936 suo
2782 1880 2956 1935 valida
2997 1889 3259 1937 tormenta
3301 1883 3465 1938 luere.

205 1971 445 2026 editione
470 1972 683 2041 legitur,
725 1991 742 2022 ‹
768 1970 1081 2044 Objurgatio
1112 1981 1169 2027 et
1195 1973 1404 2043 injuria:
1436 1974 1785 2028 annullabuut

207 2059 586 2114 substantiam.
615 2079 634 2112 ι
697 2059 858 2115 Juxta
899 2061 1177 2116 historiam
1216 2060 1389 2117 facilis
1419 2072 1503 2118 est
1541 2079 1733 2119 sensus
1766 2081 1779 2115 :

208 2146 333 2222 quia
358 2146 451 2201 ubi
481 2148 849 2202 contentiones
875 2156 926 2201 et
961 2145 1171 2224 injuria:
1207 2159 1545 2216 excrescunt,
1578 2150 1647 2206 ibi
1685 2152 1776 2207 mi-

211 2255 407 2301 nuetur
443 2255 500 2301 et
541 2249 816 2305 decrescet
843 2249 1157 2313 substantia,
1195 2258 1249 2305 et
1280 2259 1389 2306 tota
1413 2252 1624 2317 domus,
1656 2268 1781 2322 pos-

209 2336 450 2392 sessione
476 2337 773 2405 aunullata,
802 2339 1015 2395 deﬁciet
1053 2341 1475 2396 discordantium
1510 2342 1779 2413 superbia.

207 2425 354 2481 Inter
391 2427 651 2498 superbos
678 2429 821 2484 enim
846 2444 1059 2500 semper
1086 2430 1264 2500 jurgia
1294 2440 1449 2496 sunt;
1483 2432 1570 2486 ubi
1602 2441 1782 2487 autem

208 2518 465 2587 praevalet
498 2521 772 2575 hominum
801 2522 1083 2588 dissensio,
1123 2522 1196 2577 ibi
1236 2523 1491 2579 continuo
1529 2534 1785 2594 sequetur

210 2623 394 2663 rerum
431 2623 653 2664 suarum
704 2610 950 2666 defectio.
1011 2611 1162 2667 Unde
1203 2612 1419 2682 quidam
1465 2613 1782 2683 sapientium

210 2696 572 2767 interrogatus
610 2698 676 2753 de
708 2697 857 2768 lapsu
891 2700 1251 2770 potentissimi
1283 2702 1452 2773 regni,
1480 2718 1646 2772 quare
1675 2712 1783 2758 tant

208 2787 319 2842 cito
343 2787 619 2852 ceciderit,
649 2789 952 2858 respondit:
975 2788 1273 2847 Concordia
1302 2807 1388 2847 res
1410 2792 1646 2848 minima:
1668 2807 1786 2849 cre-

208 2885 401 2943 scunt,
430 2878 695 2934 discordia
724 2888 903 2935 autem
935 2882 1183 2937 maxima:
1206 2882 1587 2938 dissolvuntur.
1623 2883 1785 2940 Juxta

209 2967 523 3039 allegoriam
542 2983 672 3024 vero
698 2970 875 3025 omnis
901 2972 1233 3027 constructio
1258 2973 1524 3029 haeretica:
1547 2976 1785 3045 pravita-

211 3057 280 3111 tis
304 3066 365 3111 et
394 3056 668 3129 multiplex
694 3073 881 3114 eorum
906 3074 1061 3114 error
1080 3060 1317 3117 innitens
1340 3065 1670 3132 argumentis
1696 3081 1787 3119 va-

2502 1987 2730 2045 CAPUT
2785 1990 2856 2045 ll.

1888 2074 2043 2143 Quod
2071 2089 2258 2157 stuppa
2287 2077 2504 2157 collecta
2531 2094 2794 2157 synagoga
2822 2080 3251 2157 sitpeceantiunt,
3284 2092 3334 2157 et
3354 2083 3466 2157 lue:

1957 2148 2234 2279 reucoer
2273 2148 2648 2232 ιοηιςεπιίειιιᾳ.
2672 2148 2743 2200 νε
2771 2159 2818 2201 ει
2850 2149 3173 2204 zizaniorum
3204 2152 3468 2220 lascisculi

1959 2243 2155 2279 exure):
2194 2242 2231 2279 ι.

1959 2242 2231 2280 exurenat.

1962 2339 2203 2412 «:Stuppa
2226 2338 2445 2393 collecta
2472 2353 2738 2409 synagoga
2766 2339 3194 2408 peccantium,et
3218 2355 3466 2395 consum-

1890 2449 1908 2479 ‹
1938 2427 2102 2482 matio
2126 2427 2338 2481 illorum
2364 2425 2579 2481 ﬁamma
2603 2427 2760 2496 ignis.
2791 2445 2809 2479 ι
2868 2425 3157 2495 Comparat
3184 2429 3260 2482 rei
3290 2427 3466 2499 fragili

1885 2527 2230 2589 peccatorum
2256 2531 2600 2587 synagogam,
2627 2523 2686 2570 ut
2712 2516 2961 2573 ostendat
2984 2517 3101 2586 ejus
3126 2516 3386 2573 vilitatem
3414 2526 3471 2573 et

1886 2609 2282 2665 velocissimum
2312 2608 2617 2673 interitum;
2645 2610 2769 2677 quia
2809 2608 2948 2663 sicut
2985 2617 3189 2679 stuppae
3226 2609 3470 2665 collectio

1888 2698 2012 2771 igne
2048 2698 2287 2753 adhibito
2331 2695 2491 2754 facile
2532 2697 2844 2769 conﬁagrat,
2883 2698 2956 2753 ita
2985 2707 3328 2768 peccatorum
3356 2714 3469 2754 cm-

1890 2798 1977 2844 tus
1999 2788 2055 2845 in
2082 2787 2261 2842 futura
2287 2788 2519 2843 vindicta
2546 2788 2663 2843 sine
2690 2803 2838 2844 mora
2870 2789 3144 2859 disperiet.

1964 2897 1983 2930 ‹
2015 2877 2113 2933 Via
2139 2878 2472 2947 peccantium
2503 2877 2839 2947 complanata
2866 2877 3154 2948 lapidibus,
3191 2885 3246 2932 et
3274 2878 3327 2932 in
3363 2876 3493 2933 ﬁne‘

1893 2987 1911 3019 ι
1940 2966 2155 3022 illorum
2195 2966 2351 3021 inferi
2388 2976 2444 3023 et
2474 2967 2708 3022 tenebrae
2732 2975 2789 3021 et
2814 2981 3006 3036 paenae.
3037 2986 3055 3018 ι
3119 2966 3315 3022 Reddit
3342 2982 3469 3023 cauo

1889 3072 2004 3112 sam
2035 3070 2204 3126 quare
2235 3057 2393 3111 velox
2420 3057 2491 3112 sit
2519 3056 2783 3112 malorum
2812 3057 3065 3126 perditio,
3098 3058 3222 3127 quia
3262 3059 3373 3123 via,
3415 3058 3469 3113 id

213 3148 309 3203 riis
346 3156 405 3204 et
441 3148 870 3220 syllogismorum
908 3148 1341 3206 conclusionibus
1366 3128 1570 3207 idcirco
1597 3153 1790 3207 annul-
1814 3128 1858 3188 (ἶ
1888 3155 1991 3213 est,
2015 3148 2123 3202 vita
2150 3146 2362 3202 illorum
2392 3161 2647 3217 praesens,
2678 3162 2775 3217 per
2802 3161 2965 3216 quam
2990 3148 3056 3202 ad
3082 3147 3474 3203 remuneratio-

211 3238 435 3303 labitur,
461 3246 518 3294 et
546 3238 613 3293 ad
641 3238 863 3292 nihilum
902 3238 1188 3310 redigetur,
1226 3241 1351 3309 quia
1379 3241 1660 3297 veritatem
1689 3257 1784 3297 ca-

212 3330 429 3386 tholica:
458 3327 594 3384 ﬁdei.
620 3336 674 3384 et
701 3329 961 3383 unitatem
988 3330 1138 3399 pacis
1182 3339 1382 3385 sanctte
1420 3331 1675 3387 Ecclesiae
1703 3348 1788 3387 se:-

209 3420 303 3490 qui
331 3417 641 3475 noluerunt.

288 3529 307 3562 α
342 3509 659 3579 Deprecatio
693 3508 947 3579 pauperis
979 3524 1045 3564 ex
1070 3524 1166 3564 ore
1195 3525 1366 3579 usque
1389 3510 1454 3564 ad
1482 3524 1645 3567 aures
1670 3510 1789 3580 ejus

213 3621 234 3653 ς
266 3600 572 3671 perveniet,
609 3607 665 3653 et
688 3598 950 3667 judicium
979 3582 1232 3654 festinato
1253 3599 1503 3654 adveniet
1531 3600 1626 3654 illi.
1661 3618 1680 3651 ι
1728 3601 1787 3655 ln

208 3689 424 3761 psalmo
450 3690 707 3760 scriptum
741 3696 859 3744 est:
884 3708 903 3741 ι
933 3688 1272 3743 Desiderium
1301 3704 1596 3759 pauperum
1625 3705 1790 3744 exan-

207 3780 350 3834 divit
392 3779 649 3835 Dominus
684 3777 856 3851 (Psal.
899 3779 1001 3849 ix),
1030 3798 1048 3828 ι
1092 3778 1355 3834 desideria
1394 3780 1575 3834 cordis
1602 3793 1787 3835 eorum

207 3869 490 3924 exaudivit
524 3868 670 3923 auris
711 3878 819 3923 tua.
870 3869 934 3923 Et
970 3870 1021 3923 in
1059 3868 1350 3936 Evangelia
1389 3869 1667 3934 Dominus,
1697 3871 1789 3925 ubi

210 3960 459 4014 narravit
486 3959 553 4015 de
578 3959 758 4024 vidua,
787 3974 908 4028 qua:
932 3975 1029 4029 pro
1057 3959 1368 4015 defensione
1397 3974 1492 4014 sua
1523 3960 1793 4016 clamabat

208 4050 281 4105 ad
326 4049 565 4119 judicem
616 4049 933 4118 iniquitatis,
976 4058 1161 4120 postea
1208 4051 1505 4121 subjunxit,
1556 4051 1785 4106 dicens:

215 4164 235 4194 ι
274 4141 474 4196 Audite
504 4141 634 4212 quid
666 4139 832 4210 judex
873 4142 1168 4210 iniquitatis
1211 4143 1342 4197 dicit
1376 4160 1390 4196 :
1425 4141 1565 4198 Deus
1610 4153 1790 4197 autem

212 4249 324 4288 non
359 4231 521 4288 faciet
543 4232 831 4288 vindictam
861 4232 1160 4288 electorum
1192 4249 1410 4289 suorum
1445 4235 1789 4290 clamantium

209 4324 283 4379 ad
321 4338 383 4378 se
426 4323 513 4378 die
555 4338 620 4378 ac
662 4329 836 4387 nocte,
868 4330 923 4376 et
960 4323 1273 4392 patientiam
1311 4324 1528 4379 habebit
1567 4324 1620 4378 in
1663 4323 1788 4378 illis.

211 4417 347 4472 Dico
369 4424 549 4469 autem
576 4413 758 4479 vobis,
786 4413 912 4482 quia
930 4413 1047 4467 ‘cito
1073 4411 1235 4467 faciet
1261 4413 1550 4469 vindictam
1576 4413 1789 4469 illorum

211 4506 368 4578 (Luc.
410 4505 587 4577 xviii).
616 4524 635 4556 ι
689 4503 768 4558 Ex
795 4519 891 4559 ore
923 4504 1067 4559 enim
1104 4505 1356 4574 pauperis
1389 4505 1694 4575 deprecatio
1722 4506 1789 4560 ad

210 4612 381 4655 aures
411 4595 609 4665 judicis
654 4594 849 4660 veniet,
881 4594 1007 4663 quia
1043 4594 1285 4648 anxietas
1314 4595 1591 4660 Ecclesia,
1627 4611 1789 4665 quam

213 4690 386 4745 habet
412 4689 465 4741 in
506 4684 731 4741 diversis
762 4683 1213 4747 tribulationibus,
1240 4684 1517 4753 perveniet
1540 4685 1606 4738 ad
1634 4700 1793 4739 aures

211 4778 450 4851 piissimi
469 4776 687 4846 judicia,
715 4784 773 4830 et
797 4775 912 4844 ipse
935 4788 1053 4827 eam
1078 4775 1147 4828 ab
1166 4774 1416 4828 omnibus
1444 4775 1797 4829 tribulation-

212 4875 322 4928 bus
351 4869 467 4925 suis
500 4866 713 4937 en'piet,
742 4878 1041 4933 omnesque
1070 4864 1252 4919 hostes
1279 4866 1395 4934 ejus
1420 4865 1596 4935 dignis
1624 4866 1798 4934 plenis

210 4960 493 5030 subjiciat.

295 5071 314 5103 ι
347 5048 451 5117 Qui
486 5049 601 5106 odit
626 5049 1039 5120 correptionem,
1063 5047 1345 5118 vestigium
1364 5054 1446 5102 est
1466 5047 1791 5116 peccatoris;

216 5165 235 5196 ι
276 5151 335 5197 et
370 5141 464 5211 qui
504 5141 658 5196 timet
705 5141 892 5206 Deum,
930 5147 1275 5197 convertetur
1312 5139 1377 5193 ad
1418 5153 1514 5193 cor
1561 5153 1736 5193 suum.
1770 5156 1790 5190 ι

209 5233 324 5301 Qui
367 5246 474 5287 non
514 5232 628 5288 vult
663 5248 723 5287 se
755 5233 1026 5303 corrigere
1052 5247 1082 5286 a
1114 5230 1370 5301 peccatis,
1398 5237 1452 5284 et
1475 5230 1590 5286 odit
1613 5245 1797 5287 corrc-

205 5323 460 5392 ptionem
483 5321 854 5388 admonitoris,
881 5322 995 5392 ipse
1024 5321 1280 5375 indicium
1310 5322 1512 5390 praebet
1539 5322 1592 5375 in
1618 5334 1676 5374 se
1702 5335 1797 5374 ne-

207 5414 411 5485 quitia:
448 5414 532 5468 sui
570 5413 901 5477 seductoris,
935 5413 1190 5483 quoniam
1231 5411 1498 5482 malignus
1528 5411 1797 5466 induravit

210 5511 462 5560 mentem
488 5502 626 5573 ejus,
650 5517 718 5557 ne
742 5502 986 5558 crederet
1012 5512 1067 5556 et
1089 5502 1374 5558 obaudiret
1396 5500 1629 5555 veritati.
1662 5498 1800 5552 Nam

210 5598 314 5670 qui
349 5598 602 5653 timorem
638 5596 731 5650 Dei
767 5595 928 5649 habet
959 5596 1013 5650 in
1053 5595 1367 5665 semetipso,
1405 5594 1672 5649 convertit
1705 5608 1801 5646 cor

205 5702 381 5745 suum
409 5686 475 5741 ad
499 5684 759 5740 audienda
787 5693 840 5738 et
864 5684 1126 5753 implenda
1150 5694 1412 5753 praecepta
1438 5683 1568 5742 legis
1587 5683 1800 5738 divinae.

551 5776 817 5834 ΡΑτιιοι..
862 5772 996 5833 CIX

1889 3251 2012 3292 nem
2035 3235 2270 3291 futuram
2300 3236 2610 3301 tendebant,
2634 3236 2792 3306 plena
2823 3234 2925 3290 fuit
2944 3236 3218 3292 doloribus
3245 3244 3302 3292 et
3322 3236 3472 3292 duris

1887 3337 2237 3399 peccatorum
2263 3326 2535 3397 operibus.
2585 3326 2740 3382 Unde
2765 3335 2820 3389 et
2844 3326 2897 3381 in
2920 3324 3027 3381 ﬁne
3053 3326 3265 3381 illorum
3287 3340 3475 3382 succe-

1893 3420 2024 3473 dunt
2057 3419 2136 3473 eis
2177 3417 2371 3473 inferni
2406 3427 2462 3472 et
2490 3416 2725 3473 tenebrae
2752 3424 2807 3471 et
2830 3431 3027 3487 paenae,
3051 3417 3246 3487 quibus
3279 3418 3475 3473 merito

1887 3509 2342 3565 excruciabuntur
2369 3508 2422 3562 in
2446 3515 2726 3563 aeternum.
2776 3508 2821 3562 Ε
2847 3508 3119 3563 contrario
3148 3522 3277 3563 vero
3294 3507 3475 3576 justus

1890 3602 1958 3656 ab
1984 3602 2071 3657 his
2090 3601 2343 3656 omnibus
2372 3614 2430 3655 se
2454 3600 2729 3663 observat,
2764 3606 2820 3653 et
2847 3598 2915 3653 ad
2942 3598 3218 3653 caelestem
3240 3599 3473 3652 retribu-

1891 3691 2093 3762 tionem
2121 3705 2179 3745 se
2204 3698 2493 3761 praeparat.
2543 3689 2697 3745 Unde
2721 3696 2775 3743 et
2804 3688 3080 3757 sequitur:

1968 3802 1987 3832 ι
2018 3782 2121 3849 Qui
2155 3782 2391 3836 custodit
2414 3780 2704 3849 justitiam,
2743 3778 3040 3833 continebit
3081 3792 3297 3832 sensum
3331 3775 3468 3844 ejus.

1897 3890 1914 3922 ι
1945 3870 2348 3926 Censummatio
2367 3868 2574 3923 timoris
2601 3868 2715 3932 Dei,
2744 3868 3026 3937 sapientia.
3052 3886 3070 3918 ›
3107 3866 3207 3934 Qui
3234 3881 3363 3936 ergo
3387 3882 3475 3922 cu-

1898 3980 1916 4011 i
1947 3962 2111 4016 stodit
2124 3959 2407 4028 justitiam,
2433 3980 2451 4010 ι
2480 3958 2785 4014 servabitur
2805 3959 2873 4011 ab
2894 3958 3004 4023 illa,
3033 3964 3086 4011 et
3114 3958 3167 4011 in
3196 3956 3303 4011 ﬁne
3324 3956 3473 4011 illum

1893 4060 2148 4122 sequetur
2196 4063 2398 4106 :eterna
2444 4049 2660 4121 gloria:
2694 4050 2818 4120 quia
2870 4049 3265 4105 consummatio
3313 4048 3470 4103 home.

1896 4144 2186 4199 voluntatis
2214 4142 2361 4212 ejus,
2389 4156 2550 4213 quam
2575 4142 2629 4196 in
2659 4141 2840 4197 divino
2870 4142 3061 4196 timore
3089 4141 3295 4205 habuit,
3323 4154 3475 4195 crea-

1896 4236 2027 4292 toris
2075 4235 2157 4291 sui
2214 4234 2488 4305 agnitione
2545 4243 2601 4289 et
2657 4233 3106 4302 contemplatione
3160 4246 3475 4287 remunera-

1894 4328 2059 4383 bitur.

1953 4432 1991 4471 ἰ
2020 4419 2087 4474 Et
2106 4432 2296 4474 sensus
2316 4417 2432 4488 ejus
2454 4431 2560 4471 non
2591 4417 2889 4480 erudietur,
2915 4414 3005 4484 qui
3028 4428 3134 4469 non
3160 4421 3245 4469 est
3263 4413 3477 4484 sapiens

1901 4529 1918 4561 ι
1947 4510 1999 4563 in
2050 4509 2207 4564 bono.
2266 4508 2365 4563 Est
2408 4515 2589 4562 autem
2630 4504 2958 4574 insipientia,
2999 4519 3117 4574 quae
3150 4504 3385 4559 abundat
3421 4505 3474 4558 iu

1900 4619 1919 4652 ι
1947 4598 2126 4665 malo;
2156 4607 2211 4653 et
2237 4613 2347 4654 non
2375 4605 2460 4653 est
2488 4612 2699 4661 sensus,
2728 4596 2820 4651 ubi
2846 4595 3084 4650 abundat
3107 4594 3424 4649 amaritudo.
3452 4613 3471 4645 ι

1896 4686 1991 4742 His
2016 4687 2213 4758 quippe
2232 4685 2515 4741 sententiis
2534 4682 2884 4741 confunditur
2903 4697 3056 4739 error
3076 4683 3474 4748 bzereticorum,

1894 4778 2021 4847 quia
2055 4791 2243 4831 eorum
2278 4790 2493 4839 sensus,
2539 4788 2700 4843 quem
2736 4772 2937 4827 habent
2978 4773 3031 4826 in
3073 4771 3477 4842 Scripturarum

1895 4880 2174 4923 sacrarum
2203 4864 2566 4927 meditatione,
2605 4876 2711 4917 non
2740 4869 2824 4917 est
2849 4860 3080 4917 salubris
3107 4862 3475 4916 scrutantibus

1896 4974 2052 5024 eum;
2084 4957 2167 5011 vel
2190 4956 2367 5026 potius
2395 4969 2501 5009 non
2527 4961 2611 5009 est
2633 4967 2825 5008 sensus
2849 4952 3129 5016 dicendus,
3173 4951 3264 5007 ubi
3307 4951 3477 5006 abun-

1898 5050 1991 5103 dat
2014 5046 2253 5117 nequitia
2282 5053 2338 5100 et
2368 5044 2553 5110 dolus;
2595 5045 2719 5113 quia
2753 5042 3015 5098 Dominus
3059 5042 3264 5096 creavit
3304 5042 3480 5096 homi-

1897 5152 2023 5193 nem
2060 5144 2290 5201 rectum,
2327 5144 2384 5189 et
2412 5134 2512 5204 ipsi
2548 5134 2957 5189 immiscuerunt
2997 5146 3063 5187 se
3094 5132 3317 5187 inﬁnitis
3335 5148 3481 5204 quae-

1899 5230 2182 5287 stionibus.

1973 5340 1993 5373 ι
2021 5320 2257 5376 Scientia
2286 5319 2544 5389 sapientis
2568 5327 2824 5388 tanquam
2854 5318 3134 5373 inundatio
3163 5312 3477 5375 abundabit,

1908 5431 1927 5464 ι
1957 5420 2014 5465 et
2056 5410 2343 5466 consilium
2396 5409 2537 5464 illius
2591 5410 2731 5463 sicut
2779 5408 2900 5463 fons
2954 5407 3079 5460 vita:
3125 5407 3421 5473 permanet.
3453 5416 3473 5447 ι

1904 5500 2158 5570 Quisquis
2190 5515 2222 5553 a
2258 5500 2369 5554 Deo
2394 5500 2592 5553 donum
2625 5511 2767 5550 verae
2795 5494 3069 5566 sapientia:
3091 5488 3335 5561 percipit,
3362 5487 3480 5554 ipse

1906 5590 2288 5660 multiplicibus
2308 5589 2675 5644 doctrinarum
2689 5594 2743 5641 et
2757 5588 3017 5640 virtutum
3035 5579 3296 5635 fructibus
3306 5577 3482 5631 abun—

1909 5680 2076 5746 dabit,
2109 5681 2234 5748 quia
2263 5678 2315 5732 in
2348 5677 2437 5731 illo
2464 5676 2756 5746 replebitur
2783 5674 2872 5727 illa
2902 5669 3177 5726 Dominica
3215 5665 3481 5721 sententia

3012 5757 3089 5816 29
