3926 6168
546 294 651 347 907

548 427 650 481 qua
683 409 811 464 dicit
844 425 854 461 :
897 428 911 458 ι
947 405 1044 474 Qui
1087 404 1285 459 biberit
1326 418 1522 472 aquam
1567 417 1729 472 quam
1768 415 1869 470 ego
1895 398 2033 454 dabo
2064 396 2132 459 ei,
2167 397 2215 457 Α

552 505 644 559 fiet
664 503 715 556 in
732 516 797 556 eo
818 498 934 553 fons
956 512 1106 567 aqum
1127 496 1368 550 salientis
1400 495 1451 548 in
1480 494 1645 548 vitam
1673 499 1927 545 :eternam
1952 487 2130 558 (Joau.

551 594 646 665 tv).
689 613 706 644 ›
746 591 811 645 Et
847 590 1012 643 item:
1044 608 1060 637 ε
1093 587 1190 655 Qui
1224 586 1359 650 sitit,
1391 584 1585 654 inquit,
1616 581 1797 636 veniat
1834 580 1901 633 ad
1941 594 2047 642 me,
2083 586 2139 631 et

551 683 739 736 bibat:
778 686 832 733 et
875 678 939 732 de
989 684 1176 730 ventre
1215 674 1331 745 ejus
1381 672 1547 727 fluent
1594 686 1749 740 aqum
1781 669 1917 723 vivze
1952 666 2134 740 (Juan.

553 770 670 843 vn).
706 791 724 822 ι

629 882 644 911 ι
676 860 782 915 Cor
820 857 951 912 fatui
999 856 1151 927 quasi
1200 871 1295 910 vas
1333 853 1694 917 confractum,
1720 861 1775 907 et
1801 864 2017 906 omnem
2052 862 2138 902 sa-

558 970 574 999 ι
607 950 862 1020 pientiam
893 962 998 1002 non
1035 946 1258 1001 tenebit.
1290 964 1308 994 ι
1360 944 1510 998 Mens
1541 958 1671 1014 ergo
1707 940 1854 997 stulti
1899 936 2137 993 bzeretici

551 1041 703 1111 quasi
741 1054 836 1094 vas
868 1037 1203 1094 confractum
1240 1044 1343 1100 est,
1381 1036 1505 1105 quia
1535 1033 1754 1088 malitia:
1779 1029 2011 1086 stimulis
2035 1044 2138 1081 un-

550 1133 710 1204 dique
743 1139 826 1187 est
848 1128 1199 1202 perforatum,
1241 1142 1340 1183 nec
1377 1126 1484 1195 iam
1519 1125 1714 1180 habilis
1753 1130 1837 1177 est
1881 1122 1947 1177 ad
1983 1135 2140 1175 usum

552 1222 847 1294 sapientire,
884 1221 1008 1290 quia
1044 1221 1297 1274 virtutem
1338 1217 1475 1287 ejus,
1521 1232 1640 1287 qua:
1668 1217 1881 1271 sincera
1914 1223 1970 1269 et
2002 1228 2138 1283 pura

545 1324 656 1380 est,
702 1323 922 1386 propter
968 1313 1049 1368 sui
1097 1311 1394 1368 fwditatem
1451 1310 1728 1365 continere
1779 1322 1886 1362 non
1941 1311 2136 1376 potest.

556 1408 709 1462 Unde
729 1407 898 1462 dicit:
929 1425 948 1457 ι
975 1420 1186 1461 omnem
1218 1402 1533 1473 sapientiam
1568 1417 1675 1456 non
1703 1399 1930 1466 tenebit,
1962 1417 1981 1450 ι
2017 1397 2142 1467 quia

556 1498 790 1568 Spiritus
815 1506 1033 1552 sanctus
1066 1494 1361 1565 disciplina:
1404 1492 1624 1562 ell‘ugict
1663 1493 1878 1558 fictum;
1936 1509 1954 1542 ι
1984 1497 2039 1545 et
2089 1489 2142 1543 in

561 1590 872 1646 malevolam
901 1589 1136 1643 animam
1165 1601 1269 1642 non
1295 1587 1538 1641 introibit
1565 1586 1851 1656 sapientia.
1883 1602 1901 1636 ι

634 1701 651 1733 ι
683 1680 919 1735 Verbum
974 1678 1190 1747 sapiens
1242 1678 1600 1747 quodcunque
1659 1676 1891 1730 audierit
1942 1676 2145 1731 inscius

1190 289 1249 345 Β.
1294 286 1547 345 RABANI
1591 285 1812 340 ΜᾸῐῖῘὶί
1853 279 2147 339 ΑΞὶΕΠὶΕΡ

2250 276 2527 334 IOGUNT.
2571 270 2853 329 (LPERL'M
2897 272 3074 327 PARS
3111 272 3153 328 ῐ.
3653 280 3734 331 ειυς

2856 388 3081 444 CAPUT
3128 387 3209 442 Ill.

2240 482 2507 554 Sapientia
2539 481 2761 554 ostendit
2796 478 3344 554 risuntculpumﬁrssc,
3380 495 3473 532 non
3506 484 3739 548 gaudium:

2652 552 2774 623 quia
2815 547 3131 620 gaudiumu
3175 547 3277 601 Deo
3309 558 3398 601 est.

2317 681 2335 712 ι
2364 660 2570 716 Fatuus
2613 661 2667 715 in
2716 659 2825 714 risu
2868 658 3074 714 exaltat
3104 671 3285 712 vocem
3321 673 3482 723 suam,
3515 660 3587 713 vir
3606 673 3740 716 autem

2245 772 2264 805 ι
2292 752 2509 823 sapiens
2534 752 2624 807 vix
2656 751 2818 806 tacite
2841 748 3055 805 ridebit.
3087 770 3106 801 ι
3162 747 3369 804 llomini
3395 751 3616 821 prudenti
3641 762 3742 809 tem-

2239 843 2480 915 perantia
2529 843 2582 898 in
2632 842 2884 897 omnibus
2926 841 3064 896 bene
3108 841 3385 906 convenit,
3429 857 3571 912 quam
3614 844 3744 898 fatuus

2240 936 2405 989 verbo
2453 942 2508 990 et
2559 935 2801 990 moribus
2863 933 3084 989 omnino
3141 949 3357 989 servare
3410 936 3579 990 nescit.
3623 935 3742 991 Juxta

2242 1026 2471 1081 aliorum
2515 1034 2694 1079 atttem
2734 1042 2976 1091 sensum,
3021 1024 3221 1080 stultus
3242 1026 3587 1082 hmreticonlm
3618 1039 3747 1082 emtas

2239 1116 2508 1186 plausibili
2539 1116 2853 1187 operatione
2886 1132 2980 1186 per
3012 1116 3336 1171 rhetoricam
3379 1124 3537 1171 artem
3562 1118 3747 1172 docendo

2244 1207 2550 1262 auditorum
2587 1206 2824 1262 favorem
2852 1208 3066 1277 quaerit,
3099 1207 3193 1262 sed
3223 1209 3356 1263 ordo
3385 1216 3651 1263 sanctorum
3681 1210 3748 1263 dn-

2243 1306 2454 1353 ctorum
2492 1298 2565 1352 ita
2592 1297 2993 1368 iucunditatem
3033 1298 3316 1353 locutionis
3348 1299 3454 1355 suis
3488 1300 3749 1355 intermiscet

2245 1392 2531 1457 doctrinis,
2563 1401 2623 1446 ut
2655 1400 2833 1447 tamen
2862 1407 2893 1445 a
2924 1392 3173 1447 veritatis
3204 1393 3442 1456 tramite,
3470 1402 3519 1447 et
3539 1394 3749 1460 evangeli-

2245 1484 2325 1539 eis
2375 1485 2524 1540 nullo
2575 1485 2736 1541 modo
2798 1485 3019 1541 aberret
3063 1484 3377 1554 disciplinis.
3432 1485 3567 1541 Unde
3603 1494 3647 1539 et
3686 1501 3747 1539 sr-

2245 1576 2433 1646 quitur
2467 1596 2483 1630 :
2926 1647 2931 1651 ἢ

2324 1693 2342 1725 ι
2378 1672 2766 1728 Ornamentum
2796 1688 3020 1727 aureum
3046 1673 3295 1743 prudenti
3317 1674 3559 1736 doctrina,
3577 1680 3622 1727 et
3639 1675 3750 1743 quasi

564 1792 580 1823 ι
612 1771 871 1835 laudabit,
892 1778 947 1824 ct
974 1744 1051 1823 ad
1070 1784 1128 1824 sc
1151 1744 1368 1838 adiiciet
1394 1786 1407 1821 :
1430 1744 1611 1822 audiet
1638 1766 1945 1821 luxuriosus
1965 1775 2020 1820 et
2041 1766 2147 1821 dis-
2175 1744 2221 1803 Β
2254 1784 2271 1815 ι
2300 1763 2573 1819 brachiale
2601 1767 2653 1818 in
2682 1762 2906 1819 brachio
2933 1764 3143 1818 dextro.
3177 1783 3195 1813 ι
3239 1764 3375 1834 Ergo
3401 1763 3484 1833 qui
3509 1779 3664 1818 aurum
3687 1779 3749 1817 sa~

566 1881 583 1912 ι
612 1860 830 1932 plicebit
857 1859 951 1924 illi,
981 1866 1034 1913 et
1074 1857 1317 1928 projiciet
1348 1858 1475 1911 illud
1506 1848 1628 1927 post
1661 1857 1881 1912 dorsum
1912 1871 2088 1911 suum.
2121 1874 2140 1906 ι

558 1951 788 2005 luscium
844 1949 1074 2020 appellat
1126 1948 1379 2002 humilem
1420 1949 1720 2003 auditorem
1774 1954 1829 2002 et
1880 1947 2143 2001 intentum

561 2042 931 2096 meditatorem
960 2040 1108 2094 verbi
1137 2040 1250 2104 Dci,
1282 2040 1372 2110 qui
1397 2039 1512 2095 sitit
1540 2055 1661 2095 cum
1692 2039 1953 2111 propheta
1977 2047 2032 2094 et
2053 2055 2149 2109 ap-

560 2131 717 2202 petit,
740 2138 801 2184 ut
823 2130 1104 2200 perveniat
1136 2130 1202 2184 ad
1225 2130 1571 2200 prrescntiam
1601 2138 1656 2185 et
1682 2130 2013 2200 agnitionem
2042 2131 2147 2184 Do-

560 2221 688 2275 mini
721 2222 835 2287 sui;
873 2220 961 2276 hic
987 2220 1280 2275 secundum
1310 2218 1564 2273 sarculum
1595 2227 1680 2275 est
1705 2218 1922 2284 stultus,
1956 2235 2150 2275 secun-

559 2312 686 2365 dum
719 2311 883 2365 Deum
917 2325 1044 2366 vero
1071 2309 1138 2363 ad
1166 2309 1479 2364 discendum
1507 2307 1782 2363 studiosus
1810 2327 1821 2362 :
1857 2329 1876 2362 ι
1904 2309 2028 2378 quia
2054 2308 2149 2363 tibi

559 2400 718 2470 huius
742 2401 921 2457 surculi
948 2401 1329 2473 prudentiores
1366 2408 1493 2455 sunt
1523 2399 1648 2455 ﬁliis
1671 2399 1808 2457 lucis
1838 2400 1907 2458 iIL
1921 2414 2149 2471 genera-

561 2494 709 2549 tione
750 2508 866 2547 sua.
904 2512 925 2546 ι
973 2491 1120 2546 Talis
1144 2506 1274 2562 ergo
1298 2492 1657 2561 quodcunque
1682 2491 1907 2545 verbum
1934 2490 2151 2559 sapiens

562 2582 810 2647 audierit,
858 2581 1120 2646 laudabit,
1170 2581 1393 2647 amabit,
1429 2589 1484 2635 et
1512 2581 1566 2635 in
1605 2595 1758 2635 suam
1792 2587 2028 2634 mentem
2060 2592 2150 2633 re-

561 2673 796 2729 condere
819 2672 1109 2727 festinabit.
1148 2672 1188 2725 E
1213 2680 1403 2727 contra
1426 2687 1557 2727 vero
1586 2671 1900 2726 luxuriosus
1925 2679 1981 2724 et
2004 2684 2153 2723 ama-

564 2776 650 2821 tor
698 2765 1032 2834 voluptatum
1083 2764 1284 2829 sseculi,
1336 2779 1457 2819 cum
1505 2764 1736 2819 audierit
1775 2763 1996 2817 verbum
2034 2760 2149 2825 Dei,

552 2853 865 2925 displicebit
910 2853 1006 2917 illi,
1048 2863 1103 2906 et
1148 2851 1392 2923 projiciet
1428 2860 1552 2922 post
1582 2852 1802 2907 dorsum
1836 2865 2016 2914 suum,
2050 2849 2152 2904 hoc

554 2952 663 3011 est,
702 2945 756 2999 in
793 2943 1003 2999 irritum
1044 2942 1213 3009 ducit,
1252 2956 1354 2998 nec
1392 2941 1566 3012 ipsum
1594 2955 1758 3011 opere
1783 2939 2005 3010 implere
2026 2954 2154 2994 con-

564 3038 756 3093 tendit.

2245 1855 2464 1924 pientia:
2509 1854 2849 1924 splendorem
2888 1861 2949 1907 et
2996 1854 3282 1924 mysticum
3319 1853 3499 1907 divina:
3533 1853 3643 1924 legis
3664 1867 3752 1905 seu-

2246 1962 2366 2003 sum
2393 1947 2684 2019 signilicat,
2712 1947 2867 2017 quasi
2892 1956 3275 2001 ornamentum
3316 1961 3522 2000 aureum
3564 1953 3633 1999 est
3662 1961 3752 2014 pm-

2248 2040 2395 2095 denti
2423 2039 2685 2101 doctrina,
2719 2055 2839 2094 cum
2872 2038 3188 2110 praedicatio
3219 2038 3359 2093 illius
3385 2037 3549 2091 divina
3577 2037 3753 2089 illustra-

2249 2137 2336 2183 tur
2366 2129 2664 2198 sapientia;
2707 2137 2761 2183 et
2786 2129 2938 2198 quasi
2976 2129 3258 2184 brachiale
3287 2130 3339 2184 in
3369 2129 3570 2184 brachio
3592 2128 3752 2187 dextro,

2249 2237 2372 2277 cum
2411 2222 2661 2277 universa
2682 2237 2846 2291 opera
2875 2237 2969 2276 sua
3009 2229 3065 2276 et
3093 2229 3265 2276 totam
3290 2222 3447 2276 vitam
3478 2236 3606 2275 suam
3631 2220 3755 2272 virtu

2251 2320 2362 2367 tum
2391 2312 2692 2367 circumdat
2721 2311 3035 2381 disciplina;
3062 2326 3162 2367 nec
3196 2312 3339 2367 enim
3360 2310 3491 2365 aliud
3516 2310 3671 2364 docere
3689 2317 3753 2362 aut

2251 2414 2414 2472 agere
2450 2401 2617 2465 novit,
2669 2400 2772 2455 nisi
2815 2401 2958 2470 quod
2996 2416 3191 2456 norma
3241 2402 3497 2472 aequitatis
3530 2399 3755 2469 etjustitir.

2252 2490 2422 2546 dictat
2449 2489 2659 2561 regula.

2328 2600 2346 2631 ι
2376 2580 2479 2637 Pes
2520 2579 2650 2634 fatui
2690 2580 2864 2635 facilis
2914 2580 2966 2636 in
3008 2581 3232 2636 domum
3271 2581 3520 2652 proximi;
3557 2589 3603 2634 et
3640 2580 3756 2633 homo

2258 2693 2276 2725 ι
2304 2675 2513 2743 peritus
2546 2672 2896 2728 confunditur
2916 2688 2947 2727 a
2972 2688 3211 2743 persona
3243 2673 3482 2744 potentis.
3512 2691 3529 2722 ι
3564 2670 3645 2724 Pes
3662 2668 3755 2722 fatui

2255 2761 2412 2817 facile
2437 2762 2785 2833 progreditur
2814 2762 2866 2816 iu
2902 2763 3120 2816 domum
3151 2762 3404 2831 proximi,
3442 2777 3548 2816 eum
3580 2759 3754 2814 limi-elici

2255 2861 2538 2909 auctorum
2567 2868 2790 2908 suorum
2816 2862 3025 2908 sectam
3052 2852 3104 2906 in
3134 2851 3410 2908 domicilio
3443 2851 3754 2920 scripturarum

2254 2960 2477 3001 suarum
2519 2945 2820 2999 latitantem
2861 2944 3081 2998 student
3108 2943 3351 3009 imitari;
3389 2944 3475 2999 sed
3500 2943 3633 2996 homo
3656 2940 3757 3008 peri-

2256 3045 2344 3092 tus
2381 3034 2736 3090 confunditur
2760 3049 2791 3088 a
2822 3048 3052 3104 persona
3080 3035 3345 3104 potentis,
3371 3033 3565 3104 quando
3591 3029 3757 3084 catholi-

637 3149 656 3180 ‹
686 3127 939 3184 Narratio
962 3126 1116 3192 fatui,
1156 3127 1310 3197 quasi
1341 3126 1555 3183 sarcina
1586 3127 1640 3181 in
1670 3127 1792 3193 via;
1832 3143 1957 3182 nam
1988 3127 2039 3181 in
2074 3127 2154 3181 la—
2180 3096 2225 3157 Ο
2257 3144 2353 3184 cus
2381 3130 2571 3184 doctor
2598 3126 2873 3182 erubescit
2894 3140 3137 3181 errorem
3174 3127 3335 3196 sequi
3384 3124 3590 3180 hominis
3623 3135 3757 3191 super.

568 3239 586 3270 ι
615 3220 720 3274 biis
744 3219 946 3274 sensati
971 3217 1274 3273 invenietur
1301 3218 1495 3288 gratia.
1529 3236 1547 3268 ι
1595 3217 1848 3272 Doctrina
1875 3232 2004 3288 ergo
2045 3218 2156 3272 lue-

564 3309 721 3364 rctici
759 3309 969 3365 cunctis
1012 3324 1202 3364 sanum
1247 3308 1583 3379 sapientibus
1615 3324 1840 3363 onerosa
1877 3317 1961 3363 est
1988 3309 2040 3362 in
2068 3309 2153 3363 via

566 3402 725 3473 hujus
749 3402 953 3469 saeculi,
983 3403 1107 3473 quia
1144 3401 1274 3456 nulli
1310 3401 1429 3457 usui
1467 3410 1613 3472 apta,
1644 3401 1737 3456 sed
1766 3402 2017 3456 omnibus
2052 3402 2152 3456 bo—

563 3498 651 3552 nis
686 3504 772 3552 est
816 3496 1108 3553 contraria.
1159 3494 1219 3548 In
1263 3495 1418 3550 labiis
1454 3510 1584 3565 ergo
1621 3493 1824 3549 sensati
1854 3493 2157 3547 invenietur

562 3590 761 3661 gratia,
800 3590 934 3660 quia
977 3588 1034 3644 in
1080 3588 1262 3643 verbis
1314 3588 1549 3643 doctoris
1587 3585 1839 3641 catholici
1888 3585 2156 3654 reperitur

565 3695 699 3735 sana
728 3679 1044 3749 praedicatio
1067 3686 1122 3733 et
1146 3678 1318 3750 gratia
1352 3677 1588 3747 Spiritus
1622 3676 1819 3731 sancti.

641 3789 661 3822 ι
686 3767 767 3826 Os
790 3768 1071 3840 prudentis
1099 3767 1359 3839 quaeritur
1382 3766 1434 3820 in
1456 3766 1717 3829 Ecclesia,
1744 3774 1800 3822 et
1824 3766 1987 3822 verba
2009 3766 2154 3821 illius

573 3880 592 3912 ι
621 3860 936 3932 cogitabunt
971 3859 1025 3912 in
1065 3858 1320 3914 cordibus
1358 3859 1490 3913 suis.
1521 3876 1540 3909 ι
1597 3857 1711 3913 Hoc
1755 3865 1860 3923 est,
1907 3858 2149 3914 doctrina

566 3951 818 4009 catholici
852 3951 1222 4022 prmdicatoris
1250 3950 1513 4021 quaeritur
1541 3950 1596 4004 in
1622 3950 1819 4020 populo
1846 3950 1966 4015 Dei,
1989 3960 2044 4004 et
2062 3951 2155 4005 de‘

566 4043 679 4098 voti
725 4042 999 4097 auditores
1042 4041 1207 4095 verba
1254 4040 1398 4095 illius
1436 4040 1779 4095 retractando
1823 4041 2062 4110 cogitant
2099 4041 2153 4095 in

554 4133 820 4189 cordibus
856 4134 989 4199 suis,
1018 4141 1286 4203 quatenus
1308 4148 1372 4188 ea
1399 4141 1545 4188 recte
1574 4132 1916 4204 intelligendo
1937 4141 1993 4188 et
2016 4133 2153 4189 bene

556 4223 797 4279 vivendo
821 4222 1126 4294 compleant
1154 4221 1458 4277 actionibus
1478 4222 1599 4291 piis.

632 4332 662 4364 ι(
691 4313 973 4381 Tanquam
1010 4312 1200 4367 domus
1238 4313 1613 4373 exterminata,
1655 4312 1733 4367 sic
1764 4310 1914 4367 fatuo
1938 4312 2151 4382 sapien-

570 4424 591 4456 ‹
624 4403 719 4469 tia,
747 4412 802 4458 et
821 4403 1045 4458 scientia
1074 4403 1334 4457 insensati
1362 4402 1744 4457 inenarrabilia
1771 4402 1955 4458 verba.
1984 4421 2002 4455 ι
2044 4403 2151 4458 Do-

568 4508 689 4549 mus
715 4494 1073 4548 exterminata
1110 4494 1248 4548 bene
1281 4500 1460 4562 potest
1497 4493 1603 4548 dici
1644 4493 2021 4548 haereticorum
2062 4508 2152 4564 sy-

566 4600 797 4656 nagoga,
844 4584 933 4639 ubi
985 4583 1118 4638 recti
1157 4591 1212 4638 et
1255 4582 1506 4637 catholici
1546 4597 1740 4638 sensus
1766 4583 2040 4652 spernitur
2065 4600 2155 4638 sa-

565 4677 791 4746 pientia.
807 4674 1097 4745 Propterea
1120 4672 1363 4729 scientia:
1382 4672 1592 4727 illorum
1620 4680 1745 4728 sunt
1769 4666 2151 4729 inenarrabilia

567 4768 754 4834 verba,
796 4768 922 4839 quia
958 4765 1354 4837 multiplicibus
1395 4764 1673 4821 erroribus
1716 4774 1841 4820 sunt
1881 4767 2147 4830 obnoxia;

568 4873 679 4914 non
702 4860 847 4916 enim
875 4858 1092 4924 docent,
1119 4858 1263 4928 quod
1287 4857 1486 4913 veritas
1504 4857 1689 4923 habet,
1715 4858 1809 4913 sed
1834 4858 1977 4928 quod
2005 4857 2155 4913 falla-

570 4950 706 5006 citer
734 4964 921 5007 eorum
953 4950 1109 5006 finxit
1128 4951 1393 5021 nequitia.

647 5060 666 5092 ι
690 5040 988 5111 Compedes
1022 5042 1077 5097 in
1119 5042 1345 5113 pedibus
1387 5042 1552 5098 stulto
1586 5043 1851 5109 doctrina,
1899 5052 1954 5099 et
1998 5045 2151 5116 quasi

568 5145 597 5178 ι
629 5126 842 5182 vincula
884 5143 1143 5185 manuum
1190 5146 1353 5200 supra
1399 5146 1616 5186 manum
1652 5134 1918 5188 dextram.
1955 5152 1972 5185 ι
2021 5135 2153 5189 Ver-

562 5220 698 5275 bum
725 5219 868 5276 enim
897 5220 1045 5289 vitaz,
1071 5222 1213 5292 quod
1241 5221 1434 5278 liberat
1462 5239 1491 5277 a
1511 5234 1685 5281 morte
1706 5226 1916 5281 animas
1945 5227 2147 5292 ﬁdeles,

566 5312 1054 5386 obligatcompede
1077 5312 1287 5369 animas
1313 5322 1580 5381 errantes,
1607 5315 1731 5386 quia
1761 5318 2035 5387 gressibus
2059 5333 2150 5373 eo-

569 5420 712 5470 rum,
746 5403 945 5474 quibus
973 5402 1227 5459 incedunt
1256 5402 1311 5457 in
1346 5403 1432 5458 via
1451 5403 1780 5474 iniquitatis,
1803 5407 2146 5473 contradicit,

564 5503 626 5547 et
666 5494 870 5550 dextrae
901 5506 1116 5557 eorum,
1157 5491 1258 5547 hoc
1296 5500 1380 5548 est
1421 5493 1676 5562 operibus
1709 5495 1893 5564 pravis
1934 5494 2149 5552 vincula

566 5582 781 5651 injicit,
802 5585 1018 5656 quando
1061 5583 1302 5641 actiones
1346 5597 1537 5639 eorum
1579 5584 1886 5641 damnando
1934 5583 2150 5641 fortiter

559 5675 928 5746 reprehendit.

2256 3218 2473 3273 bientis.

2334 3328 2352 3360 ‹
2384 3307 2593 3363 Stultus
2631 3323 2660 3362 a
2702 3307 2938 3363 fenestra
2968 3307 3226 3378 respiciet
3253 3308 3308 3363 in
3339 3308 3537 3363 domum
3564 3324 3576 3360 :
3603 3305 3669 3358 vir
3691 3317 3758 3356 au-

2262 3418 2280 3451 t
2313 3408 2421 3455 tem
2454 3400 2697 3455 eruditus
2731 3398 2863 3454 foris
2891 3399 3074 3455 stabit.
3107 3419 3127 3451 ι
3189 3399 3289 3456 Hic
3317 3400 3461 3455 locus
3483 3415 3568 3470 per
3589 3397 3758 3468 figuram

2253 3492 2488 3550 ostendit
2514 3492 2835 3546 malitiosam
2857 3492 3238 3546 haereticorum
3265 3492 3587 3547 calliditatem
3602 3530 3615 3552 ,
3638 3498 3681 3542 et
3702 3486 3760 3538 lu-

2255 3586 2527 3641 culentam
2569 3584 2959 3640 catholicorum
2989 3584 3410 3654 simplicitatem.
3460 3582 3637 3638 Stultus
3665 3592 3760 3644 ergo

2254 3691 2284 3729 a
2315 3675 2550 3730 fenestra
2582 3674 2836 3745 respiciet
2868 3674 2920 3728 in
2951 3675 3196 3739 domum,
3229 3676 3441 3745 quando
3482 3672 3671 3730 callidus
3698 3685 3759 3723 ar-

2254 3774 2596 3838 gumentator
2618 3767 2672 3820 in
2701 3766 2863 3821 domo
2892 3763 3299 3836 Scripturarum
3346 3767 3587 3823 foramina
3617 3762 3759 3833 qumrit

2254 3855 2566 3911 occultioris
2595 3870 2810 3920 sensus,
2850 3856 2992 3910 unde
3034 3858 3242 3913 erroris
3284 3857 3366 3912 sui
3405 3856 3563 3927 possit
3583 3853 3764 3922 arripere

2254 3945 2640 4010 assertionem;
2674 3945 2768 4000 sed
2793 3945 3090 4001 catholicus
3120 3947 3313 4003 doctor
3338 3948 3463 4002 foris
3486 3946 3645 4010 stabit,
3672 3942 3763 4012 quia

2255 4038 2590 4108 Scripturam
2635 4054 2846 4094 sacram
2896 4037 3253 4096 manifestare
3276 4081 3291 4101 ,
3337 4049 3391 4095 et
3438 4040 3499 4094 ad
3536 4037 3765 4094 multorum

2253 4130 2500 4186 notitiam
2527 4129 2912 4199 praedicatione
2936 4143 3031 4183 sua
3056 4130 3359 4199 perducere
3387 4128 3651 4186 contendit.
3698 4126 3767 4177 Ve-

2252 4223 2388 4277 ritas
2416 4222 2561 4277 enim
2596 4220 2822 4292 angulos
2851 4236 2958 4275 non
2980 4229 3149 4287 amat,
3176 4223 3272 4277 sed
3312 4238 3407 4292 per
3437 4221 3557 4277 lucis
3575 4224 3765 4276 semitam

2252 4317 2511 4373 ambulat.

2327 4429 2346 4462 ί
2373 4409 2610 4464 Stultitia
2643 4407 2877 4463 hominis
2914 4406 3102 4462 audire
3138 4423 3240 4477 per
3267 4407 3478 4472 ostium,
3512 4411 3559 4460 et
3585 4401 3766 4474 prudens

2258 4519 2278 4552 ‹
2305 4501 2616 4571 gravabitur
2640 4498 2983 4554 contumelia.
3014 4518 3035 4551 ο
3087 4498 3330 4554 Stultitia
3366 4507 3450 4554 est
3487 4493 3689 4550 hominis
3721 4489 3768 4543 ab

2251 4606 2348 4645 ore
2376 4590 2752 4645 htereticorum
2785 4588 2921 4644 velle
2954 4588 3354 4658 praedicationis
3376 4588 3552 4642 audire
3578 4582 3765 4637 verbium.

2253 4682 2377 4751 quia
2406 4680 2529 4734 inde
2556 4678 2677 4734 fidei
2698 4694 2808 4734 suae
2829 4686 3006 4749 potest
3033 4680 3285 4749 accipere
3306 4676 3615 4733 scandalum.
3642 4672 3768 4724 Verus

2252 4787 2382 4840 ergo
2406 4771 2727 4840 prmdicator
2757 4770 2904 4824 verbi
2938 4770 3132 4838 sa‘pius
3163 4770 3422 4824 malorum
3448 4766 3655 4822 adicitur
3674 4776 3768 4817 con:

2255 4861 2494 4924 tumelia,
2529 4860 2653 4929 quia
2682 4861 2750 4914 ab
2775 4859 3046 4929 :equitatis
3073 4860 3220 4915 nullo
3247 4861 3405 4915 modo
3422 4859 3530 4913 vult
3550 4852 3768 4914 discedere

2254 4952 2458 5022 regula.
2507 4950 2619 5006 lloc
2645 4952 2790 5005 enim
2815 4951 2982 5008 distat
3002 4954 3142 5009 inter
3168 4952 3475 5007 hmreticum
3513 4958 3562 5003 et
3599 4940 3768 5001 catlmli-

2252 5060 2401 5109 cum,
2445 5045 2587 5113 quod
2632 5044 2720 5100 ille
2759 5048 2964 5116 appetit
3006 5047 3219 5102 laudem
3254 5048 3556 5109 humanam,
3586 5044 3671 5097 iste
3691 5037 3771 5109 glu-

2252 5139 2387 5193 riam
2417 5139 2680 5203 divinam;
2725 5139 2812 5195 ille
2847 5141 3041 5209 quaerit
3068 5157 3325 5212 prospera
3361 5140 3554 5203 mundi,
3586 5138 3669 5191 ista
3693 5144 3767 5184 non

2250 5227 2585 5297 pertimescit
2618 5244 2716 5298 pro
2755 5228 2976 5284 Christo
3010 5231 3235 5285 adversa
3265 5230 3412 5300 pati;
3452 5228 3534 5283 ille
3560 5223 3703 5281 tendit
3720 5214 3768 5271 ad

2253 5326 2438 5388 portas
2468 5319 2677 5381 mortis,
2710 5317 2811 5373 istc
2842 5319 2908 5374 ad
2935 5319 3129 5390 gaudia
3156 5320 3307 5390 regni
3332 5317 3571 5374 cmlestis.

2329 5426 2348 5459 ι
2374 5407 2541 5462 Labia
2570 5407 2988 5478 imprudentium
3009 5410 3168 5464 stulta
3189 5411 3485 5464 narrabunt
3506 5427 3518 5462 :
3539 5402 3677 5460 verba
3698 5413 3767 5452 au-

2259 5513 2279 5546 ι
2307 5503 2415 5551 tem
2464 5496 2808 5566 prudentium
2867 5506 3067 5552 statera
3130 5488 3577 5567 ponderabuntur.
3602 5512 3618 5543 ι
3682 5487 3767 5541 Hoc

2254 5584 2512 5651 insinuat,
2534 5586 2675 5655 quod
2700 5602 2978 5643 sermones
2996 5589 3356 5659 insipientium
3378 5585 3630 5645 stultitiam
3649 5575 3765 5650 pravi

2254 5692 2443 5733 sensus
2465 5691 2679 5746 semper
2701 5677 3001 5747 proferunt,
3028 5679 3186 5736 verba
3215 5689 3391 5735 autem
3414 5677 3622 5733 fidelium
3644 5681 3764 5735 τρειιι
