3926 6168
263 237 377 296 909

1164 240 1517 300 COMMENT.
1560 243 1627 299 IN
1675 245 2288 310 ECCLESIASTICUM.
2329 285 2400 296 -—
2435 255 2564 311 LIB.
2604 257 2666 315 Ἴ.

3447 274 3551 331 910

268 353 379 406 tam
411 348 703 405 recta-Mei
733 350 788 403 in
815 347 1060 405 doctrina
1089 366 1186 407 sua
1224 353 1423 425 ubique
1465 372 1683 413 servare
1725 372 1858 414 con-
1887 367 1936 425 Α
1964 362 2056 431 qui
2084 364 2138 418 in
2163 363 2339 437 lapide
2354 367 2508 425 ‘luteo
2529 370 2613 427 vel
2633 353 2701 427 de
2719 366 2961 430 stercore
2979 375 3141 433 boum
3162 377 3428 450 lapidatus
3447 396 3549 449 est,

266 441 499 497 tendunt
514 479 530 494 .

346 552 366 585 ι
392 531 450 587 ln
480 546 578 587 ore
602 530 876 586 fatuornm
904 546 1002 587 eor
1031 532 1269 598 illorum,
1291 544 1346 589 et
1374 536 1427 590 in
1454 537 1618 593 corde
1642 540 1861 609 sapien-

267 623 405 677 tium
433 636 497 676 os
524 619 761 676 illorum.
792 639 813 672 ι
863 620 920 674 ln
944 636 1040 677 ore
1069 621 1340 678 fatnorum
1369 639 1467 679 cor
1506 626 1720 682 illorum
1754 638 1857 694 est,

262 711 483 781 quando
507 709 884 766 haereticorum
910 719 966 765 et
986 711 1456 768 schismaticorum
1492 717 1655 771 stulta
1687 719 1863 775 inten-

266 803 346 857 tio
373 803 663 857 verborum
694 802 923 856 intendit
948 811 1165 857 ornatu.
1223 824 1241 856 ι
1270 805 1327 859 In
1353 808 1517 864 corde
1552 820 1731 866 autem
1770 828 1858 868 sa-

260 892 525 963 pientium
552 906 615 946 os
639 891 873 957 illorum,
906 911 924 942 ›
958 895 1176 964 quando
1210 895 1504 953 electorum
1545 902 1726 956 studet
1750 903 1862 958 elo—

258 984 451 1055 quium
490 999 636 1039 vera:
682 985 960 1053 sapientiae
1004 986 1235 1042 ﬁdeliter
1275 991 1581 1060 exprimere
1617 1009 1855 1051 sensum.

340 1092 361 1125 ς
386 1073 521 1128 Dum
561 1072 835 1137 maledicit
868 1075 1063 1145 impius
1101 1076 1394 1139 diabolum.
1429 1082 1703 1139 maledicit
1741 1085 1857 1155 ipse

264 1183 286 1216 ι
325 1165 562 1221 animam
617 1179 791 1220 suam.
821 1185 840 1217 ι
907 1164 1023 1220 Νοη
1078 1167 1198 1223 ideo
1244 1169 1586 1228 maledicitur
1636 1174 1854 1246 impius,

256 1256 409 1326 quod
459 1254 804 1310 maledictum
846 1255 978 1310 dicit
1032 1256 1326 1328 malignum
1385 1259 1703 1329 diabolum;
1759 1268 1856 1322 sed

256 1344 405 1413 quod
436 1345 598 1407 hunc,
638 1359 797 1414 quem
850 1346 997 1399 novit
1032 1346 1347 1417 malignum,
1380 1365 1487 1404 non
1523 1362 1702 1408 cessat
1734 1369 1856 1424 per-

253 1452 416 1492 versa
465 1436 741 1491 voluntate
778 1446 832 1490 et
876 1438 1130 1507 operibus
1153 1441 1337 1509 pravis
1364 1444 1518 1512 sequi
1548 1445 1850 1502 inimicum.

255 1524 414 1581 Unde
438 1525 695 1581 Dominus
724 1527 777 1581 in
805 1527 1093 1598 Evangelio
1119 1530 1187 1584 ad
1205 1529 1423 1587 Judmos
1451 1533 1527 1588 ait
1554 1553 1568 1588 τ
1599 1555 1619 1586 ι
1652 1536 1758 1592 Vos
1785 1553 1849 1593 ex

1964 453 2218 545 populum
2242 456 2512 529 signiﬁcat
2534 459 2866 531 Judzeorum,
2908 466 3003 537 qui
3044 482 3110 523 ex
3152 466 3332 540 fragili
3377 476 3554 545 genti-

1962 544 2094 636 lium
2121 549 2277 604 turba
2304 561 2359 605 et
2381 550 2555 623 legem
2589 554 2860 625 ignoranti
2889 555 3072 631 (quem
3091 558 3228 630 lapis
3249 544 3448 636 ﬁgurat
3469 564 3555 623 lu-

1964 633 2104 704 teus)
2135 637 2516 707 exprobratur,
2546 657 2614 698 eo
2638 645 2782 714 quod
2809 661 2908 716 pro
2928 648 3197 718 pravitate
3239 633 3433 711 sensus
3465 656 3550 711 sui

1962 723 2015 816 in
2054 723 2330 816 Christum
2366 729 2544 798 palam
2574 734 2971 802 advenientem,
3010 737 3104 807 qui
3127 739 3230 795 sibi
3254 745 3308 796 in
3330 740 3471 816 Lege
3494 753 3553 801 et

1961 811 2244 884 Prophetis
2272 820 2570 887 promissus
2598 831 2703 888 est,
2731 825 2910 881 renuit
2935 829 3173 884 credere.
3226 829 3376 886 ldem
3403 811 3460 888 et
3482 834 3551 890 de

1959 909 2200 956 stercore
2220 903 2403 973 boum,
2429 908 2532 964 hoc
2555 920 2637 965 est
2664 911 2732 967 de
2755 911 2955 969 Judzeis
2975 919 3340 986 credentitus,
3364 923 3456 992 qui
3478 938 3548 980 ex

1959 992 2199 1062 antiquis
2221 995 2413 1064 bobus,
2440 1000 2766 1068 patriarehis
2787 1004 3035 1061 videlicet
3069 1008 3353 1080 religiosis,
3384 1021 3440 1068 et
3464 1012 3546 1069 le-

1957 1084 2040 1155 gis
2053 1082 2244 1157 jugum
2271 1091 2614 1157 portantibus
2644 1094 2773 1149 editi
2804 1104 2945 1161 sunt,
2971 1114 3070 1167 pro
3093 1102 3335 1159 caecitate
3362 1104 3545 1160 cordis

1957 1174 2042 1228 sui
2091 1175 2423 1245 irridentur,
2469 1183 2726 1251 quoniam
2776 1186 3201 1247 incarnationem
3246 1192 3545 1253 Salvatoris

1956 1267 2374 1355 prtesentialiter
2414 1270 2516 1326 sibi
2554 1272 2739 1329 datam
2785 1276 2947 1348 digna
2994 1277 3099 1336 ﬁde
3160 1283 3403 1355 recipere
3436 1301 3541 1344 no-

1954 1353 2193 1411 luerunt.

2031 1462 2051 1495 ι
2078 1444 2334 1505 Confusio
2372 1454 2546 1521 patris
2591 1463 2678 1510 est
2712 1456 2780 1512 de
2816 1456 2927 1514 ﬁlio
2959 1459 3362 1532 indisciplinato
3386 1483 3400 1519 :
3428 1465 3539 1523 ﬁlia

1960 1554 1980 1587 ι
2007 1543 2188 1594 autem
2226 1540 2377 1598 fatua
2413 1546 2468 1600 in
2502 1547 2936 1609 deminoratione
2961 1553 3072 1610 ﬁet.
3107 1575 3126 1608 ι
3178 1556 3540 1617 Confunditnr

252 1626 410 1685 patre
439 1616 654 1671 diabolo
700 1618 855 1682 estis,
893 1625 949 1671 et
984 1617 1253 1673 desideria
1286 1621 1459 1688 patris
1493 1624 1659 1679 vestri
1689 1627 1853 1681 vultis
1952 1627 2098 1681 enim
2136 1629 2329 1685 doctor
2368 1634 2595 1703 quilibet
2624 1651 2725 1707 pro
2760 1641 3005 1710 reprobis
3028 1644 3269 1701 moribus
3293 1648 3540 1719 discipuli

251 1710 436 1765 facere
465 1706 647 1781 (Joan.
678 1708 817 1781 vin).
855 1729 873 1762 ι
923 1709 1039 1765 Non
1073 1712 1218 1766 e..im
1242 1713 1336 1767 ﬁlii
1362 1714 1559 1769 diaboli
1598 1716 1698 1786 ipsi
1731 1717 1845 1773 fne-
1874 1712 1920 1770 B
1948 1717 2353 1790 indisciplinati,
2381 1725 2510 1794 quia
2540 1724 2595 1781 in
2620 1706 2687 1784 eo
2712 1706 2914 1787 labdris
2942 1732 3026 1788 sui
3068 1732 3303 1791 {metum
3348 1706 3539 1794 condi-

252 1809 384 1855 runt
408 1801 715 1856 conditione
744 1810 967 1866 naturae,
1011 1803 1105 1858 sed
1154 1804 1373 1861 malitia:
1411 1806 1555 1863 illius
1592 1824 1845 1878 perversa

251 1891 579 1946 imitatione.
632 1892 691 1947 In
733 1908 798 1948 eo
830 1894 974 1948 enim
1005 1896 1355 1966 semetipsum
1386 1898 1582 1970 impius
1626 1903 1848 1959 inaledi-

250 1986 350 2050 cit,
378 1985 518 2054 quod
557 1984 827 2039 diabolum
860 1995 1082 2056 propter
1125 1988 1458 2060 impietatem
1504 2009 1659 2049 suam
1696 1997 1849 2052 dam-

254 2087 448 2133 natum
491 2078 663 2149 magis
701 2077 865 2146 elegit
894 2079 1115 2139 imitari.
1147 2097 1308 2152 quam
1332 2083 1604 2141 Christum
1623 2105 1733 2158 pro
1754 2105 1845 2146 sa-

249 2168 366 2222 l'ute
397 2168 617 2222 humani
646 2168 866 2239 generis
891 2170 1235 2226 cruciﬁxum.

326 2256 612 2313 (Susurro
637 2258 1013 2329 coinquinahit
1038 2262 1273 2319 animam
1305 2280 1476 2329 suam,
1508 2270 1641 2325 etin
1667 2275 1849 2329 omni-

253 2368 274 2398 σ
304 2348 408 2403 bus
434 2349 676 2415 odietur;
708 2356 761 2404 et
784 2350 876 2421 qui
906 2366 1033 2407 cum
1061 2368 1128 2408 eo
1161 2358 1426 2413 manserit
1464 2361 1684 2418 odiosus
1716 2366 1842 2431 erit,

250 2456 272 2489 ι
301 2439 586 2494 tacitnS'et
611 2448 860 2495 sensatus
896 2441 1277 2499 honorabitur.
1304 2464 1324 2499 ›
1390 2445 1631 2506 Susurro
1665 2452 1843 2509 nullus

244 2529 442 2585 melius
490 2529 716 2601 intelligi
749 2541 930 2602 potest
966 2549 1132 2603 quam
1163 2536 1473 2606 haereticus,
1513 2542 1603 2611 qui
1630 2544 1844 2603 occulte

243 2620 302 2675 in
332 2621 579 2677 doctrina
617 2638 715 2677 sua
753 2624 981 2680 insidias
1012 2634 1067 2681 et
1093 2627 1316 2698 laqueos
1348 2632 1553 2689 erroris
1582 2635 1838 2707 disponit,

243 2714 312 2768 ad
335 2713 683 2783 decipiendus
710 2714 1129 2786 imprudentium
1156 2720 1382 2779 animas.
1427 2722 1529 2779 llic
1547 2726 1840 2785 sceleribus

242 2806 432 2862 multis
475 2806 709 2862 animam
758 2823 912 2864 suam
963 2811 1355 2881 eoinquinabit‘,
1404 2825 1461 2871 et
1494 2816 1548 2871 in
1589 2820 1840 2878 omnibus

242 2907 358 2951 tam
413 2898 594 2954 verbis
639 2913 800 2968 quam
855 2900 1019 2954 etiam
1067 2900 1231 2957 factis
1274 2919 1459 2959 coram
1515 2908 1838 2978 sapientium

239 2987 419 3043 oculis
447 3003 663 3058 semper
693 2989 911 3045 odiosus
935 2991 1062 3057 erit,
1090 3001 1146 3047 et
1171 2993 1482 3066 quicunque
1517 3013 1707 3053 eorum
1744 3015 1834 3056 se-

1946 1822 2112 1877 gnum
2154 1825 2262 1865 non
2311 1812 2536 1869 invenit.
2582 1814 2847 1875 Similiter
2886 1820 2941 1876 in
2985 1820 3096 1877 ﬁlia
3143 1824 3541 1897 indisciplinata

1947 1897 2169 1956 honoris
2207 1902 2326 1972 ejus
2366 1903 2659 1965 diminutio
2698 1908 2776 1976 ﬁt,
2803 1912 2932 1983 quia
2960 1914 3017 1969 in
3039 1918 3393 1986 perversitate
3420 1936 3539 1977 mo-

1948 2004 2067 2045 rum
2090 1991 2233 2048 illius
2260 1994 2539 2053 tristitiam
2568 2008 2624 2054 et
2653 2016 2760 2057 non
2782 2003 3113 2062 hilaritatem
3142 2010 3322 2066 cordis
3356 2012 3537 2068 habet.

1944 2076 2032 2169 An
2056 2078 2143 2133 ille
2161 2084 2514 2142 contristatus
2541 2087 2609 2143 de
2636 2089 3021 2162 discipulorum
3044 2096 3387 2168 improbitate
3414 2099 3536 2169 fuit,

1945 2167 2038 2238 qui
2069 2170 2137 2224 ad
2173 2173 2436 2240 quosdam
2459 2176 2531 2230 ita
2554 2178 2795 2248 scripsit,
2819 2181 3042 2240 dicens:
3076 2203 3095 2236 ι
3121 2167 3331 2244 ἢειιεω
3354 2167 3537 2246 autem

1943 2272 2066 2313 esse
2090 2261 2232 2330 apud
2257 2277 2354 2318 vos
2383 2266 2561 2330 modo,
2599 2276 2655 2322 et
2685 2277 2897 2327 mutare
2933 2289 3121 2331 vocem
3160 2292 3339 2337 meam
3365 2298 3380 2335 :
3409 2297 3541 2353 quo-

1944 2347 2091 2437 niam
2128 2349 2429 2408 confundor
2475 2354 2531 2408 in
2569 2355 2757 2413 vobis?
2785 2378 2805 2412 ι
2847 2358 2991 2433 (Gal.
3032 2363 3130 2437 IV.)
3170 2365 3273 2434 Qui
3306 2347 3445 2425 alibi.
3468 2372 3537 2428 de

1941 2435 2187 2505 profectu
2209 2439 2475 2497 bonorum
2499 2444 2732 2501 ﬁliorum
2755 2450 2996 2519 gaudens
3018 2435 3339 2525 gratulando
3361 2461 3538 2517 exsul-

1944 2536 2043 2595 tat,
2072 2530 2259 2588 dicens
2285 2550 2300 2586 :
2333 2552 2352 2585 ί
2377 2533 2544 2592 Multa
2569 2539 2701 2593 mihi
2725 2538 2921 2598 ﬁducia
2947 2554 3030 2599 est
3047 2548 3189 2617 apud
3208 2563 3335 2616 vos;
3365 2551 3537 2607 multa

1940 2621 2073 2676 mihi
2107 2622 2359 2695 gloriatio
2389 2642 2490 2698 pro
2514 2629 2698 2697 vobis;
2727 2632 2963 2703 repletus
2992 2651 3114 2692 sum
3145 2641 3532 2708 consolatione,

1941 2714 2318 2784 superabundo
2344 2718 2542 2788 gaudio
2570 2719 2625 2774 in
2656 2723 2805 2777 omni
2837 2724 3189 2784 tribulatione
3223 2739 3408 2786 nostra
3444 2733 3534 2805 (II

1940 2801 2064 2859 Cor.
2094 2805 2211 2879 vn).
2241 2826 2262 2860 ι
2316 2808 2385 2863 Et
2420 2809 2589 2865 item:
2618 2811 2721 2867 «In
2765 2814 3153 2884 consolatione,
3198 2820 3392 2891 inquit,
3435 2801 3535 2880 no-
3584 2803 3598 2816 ’

1939 2904 2051 2951 stra
2081 2897 2445 2957 abundantius
2481 2903 2655 2976 magis
2682 2906 2851 2978 gavisi
2890 2921 3078 2965 sumus
3123 2926 3289 2982 super
3332 2915 3529 2985 gaudio

1940 2987 2068 3053 Titi,
2090 2990 2218 3060 quia
2246 2989 2483 3049 refectus
2506 3002 2591 3049 est
2607 2995 2830 3066 spiritus
2849 2996 2965 3067 ejus
2982 3000 3050 3055 ab
3070 3001 3322 3059 omnibus
3343 3005 3526 3071 vobis;

240 3082 349 3138 ctis
371 3081 629 3152 deceptus
658 3082 711 3136 in
735 3083 814 3138 eis
834 3098 1156 3154 permanere
1187 3058 1359 3157 usque
1393 3058 1474 3144 'ad
1511 3087 1672 3145 ﬁnem
1710 3090 1836 3147 vita

1950 3086 1995 3132 et
2033 3078 2080 3132 si
2108 3058 2275 3151 quid.
2311 3083 2453 3153 apud
2494 3058 2652 3139 illum.
2683 3086 2749 3143 de
2774 3058 2930 3145 vobis
2957 3090 3218 3162 gloriatus
3252 3058 3530 3163 sumit—oti

240 3172 573 3238 decreverit,
602 3173 706 3228 iste
729 3174 978 3230 similiter
1007 3177 1257 3233 omnibus
1286 3178 1444 3234 bonis
1466 3179 1683 3235 odibilis
1705 3181 1833 3236 erit.

240 3262 285 3317 E
324 3262 612 3318 contrario.
637 3278 764 3318 vero
791 3264 880 3319 ille
905 3266 999 3334 qui
1026 3265 1223 3337 linguae
1257 3283 1371 3323 suae
1408 3279 1591 3324 servat
1634 3278 1837 3340 tempe

240 3361 576 3419 ramentum,
613 3364 667 3409 et
690 3353 976 3409 verborum
1006 3356 1345 3412 moderatum
1372 3366 1520 3414 tenet
1539 3359 1835 3426 silentium,

240 3446 348 3499 iste
393 3445 687 3500 secundum
712 3445 837 3501 boui
859 3459 1053 3502 sensus
1074 3448 1158 3501 sui
1185 3447 1505 3519 dignitatem
1533 3448 1831 3515 caelestem,

237 3519 466 3591 Chrith
488 3537 775 3604 tribuente,
802 3538 1101 3609 possidebit
1122 3539 1405 3594 honorem.

859 3667 1088 3725 CAPUT
1120 3668 1209 3725 1V.

242 3774 405 3862 Piger
442 3777 560 3841 iste,
584 3777 674 3849 qui
701 3777 766 3862 de
791 3776 963 3862 lapide
990 3776 1127 3862 luteo
1151 3786 1198 3831 et
1229 3778 1294 3831 de
1321 3780 1722 3862 stercoratione:
1755 3781 1837 3836 la-

309 3848 546 3916 ptdatur,
574 3847 796 3927 populus
817 3847 890 3901 est
911 3847 1222 3929 Judfcorum
1245 3865 1360 3930 cum
1388 3849 1454 3903 de
1477 3849 1653 3919 lapide
1673 3851 1832 3916 luteo,

313 3917 371 4001 id
406 3928 480 4001 est
514 3918 784 4001 genttttunt
819 3916 981 3987 legem
1005 3928 1383 4001 .tgnorantmm
1422 3919 1614 4001 populo
1652 3936 1842 4001 expro-

313 3988 501 4040 bratur
522 4001 540 4037 .'
563 3997 610 4041 et
639 3987 703 4040 de
731 3998 957 4040 stercore
999 3987 1177 4053 boum,
1211 3988 1266 4040 id
1298 3997 1375 4042 est
1413 3987 1447 4041 ὰ
1484 3987 1690 4044 Iudam
1714 3987 1836 4060 jam

313 4057 665 4110 credentibus.

313 4168 467 4242 (CAP.
496 4168 656 4242 xm.)
683 4190 701 4221 ι
729 4171 785 4225 ln
807 4170 983 4240 lapide
1000 4169 1145 4226 luteo
1158 4170 1430 4241 lapidatnr
1440 4170 1614 4242 piger,
1637 4180 1694 4226 et
1713 4188 1833 4228 om-

242 4283 263 4316 1
294 4279 396 4318 nes
435 4262 720 4332 loquentur
764 4276 926 4334 super
961 4264 1396 4334 aspernationem
1434 4263 1597 4319 illius.
1623 4283 1642 4316 ι
1679 4264 1737 4320 ln
1763 4265 1839 4319 la-

1940 3183 2059 3223 snm
2091 3172 2346 3228 confusus
2384 3174 2593 3248 (Ibid.).
2624 3197 2644 3231 ι

1955 3312 1960 3323 ,
2016 3278 2035 3311 ι
2076 3260 2217 3317 Filia
2257 3264 2527 3333 prudens,
2582 3267 2870 3327 hmreditas
2917 3273 3033 3328 viro
3058 3288 3185 3342 suo;
3225 3292 3349 3333 nam
3399 3294 3522 3350 qua:

1947 3368 1965 3399 ‹
2011 3350 2324 3419 confundit,
2357 3354 2411 3409 in
2440 3359 2824 3415 contumeliam
2855 3361 2915 3416 ﬁt
2941 3365 3221 3434 genitoris.
3268 3388 3289 3421 ι
3329 3368 3525 3425 Anima

1939 3456 2070 3514 ergo
2088 3458 2209 3512 quae
2228 3445 2527 3514 prudenter
2548 3456 2605 3503 et
2628 3450 2820 3506 devote
2843 3451 3043 3508 Christi
3071 3457 3351 3512 servitium
3379 3459 3526 3531 agit,

1943 3534 2007 3587 ad
2039 3532 2408 3590 htereditatem
2447 3537 2566 3608 ejus
2591 3540 2884 3609 pertinebit
2916 3560 2929 3596 :
2969 3558 3090 3612 qua:
3121 3554 3303 3602 autem
3331 3549 3526 3605 confu-

1940 3623 2093 3679 sione
2114 3625 2306 3697 dignas
2328 3640 2418 3684 res
2440 3630 2608 3701 gerit,
2633 3633 3016 3689 contumeliam
3037 3638 3268 3706 genitori
3293 3640 3527 3710 spiritali

1942 3711 2104 3779 facit,
2135 3717 2229 3786 qui
2270 3732 2392 3773 eam
2437 3734 2537 3789 per
2565 3719 2803 3792 Spiritus
2846 3726 3021 3781 sancti
3049 3729 3281 3799 gratiam
3326 3731 3383 3785 in
3421 3732 3526 3788 ba-

1940 3806 2200 3875 ptismate
2229 3810 2570 3878 regeneravit
2587 3851 2603 3877 ,
2627 3820 2684 3867 et
2710 3813 2812 3869 sibi
2842 3814 3008 3869 ﬁliam
3036 3817 3335 3889 adoptavit.

2017 3936 2035 3968 ε
2082 3917 2296 3974 Patrem
2329 3926 2385 3975 et
2408 3919 2583 3976 virum
2607 3921 2889 3979 confundit
2913 3927 3087 3981 audax
3106 3967 3123 3992 ,
3165 3935 3221 3982 et
3249 3928 3316 3984 ah
3343 3928 3529 4001 impiis

1945 4028 1965 4060 ι
2009 4024 2114 4065 non
2143 4010 2504 4066 minorahitnr
2534 4030 2548 4065 :
2578 4013 2648 4068 ab
2680 4015 2924 4085 utrisque
2958 4025 3137 4073 autem
3171 4018 3523 4076 inhonorabi-

1948 4117 1967 4151 ι
2014 4107 2121 4154 tur.
2182 4119 2201 4152 ι
2251 4099 2416 4156 Pater
2460 4101 2656 4157 anima:
2701 4103 3022 4160 Christianae
3073 4107 3216 4162 Deus
3260 4118 3377 4175 est,
3437 4109 3528 4164 vir

1941 4200 2123 4247 autem
2174 4189 2290 4260 ejus
2336 4190 2607 4248 Christus.
2634 4193 2782 4339 ἕως
2824 4210 2954 4266 ergo
3003 4197 3048 4251 si
3078 4198 3145 4251 ad
3191 4201 3522 4268 apostasiam

1941 4280 2185 4339 venerit.
2216 4290 2272 4337 et
2310 4281 2630 4339 haereticoru
2730 4300 2971 4339 errorem
3003 4288 3307 4339 procaciter
3337 4288 3522 4339 deten-

1941 4280 2185 4347 venerit,
2216 4290 2272 4337 et
2310 4280 2705 4340 haereticorulll’
2730 4300 2971 4341 errorem
3002 4288 3307 4356 procaciter
3337 4288 3523 4344 defen-

241 4360 366 4430 piile
407 4358 555 4413 luteo
602 4357 869 4427 lapidatur
914 4357 1085 4428 piger,
1133 4356 1349 4427 quando
1381 4358 1652 4427 peceatori
1688 4357 1838 4412 duris

1950 4372 2114 4439 derit,
2158 4373 2450 4429 inhonorat
2481 4383 2692 4444 patrem
2722 4391 2878 4431 suum
2908 4378 3205 4447 spiritalem
3236 4387 3292 4433 et
3319 4379 3519 4435 virum.

241 4451 650 4521 Scripturarum
671 4450 955 4505 sententiis
977 4449 1191 4505 fmditas
1211 4449 1479 4505 scelerum
1503 4465 1720 4505 suorum
1744 4465 1840 4504 ex-
1864 4449 1914 4468 ν
1943 4460 2050 4515 sed
2092 4460 2218 4516 licet
2245 4463 2313 4516 ab
2354 4462 2533 4531 impiis
2558 4471 2615 4518 et
2653 4464 2737 4519 sui
2766 4466 2970 4520 erroris
2994 4466 3345 4537 participibus
3380 4483 3523 4537 prae-

241 4543 559 4612 probratur.
632 4559 651 4592 (
682 4540 989 4610 Omnesque
1043 4540 1335 4610 loquentur
1374 4554 1539 4609 super
1580 4555 1839 4610 asperna-

242 4637 394 4690 tione
426 4633 589 4698 illius,
622 4652 641 4685 ι
680 4632 809 4703 quia
845 4647 1037 4688 omnes
1071 4631 1193 4686 boni
1219 4632 1557 4686 detestantur
1580 4640 1635 4685 et
1659 4630 1837 4700 despi-

238 4729 399 4783 ciunt
420 4726 613 4782 sordes
634 4739 857 4795 operum
880 4724 1080 4795 ipsius,
1109 4732 1164 4779 et
1183 4723 1312 4793 quia
1330 4722 1567 4777 maxime
1590 4720 1726 4777 tales
1744 4736 1842 4792 per

238 4817 423 4873 uﬁicia
466 4815 747 4870 doctorum
774 4823 1108 4885 arguuntur,
1146 4814 1270 4869 inde
1301 4822 1425 4884 apte
1458 4812 1835 4884 subjungitur:

323 4924 343 4956 ι
374 4907 454 4960 De
482 4914 724 4960 stercore
752 4906 911 4959 boum
946 4904 1214 4972 lapidatus
1242 4911 1328 4959 est
1353 4903 1524 4973 piger,
1563 4911 1619 4958 et
1653 4902 1830 4956 omnis

246 5017 268 5051 ι
298 4999 396 5069 qui
430 4998 664 5069 tetigerit
692 5013 839 5063 eum,
863 4997 1099 5052 excutiet
1122 5012 1334 5052 manus.
1363 5016 1382 5049 ι
1434 4995 1727 5065 Lapidatur
1750 4993 1831 5062 pi-

237 5106 343 5165 ger
368 5092 437 5146 de
465 5099 705 5146 stercore
740 5092 927 5155 boum,
969 5091 1184 5160 quando
1217 5088 1435 5160 pigritia
1481 5086 1745 5142 malorum
1774 5084 1831 5139 in

237 5187 389 5241 bono
414 5197 576 5253 opere
604 5183 931 5253 torpentium
962 5197 1057 5252 per
1085 5190 1265 5250 aptam
1299 5181 1542 5237 stultitia:
1565 5194 1676 5236 suae
1710 5192 1830 5233 ora-

238 5277 454 5333 tionem
484 5291 514 5329 a
543 5275 744 5329 sanctis
780 5274 1226 5344 praedicatoribus
1269 5273 1375 5328 illis
1412 5273 1828 5342 improperatur,

237 5370 323 5425 ita
369 5375 432 5422 ut
469 5382 658 5422 omnes
684 5367 775 5437 qui
809 5366 990 5438 aliquo
1015 5367 1175 5423 modo
1201 5363 1720 5421 communicaverint
1742 5377 1834 5416 ne-

238 5456 519 5531 gligentiae
547 5471 759 5522 eorum,
788 5471 983 5511 manus
1014 5470 1239 5526 operum
1268 5470 1300 5509 a
1326 5453 1577 5524 squalore
1612 5451 1830 5507 foedita-

241 5550 319 5603 tis
346 5546 559 5602 illorum
583 5548 876 5612 excutiant,
911 5556 968 5601 et
999 5548 1067 5602 ad
1106 5547 1506 5603 observantiam
1552 5542 1834 5599 mandato-

242 5656 368 5694 rum
402 5639 496 5694 Dei
533 5639 648 5694 utili
678 5635 937 5696 exercitio
971 5649 1271 5697 recurrant.
1313 5640 1483 5695 Aliter
1522 5639 1673 5709 piger
1708 5637 1832 5704 iste,

1941 4552 2241 4607 sentialiter
2268 4568 2376 4608 non
2399 4554 2757 4623 vituperetur,
2783 4556 2852 4610 ab
2887 4556 3133 4625 utrisque
3158 4565 3370 4623 tamen,
3414 4558 3521 4613 hoc

1940 4651 2025 4697 est
2039 4677 2054 4708 ,
2076 4652 2234 4713 patre
2253 4650 2309 4697 et
2332 4644 2448 4699 viro
2465 4681 2481 4709 ,
2506 4646 2573 4700 de
2593 4646 2788 4715 quibus
2807 4646 3053 4715 superius
3072 4646 3233 4711 dixit,
3261 4649 3315 4702 in
3337 4648 3521 4706 futuro

1934 4732 2139 4802 judicio
2162 4733 2540 4803 confundetur,
2571 4746 2627 4792 et
2651 4737 2997 4793 damnatione
3020 4739 3215 4793 merita
3242 4742 3522 4810 perpetuis

1940 4823 2117 4893 poenis
2145 4822 2476 4893 subjicietur.
3237 4826 3261 4846 ⁶

2009 4935 2028 4968 ι
2072 4915 2273 4970 Musica
2318 4916 2374 4970 in
2407 4917 2554 4972 luctu
2585 4916 2893 4987 importuna
2924 4921 3197 4987 narratio;
3226 4919 3434 4993 ﬂagella
3460 4934 3521 4980 et

1939 5023 1960 5057 ι
2006 5006 2254 5061 doctrina
2282 5006 2335 5061 in
2361 5007 2510 5062 omni
2540 5015 2781 5076 tempore
2808 5008 3096 5079 sapientia.
3132 5029 3153 5063 ι
3188 5011 3392 5069 Contra
3422 5029 3521 5072 eos

1932 5096 2067 5151 facit
2104 5096 2196 5167 qui
2221 5097 2532 5166 operatione
2555 5112 2652 5152 sua
2680 5097 2735 5152 in
2769 5098 3010 5154 Ecclesia
3039 5099 3288 5169 plausum
3330 5105 3517 5174 populi

1932 5196 1989 5242 et
2009 5186 2245 5243 favorem
2266 5197 2545 5258 quaerunt,
2569 5199 2626 5244 et
2655 5204 2762 5245 non
2784 5191 2853 5246 ad
2894 5191 2997 5247 hoc
3018 5193 3275 5259 tendunt,
3300 5204 3359 5249 ut
3401 5210 3519 5249 ma-

1932 5281 2015 5350 gis
2058 5281 2910 5353 compunctionemlacrymarum
2955 5283 3009 5337 in
3039 5284 3375 5340 auditoribus
3402 5284 3517 5340 suis

1932 5372 2203 5437 excitent,
2244 5387 2366 5428 eum
2395 5373 2651 5429 Ecclesia:
2678 5374 2864 5444 panis,
2907 5389 3014 5428 non
3043 5375 3200 5444 panis
3233 5372 3304 5426 sit
3331 5371 3515 5431 riden-

1934 5461 2099 5528 tium,
2137 5464 2231 5519 sed
2261 5464 2579 5534 lugentium.
2618 5462 2745 5518 ldeo
2769 5464 2900 5519 dicit
2940 5462 3144 5533 flagella
3178 5468 3235 5514 et
3271 5458 3517 5517 doctrina

1934 5548 1991 5603 in
2033 5552 2180 5606 omni
2208 5558 2447 5623 tempore
2471 5550 2779 5621 sapientiae,
2812 5552 2936 5621 quia
2980 5551 3034 5603 in
3077 5547 3223 5602 omni
3274 5553 3518 5616 tempore

1933 5641 2217 5708 convenit,
2272 5650 2328 5696 ut
2375 5641 2442 5696 ad
2478 5641 2822 5710 prtesentium
2865 5653 3042 5693 rerum
3092 5638 3401 5708 despectum
3459 5649 3519 5697 et
