3904 6184
436 258 536 312 Sil

1078 247 1135 300 Β.
1178 240 1432 297 RABANI
1473 237 1689 294 MAlIlll
1729 232 2053 289 ARCHIEP.
2096 226 2403 285 MOGUNT.
2446 220 2733 280 OPERUM
2770 220 2952 275 PARS
2988 219 3030 274 1.

3594 222 3701 276 912

440 373 509 426 ad
556 370 856 422 futurorum
902 358 1196 430 appetitqu
1238 370 1333 426 per
1365 354 1614 409 doctores
1641 364 1767 404 suos
1791 347 2022 419 populus
2050 350 2094 407 Α
2125 343 2272 413 impii
2308 356 2498 397 omnes
2542 341 2660 395 dies
2680 340 2804 393 vitae
2844 336 3075 392 illorum.
3115 335 3296 430 rubore
3336 336 3535 406 quippe
3576 348 3704 393 sunt

438 465 808 532 provocetur,
857 459 917 505 ut
968 450 1106 504 sciat
1166 461 1310 501 nunc
1340 453 1552 515 tempus
1598 456 1716 499 esse
1767 438 2016 510 lugendi,

444 563 570 606 tunc
595 556 772 604 autem
821 541 1058 605 ridendi,
1106 554 1251 593 nunc
1299 545 1511 607 tempus
1566 533 1733 598 belli,
1765 540 1893 586 tunc
1929 544 2023 581 au-

442 651 551 697 tem
600 637 765 710 pacis.
817 633 970 690 Unde
1014 633 1129 702 ipsa
1177 627 1388 684 Veritas
1442 627 1494 680 in
1541 623 1831 693 Evangelia
1881 621 1957 674 ait
2004 636 2019 671 :

446 752 467 785 ο
500 727 648 782 Beati
670 725 759 796 qui
785 723 972 792 lugent
1001 734 1160 782 nunc,
1191 717 1443 786 quoniam
1468 715 1569 785 ipsi
1600 712 2025 769 consolabuntur

443 820 658 894 (Matth.
687 812 763 887 v).
810 832 827 866 ι
864 813 906 867 Ε
949 819 1137 867 contra
1164 810 1293 864 allbi
1322 807 1507 863 mundi
1532 804 1893 869 amatoribus,
1930 804 2023 894 qui

439 893 722 983 prmsentis
779 905 903 960 vita:
962 901 1380 958 consolationem
1444 908 1726 968 quaerunt,
1797 893 2022 949 commi-

439 1011 621 1060 natur.
671 999 860 1053 dicens
918 1013 930 1047 :
987 1014 1004 1045 ‹
1068 992 1161 1046 Va:
1197 990 1351 1045 vobis
1379 989 1471 1058 qui
1514 988 1733 1053 ridetis,
1767 985 2020 1057 quoniam

441 1092 662 1148 ﬂebitis.
702 1110 720 1142 ι
754 1086 892 1141 Hinc
918 1093 971 1138 et
996 1082 1247 1138 Salomon
1275 1081 1349 1134 ait
1387 1097 1400 1133 :
1439 1097 1456 1129 ι
1489 1077 1596 1133 Cor
1620 1077 1943 1147 sapientium
1966 1076 2021 1129 in

440 1184 602 1240 domo
631 1175 825 1244 luctus,
855 1185 910 1231 et
936 1188 1031 1231 cor
1052 1171 1423 1243 insipientium
1456 1170 1508 1223 in
1538 1169 1697 1221 domo
1722 1168 1958 1221 ketitite:
1998 1183 2017 1217 ι

440 1277 494 1333 id
520 1284 604 1332 est
620 1316 636 1338 ,
668 1274 722 1329 in
744 1273 906 1327 demo
935 1267 1054 1324 talis
1079 1266 1179 1320 viri
1197 1305 1217 1330 ,
1238 1264 1331 1333 qui
1350 1277 1409 1317 se
1436 1260 1695 1330 corripiat
1713 1259 2025 1329 delinquen-

441 1378 548 1426 tcm
568 1410 583 1436 ,
626 1378 682 1423 et
707 1366 939 1420 adducat
965 1360 1031 1415 ad
1059 1359 1363 1429 lacrymas:
1394 1374 1412 1407 ‹
1447 1369 1552 1408 non
1600 1353 1655 1407 in
1688 1351 1849 1407 domo
1889 1350 2025 1405 lueti-

442 1462 565 1526 tire;
609 1476 628 1511 ι
677 1455 769 1512 ubi
799 1454 988 1509 doctor
1012 1449 1214 1518 decipit
1239 1456 1295 1501 et
1339 1445 1625 1515 decipitur,
1658 1441 1873 1513 quando
1916 1452 2022 1495 non

442 1548 851 1605 conversionem
897 1540 1266 1616 audientium,
1313 1538 1408 1592 sed
1457 1535 1678 1605 plausus
1726 1532 1920 1602 qruerit
1968 1539 2022 1585 et

443 1638 677 1694 laudem.
705 1635 806 1690 llic
833 1648 1047 1705 quoque
1068 1631 1320 1702 quoniam
1353 1634 1626 1684 saturatos
1649 1632 1753 1689 est,
1770 1630 2021 1693 propter-

2123 443 2328 490 morles
2360 453 2372 487 :
2405 448 2512 498 una
2542 431 2820 502 corporis,
2857 444 2976 499 qua:
3003 428 3255 484 omnibus
3280 429 3592 484 hominibus
3620 438 3704 486 est

2122 524 2453 589 communis;
2504 522 2610 576 alia
2649 522 2877 585 animm,
2917 534 3037 589 quae
3078 517 3458 589 peccatoribus
3502 517 3705 574 solum-

2123 618 2283 674 modo
2326 624 2411 671 est
2449 614 2702 686 specialis
2732 631 2745 665 :
2778 628 2885 666 una
2918 612 2972 665 in
2996 611 3252 682 praesenti
3279 608 3481 665 sreculo
3518 611 3705 667 termi-

2123 717 2312 772 natur;
2353 705 2523 760 altera
2566 711 2744 758 autem
2775 702 2829 756 in
2855 709 3119 756 aeternum
3148 716 3253 756 non
3293 700 3533 755 ﬁnietur.
3579 702 3706 758 Ideo

2122 797 2283 863 dicit,
2337 796 2512 866 Super
2558 801 2830 849 mortuum
2874 793 3146 848 modicum
3202 793 3349 863 plora
3378 832 3394 856 ,
3443 796 3703 863 quoniam

2127 886 2419 958 requievit;
2464 900 2611 940 mors
2670 884 2814 939 enim
2862 883 3108 954 corporis
3164 884 3446 952 przesentis
3500 883 3706 940 laboris

2122 988 2207 1035 est
2236 979 2360 1033 linis
2378 1019 2391 1042 ,
2421 985 2474 1032 et
2504 976 2746 1046 requiem
2780 976 2874 1030 dat
2900 963 3105 1031 sanctis
3131 989 3163 1029 a
3190 974 3373 1031 dolore
3401 976 3526 1030 vita
3564 991 3706 1047 pne-

2122 1071 2316 1126 seutis.
2360 1068 2623 1123 Similiter
2646 1077 2702 1121 et
2736 1066 2866 1121 illud
2879 1065 3020 1134 quod
3037 1066 3257 1130 dicitur,
3285 1066 3459 1120 luctus
3504 1069 3701 1121 mortui

2123 1168 2328 1231 septem
2363 1160 2511 1223 dies,
2557 1158 2689 1213 fatui
2738 1167 2917 1212 autem
2946 1164 3001 1211 et
3030 1156 3179 1226 impii
3210 1172 3398 1212 omnes
3427 1158 3545 1211 dies
3574 1160 3700 1212 vita:

2125 1252 2339 1307 illorum
2355 1291 2371 1314 ,
2393 1248 2659 1320 signiﬁcat
2679 1247 2821 1317 quod
2841 1248 3139 1318 corporalis
3160 1262 3305 1302 mors
3326 1251 3699 1303 tantummodo

2124 1339 2187 1395 ﬁt
2215 1340 2269 1394 in
2292 1337 2575 1409 praesentis
2600 1337 2726 1390 vitae
2757 1336 2932 1406 spatio
2949 1376 2964 1399 ,
2991 1336 3132 1405 quod
3161 1336 3467 1405 septenario
3491 1336 3698 1390 dierum

2125 1441 2354 1483 numero
2381 1425 2667 1489 discurrit;
2714 1424 2984 1478 fatuorum
3013 1432 3195 1478 autem
3227 1425 3331 1479 hoc
3351 1433 3467 1489 est,
3504 1439 3696 1494 pecca-

2126 1531 2303 1575 torum
2332 1527 2386 1573 et
2434 1518 2720 1586 impiomm
2750 1523 3033 1587 permanet
3055 1530 3246 1571 omnes
3268 1516 3384 1571 dies
3411 1518 3538 1571 vita:
3582 1517 3696 1571 illo.

2125 1624 2282 1672 rum,
2326 1610 2430 1663 hoc
2453 1617 2538 1663 est
2579 1609 2633 1662 in
2676 1608 2930 1662 steculum
2983 1607 3197 1667 szeculi;
3248 1608 3463 1676 quando
3509 1608 3698 1661 anima:

440 1747 504 1787 ea
548 1729 751 1800 recepit
787 1698 1212 1784 εοξιεοξθιίοξιθιη
1256 1737 1428 1778 suam,
1471 1720 1716 1788 Denique
1758 1716 1887 1772 huic
1927 1730 2022 1770 ex-
2049 1712 2097 1771 Β
2127 1700 2343 1755 illorum
2370 1699 2487 1753 sine
2528 1698 2723 1753 mortis
2756 1699 3064 1753 interventu
3100 1698 3487 1768 perpetualitcr
3511 1714 3697 1754 excru-

441 1822 695 1893 positioni
727 1820 890 1874 etiam
938 1824 1228 1887 sequentes
1271 1810 1522 1868 versiculi
1551 1808 1902 1871 concordant.
1935 1804 2026 1859 Ait

434 1913 587 1967 enim
620 1929 633 1965 :
668 1928 687 1964 ι
727 1909 921 1965 Melius
946 1917 1029 1963 est
1059 1908 1244 1962 audire
1281 1904 1703 1973 increpationem
1734 1898 2020 1969 sapientis,

436 2018 607 2075 super
628 2004 802 2059 virum
821 2002 1131 2056 audientem
1152 2013 1371 2053 carmen
1394 1996 1683 2052 stultorum
1698 2033 1716 2061 ,
1739 1994 1864 2062 quia
1887 1991 2028 2046 sicut

443 2112 547 2150 vox
578 2095 853 2164 spinarum
905 2089 1205 2146 ardentium
1251 2089 1352 2143 sub
1378 2087 1481 2141 olla
1502 2127 1517 2151 ,
1549 2085 1628 2139 sie
1665 2084 1810 2138 risus
1837 2080 2024 2143 stulti,

444 2184 538 2240 sed
565 2188 621 2239 et
655 2185 760 2238 hoc
787 2180 1001 2237 vanitas
1030 2178 1201 2253 (Eccl.
1235 2178 1334 2250 vrr)
1366 2195 1379 2231 :
1423 2197 1440 2229 ι
1475 2172 1666 2230 Melius
1692 2180 1777 2228 est
1801 2171 1945 2226 enim
1994 2184 2025 2223 a

441 2274 686 2344 sapiente
704 2271 940 2341 corripi,
967 2283 1131 2338 quam
1159 2282 1259 2338 per
1283 2266 1646 2322 adulationem
1677 2261 1849 2333 decipi
1874 2260 2027 2315 blan-

441 2363 736 2428 dientiunr;
758 2361 847 2417 cui
866 2359 1043 2415 simile
1064 2367 1150 2415 est
1168 2357 1299 2413 illud
1325 2376 1337 2411 :
1367 2375 1386 2409 ι
1417 2357 1635 2412 Meliora
1660 2363 1788 2411 sunt
1804 2353 2026 2408 vulnera

442 2452 604 2510 amici
628 2466 789 2524 quam
809 2451 1118 2508 voluntaria
1140 2448 1323 2504 oscula
1343 2446 1546 2503 inimici
1563 2443 1749 2518 (Prov.
1780 2442 1970 2514 xxvii).
2003 2461 2022 2495 ι

445 2545 600 2601 Sicut
628 2544 775 2600 enim
800 2557 906 2597 vox
936 2541 1216 2610 spinarum
1240 2540 1342 2594 sub
1370 2537 1473 2594 olla
1502 2536 1807 2592 ardentium
1837 2533 2029 2605 strepi-

443 2646 561 2692 tum
586 2635 764 2691 neddit
785 2635 1064 2690 insuavem
1085 2673 1103 2697 ,
1122 2631 1202 2686 sic
1222 2639 1278 2685 et
1299 2628 1568 2701 palpantis
1594 2627 1836 2698 magistri
1862 2627 2028 2682 verba

445 2742 555 2782 non
582 2724 878 2796 proderunt
904 2722 989 2777 vel
1011 2723 1077 2777 ad
1095 2732 1258 2777 curas
1287 2718 1467 2775 saeculi
1485 2761 1501 2785 ,
1524 2733 1647 2789 quae
1671 2717 1842 2788 spinae
1864 2717 2030 2771 inter.

440 2824 757 2888 pretantur,
810 2815 1085 2870 auditores
1133 2824 1265 2868 suos
1309 2811 1679 2877 cohortantis,
1723 2809 1809 2863 vel
1850 2807 2031 2863 futuro

438 2921 540 2963 eos
572 2904 827 2961 incendio
848 2903 1226 2974 prreparantis.

1069 3011 1296 3069 CAPUT
1336 3010 1405 3066 ν.

447 3106 604 3174 Quod
645 3104 733 3162 ille
751 3104 840 3176 qui
862 3104 1092 3176 loquitur
1113 3102 1320 3176 verbum
1363 3117 1466 3176 non
1508 3101 1792 3176 attendenti
1810 3142 1822 3166 ,
1850 3100 1925 3154 sic
1953 3117 2005 3155 ea

532 3177 685 3248 quasi
726 3171 815 3248 qui
843 3171 1184 3229 dormientem
1218 3173 1281 3226 de
1309 3171 1453 3243 gravi
1481 3172 1700 3225 suscitat
1736 3186 1937 3225 somno.

521 3281 549 3324 σ
586 3264 688 3332 Qui
709 3264 866 3319 docet
879 3261 1086 3317 fatuum
1104 3262 1291 3331 ,quasi
1314 3261 1406 3331 qui
1422 3259 1751 3330 conglutinet
1767 3268 1980 3316 testam.
2009 3279 2029 3310 ι

449 3355 607 3410 Sicut
636 3355 947 3419 testa,licet
990 3349 1160 3408 multo
1200 3352 1384 3408 labore
1428 3352 1655 3407 artificis
1681 3351 2033 3415 conﬁciatur,

449 3456 637 3500 tamen
670 3442 736 3499 ad
774 3443 1084 3498 ﬁrmitatem
1113 3443 1305 3512 lapidis
1333 3457 1438 3497 non
1470 3443 1814 3513 perducitur,
1847 3442 1940 3497 sed
1968 3457 2032 3497 ex

449 3534 628 3607 fragili
662 3533 889 3589 materia
929 3530 1225 3599 fabricata,
1264 3530 1510 3602 fragilem
1542 3532 1625 3587 sui
1666 3532 1907 3602 corporis
1937 3546 2034 3584 ex-

450 3625 605 3683 hibet
649 3632 886 3690 statum,
928 3624 1008 3680 sic
1050 3631 1108 3679 et
1132 3622 1342 3687 fatuus,
1371 3623 1499 3679 licet
1542 3624 1727 3679 solerti
1754 3638 1881 3678 cura
1916 3638 2035 3677 ma-

446 3716 607 3789 gistri
656 3715 711 3771 in
742 3714 889 3771 omni
933 3711 1217 3783 disciplina
1264 3712 1539 3767 nutriatur
1584 3712 1670 3767 vel
1716 3712 2036 3777 edoceatur,

452 3808 544 3862 vix
577 3814 757 3864 tamen
776 3805 849 3861 ad
873 3803 1263 3875 perfectionem
1284 3804 1410 3860 hbui
1434 3804 1680 3874 discipuli
1701 3804 2036 3874 perducitur.

454 3896 563 3954 Sed
586 3897 727 3953 sicut
748 3909 909 3953 sensu
936 3902 1025 3951 est
1048 3896 1244 3950 brutus
1262 3905 1320 3950 et
1339 3895 1521 3949 animo
1538 3895 1851 3960 indevotus,
1874 3895 2039 3948 etiam

454 3989 679 4046 scientia
726 3996 785 4043 et
830 3988 1031 4043 virtute
1060 3987 1283 4042 minime
1312 3986 1419 4042 erit
1457 3985 1746 4056 perfectus.
1796 3986 1950 4041 Unde
1988 3994 2042 4040 et

456 4081 709 4137 subditur
739 4095 764 4135 :

534 4190 552 4223 ι
593 4170 696 4237 Qui
745 4177 932 4225 narrat
974 4169 1202 4224 verbum
1248 4180 1354 4237 non
1384 4166 1721 4231 attendenti,
1750 4166 1910 4236 quasi
1950 4168 2043 4237 qui

444 4279 482 4312 ,ι
527 4230 732 4314 excitat
774 4257 1131 4314 dormientem
1179 4257 1248 4312 de
1270 4230 1449 4327 Ἐνθνί
1493 4230 1714 4310 somno.
1762 4230 1786 4307 ξ
1815 4253 1952 4325 Apta
1969 4230 2047 4309 'ﬁt

2123 1794 2339 1848 ciantur
2367 1791 2419 1845 in
2455 1789 2683 1845 inferno.

2200 1904 2220 1937 ι
2264 1884 2399 1941 Cum
2435 1882 2599 1941 stulto
2634 1897 2745 1937 non
2786 1882 3015 1937 multum
3063 1882 3427 1952 colloquaris,
3474 1890 3531 1937 et
3579 1897 3692 1936 cum

2129 1995 2152 2029 ο
2194 1977 2467 2032 insensato
2491 1991 2560 2030 ne
2585 1974 2785 2031 abieris
2818 1992 2834 2028 :
2861 1989 3017 2030 serva
3056 1982 3110 2030 te
3132 1974 3201 2029 ab
3230 1975 3321 2030 illo
3347 1984 3411 2030 ut
3436 1990 3547 2030 non
3588 1991 3698 2029 rno-

2128 2089 2147 2120 ‹
2192 2068 2405 2124 lestiam
2449 2066 2685 2130 habeas,
2736 2073 2793 2120 et
2840 2080 2947 2120 non
2995 2065 3433 2135 coinquinaberis
3483 2071 3698 2136 peccato

2130 2177 2148 2207 ι
2192 2157 2354 2212 illius.
2381 2154 2614 2211 Deﬁecte
2644 2156 2711 2210 ab
2740 2154 2830 2210 illo
2855 2162 2912 2210 et
2934 2155 3180 2211 invenies
3210 2155 3452 2225 requiem
3470 2196 3487 2220 ,
3517 2164 3571 2210 et
3597 2171 3695 2210 non

2131 2264 2151 2296 ι
2198 2244 2532 2301 acediaberis
2575 2244 2632 2299 in
2662 2243 2891 2299 stultitia
2924 2244 3086 2300 illius.
3126 2264 3146 2297 ι
3189 2246 3247 2299 tu
3298 2246 3384 2300 bis
3423 2246 3699 2301 sententiis

2127 2334 2394 2405 sapientia
2423 2334 2613 2400 docet,
2655 2342 2715 2389 ut
2740 2350 2862 2390 cum
2891 2334 3069 2389 stultis
3095 2335 3407 2391 hominibus
3450 2352 3560 2391 non
3586 2351 3701 2407 pro-

2128 2426 2408 2481 trahamus
2434 2425 2792 2491 locutionem;
2824 2440 2952 2496 qura
3000 2425 3076 2480 ibi
3122 2425 3322 2480 nullam
3368 2427 3702 2483 inveniemus

2127 2517 2415 2573 utilitatem
2434 2558 2450 2584 ,
2477 2525 2533 2574 et
2577 2517 2815 2573 maxime
2848 2517 2903 2572 in
2934 2518 3235 2583 haereticis,
3266 2534 3501 2589 quorum
3535 2518 3704 2575 stulti-

2131 2611 2204 2665 tia
2240 2610 2397 2681 plena
2423 2616 2511 2665 est
2531 2608 2885 2679 blasphemia.
2925 2608 3245 2680 Huiusmodi
3285 2610 3433 2664 enim
3463 2609 3709 2665 homines

2129 2703 2403 2758 devitandi
2453 2708 2610 2766 sunt,
2655 2717 2724 2756 ue
2748 2702 2802 2756 iu
2827 2711 3173 2772 peccatorum
3202 2700 3414 2757 illorum
3461 2704 3709 2757 sor-ditus

2130 2799 2575 2870 eoinquinemur,
2628 2807 2685 2854 et
2722 2799 2966 2868 quietem
2989 2798 3139 2867 pacis
3171 2804 3227 2851 et
3259 2797 3707 2867 tranquillitatem

2133 2888 2480 2955 amittamus,
2526 2888 2652 2958 quia
2687 2902 2808 2943 cum
2840 2887 2927 2943 his
2967 2901 3243 2956 nunquam
3287 2888 3538 2956 requiem
3571 2887 3710 2941 inve—

2134 2978 2375 3042 niemus;
2398 2977 2446 3033 si
2465 2977 2609 3032 enim
2630 2991 2690 3033 se
2707 2987 3026 3033 convertam
3048 2976 3318 3031 voluerint
3334 3016 3347 3038 ,
3379 2984 3438 3029 et
3464 2976 3711 3030 deserere

2011 3067 2102 3154 ιϐ
2132 3084 2376 3125 errorem
2424 3082 2615 3134 suum,
2663 3074 2726 3122 ut
2771 3067 3094 3139 resipiscant
3148 3082 3180 3120 a
3222 3065 3423 3121 diaboli
3471 3066 3709 3135 laqueis,

2135 3154 2330 3230 quibus
2355 3159 2499 3229 capti
2526 3160 2853 3214 tenebantur
2878 3159 2945 3213 ad
2976 3159 3145 3228 ipsius
3184 3158 3525 3212 voluntatem
3548 3199 3564 3221 ,
3605 3158 3711 3226 jam

2134 3265 2245 3305 non
2296 3258 2359 3304 ut
2403 3248 2654 3315 inimici,
2715 3249 2811 3305 sed
2861 3256 2922 3303 ut
2976 3247 3175 3303 fratres
3235 3248 3508 3303 tractandi
3570 3253 3706 3300 sunt.

2136 3340 2405 3396 ueterum
2448 3346 2628 3394 autem
2689 3338 2928 3409 quandiu
2970 3339 3026 3393 in
3067 3353 3258 3394 errore
3317 3353 3418 3392 suo
3462 3337 3700 3407 perstite

2137 3431 2281 3497 rint,
2324 3430 2545 3485 omnino
2587 3437 2714 3485 sunt
2750 3428 2990 3500 fugiendi
3031 3444 3095 3484 ac
3127 3428 3435 3491 devitandi,
3467 3442 3574 3483 nec
3612 3428 3709 3481 ullo

2138 3519 2532 3576 communionis
2575 3518 2769 3574 solatio
2812 3517 3049 3574 fovendi.
3107 3518 3262 3573 Unde
3304 3518 3437 3572 dicit
3483 3502 3709 3571 Joannes

2140 3609 2413 3681 apostolus
2456 3627 2469 3663 :
2509 3628 2528 3661 ‹
2565 3608 2623 3663 Si
2650 3609 2778 3679 quis
2796 3608 2945 3662 venit
2971 3610 3039 3663 ad
3071 3624 3202 3675 vos,
3229 3617 3283 3663 et
3328 3610 3471 3663 hanc
3520 3608 3709 3662 doctri-

2140 3718 2265 3757 nam
2293 3717 2399 3755 non
2427 3700 2611 3765 affert,
2643 3701 2808 3756 nolite
2833 3702 3072 3771 recipere
3096 3717 3225 3755 eum
3253 3701 3305 3755 in
3332 3702 3553 3755 domum
3571 3741 3584 3760 ,
3617 3714 3707 3752 nec

2140 3804 2240 3845 ave
2260 3791 2308 3844 ei
2324 3789 2571 3844 dixeritis
2588 3788 2673 3860 (11
2690 3788 2852 3843 Ialm.
2876 3790 2941 3859 I):
2965 3809 2984 3841 ι
3011 3789 3101 3859 qui
3126 3787 3269 3844 enim
3297 3788 3706 3847 dixeritilliave,

2141 3881 2504 3936 communicat
2543 3880 2795 3949 operibus
2822 3879 2939 3948 ejus
2969 3879 3237 3950 malignis.
3272 3876 3408 3934 Hinc
3437 3889 3493 3933 et
3523 3878 3704 3932 Paulus

2143 3973 2221 4027 ait
2250 3991 2264 4026 :
2301 3991 2320 4024 ‹
2354 3972 2678 4027 Haareticum
2704 3972 2977 4026 hominem
3002 3981 3126 4041 post
3148 3986 3310 4024 unam
3340 3978 3397 4024 et
3431 3970 3708 4024 secundam

2145 4064 2542 4134 correptionem
2587 4063 2790 4126 devita,
2822 4062 2998 4117 sciens
3026 4062 3152 4131 quia
3197 4062 3492 4116 subversus
3521 4069 3602 4115 est
3628 4059 3707 4128 Qui

2145 4155 2451 4225 huiusmodi
2479 4163 2592 4220 est,
2620 4162 2676 4209 et
2714 4155 2941 4224 deliquit
2964 4154 3185 4224 proprio
3220 4151 3429 4221 judicio
3468 4153 3706 4209 eundem.

2147 4254 2306 4300 natus
2326 4245 2455 4315 (Tit.
2483 4245 2589 4317 tu).
2626 4264 2647 4296 ι
2682 4244 2750 4299 Et
2769 4245 2892 4315 quia
2914 4242 3219 4312 huiusmodi
3244 4244 3523 4299 hominum
3546 4257 3709 4297 mores

454 4347 798 4417 comparatio
850 4346 1200 4411 dormientis,
1252 4355 1309 4403 et
1358 4362 1463 4402 non
1503 4347 1867 4411 altendentis,
1917 4349 2031 4417 quia

2147 4345 2202 4390 et
2232 4337 2394 4389 verba
2425 4334 2657 4391 difﬁcilia
2687 4344 2813 4389 sunt
2842 4335 2909 4390 ad
2949 4335 3268 4405 portandum
3287 4375 3302 4399 ,
3343 4334 3467 4391 ideo
3505 4334 3706 4404 subjun-

456 4414 602 4495 sicut
633 4439 720 4494 ille
747 4447 1003 4510 gravatur
1027 4452 1249 4505 somno,
1283 4440 1359 4494 ita
1387 4439 1490 4496 iste
1519 4438 1688 4494 stulto
1721 4414 2043 4509 opprimitur
2075 4414 2123 4472 ί)
2150 4427 2295 4496 Sil“?
2321 4444 2336 4477 τ
2872 4448 2885 4453 ·

457 4546 648 4589 sensu.
679 4532 834 4590 Unde
860 4531 1205 4603 subiungitur
1237 4550 1251 4585 :

550 4639 569 4672 ι
596 4620 736 4679 Cum
785 4621 1093 4677 dormiente
1136 4620 1375 4691 loquitur
1418 4621 1510 4692 qui
1555 4629 1840 4675 enumerat
1878 4620 2044 4674 stulto

461 4732 487 4764 ί
534 4712 891 4784 sapientiam,
917 4719 974 4769 et
1002 4711 1054 4767 in
1083 4710 1191 4768 ﬁne
1216 4711 1372 4777 dicit,
1399 4710 1533 4778 Quis
1574 4718 1661 4766 est
1703 4710 1825 4764 hic?
1858 4729 1876 4762 ι
1929 4708 2042 4763 Non

463 4807 609 4861 enim
640 4805 743 4862 rite
788 4803 1041 4877 intelligit
1087 4803 1348 4860 doctrinae
1391 4804 1648 4869 verbum,
1679 4817 1853 4873 neque
1892 4811 2044 4874 grate

464 4894 693 4963 suscipit
718 4894 968 4950 docentis
1011 4893 1268 4949 studium.
1315 4892 1466 4949 Unde
1500 4893 1554 4947 in
1598 4892 1905 4963 huiusmodi
1938 4890 2047 4945 dis-

459 4984 662 5053 pendio
710 4985 883 5055 magis
928 4984 1215 5041 dolendum
1246 4992 1330 5040 est
1355 5000 1519 5055 quam
1563 4985 1904 5055 gaudendum
1929 5025 1945 5049 ,
1993 4993 2045 5037 et

464 5088 565 5143 pro
588 5074 994 5142 recuperatione
1013 5074 1198 5144 aegroti
1220 5089 1343 5130 cum
1365 5073 1582 5131 ﬂetibus
1599 5075 1884 5140 orandum,
1920 5074 2043 5144 quia

464 5164 583 5236 ipse
607 5178 706 5234 pro
729 5162 902 5217 salute
928 5179 1025 5219 sua
1051 5178 1269 5236 gemere
1298 5165 1490 5221 nescit.

546 5274 565 5307 ι
610 5253 784 5324 Super
810 5262 1080 5309 mortuum
1110 5255 1259 5325 plora
1279 5296 1294 5321 ,
1324 5256 1507 5314 deﬁcit
1527 5259 1671 5314 enim
1694 5258 1784 5312 lux
1812 5258 1964 5329 eius;
1992 5267 2048 5313 et

468 5358 634 5416 super
659 5342 865 5400 fatuum
895 5342 1047 5415 plora
1068 5384 1083 5410 ,
1114 5343 1296 5401 deﬁcit
1319 5346 1468 5402 enim
1499 5362 1691 5405 sensus
1712 5349 1849 5419 ejus.
1883 5348 2051 5405 Modi-

464 5448 595 5491 cum
653 5433 804 5505 plora
858 5448 1023 5505 super
1067 5442 1339 5491 mortuum
1375 5476 1391 5502 ,
1442 5438 1697 5509 quoniam
1763 5440 2046 5509 requievit.

471 5522 800 5595 Nequissimi
848 5524 993 5581 enim
1042 5525 1375 5595 nequissima
1428 5529 1573 5595 vita,
1617 5545 1779 5601 super
1820 5540 2048 5587 mortem

475 5613 627 5671 latui.
679 5615 879 5673 Luctus
927 5617 1124 5673 mortui
1172 5626 1375 5688 septem
1420 5621 1569 5687 dies,
1621 5620 1753 5676 fatui
1787 5630 1965 5677 autem
1996 5632 2051 5676 et

2225 4556 2243 4589 ι
2291 4536 2467 4608 Super
2491 4536 2769 4607 plumbum
2815 4535 2944 4604 quid
2992 4536 3338 4607 gravabitur!
3383 4544 3440 4591 et
3466 4537 3604 4606 quod
3644 4534 3706 4588 illi

2156 4650 2173 4681 r
2221 4629 2366 4684 aliud
2393 4638 2586 4683 nomen
2640 4643 2803 4698 quam
2850 4628 3064 4684 fatuus?
3092 4629 3329 4684 Arenam
3375 4636 3430 4684 et
3472 4629 3629 4685 saiem
3662 4635 3708 4680 et

2157 4744 2174 4773 ι
2222 4736 2456 4776 massam
2484 4720 2612 4774 ferri
2636 4719 2849 4776 facilius
2876 4728 2957 4776 est
2985 4729 3205 4792 portare
3223 4762 3238 4785 ,
3264 4736 3429 4791 quam
3458 4721 3707 4776 hominem

2159 4831 2177 4863 r
2222 4809 2618 4880 imprudentem
2649 4816 2704 4864 et
2732 4808 2940 4864 fatuum
2964 4818 3021 4865 et
3048 4810 3291 4880 impium.
3330 4830 3350 4863 ι
3385 4809 3525 4866 Huic
3556 4808 3708 4865 simile

2151 4911 2235 4956 est
2262 4899 2388 4954 illud
2410 4939 2426 4962 ,
2450 4900 2595 4967 quod
2623 4900 2678 4953 in
2706 4899 3019 4956 Proverbiis
3042 4901 3305 4970 scriptum
3327 4909 3416 4956 est
3448 4919 3462 4954 :
3503 4920 3523 4952 ι
3556 4899 3710 4956 Grave

2152 4999 2237 5045 est
2260 5005 2449 5045 saxum
2468 5031 2482 5053 ,
2515 4997 2570 5044 et
2599 5004 2828 5045 onerosa
2860 5004 3054 5055 arena;
3087 4991 3185 5046 sed
3214 4991 3297 5045 ira
3322 4991 3477 5046 stulti
3502 5000 3710 5059 utroque

2152 5077 2562 5151 gravior(Prov.
2583 5080 2771 5141 xxvii).
2798 5099 2816 5131 ›
2838 5080 2905 5134 Ει
2920 5081 3078 5135 item:
3103 5100 3122 5132 ι
3146 5080 3335 5136 Helias
3347 5089 3710 5136 estoccurrere

2150 5184 2290 5224 ursre
2308 5169 2479 5239 raptis
2498 5167 2697 5223 fetibus
2713 5210 2727 5231 ,
2749 5183 2912 5238 quam
2933 5169 3098 5225 stulto
3110 5170 3407 5226 conﬁdenti
3429 5171 3486 5227 iu
3506 5166 3705 5225 stultitia

2151 5255 2618 5329 sna(Prov.xvn).
2649 5258 2859 5314 rArena
2882 5260 3213 5313 minutorum
3238 5256 3705 5329 potestsigniticare

2154 5349 2547 5405 multitudinem
2562 5362 2907 5421 peccatorum
2928 5370 2941 5405 :
2968 5351 3044 5407 sal
3056 5351 3182 5422 quia
3197 5366 3300 5423 pro
3315 5350 3573 5420 sapientia
3586 5356 3704 5412 save

2153 5444 2205 5498 in
2248 5442 2543 5514 Scripturis
2579 5443 2834 5514 ponitur,
2879 5443 2967 5498 hic
2997 5449 3175 5512 potest
3213 5441 3521 5514 signiﬁcem
3555 5433 3700 5507 νιιὶιο·

2153 5534 2350 5602 sophos
2383 5533 2692 5602 gentilium,
2736 5533 2825 5602 qui
2853 5534 3132 5603 sapientiae
3169 5533 3449 5587 imitantur
3466 5527 3694 5584 studimn;

2155 5637 2331 5676 massa
2384 5620 2513 5675 ferri
2542 5622 2794 5676 duritiam
2832 5621 3225 5689 persecutionis
3255 5633 3569 5690 paganorum
3600 5655 3613 5665 .
3650 5614 3693 5659 tl
