3926 6168
192 352 301 406 9'3

1066 348 1418 405 COMMENT.
1460 348 1527 403 IN
1566 346 2180 404 ECCLESIASTICUM.
2217 376 2287 387 --—
2327 347 2454 401 LIB.
2497 346 2562 402 Ὺ.

3346 345 3454 400 9η

184 461 319 532 quia
372 459 489 513 haec
530 459 711 513 omnia
757 471 1042 529 comparat
1094 461 1299 516 homini
1345 461 1669 530 imprudenti
1719 466 1775 514 et
1800 466 1850 523 Α
1878 460 2061 526 lidati,
2110 470 2166 515 et
2216 461 2395 515 cordis
2443 460 2616 513 timidi
2653 460 3031 515 haereticorum
3055 457 3360 515 vacillantis
3406 462 3463 516 in

187 552 341 604 fatuo
390 556 447 602 et
471 547 677 618 impio,
728 548 977 603 videlicet
1008 550 1291 613 ha:retico.
1320 550 1414 619 qui
1459 549 1773 618 imprudens

185 649 273 696 est
297 639 528 695 scientia
548 678 562 702 ,
597 637 778 692 fatuus
803 639 1050 693 doctrina
1071 680 1084 704 ,
1117 640 1313 709 impius
1337 640 1446 693 vita
1465 679 1480 701 ,
1509 637 1776 709 signiﬁcat

189 730 589 787 intolerabilius
614 745 737 785 esse
768 730 967 785 malum
986 770 1001 797 ,
1024 731 1165 800 quod
1197 732 1312 801 ipse
1338 730 1452 800 agit
1496 738 1617 798 post
1650 744 1774 798 per-

187 821 495 888 ceptionem
539 819 681 873 sacri
730 819 1101 889 baptismatis,
1133 830 1189 875 et
1228 819 1624 876 confessionem
1670 834 1769 873 uo-

191 912 355 966 minis
380 910 582 966 Christi
604 951 618 971 ,
644 911 1086 983 aguitionemque
1126 915 1369 968 veritatis
1403 921 1646 983 apostata
1695 912 1780 966 fa-

190 1010 347 1066 ctus,
369 1016 533 1068 quam
564 1001 664 1054 hoc
693 1002 834 1070 quod
861 1002 943 1056 vel
967 1003 1127 1057 homo
1162 1004 1463 1059 catholicus
1490 1004 1779 1059 commitit

190 1092 247 1147 in
277 1091 619 1146 multitudine
642 1092 971 1146 minutarum
1002 1094 1490 1165 transgressionum
1510 1134 1527 1160 ,
1553 1094 1637 1146 vel
1661 1094 1779 1163 phi-

188 1182 447 1253 losophus
487 1181 702 1253 gentilis
731 1182 784 1235 in
814 1182 1064 1238 humanm
1093 1184 1370 1255 sapientia:
1401 1184 1651 1253 scriptis,
1692 1182 1778 1237 vel

188 1286 435 1342 paganus
463 1279 786 1340 persecutor
812 1271 906 1341 qui
937 1274 1176 1328 nondum
1210 1275 1456 1343 pervenit
1480 1275 1547 1329 ad
1584 1275 1775 1341 fidem;

190 1371 251 1417 et
278 1362 400 1416 ideo
435 1362 692 1433 ignorans
718 1362 842 1416 odio
864 1361 1029 1418 habet
1051 1363 1334 1418 veritatem
1354 1404 1370 1429 ,
1400 1373 1458 1419 et
1500 1366 1779 1435 persequi-

192 1464 285 1507 tur
306 1451 670 1507 Christianam
703 1450 1037 1521 religionem.
1078 1473 1097 1504 ι
1150 1452 1351 1509 Servus
1377 1453 1524 1508 enim
1554 1456 1644 1524 qui
1675 1456 1780 1510 scit

190 1545 525 1599 voluntatem
550 1543 755 1598 domini
778 1543 860 1599 sui
884 1553 1065 1600 etnon
1090 1544 1250 1609 facit,
1274 1546 1548 1616 vapulabit
1572 1547 1775 1603 multis.

188 1633 293 1700 Qui
348 1642 527 1687 autem
581 1632 756 1687 nescit
797 1640 851 1688 et
900 1648 1008 1688 non
1051 1634 1212 1701 facit,
1262 1635 1547 1705 vapulabit
1590 1638 1779 1715 paucis

190 1722 347 1792 (Luc.
380 1722 502 1795 xu).
550 1744 569 1777 ι

1878 553 2104 609 stultitia
2123 568 2369 608 errorum
2392 553 2505 623 ipse
2528 552 2778 607 Salvator
2796 551 2850 605 in
2873 552 3168 622 Evangelia
3186 553 3459 609 luculenta

1878 641 2230 696 similitudine
2272 641 2554 711 exposuit,
2603 639 2790 696 dicens
2836 657 2849 693 :
2907 658 2926 692 ι
2964 638 3153 696 Omnis
3188 655 3320 711 ergo
3364 643 3459 711 qui

1876 732 2027 786 audit
2054 732 2215 786 verba
2246 746 2364 785 mea
2395 731 2508 785 haec
2535 739 2590 783 et
2637 728 2763 785 facit
2788 745 2885 795 ea,
2928 728 3317 785 assimilabitur
3344 730 3466 787 viro

1876 822 2129 890 sapienti,
2160 821 2250 890 qui
2281 820 2567 876 mdificavit
2594 821 2812 877 domum
2843 835 2995 877 suam
3031 835 3191 888 supra
3221 827 3473 889 petram;

1875 921 1931 966 et
1960 911 2239 967 descendit
2276 911 2451 981 pluvia
2472 951 2486 975 ,
2514 920 2569 966 et
2595 919 2859 966 venerunt
2886 910 3143 973 flumina,
3186 918 3243 965 et
3290 910 3460 967 ﬂave-

1879 1013 2004 1057 ruut
2031 1003 2211 1066 venti,
2243 1010 2298 1056 et
2354 1002 2631 1057 irruerunt
2664 1001 2720 1055 in
2762 1000 3198 1065 domumillam,
3245 1008 3301 1056 et
3348 1015 3465 1059 non

1876 1090 2107 1146 cecidit:
2138 1090 2367 1144 fundata
2393 1091 2539 1145 enim
2567 1099 2687 1145 erat
2724 1104 2885 1158 supra
2912 1099 3154 1159 petram;
3184 1097 3238 1145 et
3281 1090 3471 1149 oinnis.

1878 1182 1969 1252 qui
1996 1181 2148 1236 audit
2170 1181 2335 1236 verba
2360 1195 2483 1237 mea
2514 1182 2629 1236 haec
2653 1189 2709 1236 et
2736 1196 2841 1237 non
2872 1181 2996 1237 facit
3029 1197 3125 1245 ea,
3157 1182 3352 1241 similis
3377 1191 3465 1238 est

1880 1273 1995 1327 viro
2023 1272 2220 1338 stulto,
2270 1272 2361 1342 qui
2415 1270 2653 1327 aedificat
2688 1272 2911 1328 domum
2965 1290 3119 1329 suam
3156 1290 3319 1344 super
3344 1289 3461 1329 are-

1877 1379 2033 1429 nam;
2095 1372 2151 1418 et
2174 1363 2453 1421 descendit
2488 1362 2694 1432 pluvia,
2723 1372 2778 1419 et
2806 1373 3072 1420 venerunt
3100 1362 3358 1428 flumina,
3407 1372 3467 1419 et

1876 1452 2142 1509 ﬂaverunt
2165 1454 2345 1519 venti,
2376 1463 2434 1509 et
2463 1454 2741 1511 irruerent
2771 1456 2822 1510 in
2854 1456 3074 1510 domum
3109 1455 3254 1512 illam
3285 1464 3341 1512 et
3376 1471 3468 1511 cc-

1876 1546 2041 1611 cidit,
2075 1554 2131 1600 et
2179 1543 2283 1600 fuit
2326 1545 2483 1600 ruina
2537 1546 2655 1616 ejus
2698 1560 2913 1616 magna.
2955 1565 2973 1598 ι
3032 1545 3463 1605 Fundamentum

1879 1637 2023 1706 quod
2048 1636 2324 1706 apostolus
2352 1635 2552 1691 Paulus
2594 1638 2927 1693 architectus
2950 1636 3143 1707 posuit
3175 1652 3344 1695 unum
3384 1647 3467 1693 est

1883 1726 2145 1782 Dominus
2192 1734 2377 1781 noster
2417 1725 2576 1782 Iesus
2607 1725 2889 1791 Christus;
2939 1741 3103 1796 super
3128 1727 3232 1783 hoc
3276 1725 3473 1781 funda-

270 1833 289 1863 ι
335 1813 724 1870 Loramentum
748 1814 989 1884 ligneum
1012 1817 1319 1888 colligatum
1350 1819 1403 1873 in
1426 1818 1779 1874 fundamento
1811 1803 1852 1860 Β
1884 1818 2135 1877 mendum
2164 1816 2360 1872 stabile
2398 1825 2455 1871 et
2493 1816 2709 1875 firmum
2739 1824 2795 1875 et
2834 1831 2933 1887 per
2958 1833 3018 1874 se
3061 1817 3280 1875 robusta
3329 1816 3472 1871 mole

194 1928 214 1960 ‹
261 1908 474 1964 ωάίίίεἰί
505 1926 610 1964 non
639 1910 952 1966 dissolvitur
980 1930 994 1966 :
1026 1913 1106 1968 sic
1124 1922 1179 1968 et
1204 1930 1301 1969 cor
1320 1917 1695 1971 conﬁrmatum
1722 1918 1776 1972 in

196 2019 218 2049 ι
266 2001 593 2069 cogitatione
626 2002 860 2057 consilii.
899 2024 918 2056 ι
957 2004 1123 2075 Ligna
1171 2021 1300 2077 ergo
1348 2006 1577 2079 legimus
1598 2007 1778 2076 justos

190 2089 343 2142 viros
395 2090 734 2159 significare,
786 2093 875 2161 qui
924 2093 1155 2149 fructum
1207 2096 1413 2151 dabunt
1442 2098 1492 2151 in
1538 2107 1778 2168 tempore

189 2195 322 2241 suo,
353 2188 409 2233 et
437 2195 665 2249 quorum
702 2180 830 2237 folia
858 2198 969 2237 non
1000 2182 1284 2250 decidunt,
1318 2194 1374 2240 et
1419 2187 1601 2241 eumia
1631 2203 1780 2257 qua:-

189 2284 408 2338 cunquc
447 2270 673 2325 fecerint
708 2272 1173 2342 prosperabuntur
1209 2273 1386 2344 (Psal.
1444 2274 1505 2346 ι).
1559 2275 1777 2330 Funda-

190 2369 436 2416 mentum
467 2371 646 2416 autem
672 2362 886 2417 aedificii
913 2364 1187 2432 apostolos
1215 2374 1269 2419 et
1290 2367 1587 2435 prophetas
1605 2407 1617 2431 ,
1644 2383 1783 2436 quo-

190 2468 314 2506 rmn
349 2454 662 2523 prtedicatio
703 2455 932 2510 sustinet
974 2456 1231 2512 Ecclesia:
1255 2457 1561 2513 mdificium.
1613 2459 1782 2513 Lora-

189 2550 439 2595 mentum
455 2543 596 2597 cnim
611 2542 847 2612 ligneum
860 2544 1168 2616 colligatum
1192 2546 1542 2603 fundamento
1566 2550 1779 2604 :edificii

190 2648 301 2687 non
348 2633 682 2699 dissolvitur,
710 2636 966 2704 quoniam
1002 2637 1137 2693 ﬁdes
1162 2638 1432 2709 passionis
1474 2638 1676 2694 Christi
1723 2643 1779 2697 in

190 2723 455 2778 cordibus
475 2724 808 2780 credentium
826 2725 1079 2795 adjuncta
1097 2729 1358 2785 doctrinae
1379 2731 1742 2800 apostolorum
1760 2773 1776 2799 ,

191 2813 571 2871 indissolubile
594 2816 882 2872 aedificium
907 2818 1162 2875 Ecclesiae
1188 2820 1347 2887 facit,
1373 2837 1623 2891 veraeque
1652 2823 1782 2878 cha-

194 2911 382 2967 ritatis
414 2912 622 2983 glutino
651 2912 864 2969 fortiter
891 2930 1214 2971 connexum.
1238 2914 1349 2971 Nec
1370 2925 1779 2986 persecutorum

191 3004 364 3058 minis
389 3011 445 3057 et
472 3002 696 3076 flagellis
716 3047 731 3071 ,
778 3021 879 3062 nec
906 3008 1283 3064 haereticorum
1311 3008 1521 3063 insidiis
1543 3024 1782 3079 unquam

193 3094 407 3149 destrui
435 3096 730 3164 permittit;
763 3096 977 3152 ﬁrmum
1003 3099 1149 3154 enim
1181 3106 1291 3155 stat
1333 3099 1549 3154 Domini
1591 3098 1783 3155 funda-

191 3158 475 3246 mentum,
504 3192 560 3238 et
579 3199 675 3239 cor
702 3158 875 3241 fidelis
894 3187 1000 3241 viri
1027 3188 1080 3241 in
1110 3188 1415 3258 huiusmodi
1440 3187 1784 3261 dogmatibus
1811 3158 1856 3219 θ

189 3277 617 3346 mniirmatum,
645 3280 827 3351 aliqua
876 3282 1202 3337 adversitate
1232 3281 1497 3336 infirmari
1546 3297 1651 3337 non
1690 3297 1787 3352 po-

191 3379 341 3434 test;
373 3371 468 3426 sed
494 3374 689 3427 summi
728 3373 956 3429 artificis
981 3390 1145 3429 manu
1178 3375 1589 3429 corroboratum
1610 3416 1624 3441 ,
1656 3375 1786 3430 illm-

193 3475 320 3513 sum
350 3471 632 3530 permanet
660 3463 711 3517 in
740 3472 1061 3536 perpetuum
1081 3505 1097 3531 ,
1126 3465 1268 3535 quod
1315 3473 1372 3520 et
1405 3480 1637 3535 sequens
1666 3482 1787 3522 sen-

195 3554 372 3608 tentia
402 3553 476 3607 ita
507 3557 819 3624 comprobat
853 3575 866 3611 :

276 3666 296 3698 ι
334 3647 615 3717 Cogitatus
642 3651 844 3705 sensati
871 3651 927 3706 in
953 3651 1100 3706 omni
1126 3659 1367 3721 tempore
1396 3650 1479 3705 vel
1508 3658 1653 3706 metu
1678 3667 1785 3705 non

202 3756 225 3788 ς
272 3736 680 3807 depravabitur.
714 3759 732 3790 ι
764 3739 919 3795 Nullo
947 3742 1106 3796 modo
1133 3741 1275 3795 enim
1308 3741 1608 3796 adversitas
1632 3757 1793 3794 mun~

199 3831 379 3894 dana,
420 3838 514 3884 aut
549 3840 955 3901 pcrsecutorum
1004 3830 1244 3902 ﬂagella,
1280 3831 1363 3886 vel
1406 3832 1787 3886 hmreticorum

199 3921 343 3976 bella
362 3962 378 3985 ,
408 3921 524 3976 sive
551 3923 717 3977 etiam
738 3922 945 3978 insidiae
968 3922 1322 3994 malignorum
1344 3922 1632 3992 spirituum
1657 3923 1788 3977 sub-

198 4020 424 4066 vertere
462 4013 543 4067 vel
592 4013 889 4082 depravare
913 4028 1008 4068 cor
1038 4012 1318 4083 prudentis
1361 4012 1597 4068 hominis
1641 4020 1793 4082 pote-

201 4110 371 4166 runt,
394 4102 484 4171 qui
504 4103 657 4173 juxta
684 4103 985 4158 divinorum
1014 4102 1276 4158 librorum
1302 4102 1589 4158 consilium
1611 4102 1792 4156 divina

200 4192 463 4245 mandata
491 4193 756 4258 custodit,
779 4200 837 4247 et
866 4201 1036 4248 totum
1063 4193 1234 4248 animi
1262 4194 1346 4249 sui
1371 4193 1656 4265 consilium
1683 4192 1795 4247 Deo

198 4282 567 4350 omnipotenti
620 4297 716 4352 spe
762 4281 917 4337 ﬁrma
955 4282 1262 4337 committit.
1292 4282 1335 4337 E
1363 4282 1638 4338 contrario
1668 4296 1796 4336 vero

201 4370 342 4438 quid
374 4370 579 4425 timidis
606 4373 798 4435 corde,
830 4379 887 4426 et
914 4371 1193 4427 dissolutis
1221 4372 1420 4427 robore
1445 4371 1643 4427 mentis
1668 4385 1771 4426 con

205 4462 416 4531 tingat,
440 4462 688 4532 sequenti
716 4464 1126 4533 cemparatione
1153 4464 1427 4528 ostendit,
1456 4464 1642 4519 dicens
1668 4482 1681 4516 :

289 4573 308 4605 ι
354 4552 510 4609 Sicut
531 4555 698 4625 palea:
720 4555 773 4609 in
800 4556 1029 4612 excelsis
1052 4566 1108 4611 et
1133 4564 1394 4611 caementa
1414 4557 1531 4612 sine
1553 4557 1795 4624 impensa

211 4665 235 4698 α
283 4646 457 4715 posita
490 4653 679 4699 contra
710 4645 903 4701 faciem
933 4646 1079 4701 venti
1104 4661 1211 4701 non
1240 4647 1669 4716 permanebunt,
1715 4646 1794 4701 sic

211 4754 237 4789 ‹
283 4745 341 4790 et
378 4752 477 4790 cor
515 4736 765 4790 timidum
814 4736 870 4790 in
911 4736 1239 4806 cogitatione
1268 4735 1417 4791 stulti
1457 4746 1645 4791 contra
1697 4736 1793 4789 im-

209 4851 235 4884 ‹
282 4836 469 4898 petum
515 4828 727 4883 timoris
771 4844 879 4884 non
929 4829 1150 4883 resistit.
1192 4848 1210 4880 ι
1259 4827 1413 4884 Sicut
1458 4844 1585 4899 ergo
1633 4828 1797 4897 palere

206 4920 363 4975 leves
392 4919 447 4973 in
474 4919 703 4974 excelsis
727 4919 858 4975 locis
882 4920 1073 4991 posite
1100 4916 1231 4974 flatu
1257 4919 1408 4974 venti
1436 4919 1715 4984 tolluntur,
1744 4926 1797 4973 et

207 5015 361 5070 sicut
385 5022 648 5068 cmmenta
669 5029 790 5083 qua:
822 5014 1056 5067 mixtura
1093 5013 1257 5068 calcis
1284 5027 1391 5067 non
1421 5011 1560 5068 bene
1585 5011 1804 5083 conglu-

210 5105 390 5160 tinata
416 5111 563 5170 sunt,
586 5104 847 5174 parietem
870 5104 1087 5158 firmum
1108 5102 1285 5159 facere
1305 5117 1411 5156 non
1432 5110 1684 5171 possunt,
1709 5102 1804 5156 sed

206 5196 274 5251 in
297 5194 534 5248 adventu
564 5194 796 5249 turbinis
815 5194 923 5249 cito
942 5192 1226 5249 deciduum
1254 5193 1513 5256 reddunt,
1538 5192 1618 5248 sic
1633 5200 1688 5247 et
1713 5206 1809 5247 cor

210 5281 475 5338 timidum
532 5281 898 5351 insipientium
954 5282 1329 5336 hmreticorum
1357 5320 1373 5344 ,
1428 5281 1519 5335 ubi
1575 5280 1809 5351 Spiritus

208 5380 448 5428 sanctus
470 5371 672 5427 nullum
704 5380 927 5442 praestat
950 5379 1113 5427 recta:
1144 5371 1266 5426 fidei
1298 5373 1695 5426 firmamentum
1715 5409 1731 5435 ,
1756 5379 1810 5423 et

208 5479 369 5519 verae
421 5463 705 5519 charitatis
744 5463 1158 5519 solidamentum
1208 5461 1509 5517 advenienti
1552 5460 1809 5515 molestia:

212 5552 666 5625 persecutionum
696 5553 950 5609 resistere
964 5569 1069 5608 non
1085 5553 1257 5616 valet,
1279 5552 1373 5606 sed
1389 5551 1558 5605 ruinae
1573 5549 1810 5603 maxime

212 5652 396 5714 patet.
425 5642 535 5699 Has
555 5658 684 5715 ergo
709 5645 842 5699 duas
867 5643 1299 5713 comparationes
1317 5682 1331 5709 ,
1360 5643 1464 5698 hoc
1487 5647 1599 5705 est,
1629 5639 1809 5695 cordis

214 5734 370 5788 ﬁrmi
402 5742 743 5790 scnsatorutn
774 5735 826 5789 in
855 5734 1206 5789 fundamento
1236 5732 1513 5788 catholica:
1558 5729 1679 5785 fidei
1722 5744 1807 5783 so-

1879 1908 2162 1965 fundatum
2180 1950 2195 1974 ,
2223 1908 2524 1964 aedificatur
2543 1908 2748 1963 Christi
2770 1908 3042 1974 Ecclesia;
3061 1922 3223 1978 super
3244 1921 3472 1963 arenam

1882 2016 2041 2064 vero,
2072 2016 2196 2070 qua:
2228 1999 2388 2054 fluida
2417 2007 2578 2054 estet
2605 2001 2976 2071 coagmentari
3001 2014 3110 2055 non
3134 2007 3342 2069 potest,
3371 2015 3472 2056 nec

1881 2092 1936 2145 in
1969 2105 2130 2144 unam
2160 2089 2406 2160 cepnlam
2440 2089 2640 2160 redigi,
2674 2090 2851 2146 omnis
2877 2089 3255 2148 haereticorum
3291 2103 3476 2147 sermo

1886 2183 1954 2236 al
1986 2183 2089 2236 hoc
2114 2180 2414 2236 (ediﬁcatur
2440 2189 2502 2236 ut
2527 2190 2766 2237 corruat.
2799 2180 2939 2247 Quid
2967 2196 3069 2250 per
3096 2181 3334 2251 pluviam
3365 2182 3472 2238 nisi

1883 2275 2227 2333 multimodas
2298 2273 2594 2329 diabolicas
2646 2274 3010 2330 mutationes?
3068 2288 3170 2344 per
3212 2272 3471 2337 flumina,

1882 2372 2096 2434 apertas
2150 2361 2575 2433 manifestasque
2628 2362 3066 2432 persecutiones?
3094 2377 3192 2433 per
3238 2368 3469 2426 ventus,

1884 2452 2151 2523 malignos
2174 2451 2399 2522 spiritus
2419 2450 2644 2520 intelligi
2671 2451 2875 2511 voluit?
2894 2451 3021 2520 quia
3044 2447 3471 2519 uniuscujusque

1884 2541 2212 2599 conscientia
2227 2581 2242 2605 ,
2267 2556 2386 2610 qua:
2409 2555 2505 2609 spe
2529 2539 2707 2596 deﬁxa
2746 2540 2801 2599 in
2824 2540 2994 2599 Deum
3019 2554 3126 2596 non
3149 2548 3434 2608 permanet
3449 2578 3465 2602 ,

1886 2648 2061 2702 neque
2117 2633 2171 2687 in
2203 2630 2623 2697 tentationibus,
2665 2646 2841 2699 neque
2872 2631 2926 2687 in
2966 2628 3470 2702 persecutionibus,

1888 2735 2063 2791 neque
2105 2728 2233 2776 ante
2292 2721 2560 2791 malignos
2610 2721 2833 2791 spiritus
2876 2721 3175 2777 subsistere
3203 2719 3378 2784 valet,
3419 2730 3473 2777 et

1889 2818 2041 2866 tanto
2072 2810 2497 2881 uniuscujusque
2525 2809 2859 2865 conscientia
2888 2808 3143 2880 malignis
3193 2808 3473 2880 Spiritibus

1886 2900 2068 2957 acrius
2090 2900 2421 2965 concutitur,
2446 2908 2650 2970 quanto
2675 2915 2829 2956 mens
2850 2900 3089 2955 carnalis
3130 2899 3186 2955 in
3214 2899 3300 2956 bis
3350 2914 3472 2969 qua:

1890 2990 2074 3047 mundi
2128 2998 2258 3045 sunt
2309 2991 2540 3061 amplius
2596 3006 2626 3044 a
2679 2990 3049 3062 superioribus
3102 2988 3472 3062 disiungitur,

1888 3091 2200 3154 quantoque
2227 3082 2458 3153 amplius
2485 3082 2537 3137 in
2566 3081 2916 3139 inferioribus
2945 3081 3202 3152 illigatur.

1964 3191 1984 3223 ‹
2031 3171 2183 3226 Sicut
2213 3179 2438 3226 ornatus
2466 3185 2726 3227 arenosus
2752 3171 2807 3227 in
2846 3172 3055 3241 pariete
3086 3170 3340 3242 limpido,
3395 3171 3474 3227 sic

1894 3281 1912 3312 ι
1958 3270 2013 3317 et
2060 3277 2157 3316 cor
2186 3261 2451 3331 trepidum
2505 3260 2559 3314 in
2591 3261 2919 3331 cogitatione
2947 3259 3100 3315 fatui.
3139 3259 3299 3317 Omni
3340 3267 3476 3314 tem-

1896 3372 1915 3404 ‹
1960 3368 2091 3424 pore
2132 3368 2240 3407 non
2279 3361 2515 3418 metuet;
2546 3353 2641 3407 sed
2666 3352 2839 3422 quiin
2884 3353 3173 3423 praeceptis
3203 3352 3302 3407 Dei
3354 3366 3478 3423 per-

1896 3467 1912 3498 ι
1959 3453 2172 3512 manet,
2199 3456 2685 3516 semper‘pungens
2704 3446 2891 3501 oculos
2919 3447 3146 3503 deducet
3172 3447 3472 3518 lacrynus:

1898 3557 1916 3588 ι
1963 3544 2018 3593 et
2041 3537 2133 3607 qui
2154 3537 2343 3608 pungit
2374 3553 2488 3603 cor,
2525 3537 2761 3607 proferet
2789 3552 3030 3593 sensum.
3066 3558 3084 3589 ι
3112 3538 3271 3592 Aliud
3312 3553 3475 3607 para-

1890 3628 2070 3697 digma
2098 3627 2276 3698 ponit,
2318 3628 2371 3681 in
2397 3642 2504 3697 quo
2532 3627 2822 3683 ostendere
2853 3626 2966 3681 vult
2995 3626 3313 3696 quod,sicut
3355 3625 3476 3679 lim-

1890 3717 2048 3787 pidus
2099 3717 2278 3786 paries
2326 3724 2548 3786 propter
2602 3715 2878 3771 lenitatem
2931 3729 3084 3769 suam
3128 3728 3235 3766 non
3287 3712 3483 3782 recipit

1890 3804 2166 3875 pulverem
2198 3818 2408 3869 arente,
2441 3804 2519 3861 sic
2550 3812 2607 3858 et
2632 3819 2730 3857 cor
2751 3801 2885 3858 fatui
2915 3801 2968 3855 in
3005 3800 3332 3872 cogitatione
3378 3816 3476 3855 sua

1895 3898 2101 3968 spernit
2145 3897 2411 3953 scelerum
2467 3912 2688 3953 suorum
2724 3895 3187 3960 recordationem,
3240 3910 3341 3950 nec
3363 3894 3478 3948 vult

1894 4002 2180 4058 poenarum
2224 3986 2529 4043 futurarum
2560 3987 2763 4043 habere
2801 3985 3176 4051 formidinem;
3213 3984 3305 4055 qni
3347 4000 3478 4040 vero

1897 4079 1951 4133 in
1994 4077 2280 4149 praeceptis
2305 4076 2400 4132 Dei
2450 4076 2590 4135 bene
2618 4075 2893 4147 operando
2919 4090 3132 4146 semper
3162 4083 3476 4146 permanet,

1899 4168 1988 4222 ille
2015 4168 2195 4223 cordis
2218 4167 2301 4222 sui
2324 4167 2539 4224 oculum
2562 4165 2779 4222 timoris
2799 4166 2986 4222 aculeo
3018 4165 3235 4236 pungit,
3267 4172 3321 4220 et
3355 4180 3473 4235 pro-

1898 4258 2049 4313 ducit
2075 4274 2144 4313 ex
2169 4273 2235 4313 eo
2260 4257 2691 4328 compunctionis
2717 4256 2985 4327 lacrymas
3010 4264 3118 4309 tam
3147 4269 3246 4324 pro
3273 4261 3479 4308 terrore

1893 4349 2081 4420 judicii
2116 4348 2314 4413 futuri,
2344 4364 2506 4419 quam
2535 4362 2636 4417 pro
2666 4361 2854 4403 amore
2884 4347 3008 4399 vita:
3033 4354 3281 4409 :etcrnte;
3318 4351 3374 4398 et
3405 4344 3479 4398 ita

1904 4440 2152 4494 timorem
2178 4438 2272 4493 Dei
2297 4452 2510 4507 semper
2536 4437 2591 4490 in
2615 4444 2906 4506 conspectu
2935 4434 3114 4493 Cordis
3140 4433 3343 4488 habens
3364 4440 3482 4487 stu-
3547 4488 3555 4495 η

1825 4497 1875 4555 D
1904 4532 1994 4587 det
2033 4540 2183 4586 recte
2230 4497 2569 4601 Scripturam
2620 4543 2834 4585 sacram
2887 4526 3212 4594 intelligere,
3257 4532 3314 4579 et
3363 4523 3482 4578 aliis

1904 4622 2082 4676 veraci
2113 4636 2364 4677 sermone
2390 4621 2702 4692 pmdicare.

2506 4732 2732 4789 CAPUT
2772 4731 2857 4786 Vl.

1907 4824 2174 4895 Sapientia
2202 4823 2434 4895 loquitur
2477 4824 2532 4876 in
2553 4822 2735 4891 jurgio
2782 4820 3077 4895 amiserunt
3111 4817 3264 4895 verlga
3314 4816 3485 4872 convi-

2118 4886 2319 4947 ciorum
2349 4892 2428 4946 vel
2461 4886 2776 4946 secretorum
2812 4905 2915 4943 non
2953 4886 3283 4957 proferenda.

1984 5014 2001 5047 α
2047 4995 2267 5051 Mittens
2292 4993 2524 5065 lapidem
2551 4992 2606 5046 in
2636 4990 2895 5055 volatilia,
2923 4989 3135 5060 dejiciet
3160 4988 3247 5043 illa
3290 5006 3303 5042 :
3328 4988 3407 5044 sic
3433 4997 3490 5044 ct

1914 5105 1931 5135 α
1977 5083 2422 5154 quiconviciatur
2435 5083 2635 5147 amico,
2660 5080 2915 5137 dissolvet
2930 5078 3242 5135 amicitiam.
3275 5099 3293 5132 ι
3322 5078 3490 5134 Docet

1909 5176 2172 5246 sapientia
2221 5183 2281 5231 ut
2318 5174 2480 5230 amici
2507 5173 2649 5228 inter
2677 5188 2736 5228 se
2759 5173 3040 5244 iurgantes
3070 5172 3245 5249 verba
3299 5170 3485 5225 convi-

1911 5267 2119 5323 ciorum
2140 5266 2196 5321 in
2218 5266 2543 5321 alterutrum
2566 5279 2673 5320 non
2698 5262 2978 5335 proferant
2993 5303 3007 5325 ,
3034 5277 3137 5318 nec
3162 5268 3371 5316 secreta
3394 5259 3487 5312 diu

1913 5357 2086 5414 velata
2113 5372 2212 5427 per
2238 5356 2476 5413 furorem
2504 5356 2559 5411 in
2585 5355 2819 5410 invicem
2846 5352 3118 5409 denudent
3150 5369 3161 5404 :
3196 5349 3320 5418 quia
3347 5346 3487 5400 sicut

1914 5450 2104 5520 lapidis
2154 5449 2262 5504 ictu
2295 5449 2507 5503 volatus
2563 5447 2679 5502 avis
2715 5444 2983 5512 dejicitur,
3040 5442 3117 5494 ita
3164 5445 3217 5494 et
3255 5432 3487 5488 convicii

1911 5544 2078 5599 verbo
2100 5541 2184 5597 vis
2210 5539 2462 5595 amicitia:
2488 5537 2830 5593 dissolvetur.

1989 5653 2006 5683 ι
2051 5631 2133 5685 Ad
2157 5630 2388 5684 amicum
2411 5627 2455 5681 si
2486 5624 2804 5695 produxeris
2828 5620 3093 5691 gladium,
3140 5629 3243 5667 non
3293 5609 3482 5678 despe-

1918 5745 1936 5779 ‹
1984 5740 2072 5780 res
2100 5740 2112 5777 :
2147 5730 2229 5777 est
2257 5719 2399 5775 enim
2422 5731 2720 5787 regressus.
2753 5711 2835 5767 Ad
2871 5708 3101 5765 amicum
3130 5703 3171 5759 si
3212 5697 3490 5771 aperueris
