3926 6168
469 401 576 461 913

482 535 502 569 t
548 529 613 570 os
650 510 837 571 triste,
887 518 992 557 non
1044 500 1236 553 timeas
1287 509 1300 545 :

485 628 506 661 ι
550 610 773 673 excepto
801 592 1071 655 convicio,
1113 597 1167 644 et
1179 580 1546 655 improperio,
1592 583 1647 631 et
1688 570 1969 643 superbia,
2001 574 2060 622 et

487 723 507 756 ι
552 667 790 772 mysterii
822 687 1148 746 revelatione
1166 724 1180 747 ,
1213 689 1270 737 et
1301 678 1457 749 plaga
1482 674 1665 729 dolosa
1695 685 1709 724 :
1741 669 1796 724 in
1822 667 1910 722 bis
1941 679 2060 719 om—

492 751 506 756 -
552 751 628 772 _-,
648 751 661 753 ἡ

489 812 508 845 t
554 789 713 845 nibus
741 779 962 851 effugiet
985 774 1209 829 amicus.
1249 789 1269 821 ι
1297 767 1453 822 Nunc
1476 761 1650 832 aperit
1669 773 1789 829 qua:
1816 770 1905 811 res
1931 751 2063 807 amio

483 897 607 940 cum
633 880 833 935 bonum
855 870 1065 943 possint
1091 874 1415 922 conservare
1431 899 1447 923 ,
1469 868 1654 925 quieve
1679 850 1829 906 illum
1849 844 2063 917 penitus

483 971 722 1042 eﬁugare
762 973 927 1033 alque
968 959 1201 1014 alienum
1231 952 1431 1007 facere.
1460 946 1519 1001 Si
1563 943 1709 999 enim
1747 937 1914 994 verbo
1938 949 2063 989 cor-

487 1057 750 1133 reptionis
789 1052 1024 1109 amicum
1060 1062 1160 1118 pro
1207 1043 1388 1111 aliquo
1431 1033 1719 1092 commisso
1748 1028 2062 1086 inhonesto,

489 1148 774 1208 cbaritatis
805 1142 1003 1199 aii'eetu
1029 1132 1388 1205 corripueris.
1432 1128 1510 1182 ita
1537 1131 1600 1179 ut
1623 1121 1757 1176 velis
1788 1131 1914 1173 eum
1944 1128 2068 1170 cor-

736 1252 843 1292 non
870 1232 1033 1290 debes
1077 1228 1144 1283 de
1179 1203 1421 1280 amicitia
1445 1216 1566 1287 ejus
1591 1213 1917 1281 desperare.
1944 1203 2073 1274 quia

489 1296 615 1387 licet
650 1296 719 1384 ad
747 1335 958 1394 tempus
983 1317 1164 1375 doleat
1205 1314 1272 1368 de
1299 1304 1701 1377 objurgatione,
1731 1296 2072 1370 postmodum

493 1433 698 1489 tamen,
724 1389 902 1490 agnita
928 1407 1282 1481 correptionis
1303 1401 1537 1458 utilitate
1552 1439 1568 1465 ,
1592 1396 1751 1452 citius
1774 1389 2076 1462 regreditur

494 1515 563 1572 ad
589 1514 678 1587 jus
704 1508 903 1582 prioris
939 1503 1220 1564 amicitiae,
1263 1510 1365 1552 nec
1390 1498 1610 1563 propter
1654 1485 1876 1541 verbum
1921 1481 2077 1535 triste

494 1572 808 1678 perseverat
835 1599 890 1654 in
918 1598 1139 1664 accepto
1164 1587 1347 1645 dolore
1367 1626 1382 1651 ,
1408 1582 1537 1654 quia
1580 1592 1745 1635 omne
1773 1572 1917 1645 quod
1947 1583 2078 1640 erga

497 1662 622 1753 eum
647 1700 824 1750 actum
844 1698 963 1753 est,
989 1662 1194 1752 absque
1217 1677 1424 1735 fraudis
1447 1688 1568 1730 esse
1595 1668 1845 1739 intelligit
1866 1662 2077 1721 machi-

498 1786 740 1842 natione.
770 1782 828 1837 Si
865 1787 1047 1834 autem
1080 1770 1286 1827 laeseris
1312 1766 1466 1822 illum
1496 1758 1726 1819 convicii
1755 1766 2007 1812 sermone
2026 1756 2083 1804 et

502 1873 815 1947 improprii,
847 1880 902 1925 et
947 1863 1197 1937 superbia
1218 1902 1233 1925 ,
1262 1868 1318 1915 et
1346 1863 1676 1913 secretorum
1721 1845 2077 1908 revelatione,

502 1977 561 2025 et
584 1965 871 2023 tlolositate
903 1935 1189 2029 nequitiae,
1218 1954 1274 2008 in
1307 1949 1561 2006 omnibus
1588 1944 1676 2000 bis
1705 1939 1923 2010 eﬂ'ugiet
1945 1935 2081 1992 ami-

505 2073 636 2124 cus,
686 2054 850 2111 etiam
879 2051 945 2109 de
979 2026 1154 2103 reditu
1182 2041 1300 2111 ejus
1347 2040 1417 2094 ad
1457 2034 1750 2091 amicitiam
1800 2026 2085 2100 pristinam

505 2120 713 2223 poteris
738 2147 1047 2213 desperare.
1090 2135 1246 2193 Unde
1272 2131 1397 2187 alibi
1427 2129 1667 2183 dicitur:
1703 2143 1722 2175 t
1763 2120 1951 2176 Amico
2002 2130 2087 2171 re-

508 2209 798 2298 conciliato
825 2209 934 2290 non
962 2229 1155 2287 credas
1186 2226 1240 2280 iu
1269 2232 1532 2278 aeternum
1560 2213 1728 2289 (Eccl.
1760 2209 1882 2281 xu).
1922 2227 1942 2260 ι

589 2351 608 2383 t
640 2328 824 2385 Fidem
850 2321 1065 2396 posside
1091 2332 1212 2373 cum
1233 2312 1483 2386 proximo
1502 2308 1556 2363 in
1580 2309 1896 2377 paupertate
1916 2296 2090 2360 illius,

516 2443 538 2475 ε
582 2428 643 2477 ut
663 2428 721 2476 et
741 2385 899 2474 bonis
927 2413 1073 2468 illius
1095 2406 1318 2463 laeteris.
1363 2403 1421 2458 In
1453 2409 1696 2468 tempore
1735 2385 2096 2446 tribulationis

518 2537 539 2568 ο
585 2514 729 2571 illius
748 2518 1008 2581 permane
1054 2499 1265 2563 ﬁdelis,
1312 2501 1374 2549 ut
1418 2498 1476 2546 et
1511 2489 1567 2544 iit
1592 2481 1911 2542 inmeditate
1952 2475 2098 2530 illius

522 2626 543 2659 ι
584 2605 826 2660 οοιιιειεε
866 2597 962 2653 sis.
1013 2611 1033 2647 ι
1084 2590 1144 2646 ιιι
1186 2584 1512 2643 adversitate
1552 2577 1687 2632 ﬁdes
1732 2569 1891 2628 amici
1926 2564 2100 2636 magis

516 2701 780 2775 probatur
805 2707 967 2765 quam
1011 2690 1066 2744 in
1100 2680 1492 2757 prosperitate,
1519 2671 1649 2744 quia
1681 2688 1700 2720 ε
1736 2663 1890 2721 inulti
1940 2655 2100 2715 amici

1339 2769 1351 2775 -
1436 2765 1470 2775 ··
1670 2753 1864 2775 “sua-
1926 2769 1941 2775 -
1978 2747 2100 2775 ιιιηη

520 2747 753 2855 lmensae,
780 2792 837 2841 et
862 2797 969 2837 non
1000 2779 1321 2850 permanent
1338 2769 1395 2825 in
1420 2765 1507 2821 die
1531 2753 1887 2817 necessitatis.
1926 2769 1945 2802 ι
1978 2747 2104 2802 ideo

521 2888 714 2945 suadet
755 2892 814 2939 ut
842 2880 895 2936 in
923 2878 1242 2951 paupertate
1263 2875 1319 2923 et
1345 2857 1693 2919 tribulatione
1727 2849 1887 2905 fidem
1916 2854 2102 2899 serve-

525 2997 648 3039 mus
676 2976 925 3052 proximo
944 3014 960 3038 ,
986 2977 1252 3041 quatenus
1283 2961 1339 3017 in
1363 2955 1523 3014 bonis
1544 2950 1687 3007 illius
1712 2940 1871 3001 simul
1899 2952 2021 2994 cum
2042 2949 2108 2990 eo

526 3027 648 3039 "‘“"'
677 3027 884 3052 ι’·ν--νν
947 3027 959 3038 ι
1004 3027 1021 3041 ι

525 3076 877 3135 οουωιοιιιιιι.
930 3065 1155 3136 Mystice
1195 3064 1377 3114 autem
1421 3049 1728 3121 quicunque
1766 3040 1822 3094 in
1855 3027 2110 3105 praesenti

530 3167 730 3227 steculo
750 3170 805 3217 et
824 3161 879 3215 in
911 3119 1257 3212 tribulatione
1278 3119 1560 3216 praesentis
1579 3135 1707 3190 vita:
1730 3124 1980 3186 condolet
2002 3119 2111 3175 fra-

532 3259 637 3324 tri,
672 3263 728 3311 et
748 3250 996 3325 proximo
1013 3285 1028 3311 ,
1059 3244 1115 3298 in
1141 3213 1455 3296 haereditate
1481 3230 1676 3286 futura:
1696 3220 1884 3293 patriae
1909 3213 2108 3271 lmtitiae

534 3350 654 3422 ejus
676 3346 780 3402 erit
801 3340 1074 3415 particeps
1099 3341 1155 3390 et
1182 3328 1384 3403 gloriaa.

617 3457 636 3490 t
674 3399 820 3491 Ante
845 3399 1028 3502 ignem
1048 3399 1245 3483 camini
1281 3431 1452 3489 vapor
1473 3421 1530 3470 et
1555 3412 1732 3466 fumus
1757 3404 1896 3477 ignis
1925 3399 2115 3457 inalta-

548 3551 567 3585 t
613 3527 743 3584 tur:
771 3524 850 3581 sic
876 3529 933 3579 et
955 3528 1080 3576 ante
1104 3514 1421 3585 sanguinem
1446 3502 1732 3562 maledicta
1761 3505 1818 3554 et
1840 3502 2118 3550 contume-

547 3642 571 3676 ι
613 3621 700 3675 lite
728 3625 784 3673 et
817 3613 994 3670 minae.
1036 3629 1055 3663 ι
1089 3582 1243 3663 Sicut
1265 3601 1445 3657 fumus
1473 3590 1732 3666 praecedit
1765 3584 1903 3657 ignis
1931 3582 2116 3637 incen-

544 3712 724 3774 dium,
776 3706 857 3762 sic
884 3710 940 3757 et
986 3699 1273 3755 verborum
1316 3676 1802 3754 duritiaprazvenit
1845 3667 2121 3730 homicidii

547 3802 769 3861 malum.
799 3795 956 3854 Unde
994 3792 1050 3847 in
1075 3784 1387 3846 Proverbiis
1419 3778 1681 3848 scriptum
1704 3782 1788 3827 est
1819 3787 1833 3821 :
1875 3785 1895 3819 ι
1933 3762 2124 3819 Sermo

548 3898 718 3953 durus
745 3887 974 3946 suscitat
1018 3883 1182 3938 rixas.
1224 3896 1242 3929 ι
1275 3875 1344 3930 Et
1370 3873 1500 3927 item
1528 3887 1543 3923 :
1581 3887 1600 3918 t
1635 3864 1771 3921 Cum
1797 3854 2125 3916 defecerint,

550 3981 758 4055 inquit,
786 3979 951 4048 ligna,
997 3970 1375 4040 exstinguetur
1398 3959 1569 4033 ignis,
1602 3964 1656 4011 et
1679 3960 1972 4009 susurrone
1996 3942 2119 3998 sub-

1470 4049 1481 4055 -
1709 4043 1721 4055 _
1856 4054 1863 4055 7
1910 4035 1969 4055 Α,
2000 4047 2099 4055 “ﬂ

553 4035 728 4128 tracto
748 4035 1347 4140 jur‘gia-conquiescunt
1378 4070 1391 4104 :
1439 4049 1582 4105 sicut
1613 4043 1877 4101 carbones
1904 4035 1971 4090 ad
2000 4047 2129 4104 pru-

556 4182 658 4225 nas
697 4171 753 4219 et
780 4161 921 4232 ligna
952 4155 1019 4210 ad
1066 4153 1274 4223 ignem,
1319 4146 1400 4201 sic
1449 4143 1614 4198 homo
1674 4128 1964 4189 iracundus
2013 4139 2133 4179 sus-

553 4259 693 4314 citat
738 4217 904 4306 rixas.
944 4264 963 4296 ι
1008 4217 1145 4297 Hinc
1195 4244 1252 4292 et
1311 4231 1562 4289 Salvator
1588 4226 1645 4281 in
1672 4217 1963 4290 Evangelio
2006 4227 2136 4267 cau-

560 4362 676 4407 sam
698 4346 794 4399 ira:
836 4341 1106 4410 prmcepto
1131 4344 1228 4385 suo
1268 4322 1483 4380 auferre
1520 4316 1718 4381 voluit,
1749 4327 1817 4367 ne
1857 4300 2136 4363 homicidii

563 4438 739 4497 scelus
792 4395 1100 4489 adderetur,
1149 4420 1333 4477 dicens
1365 4433 1379 4469 :
1415 4432 1434 4464 t
1471 4407 1711 4467 Audistis
1758 4400 1883 4473 quia
1935 4395 2137 4451 dictum

563 4538 650 4587 est
691 4522 975 4593 antiquis:
1024 4515 1139 4570 Non
1185 4507 1433 4570 occides;
1487 4500 1581 4572 qui
1618 4505 1798 4551 autem
1841 4482 2138 4546 occiderit,
2168 4517 2219 4576 Β

567 4573 650 4587 υ..-
691 4573 921 4593 ---ηγη

567 4634 694 4677 reus
717 4615 824 4672 erit
841 4608 1066 4680 judicio.
1096 4603 1210 4673 Ego
1238 4605 1415 4652 autem
1446 4591 1567 4647 dico
1592 4585 1776 4646 vobis,
1807 4580 1933 4651 quia
1963 4573 2140 4631 omnis

569 4709 665 4784 qui
689 4702 943 4762 irascitur
974 4693 1129 4751 fratri
1154 4672 1295 4751 suo,
1326 4698 1452 4739 reus
1481 4679 1586 4735 erit
1605 4672 1836 4746 judicio,
1869 4677 1973 4723 etc.
2012 4684 2031 4716 ι

1535 4769 1559 4784 ι’
1644 4767 1726 4784 ιΑ..
1779 4778 1801 4784 -
1838 4758 1975 4784 nus-
2002 4756 2031 4784 ξΙ

648 4821 667 4854 t
709 4795 960 4853 Amicum
1010 4785 1245 4843 salutare
1291 4792 1399 4833 non
1426 4767 1746 4829 confundar,
1778 4778 1808 4817 a
1838 4758 1976 4813 facie
2002 4754 2147 4810 illius

574 4906 683 4949 non
705 4876 1137 4944 meabscondam
1168 4891 1181 4927 :
1221 4879 1276 4927 et
1298 4868 1345 4924 si
1380 4863 1522 4921 mala
1548 4857 1681 4915 mihi
1712 4850 2024 4911 evenerint,
2055 4860 2152 4915 per

580 5074 657 5129 tia
679 5112 695 5133 ,
722 5084 829 5125 non
854 5077 931 5121 est
963 5057 1217 5133 possibile
1250 5062 1539 5111 enarrare;
1569 5052 1625 5099 et
1651 5045 1851 5111 quanta
1880 5030 2021 5087 mala
2048 5028 2160 5082 sint

582 5165 639 5221 in
664 5160 851 5217 odiosa
879 5150 1190 5213 inimicitia,
1226 5143 1404 5199 nullus
1423 5135 1606 5194 verbis
1636 5135 1814 5202 potest
1837 5120 2155 5181 enuntiare;

585 5255 713 5329 quia
741 5250 882 5308 sicut
906 5242 1142 5301 amicitia
1174 5210 1340 5293 totius
1369 5230 1498 5286 boni
1520 5235 1603 5282 est
1643 5217 1909 5277 laudabile
1959 5210 2161 5267 solida-

1346 5322 1358 5329 .
1426 5320 1438 5329 .
1486 5320 1497 5329 .
1562 5317 1572 5329 .
1927 5301 2160 5329 mum

585 5301 851 5404 mentum,
881 5335 961 5391 sic
984 5340 1039 5388 et
1062 5346 1093 5384 e
1124 5322 1398 5383 contrario
1425 5314 1707 5374 inimicitia
1733 5309 1898 5365 totius
1927 5301 2053 5357 mali
2078 5305 2164 5352 est

583 5394 906 5496 detestabile
925 5427 1320 5496 argumentum.
1343 5412 1400 5468 Si
1417 5410 1559 5466 enim
1581 5401 1861 5460 evenerint
1882 5395 1976 5453 tibi
1999 5394 2158 5453 bona,

587 5528 799 5587 amicus
828 5528 954 5578 tuus
988 5481 1087 5571 :ibi
1125 5502 1508 5579 congaudebit;
1560 5497 1605 5551 si
1649 5501 1828 5549 autem
1872 5481 2170 5541 acciderint

594 5620 769 5683 mala,
822 5612 1031 5670 amicus
1076 5602 1172 5658 tibi
1219 5591 1550 5655 condolebit,
1605 5601 1670 5640 ac
1725 5579 1949 5637 sufferre
1990 5582 2168 5627 tecum

596 5708 844 5768 certabit.

677 5817 699 5851 ι
729 5794 914 5857 Omnis
940 5790 1033 5862 qui
1062 5785 1271 5851 audiet,
1302 5774 1514 5836 cavebit
1541 5786 1599 5827 se
1630 5769 1694 5822 ab
1726 5779 1809 5820 eo.
1863 5782 1879 5813 ο
1911 5758 2023 5813 Hoc
2056 5760 2133 5808 est
2157 5791 2171 5817 ,

1110 384 1169 437 Β.
1211 376 1462 436 ιιΑιιΑΝι
1503 370 1721 428 ιιιιυιιι
1760 361 2081 421 ARCHIEP.
2126 352 2435 412 MOCUNT.
2478 345 2763 404 OPERUM
2800 340 2980 397 PARS
3017 338 3056 394 l.

1359 499 1442 546 est
1483 488 1628 543 enim
1671 476 2051 540 eoneordatio;
2083 474 2131 533 Α
2158 470 2334 527 omnis
2354 467 2445 538 qui
2466 463 2714 535 intelligit
2736 467 2937 532 quanta
2958 457 3099 510 bona
3117 451 3225 506 sint
3247 449 3300 502 in
3323 444 3558 501 amicitia
3578 458 3715 507 vera,

3621 324 3718 385 916

2157 569 2314 616 cavet
2357 572 2425 612 ne
2454 569 2552 625 per
2577 531 2844 607 incuriam
2873 543 3067 616 perdat
3095 540 3274 603 illam;
3310 541 3467 591 cavet
3487 531 3630 587 enim
3662 546 3719 586 ne

2158 651 2406 709 convicio
2451 655 2508 704 et
2546 640 2903 714 impmperio,
2933 646 2988 692 et
3015 632 3229 691 creteris
3249 643 3372 700 quae
3399 641 3561 696 supra
3605 638 3722 679 euu-

2161 740 2389 797 meravit
2418 742 2704 807 exasperet
2726 731 2959 786 amicum
2976 767 2993 793 ,
3021 732 3077 781 et
3097 722 3258 780 lmdat
3280 715 3680 785 amicitiaajnra.

2237 851 2257 883 ι
2302 829 2435 896 Quis
2457 806 2608 881 dabit
2629 823 2713 879 ori
2760 834 2883 875 meo
2906 816 3242 878 custodiam,
3288 820 3345 867 et
3390 824 3553 879 supra
3598 806 3723 860 labia

2163 937 2285 979 mea
2306 917 2641 991 signaculum
2668 911 2915 970 certum?
2940 920 3002 966 ut
3040 924 3147 964 non
3180 906 3373 961 cadam
3404 902 3472 956 ab
3503 900 3658 969 ipsis,
3678 906 3727 950 et

2166 1015 2347 1087 lingua
2393 1025 2514 1067 mea
2559 1007 2752 1079 perdat
2799 1018 2904 1059 me.
2946 1021 2965 1055 ι
3018 998 3177 1055 Novit
3222 996 3368 1052 enim
3410 992 3497 1045 vir
3530 988 3726 1060 sapiens

2167 1112 2370 1178 quanta
2394 1102 2535 1157 mala
2562 1078 2818 1155 eveniant
2840 1109 2937 1165 per
2963 1090 3325 1147 temeritatem
3351 1084 3578 1152 linguae;
3621 1078 3727 1132 ideo

2172 1198 2501 1265 interrogat,
2525 1190 2646 1261 quis
2666 1187 2767 1244 sibi
2790 1184 3094 1241 custodiam
3115 1181 3353 1251 pra-beat
3376 1188 3488 1230 suae
3506 1169 3726 1240 loquelze,

2172 1298 2232 1344 ut
2255 1302 2361 1342 non
2391 1282 2623 1341 declinet
2648 1280 2702 1334 in
2729 1277 2952 1332 verbum
2981 1271 3180 1328 malum
3210 1308 3226 1333 ,
3256 1265 3398 1321 unde
3422 1262 3611 1317 animai
3636 1274 3731 1313 suae

2173 1379 2533 1437 certissimum
2583 1372 2755 1445 possit
2795 1367 3014 1425 evenire
3043 1363 3447 1421 detrimentum.
3487 1355 3732 1422 Quantum

2178 1479 2362 1527 autem
2385 1463 2684 1539 periculum
2705 1461 2957 1516 humanae
2976 1456 3103 1510 vita:
3128 1450 3386 1508 consistat
3418 1447 3473 1500 in
3493 1450 3733 1514 potestate

2178 1531 2403 1630 linguae;
2432 1554 2671 1611 Iacobus
2700 1547 2976 1620 apostolus
3011 1546 3066 1599 in
3097 1540 3333 1613 Epistola
3358 1552 3458 1591 sua
3485 1531 3734 1592 ostendit,

2181 1653 2368 1708 dicens
2402 1667 2414 1703 :
2449 1668 2468 1699 t
2502 1647 2642 1702 Ecce
2671 1649 2906 1713 quantus
2929 1637 3069 1708 ignis
3091 1646 3254 1704 quam
3279 1642 3534 1697 magnam
3558 1622 3735 1694 sylvam

2184 1741 2426 1800 incendit
2452 1758 2465 1792 :
2497 1745 2552 1792 et
2578 1736 2759 1806 lingua
2788 1731 2927 1801 ignis
2951 1735 3066 1793 est;
3111 1720 3440 1779 universitas
3466 1711 3740 1784 iniquitatis

2109 1819 2156 1877 Β
2182 1834 2363 1903 lingua
2387 1802 2738 1885 constituitur
2762 1824 2817 1878 in
2846 1817 3107 1875 membris
3126 1812 3329 1869 nostris
3348 1849 3363 1873 ,
3387 1823 3512 1877 quae
3536 1802 3741 1859 maculat

2184 1933 2357 1981 totum
2378 1935 2606 1990 corpus,
2638 1926 2695 1972 ct
2723 1912 3020 1968 inﬂammat
3044 1916 3215 1962 rotam
3239 1899 3542 1958 nativitatis
3570 1904 3743 1950 nostrzn

2186 2013 2521 2073 inflammata
2549 2025 2578 2063 a
2606 2006 2870 2078 gebenna.
2921 1998 3111 2056 Omnis
3139 1995 3283 2051 enim
3334 1999 3531 2046 natura
3574 1985 3746 2041 bestia-

2187 2118 2308 2159 rum
2353 2109 2411 2157 et
2440 2098 2718 2154 volucrum
2745 2102 2802 2149 et
2841 2088 3172 2160 serpentium
3190 2126 3205 2150 ,
3235 2091 3291 2139 et
3316 2088 3635 2136 cancrorum
3670 2074 3750 2128 do-

2191 2203 2409 2251 mantur
2431 2198 2487 2245 et
2515 2187 2720 2244 domita
2761 2190 2889 2239 sunt
2930 2196 2962 2235 a
2997 2187 3192 2235 natura
3226 2175 3485 2228 humana.
3516 2166 3749 2237 Linguam

2193 2296 2375 2345 autem
2404 2282 2583 2340 nullus
2626 2277 2909 2335 hominum
2954 2273 3176 2327 domare
3217 2272 3431 2337 potest,
3484 2258 3749 2329 inquietum

2179 2374 2620 2443 ntalum,plenatu
2630 2381 2841 2425 veneno
2864 2361 3144 2420 mortifero
3159 2374 3177 2426 ;
3195 2358 3246 2412 in
3273 2358 3389 2428 ipsa
3412 2350 3753 2409 benedicimus

2197 2467 2485 2524 Dominum
2509 2473 2565 2517 et
2594 2460 2848 2521 Patrem;
2898 2463 2954 2511 et
2982 2454 3035 2508 in
3067 2453 3181 2521 ipsa
3211 2446 3587 2504 maledicimus
3606 2437 3754 2494 humi.

2197 2575 2324 2624 nes,
2354 2557 2448 2627 qui
2471 2554 2536 2609 ad
2561 2548 2969 2608 similitudinem
2995 2544 3091 2599 Dei
3117 2540 3243 2596 facti
3272 2544 3420 2593 sunt.
3451 2534 3531 2589 Ex
3557 2533 3663 2602 ipso
3679 2542 3756 2581 ore

2197 2624 2449 2721 procedit
2474 2640 2779 2700 benedictio
2807 2648 2863 2694 et
2883 2632 3190 2692 maledictio
3220 2627 3361 2701 (Jac.
3395 2624 3510 2697 in).
3547 2642 3568 2675 ι

2807 2762 3033 2826 CAPUT
3074 2760 3183 2819 ΥΠ.

2206 2870 2391 2929 Oratio
2427 2864 2715 2922 communis
2746 2861 2983 2917 omnibus
3023 2856 3169 2910 nobis
3207 2863 3264 2907 ut
3286 2853 3552 2929 dicamus,
3575 2843 3761 2898 Domine

2278 2941 2417 2996 Deus
2439 2936 2600 2991 Pater
2626 2944 2672 2990 et
2693 2934 2990 2987 dominator
3014 2930 3129 2982 vita:
3148 2940 3295 2984 metr,
3318 2936 3383 2996 ne
3406 2918 3658 2987 relinquas
3678 2927 3760 2996 nte,

2277 3022 2325 3066 et
2352 3027 2415 3065 ne
2438 3009 2582 3063 sinas
2612 3021 2688 3059 me
2714 3003 2920 3063 cadere,
2962 3000 3058 3055 hoc
3082 3006 3156 3050 est
3190 2982 3462 3047 contineas
3493 2982 3589 3051 me,
3619 3001 3673 3038 ne
3697 2982 3763 3051 {a-

2281 3082 2419 3137 ciam
2447 3079 2653 3133 ruinam
2684 3073 2748 3128 de
2777 3089 2857 3126 me
2884 3068 3268 3141 pra’sumt’ndo.

2287 3190 2438 3264 (Car.
2480 3185 2661 3256 xxiii.)
2707 3202 2726 3235 ι
2774 3179 3002 3237 Domine
3040 3186 3196 3247 pater
3238 3180 3293 3228 et
3331 3170 3637 3225 dominator
3666 3161 3768 3214 vita.

2223 3304 2243 3338 ι
2287 3298 2441 3348 mea),
2486 3294 2555 3335 ne
2581 3276 2927 3346 derelinquas
2968 3286 3057 3326 me
3100 3269 3154 3324 in
3189 3264 3417 3323 consilio
3464 3272 3664 3320 eorum,
3689 3266 3771 3307 nec

2225 3394 2245 3427 t
2285 3374 2434 3429 sinas
2465 3386 2553 3426 me
2580 3367 2775 3424 cadere
2812 3365 2867 3419 in
2898 3361 3023 3417 illis.
3055 3379 3074 3413 ι
3117 3357 3252 3412 Nam
3284 3369 3408 3409 cum
3447 3349 3601 3422 prius
3635 3346 3775 3399 inter-

2221 3469 2439 3535 rogaret
2464 3463 2587 3530 quis
2612 3456 2766 3513 daret
2793 3453 2877 3510 ori
2905 3466 3005 3508 suo
3033 3447 3357 3508 custodiam,
3385 3450 3448 3497 et
3474 3453 3630 3508 supra
3657 3433 3774 3487 labia

2223 3552 2559 3627 signaculum
2590 3556 2823 3613 certum,
2853 3545 2982 3614 quia
3019 3540 3288 3627 neminem
3330 3533 3545 3589 invenit
3581 3527 3665 3598 qui
3694 3527 3779 3580 hoc

2224 3646 2467 3720 perfecte
2511 3642 2690 3698 facere
2742 3613 2948 3708 possit,
2997 3633 3065 3689 ad
3120 3613 3237 3699 eius
3283 3623 3686 3696 opitulationem
3732 3620 3781 3667 se

2228 3735 2495 3797 convertit
2534 3732 2629 3804 qui
2656 3744 2780 3785 eum
2811 3729 2864 3782 in
2896 3724 3051 3780 initio
3081 3718 3286 3777 creavit
3319 3732 3334 3769 :
3377 3722 3443 3768 ut
3471 3711 3621 3779 cujus
3646 3716 3782 3775 opere

2230 3831 2334 3889 fuit
2358 3839 2419 3885 ut
2453 3828 2509 3883 in
2537 3832 2729 3880 natura
2768 3817 3106 3879 subsisteret,
3135 3811 3255 3881 ejus
3285 3820 3517 3862 munere
3550 3805 3637 3855 tiat
3663 3811 3721 3851 ne
3741 3794 3782 3846 in

2230 3923 2486 3979 vitiorum
2513 3915 2829 3987 voraginem
2857 3909 3024 3965 cadat.

2311 4033 2330 4067 t
2377 4011 2511 4080 Quis
2547 3975 2862 4077 supcrponit
2898 4001 2951 4055 in
2983 3997 3221 4068 cogitatu
3266 4005 3387 4046 meo
3417 3984 3647 4067 flagella,
3675 3975 3786 4033 etin

2243 4128 2261 4160 t
2306 4106 2468 4163 corde
2497 4117 2618 4157 meo
2646 4097 2947 4154 doctrinam
2978 4087 3276 4160 sapientitn,
3303 4092 3361 4137 ut
3388 4073 3793 4153 ignorationibus

2244 4218 2263 4250 t
2308 4209 2499 4252 eorum
2522 4206 2629 4247 non
2655 4192 2884 4259 parcant
2906 4181 3063 4245 mibi,
3089 4186 3144 4233 et
3183 4191 3288 4230 non
3310 4163 3795 4245 appareantdelicta

2245 4310 2265 4342 ι
2311 4289 2556 4349 illorum,
2589 4292 2645 4337 et
2692 4296 2761 4337 ne
2790 4277 3166 4331 adincrescant
3215 4263 3545 4335 ignorantiae
3573 4271 3717 4319 meas,
3755 4257 3797 4303 et

2247 4403 2267 4437 ί
2313 4377 2734 4448 multiplicantur
2758 4369 2950 4426 delicta
2989 4379 3131 4427 mea,
3158 4367 3211 4415 el
3244 4363 3475 4429 peccata
3504 4367 3622 4407 utea
3652 4349 3795 4401 abun-

2251 4497 2269 4529 t
2315 4476 2467 4538 dent,
2507 4478 2564 4525 et
2612 4466 2846 4522 incidam
2892 4462 2946 4514 in
2988 4460 3339 4525 conspectum
3389 4441 3796 4502 adversariorum

2252 4589 2271 4621 t
2316 4577 2586 4626 meorum,
2615 4567 2670 4613 et
2695 4555 2924 4626 gaudeat
2957 4562 3117 4618 super
3159 4558 3243 4598 me
3281 4538 3541 4596 inimicus
3578 4526 3794 4588 meus?»

2250 4658 2387 4727 Quia
2407 4656 2492 4710 vir
2522 4651 2739 4722 sapiens
2766 4642 3026 4701 intellexit
3052 4637 3305 4692 vitiorum
3351 4628 3588 4685 crimina
3612 4622 3706 4678 sibi
3729 4629 3804 4669 no-

2253 4751 2340 4805 xia
2376 4759 2498 4802 esse
2540 4717 2604 4797 ac
2631 4735 2930 4799 mortifera,
2966 4732 3088 4786 ideo
3114 4739 3365 4798 qumrens
3394 4718 3605 4791 appetit
3644 4717 3694 4769 in
3727 4724 3802 4763 cn-

2256 4842 2426 4912 gitatu
2453 4850 2551 4892 suo
2580 4828 2873 4898 disciplinae
2906 4796 3217 4891 flagella,vet
3240 4815 3295 4869 in
3320 4811 3491 4867 corde
3518 4821 3617 4862 suo
3643 4796 3807 4857 doctri-

2261 4898 2387 4986 nam
2416 4927 2616 4982 habere
2641 4916 2957 4992 prudentiae,
2986 4930 3055 4966 ne
3080 4910 3219 4965 forte
3256 4900 3566 4974 ignorantia
3594 4898 3807 4953 detentus

2258 5036 2367 5077 non
2396 5021 2658 5088 agnoscat
2697 5009 3014 5066 delictorum
3040 4996 3300 5071 pericula,
3337 5000 3395 5047 et
3423 4996 3718 5061 augeantur
3749 4980 3808 5034 fa-

2260 5068 2367 5077 ..--_
2548 5068 2590 5070 η
3042 5068 3061 5071 _

2260 5113 2504 5168 cinerum
2534 5104 2783 5167 crimina,
2814 5114 2912 5170 pro
2941 5093 3138 5166 quibus
3175 5088 3380 5143 incidat
3424 5084 3482 5138 in
3529 5090 3713 5134 manus
3738 5068 3812 5129 atl-

2262 5198 2648 5260 versariorum,
2674 5200 2730 5249 et
2754 5187 3007 5262 gaudium
3034 5180 3278 5254 perﬁciat
3307 5171 3636 5247 spiritalium
3663 5159 3811 5219 inimi-

2263 5305 2471 5347 eorum.

2343 5402 2362 5434 t
2381 5378 2605 5436 Domine
2624 5383 2776 5445 pater
2790 5379 2845 5426 et
2856 5369 2998 5423 Deus
3010 5366 3134 5420 vita:
3147 5376 3300 5426 meae,
3318 5373 3386 5412 ne
3398 5352 3734 5416 derelinquas
3749 5350 3818 5392 me

2275 5494 2294 5527 t
2341 5474 2396 5527 in
2424 5442 2661 5539 cogitatu
2690 5464 2927 5518 illorum.
2976 5452 3358 5512 Extollentiuut
3385 5445 3664 5501 oculorum
3690 5442 3816 5487 tneo-

2275 5585 2295 5617 t
2343 5579 2460 5618 rum
2489 5575 2557 5614 ne
2588 5555 2800 5613 dederis
2826 5551 2976 5615 mibi,
3009 5558 3065 5603 et
3090 5560 3249 5601 omne
3273 5536 3600 5595 desiderium
3627 5530 3821 5598 prawm

2280 5675 2297 5706 t
2344 5660 2527 5708 averte
2555 5665 2587 5703 a
2614 5661 2717 5701 me.
2761 5641 2930 5697 Aufer
2958 5655 2989 5693 a
3018 5654 3104 5692 me
3132 5630 3338 5688 ventris
3363 5612 3818 5691 concupiscemus.

2282 5764 2299 5798 t
2348 5754 2399 5800 et
2452 5738 2768 5798 concubitus
2821 5726 3269 5800 concupiscentim
3322 5736 3388 5775 ne
3446 5700 3827 5786 apprehendam
