3902 6162
198 235 230 290 9
244 233 302 289 Π.

1064 227 1417 288 (ΣΟΜΜΕΝΤ.
1459 227 1525 283 IN
1568 226 2182 284 EGCLESIASTICUM.
2229 259 2291 266 ——
2329 226 2457 282 Llll.
2500 225 2559 281 ν.

3370 226 3474 282 9ῐῦ

205 365 223 396 σ
270 356 376 406 me,
410 350 462 396 et
504 356 697 394 anima:
730 340 1047 394 irreverenti
1075 349 1130 394 et
1173 339 1443 394 iufrunitaz
1480 355 1548 394 ne
1605 340 1787 394 tradas
1817 341 1861 399 Α
1892 336 2033 391 aliud
2062 337 2416 407 qm‘idcunque
2447 336 2814 407 jnrauu-ntum
2843 353 2857 399 ;
2908 335 2978 389 sit
3016 344 3194 390 autem
3226 347 3468 392 vestrum

206 457 224 488 ι
274 448 379 489 me.
418 451 436 484 ι
487 431 653 486 Deum
691 439 898 501 patrem
927 431 1301 485 universorum
1346 439 1401 484 et
1445 428 1705 484 factorem
1733 439 1788 484 et
1883 427 2277 496 juramentum,
2308 437 2411 493 est,
2452 439 2552 490 est,
2586 445 2715 486 non.
2750 444 2854 482 non
2893 428 3034 490 (Jac.
3061 429 3138 498 v),
3178 449 3196 482 ι
3237 430 3362 500 quia
3393 429 3473 484 le-

201 527 596 583 dominatorem
645 524 770 578 vitae
813 523 1063 577 humana:
1111 531 1264 593 rogat
1315 537 1382 577 ne
1436 535 1496 577 se
1548 524 1785 588 deserat,

198 634 302 674 nec
330 617 386 672 in
416 614 700 671 consilium
746 614 1103 683 malignorum
1132 614 1419 684 spirituum
1447 615 1632 670 venire
1662 630 1788 684 per-

199 710 401 774 mittat,
455 707 549 761 sed
601 705 772 776 magis
815 704 965 759 tollat
1014 705 1083 759 ab
1128 720 1192 758 eo
1233 705 1520 760 elationem
1569 705 1785 768 mentis,

198 814 470 867 autneque
509 795 836 851 desiderium
863 811 1090 866 pravum
1131 796 1338 850 auferat
1371 795 1786 868 gastrimargize,

200 893 306 948 hoc
333 901 435 955 est,
476 891 611 962 gulre
651 890 862 954 vitium,
907 897 961 944 et
990 889 1270 943 libidinem
1311 888 1704 953 fornicationis,
1727 884 1791 944 'et

199 985 440 1042 maxime
468 1001 533 1038 ne
558 983 754 1039 anima:
781 982 1100 1038 irreverenti
1129 991 1183 1036 et
1208 983 1490 1052 impudica:
1523 982 1787 1048 tradatur,

201 1077 414 1133 scilicet
456 1092 524 1131 ne
563 1073 870 1144 hujusmodi
907 1075 1056 1130 vitiis
1098 1075 1344 1144 capiatur
1373 1082 1466 1128 aut
1499 1073 1786 1144 obligetur.

201 1166 414 1221 Dicitur
441 1167 584 1220 enim
619 1167 760 1222 Deus
786 1165 1000 1220 tradere
1030 1167 1305 1220 hominem
1334 1165 1492 1221 alicui
1523 1165 1786 1236 periculo,

201 1258 421 1326 quando
443 1255 591 1324 justo
613 1257 816 1326 judicio
840 1257 1106 1326 permittit
1131 1273 1252 1312 eum
1286 1258 1524 1312 incidere
1553 1258 1605 1311 in
1637 1257 1785 1313 illud.

201 1347 329 1402 Ideo
362 1363 612 1418 rogamus
653 1347 800 1401 illum
842 1347 893 1402 in
932 1349 1177 1402 oratione
1202 1349 1500 1414 Dominica,
1530 1365 1598 1404 ne
1635 1349 1791 1404 indu-

203 1449 294 1492 cat
327 1454 423 1492 nos
465 1438 518 1490 in
565 1437 933 1503 tentationem,
974 1438 1079 1492 hoc
1123 1447 1226 1502 est,
1267 1453 1333 1492 ne
1365 1439 1649 1508 permittat
1691 1454 1791 1493 nos

205 1528 385 1582 induci
437 1525 896 1581 intentationem.
949 1545 966 1575 ‹
1010 1526 1152 1580 Deus
1177 1527 1320 1580 enim
1356 1527 1627 1581 neminem
1677 1537 1792 1580 ten-

207 1626 309 1683 tat,
355 1638 373 1670 ι
412 1617 513 1672 hoc
538 1625 640 1678 est,
669 1617 938 1670 neminem
968 1615 1186 1684 decipit,
1227 1635 1244 1667 ι
1286 1616 1412 1685 quia
1453 1616 1566 1685 ipse
1610 1617 1790 1671 inten-

206 1716 356 1764 talor
382 1716 465 1764 cst
496 1707 758 1762 malorum
795 1715 1252 1762 tentamentorum
1282 1705 1496 1779 (Matth.
1527 1705 1622 1778 vi).
1661 1727 1680 1760 ι

803 1817 1030 1873 CAPUT
1073 1817 1180 1872 Vlll

599 1908 678 1963 De
705 1909 947 1963 doctrina
987 1909 1093 1962 oris
1121 1909 1408 1963 audienda.

292 2042 314 2074 ε
358 2022 672 2078 Doctrinam
727 2023 841 2077 oris
870 2022 1074 2087 audite,
1122 2021 1238 2087 lilii,
1271 2030 1327 2076 et
1354 2022 1444 2091 qui
1479 2021 1799 2077 custodierit

216 2132 240 2164 α
288 2114 455 2177 illam,
489 2129 593 2168 non
622 2113 817 2181 peribit
866 2112 1024 2167 labiis
1055 2113 1186 2176 suis,
1216 2128 1316 2167 nec
1345 2111 1798 2168 seandalizabitnr

218 2226 238 2257 ι
285 2207 339 2260 in
366 2206 622 2276 operibus
646 2205 1010 2274 aequissimis.
1045 2225 1062 2257 ι
1092 2205 1401 2259 Doctrinam
1429 2205 1542 2260 oris
1566 2204 1801 2276 appellat

210 2297 553 2367 disciplinam
583 2297 895 2352 verborum.
943 2298 1094 2354 llanc
1139 2299 1350 2364 audire,
1400 2300 1504 2354 hoe
1547 2309 1634 2354 est
1674 2298 1797 2352 dili-

211 2397 406 2459 genter
435 2389 646 2445 discere
681 2396 737 2443 et
781 2404 1002 2444 servare
1047 2390 1220 2459 jubet,
1255 2390 1512 2459 quoniam
1540 2391 1630 2460 qui
1659 2391 1800 2445 hanc

211 2480 556 2543 custodierit,
589 2495 694 2534 non
722 2487 914 2549 peccat
946 2481 1000 2534 in
1032 2480 1190 2535 labiis
1231 2481 1363 2545 suis,
1393 2497 1494 2537 nec
1524 2480 1797 2536 scandali-

211 2569 428 2624 zabitur
454 2570 509 2624 in
535 2569 786 2639 operibus
814 2570 1184 2640 nequissimis,
1219 2571 1324 2625 hoc
1349 2580 1456 2636 est,
1484 2572 1537 2626 in
1566 2570 1802 2628 factione

209 2663 321 2718 doli
361 2671 417 2717 et
453 2661 725 2732 nequitia,
776 2661 1052 2727 falsitatis,
1095 2661 1513 2726 maledictionis,
1549 2663 1796 2733 perjurii,

209 2751 603 2816 detractionis,
659 2765 780 2819 quae
825 2766 990 2820 opera
1048 2759 1174 2806 sunt
1234 2751 1346 2806 oris
1395 2752 1799 2821 indiseiplinati.

212 2845 322 2912 Qui
365 2844 508 2900 enim
551 2843 788 2898 custodit
822 2859 887 2898 os
933 2859 1115 2910 suum,
1159 2843 1398 2899 custodit
1440 2845 1509 2898 ab
1540 2843 1806 2914 angustiis

212 2935 458 2990 animam
487 2949 664 2988 suam.

199 3067 206 3076 .
293 3045 313 3076 ι
361 3024 418 3079 In
450 3025 688 3078 vanitate
724 3039 819 3080 sua
854 3026 1274 3094 apprehenditur
1316 3032 1589 3094 peccator,
1620 3033 1675 3080 et
1711 3042 1806 3081 su-
1834 3058 1879 3119 C

218 3135 237 3167 ι
285 3115 509 3186 perbus,
555 3123 613 3170 et
656 3115 951 3170 maledicus
995 3115 1452 3170 scandalizabitur
1495 3116 1552 3170 in
1605 3116 1730 3172 illis.
1778 3136 1798 3170 ι

213 3207 274 3260 lu
307 3206 550 3261 vanitate
585 3221 682 3260 sua
723 3207 1147 3277 apprehenditur
1190 3217 1464 3277 peccator,
1502 3209 1718 3276 quando
1751 3209 1805 3264 in

214 3297 507 3352 desideriis
555 3307 610 3352 et
636 3297 1004 3367 voluptatibus
1033 3299 1194 3368 hujus
1238 3298 1363 3352 vitae
1401 3299 1722 3367 captivatur,
1751 3299 1805 3354 in

213 3406 326 3460 qua
367 3391 631 3458 superbus
657 3398 712 3442 et
745 3389 1042 3444 maledicus
1079 3389 1555 3454 scandalizabitur,
1592 3391 1808 3460 quando

214 3483 395 3538 amori
425 3483 516 3536 Dei
555 3492 610 3537 et
641 3483 909 3538 desiderio
942 3482 1135 3536 futurae
1177 3483 1386 3552 patriae,
1428 3483 1573 3537 illam
1601 3498 1808 3554 praepo-

216 3589 353 3629 nere
383 3589 488 3627 non
515 3580 751 3627 veretur.
783 3572 1017 3627 Proinde
1046 3573 1300 3628 admonet
1323 3571 1562 3629 Joannes
1588 3584 1808 3644 aposto-

215 3666 308 3719 lus
347 3664 400 3718 in
431 3663 670 3732 Epistula
701 3679 817 3728 sua,
849 3663 1072 3718 dicens:
1123 3683 1141 3716 ι
1177 3663 1354 3719 Nolite
1383 3665 1606 3736 diligere
1649 3681 1810 3719 mun-

215 3759 376 3822 dum,
405 3773 580 3826 neque
610 3773 673 3812 ea
709 3773 830 3826 qua:
874 3758 924 3812 in
971 3758 1172 3813 mundo
1201 3767 1345 3813 sunt.
1392 3758 1450 3814 Si
1489 3761 1610 3829 quis
1639 3760 1814 3832 diligit

217 3847 512 3910 mundum,
557 3863 664 3902 non
709 3856 794 3902 est
829 3847 1072 3902 charitas
1099 3847 1277 3903 Patris
1327 3849 1382 3903 in
1411 3865 1497 3904 eo.
1546 3849 1810 3917 Quoniam

213 3953 390 3993 onme
415 3938 558 4008 quod
595 3939 650 3992 in
685 3938 887 3994 mundo
915 3947 1018 4003 est,
1049 3940 1483 4008 concupiscentia
1530 3941 1731 4007 carnis,
1759 3950 1814 3997 et

216 4033 663 4102 concupiscentia
691 4033 969 4088 oculorum
999 4041 1102 4099 est,
1135 4041 1190 4088 et
1218 4034 1470 4102 superbia
1497 4036 1621 4090 vita:
1650 4053 1663 4090 :
1693 4052 1812 4106 quae

215 4138 336 4176 non
380 4131 463 4177 est
500 4138 565 4176 ex
592 4121 772 4188 Patre,
823 4123 918 4178 sed
963 4139 1029 4178 ex
1078 4124 1278 4179 mundo
1317 4133 1432 4190 est;
1483 4133 1538 4180 et
1584 4127 1816 4183 mundus

218 4211 450 4274 transit,
478 4219 532 4266 et
557 4213 996 4282 concupiscentia
1031 4210 1148 4282 ejus
1173 4231 1185 4266 :
1229 4214 1322 4284 qui
1353 4223 1534 4271 autem
1566 4215 1697 4272 facit
1725 4233 1818 4272 vo-

219 4307 497 4359 luntatem
520 4303 636 4369 Dei,
671 4314 853 4358 manet
880 4304 933 4358 in
959 4313 1220 4359 aeternum
1258 4304 1312 4376 (1
1332 4303 1494 4361 Joan.
1520 4306 1600 4377 ιι).
1650 4327 1668 4360 ι

837 4411 1065 4469 CAPUT
1122 4413 1212 4468 IX.

220 4505 390 4572 Quod
424 4505 708 4558 cavendum
732 4505 798 4558 sit
837 4523 869 4559 a
885 4505 1211 4574 juramento,
1235 4506 1341 4560 sive
1361 4507 1493 4561 bono
1522 4508 1626 4562 sive
1655 4510 1814 4564 malo.

307 4641 325 4672 ι
376 4617 644 4674 .lurationi
673 4635 780 4674 non
824 4629 1100 4672 assuescat
1125 4634 1186 4674 os
1218 4626 1398 4685 tuum;
1440 4620 1640 4676 multus
1671 4622 1819 4677 enim

222 4731 246 4764 c
301 4726 466 4766 casus
498 4711 549 4764 in
582 4709 690 4762 illa.
731 4708 1038 4765 Nominatio
1068 4725 1195 4764 vero
1225 4709 1320 4764 Dei
1367 4727 1472 4765 non
1500 4712 1571 4765 sit
1602 4713 1818 4768 assidua

219 4827 245 4859 ς
304 4806 359 4860 in
401 4818 495 4857 ore
539 4811 646 4864 tuo,
692 4811 747 4857 et
786 4801 1093 4856 nominibus
1137 4812 1445 4856 sanctorum
1494 4820 1600 4858 non
1651 4805 1823 4859 admi-

222 4920 244 4950 ι
302 4896 550 4952 sccaris:
581 4896 832 4965 quoniam
865 4911 968 4948 non
1001 4896 1108 4948 eris
1137 4895 1389 4950 immunis
1415 4895 1483 4949 ab
1511 4897 1608 4950 eis.
1648 4917 1667 4950 ι
1699 4897 1824 4954 ideo

214 4991 383 5047 enim
416 4997 561 5042 vetat
581 4987 970 5056 jurameutum,
1003 5003 1069 5043 ne
1100 4989 1192 5043 liat
1226 4989 1538 5058 perjurium,
1569 4990 1823 5058 quoniam

215 5083 329 5156 qui
361 5097 505 5152 saepe
529 5080 696 5150 jurat,
727 5082 1017 5152 aliquando
1042 5081 1265 5152 pejerat.
1304 5081 1454 5136 Unde
1483 5080 1742 5137 Dominus
1768 5083 1821 5138 in

217 5177 536 5246 Evangelia
556 5176 862 5246 juramenta
887 5175 1181 5245 prohibuit,
1208 5175 1460 5244 quoniam
1491 5175 1646 5228 noxia
1673 5183 1823 5240 sunt,

214 5283 288 5328 et
321 5269 376 5322 in
407 5265 704 5337 periurium
734 5267 1006 5320 hominem
1039 5266 1258 5319 mittunt
1288 5264 1504 5336 (Matth.
1550 5265 1620 5336 v).
1670 5264 1826 5321 Sicut

215 5360 388 5418 cnim
424 5357 616 5410 falsum
646 5357 787 5426 loqui
817 5373 921 5411 non
953 5365 1147 5425 potest,
1186 5356 1276 5426 qui
1317 5372 1420 5410 non
1459 5355 1718 5425 loquitur,
1747 5357 1829 5412 sic

215 5448 490 5526 pejerarc
523 5463 625 5502 non
657 5456 854 5517 potest,
891 5448 981 5516 qui
1014 5463 1116 5501 non
1143 5446 1309 5514 jurat.
1343 5446 1493 5502 Unde
1523 5455 1576 5502 et
1595 5447 1829 5504 Iacobus

215 5535 526 5610 apostolus
554 5537 680 5589 ait:
729 5556 746 5586 ς
781 5536 921 5590 Ante
967 5537 1168 5601 omnia,
1219 5535 1417 5592 fratres
1464 5539 1608 5602 mei,
1667 5538 1830 5594 nolite

205 5627 450 5701 jurare,
492 5641 664 5695 neque
687 5642 781 5696 per
820 5627 1037 5691 ccelum,
1069 5643 1240 5697 neque
1269 5644 1364 5697 per
1400 5639 1628 5693 terram,
1659 5646 1829 5702 neque

1891 517 2145 573 thiferum
2185 519 2379 589 lingua:
2417 517 2566 571 virus
2593 517 2659 570 ad
2687 517 2958 588 integrum
2991 519 3042 572 in
3074 519 3186 573 suis
3213 520 3474 575 auditori-

1889 609 1991 664 bus
2029 609 2324 664 exhaurire
2365 607 2657 670 desiderat,
2688 609 2778 677 qui
2822 608 3109 663 detrahere
3154 610 3476 666 alterutrum

1889 700 2092 766 vetuit,
2143 700 2236 770 qui
2276 699 2526 771 judicare
2573 699 2878 770 proximum
2925 699 3234 764 interdixit,
3283 701 3376 770 qui
3424 701 3476 755 in

1895 790 2318 845 adversitatibus
2372 789 2695 844 alterutrum
2762 791 3116 861 ingemiscere
3181 791 3474 861 prohibuit,

1891 897 2009 950 qum
2036 890 2162 936 sunt
2190 890 2375 952 aperta
2405 889 2645 952 peccata;
2681 882 2830 936 addit
2859 883 3024 936 etiam
3057 884 3158 938 hoc
3187 884 3326 954 quod
3354 884 3478 953 qui-

1892 975 2117 1031 busdam
2152 977 2271 1031 leve
2297 976 2534 1042 videtur,
2562 985 2620 1030 ut
2659 975 2799 1046 juris
2834 992 3047 1045 quoque
3084 975 3304 1045 juraudi
3342 993 3476 1032 con-

1891 1067 2231 1122 suetudinem
2255 1067 2426 1122 tollat.
2456 1067 2588 1121 Nam
2616 1068 2718 1122 hoc
2742 1083 2958 1138 quoque
2987 1067 3092 1122 illis
3138 1082 3478 1137 nequaquam

1891 1157 2386 1229 parvipendendum
2415 1165 2664 1228 patenter
2696 1166 2940 1228 apparet,
2975 1159 3064 1228 qui
3098 1157 3243 1212 illam
3268 1157 3479 1212 Domini

1891 1249 2217 1304 sententiam
2248 1249 2479 1303 sollicite
2511 1249 2879 1315 considerant,
2911 1265 3016 1319 qua
3049 1250 3217 1304 dicit:
3251 1269 3269 1300 ι
3306 1248 3481 1304 Omne

1893 1340 2114 1394 verbum
2148 1341 2405 1405 otiosum,
2435 1341 2578 1410 quod
2617 1341 2781 1396 locuti
2830 1341 3030 1396 fuerint
3056 1342 3327 1406 homines,
3357 1343 3480 1395 red-

1895 1433 2025 1488 dent
2069 1435 2338 1489 rationem
2375 1435 2440 1489 de
2481 1451 2546 1490 eo
2595 1437 2646 1490 in
2678 1437 2764 1490 die
2795 1437 2982 1507 judicii
3045 1435 3260 1508 (Matth.
3293 1435 3414 1500 xu),
3461 1456 3478 1484 ι

1895 1531 1955 1576 ut
1984 1539 2090 1578 non
2117 1524 2219 1579 sub
2238 1523 2444 1593 judicio
2470 1525 2752 1581 decidatis.
2804 1526 2946 1590 Ideo,
2981 1525 3174 1596 inquit,
3202 1540 3301 1581 vos
3335 1540 3363 1578 a
3386 1523 3482 1590 ju-

1897 1613 2128 1670 ratiouis
2171 1615 2329 1684 culpa
2377 1630 2696 1686 compesco,
2751 1631 2818 1671 ne
2865 1615 3178 1687 frequenter
3224 1631 3349 1672 vera
3397 1633 3484 1688 ju-

1823 1697 1868 1756 B
1897 1705 2087 1768 rando,
2123 1703 2413 1775 aliquando
2443 1705 2608 1760 etiam
2650 1707 2706 1760 in
2743 1707 3040 1776 perjurium
3067 1706 3357 1772 decidatis;
3391 1708 3486 1763 sed

1895 1811 1963 1852 eo
2001 1796 2217 1867 longius
2249 1811 2279 1850 a
2309 1795 2588 1867 pejerandi
2632 1797 2765 1852 vitio
2798 1796 2985 1862 stetis,
3025 1812 3132 1866 quo
3172 1812 3274 1851 nec
3300 1813 3485 1852 verum

1897 1887 2148 1957 dejerare
2191 1888 2295 1942 nisi
2342 1903 2442 1957 pro
2484 1888 2724 1942 maxima
2772 1887 3098 1942 necessitate
3135 1887 3332 1942 velitis.
3383 1887 3490 1944 Sed

1897 1988 1951 2035 et
1979 1979 2069 2034 ille
2094 1980 2195 2034 sub
2215 1977 2479 2047 judicium
2505 1987 2690 2033 reatus
2717 1978 2936 2043 decidit,
2966 1977 3058 2048 qui
3086 1977 3188 2033 etsi
3214 1993 3489 2049 nunquam

1896 2069 2122 2143 pejerat,
2156 2071 2403 2126 crebrius
2443 2079 2623 2124 tamen
2657 2085 2816 2140 quam
2847 2085 2982 2140 opus
3010 2079 3094 2126 est
3123 2085 3310 2126 verum
3341 2071 3490 2138 deje-

1901 2173 2022 2219 rat:
2049 2162 2175 2234 quia
2204 2162 2463 2216 nimirum
2502 2162 2618 2231 ipsa
2649 2160 2935 2230 superflua:
2967 2161 3255 2217 locutionis
3297 2161 3487 2216 otiosi-

1901 2265 2012 2312 tate
2053 2254 2337 2324 delinquit,
2383 2251 2715 2323 oll'enditque
2749 2249 3008 2320 judicent,
3060 2252 3152 2322 qui
3199 2259 3254 2306 et
3303 2251 3490 2306 inutile

1900 2349 2124 2405 verbum
2150 2356 2204 2403 et
2223 2346 2592 2415 juramentum
2619 2361 2779 2401 omne
2805 2345 2992 2401 vetuit.

1979 2461 1996 2493 ι
2046 2441 2197 2496 Sicut
2223 2440 2368 2495 enim
2399 2453 2590 2494 servus
2615 2439 2981 2511 interrogatus
3009 2439 3229 2496 assidue
3263 2455 3294 2493 a
3318 2439 3489 2494 livore

1909 2550 1928 2583 ι
1976 2547 2086 2586 non
2131 2529 2395 2586 minuitur
2437 2547 2450 2583 :
2485 2529 2565 2584 sic
2604 2530 2782 2585 omnis
2808 2545 3002 2598 jurans
3030 2538 3084 2585 et
3113 2531 3402 2586 nominans
3432 2531 3485 2582 iu

1912 2640 1930 2672 α
1979 2629 2090 2676 toto
2119 2635 2150 2674 a
2179 2631 2405 2690 peccato
2435 2635 2540 2674 non
2566 2621 2907 2690 purgabitur.
2945 2640 2964 2672 ι
2997 2620 3224 2676 Servum
3263 2621 3493 2675 interro-

1905 2721 2088 2786 gatum
2141 2713 2273 2768 dicit
2323 2711 2752 2781 correptionibus
2802 2712 3144 2783 castigatum.
3231 2711 3383 2768 Unde
3434 2711 3490 2764 in

1905 2813 2204 2874 martyrum
2234 2802 2576 2873 passionibus
2609 2803 3090 2874 interrogationem
3141 2816 3240 2870 pro
3272 2800 3495 2871 ﬂagellis

1907 2903 1962 2948 et
1992 2893 2274 2948 tormentis
2303 2893 2539 2963 positum
2568 2892 2895 2946 invenimus.
2938 2891 3088 2948 Sicut
3131 2892 3276 2947 enim
3306 2905 3496 2947 servus

1910 2986 2124 3040 assidue
2154 2995 2436 3055 correptus
2465 2999 2494 3037 a
2521 2983 2707 3038 livoris
2737 2983 2964 3038 crimine
3008 2998 3114 3038 non
3141 2981 3492 3046 abstrahitur,

1911 3075 2005 3130 sed
2039 3075 2209 3144 magis
2237 3073 2306 3128 ad
2331 3074 2514 3129 odium
2536 3081 2882 3143 provocatur,
2916 3073 2996 3127 sic
3016 3073 3196 3128 omnis
3219 3070 3413 3141 jurans
3438 3081 3495 3126 et

1910 3166 2198 3222 nominans
2221 3181 2362 3237 saepe
2394 3166 2446 3220 in
2473 3164 2784 3234 iuramento
2805 3178 2903 3219 suo
2926 3179 3118 3218 nomen
3140 3163 3234 3219 Dei
3263 3179 3494 3218 nomen—

1910 3276 2013 3330 que
2043 3267 2355 3314 sanctorum
2383 3255 2500 3326 ejus
2528 3256 2652 3312 inde
2681 3271 2712 3310 a
2741 3255 2984 3326 peccatis
3029 3271 3133 3309 non
3161 3253 3496 3325 purgabitur,

1911 3350 2004 3405 sed
2024 3351 2194 3420 magis
2217 3348 2493 3419 polluitur.

1990 3460 2007 3490 ι
2046 3440 2144 3494 Vir
2173 3439 2402 3492 multum
2419 3435 2612 3505 jurans
2636 3437 2944 3508 implebitur
2975 3437 3281 3508 iniquitate,
3307 3445 3361 3492 et
3392 3452 3500 3492 non

1919 3551 1936 3582 ι
1985 3531 2226 3586 discedet
2278 3545 2308 3584 a
2347 3531 2507 3586 domo
2555 3529 2699 3585 illius
2724 3529 2898 3600 plaga.
2949 3529 3016 3583 Et
3059 3529 3102 3584 si
3135 3529 3502 3592 frustraverit,

1919 3645 1936 3675 ‹
1986 3625 2240 3679 delictum
2272 3623 2441 3693 ipsius
2466 3637 2627 3692 supra
2680 3623 2852 3692 ipsum
2886 3621 2991 3676 erit
3015 3638 3028 3677 :
3053 3631 3108 3676 et
3131 3621 3176 3674 si
3204 3620 3496 3675 simulave-

1921 3733 1939 3766 ‹
1990 3715 2080 3779 rit,
2108 3713 2386 3782 delinquet
2417 3713 2723 3782 dupliciter.
2777 3711 2842 3765 Et
2867 3713 2909 3766 si
2947 3711 3000 3765 in
3028 3726 3256 3766 vacuum
3281 3710 3501 3780 jurave-

1921 3825 1939 3858 l
1989 3807 2076 3869 rit,
2116 3821 2223 3861 non
2245 3805 2648 3876 justiﬁcabitur.
2689 3824 2708 3856 ι
2755 3803 2846 3858 ille
2872 3818 3002 3873 ergo
3032 3803 3122 3872 qui
3154 3816 3309 3855 nsum
3339 3800 3501 3854 habet

1916 3899 2036 3970 plus
2064 3913 2226 3968 quam
2258 3897 2415 3952 decet
2461 3895 2706 3967 jurandi,
2737 3895 3050 3965 gravabitur
3081 3893 3274 3948 delicto
3327 3900 3502 3946 trans-

1916 3990 2240 4063 gressionis,
2289 4005 2396 4061 quo
2445 3989 2843 4060 transgreditur
2896 3987 3208 4042 mandatum
3258 3988 3370 4053 Dei,
3409 3988 3502 4058 qui

1918 4083 2178 4153 prmccpit
2217 4082 2439 4138 omnino
2486 4097 2592 4136 non
2631 4081 2838 4152 jurare.
2890 4079 3044 4136 Unde
3069 4095 3176 4150 non
3206 4077 3446 4135 discedet
3471 4093 3502 4132 a

1919 4177 2080 4232 domo
2119 4175 2364 4244 corporis
2389 4173 2508 4244 ejus
2537 4173 2692 4244 plaga
2718 4173 2993 4238 vindicta},
3019 4171 3146 4242 quia
3171 4187 3267 4241 per
3291 4185 3501 4242 praeva-

1920 4265 2238 4322 ricationem
2275 4264 2472 4333 lingua:
2497 4263 2700 4318 subibit
2741 4262 2902 4318 simul
2929 4277 3055 4318 cum
3082 4263 3261 4316 anima
3290 4276 3504 4331 ptenam

1846 4407 1896 4466 Β
1924 4359 2202 4430 εειιρωιω.
2235 4356 2293 4412 Si
2321 4370 2452 4427 ergo
2481 4355 2535 4409 in
2557 4353 2792 4422 jurando
2821 4353 3064 4409 fraudem
3094 4353 3505 4424 perpetraverit,

1923 4457 2202 4518 peccatum
2224 4446 2339 4517 ejus
2363 4461 2525 4516 supra
2558 4445 2732 4516 ipsum
2761 4445 2897 4510 erit;
2939 4443 2983 4500 si
3014 4452 3193 4498 autem
3223 4443 3507 4498 veritatem

1926 4556 2025 4610 per
2057 4539 2425 4610 juramentum
2474 4536 2827 4592 manifestare
2861 4535 3308 4600 dissimulaverit,
3337 4534 3510 4603 dupli-

1925 4633 2063 4687 citer
2099 4631 2380 4700 delinquit,
2421 4630 2524 4685 hoc
2557 4637 2672 4693 est,
2699 4629 2824 4698 quia
2860 4643 2958 4698 per
2994 4627 3390 4683 simulationem
3417 4640 3508 4680 ve-

1929 4723 2144 4778 ritatem
2184 4722 2397 4786 celavit,
2440 4728 2495 4776 et
2530 4720 2665 4774 alios
2704 4735 2800 4789 per
2838 4717 3129 4773 falsitatem
3169 4717 3220 4770 in
3261 4730 3508 4771 errorem

1928 4816 2157 4870 seduxit.
2185 4813 2354 4868 Porro
2387 4813 2432 4866 si
2463 4814 2518 4866 in
2545 4826 2773 4866 vacuum
2811 4818 2864 4864 et
2887 4809 3004 4864 sine
3039 4808 3147 4862 ulla
3178 4807 3506 4862 necessitate

1931 4907 1984 4960 in
2009 4907 2182 4960 otiosa
2218 4903 2489 4958 locutione
2517 4917 2658 4972 saepe
2675 4901 2864 4971 jurare
2901 4916 3007 4955 non
3038 4901 3262 4964 caverit,
3282 4898 3509 4969 justitiaa

1931 4996 2183 5051 meritum
2215 4995 2414 5048 habere
2444 5009 2551 5050 non
2579 4992 2796 5064 poterit,
2829 4993 2924 5048 sed
2954 5005 3079 5046 reus
3104 4990 3286 5045 delicti
3329 4989 3384 5045 in
3409 5004 3509 5044 no-

1931 5087 2153 5142 vissima
2197 5084 2555 5140 retributione
2599 5091 2868 5140 tormenta
2915 5080 3222 5139 sustinebit.
3266 5079 3395 5136 [nde
3422 5094 3516 5136 se-

1931 5178 2116 5248 quitur
2146 5195 2160 5230 :

2007 5286 2026 5318 ‹
2074 5266 2390 5336 Replebitur
2443 5265 2588 5321 enim
2643 5265 2996 5322 retributione
3043 5265 3275 5336 pessima
3321 5263 3513 5316 domus

1933 5375 1951 5408 ‹
1999 5355 2190 5411 illius.»
2224 5355 2334 5411 Nec
2357 5362 2443 5410 est
2471 5354 2572 5409 alia
2602 5354 2886 5410 retributio
2909 5351 3062 5424 pejor
3090 5350 3280 5407 inferni
3308 5345 3511 5416 suppli-

1931 5446 2015 5502 cio
2041 5463 2052 5497 :
2081 5445 2171 5500 ubi
2201 5445 2401 5500 vermis
2431 5445 2684 5500 mordens
2714 5460 2820 5500 nou
2851 5444 3100 5506 moritur,
3133 5449 3188 5496 et
3216 5439 3354 5508 ignis
3381 5451 3514 5492 cru-

1933 5537 2084 5592 cians
2120 5550 2226 5590 non
2255 5535 2634 5603 exstinguitur.

2008 5647 2027 5681 (
2077 5629 2168 5683 Est
2191 5636 2244 5684 et
2273 5627 2375 5682 alia
2401 5626 2611 5697 loquela
2635 5626 2906 5682 contraria
2929 5623 3107 5692 morti,
3139 5637 3245 5678 non
3277 5615 3517 5677 invenia-
