3902 6162
330 216 426 272 92!

1186 211 1535 268 COMMENT.
1575 209 1640 264 1N
1680 208 2285 266 ECCLESI.\STlCUM.
2326 241 2393 250 --
2432 210 2561 265 LIB.
2604 211 2665 265 ν.

3476 222 3582 270 να

329 347 445 387 rain
491 330 604 386 sole
633 328 858 398 justitize
887 328 1019 382 nihil
1062 328 1228 382 latere
1263 338 1449 398 potest
1480 347 1492 382 :
1530 342 1720 381 omnes
1762 326 1905 381 enim
1934 329 1983 387 Λ
2010 328 2106 391 vit,
2136 338 2190 383 et
2217 344 2362 383 ream
2392 345 2457 383 ex
2487 330 2633 385 omni
2661 339 2813 399 parte
2843 330 2989 385 fecit.
3020 351 3037 382 ι
3077 305 3229 388 Unue
3249 334 3378 389 dicit
3402 304 3578 404 primo

329 426 430 480 viae
470 423 745 478 hominum
792 430 978 492 patent
1021 422 1189 477 oculis
1234 422 1347 477 Dei.
1408 441 1426 473 ι
1463 421 1741 476 εωιωυω
1788 422 1901 490 ipse

328 515 571 570 continet
601 513 874 577 thronum,
901 521 955 566 et
984 510 1235 582 abyssum
1282 511 1523 565 intuetur
1553 508 1734 581 (Prov.
1763 508 1896 580 xvi).

328 603 536 660 Caelum
576 602 755 674 palmo
779 602 1021 665 metitur,
1051 610 1107 656 et
1135 610 1334 655 terram
1365 600 1565 672 pugillo
1599 600 1897 654 concludit:

328 697 445 766 ipse
509 694 661 749 novit
713 693 1067 765 cogitationes
1111 690 1388 746 hominum
1442 691 1695 760 quoniam
1750 704 1900 745 vanae

327 795 473 851 sunt,
500 794 554 841 et
601 784 935 855 singulorum
981 781 1339 853 cogitationes
1376 780 1623 851 intelligit
1649 779 1893 849 alonge:

327 878 489 932 homo
536 876 682 932 enim
730 875 875 930 videt
927 874 984 930 in
1031 874 1200 939 facie,
1246 872 1388 926 Deus
1434 879 1613 926 autem
1658 870 1900 925 intuetur

325 984 421 1024 cor
450 967 586 1041 (Iaa.
621 964 732 1038 XL).
1237 1054 1246 1056 A
1616 1013 1634 1056 ρ

943 1056 1171 1112 CAPUT
1207 1054 1296 1109 XI.

321 1149 656 1220 Prospiciens
685 1149 863 1220 omnia
891 1148 1146 1220 sapientia
1180 1146 1572 1220 loquitur,_quia
1599 1162 1774 1220 omn_es
1800 1146 1894 1200 ria:

394 1216 648 1287 facientis,
677 1216 962 1289 loquentis,
982 1217 1273 1287 cogitantis,
1303 1216 1521 1285 cognita
1547 1224 1667 1269 sunt
1690 1216 1819 1269 Deo.

398 1349 415 1380 ι
461 1328 688 1384 Domino
721 1328 863 1384 enim
890 1329 999 1383 Deo
1028 1331 1316 1395 antequam
1344 1333 1680 1390 crearentur,
1708 1326 1888 1380 omnia

322 1440 341 1471 ι
391 1429 519 1475 sunt
539 1421 739 1492 agnita:
758 1420 836 1474 sic
862 1425 1057 1489 etpost
1080 1417 1376 1487 perfectum
1405 1416 1627 1485 respicit
1650 1415 1881 1470 omnia.)

315 1511 514 1566 Notum
544 1520 629 1566 est
652 1510 764 1565 Deo
795 1511 862 1564 ab
911 1510 1063 1564 initio
1094 1524 1228 1578 Opus
1261 1508 1397 1578 ejus,
1438 1522 1539 1562 nec
1568 1506 1768 1577 aliquid
1798 1522 1890 1561 no-

313 1617 442 1655 vum
476 1601 523 1656 ei
554 1601 801 1656 accidere
830 1606 1028 1671 potest,
1054 1600 1177 1670 quia
1205 1606 1329 1652 ante
1356 1599 1539 1652 omnia
1567 1597 1885 1667 praesciebat

2005 417 2149 471 illam
2188 418 2495 488 deliquisse,
2533 435 2598 473 eo
2626 419 2768 489 quod
2818 420 2917 491 legi
2945 421 3206 475 Altissimi
3250 423 3580 480 incredibilis

2003 506 2125 573 fuit,
2173 510 2386 579 quando
2431 519 2738 565 sanctorum
2783 509 3004 565 Patrum
3056 512 3216 566 ﬁdem
3245 523 3300 567 et
3331 515 3577 570 traditio-

2004 613 2127 652 nem
2170 599 2225 653 in
2268 600 2437 655 sacris
2464 599 2763 670 Scripturis
2797 601 2947 670 sequi
3000 601 3187 657 noluit.
3220 603 3466 659 Secundo
3491 604 3574 659 vi—

2003 704 2123 742 rum
2175 705 2329 743 suum
2381 690 2689 759 dereliquit,
2716 691 2841 759 quia
2889 691 3207 746 charitatem
3236 693 3329 747 Dei
3365 703 3420 748 et
3445 709 3571 763 pro-

2001 775 2129 831 ximi
2166 776 2366 833 habere
2402 779 2665 849 despexit.
2701 779 2883 834 Tertio
2932 782 2985 834 in
3017 782 3282 839 adulterio
3310 781 3573 841 fornicata

2001 882 2099 939 est,
2132 875 2347 944 quando
2395 875 2596 931 foedere
2638 877 2950 947 turpissimo
3004 892 3101 941 per
3129 892 3370 932 errorem
3425 893 3566 933 asso-

1999 964 2139 1018 ciata
2185 974 2267 1019 est
2312 966 2565 1032 diabolo,
2611 982 2642 1020 a
2690 983 2797 1036 quo
2843 966 2983 1023 ﬁlios
3034 968 3296 1039 ignobiles
3339 969 3571 1039 accepit,

1997 1057 2210 1124 quando
2224 1071 2388 1124 prava
2413 1057 2660 1125 dogmata
2687 1069 2739 1112 et
2760 1072 3012 1127 perversa
3031 1074 3194 1128 opera
3209 1059 3325 1129 ejus
3340 1058 3572 1130 maligno

1998 1144 2249 1198 instinctu
2278 1146 2585 1216 generavit:
2606 1149 2721 1201 haec
2746 1147 2800 1201 in
2826 1146 3063 1203 Ecclesia
3090 1149 3404 1214 adducetur,
3434 1158 3489 1203 et
3514 1149 3571 1203 in

1997 1232 2135 1287 ﬁlios
2156 1233 2273 1301 ejus
2300 1236 2636 1305 respicictur,
2667 1252 2787 1291 cum
2830 1237 2946 1306 ejus
2992 1239 3321 1309 perversitas
3367 1238 3569 1309 ubique

1994 1323 2046 1378 in
2078 1336 2340 1379 conventu
2369 1326 2603 1381 ﬁdelium
2633 1344 2730 1398 per
2755 1337 3062 1384 sanctorum
3089 1330 3368 1383 doctorum
3399 1329 3568 1384 soler-

1993 1414 2125 1468 tiam
2153 1413 2483 1481 declaratur,
2512 1424 2569 1470 et
2602 1418 2845 1472 doctrina
2876 1418 2992 1488 ejus
3019 1418 3217 1488 ubique
3261 1419 3567 1485 damnatur,

1991 1519 2092 1559 nec
2134 1516 2279 1561 secta
2330 1507 2493 1573 illius,
2538 1510 2664 1579 quia
2710 1509 3117 1566 fundamentum
3161 1512 3409 1567 veritatis
3462 1529 3566 1568 non

1993 1594 2170 1658 habet,
2202 1606 2639 1665 perseverantem
2670 1599 2931 1653 bonorum
2960 1614 3182 1668 operum
3219 1599 3451 1656 fructum
3490 1602 3569 1674 gi-

317 1700 582 1762 tempora,
633 1706 752 1760 quae
790 1691 842 1743 in
878 1697 1119 1759 tempore
1168 1687 1338 1741 voluit
1369 1685 1547 1741 facere
1587 1702 1783 1756 opera;
1837 1696 1891 1740 et
1919 1666 1965 1724 Β
1992 1701 2157 1756 gnere
2200 1687 2474 1756 praevalet,
2523 1690 2617 1743 sed
2664 1690 3071 1759 ignominiosam
3098 1693 3412 1749 memoriam
3448 1704 3569 1765 post

313 1794 436 1855 post
460 1782 754 1855 perfectum
781 1797 916 1852 Opus
962 1780 1091 1834 nihil
1138 1779 1215 1833 illi
1259 1777 1434 1834 defuit
1466 1785 1558 1831 aut
1607 1776 1887 1846 praeteriit,

312 1875 438 1943 quia
483 1888 655 1944 neque
683 1872 1013 1943 prmteritum
1060 1884 1237 1939 neque
1281 1865 1524 1922 futurum
1566 1866 1767 1936 aliquid
1816 1866 1886 1920 illi

309 1973 414 2029 est,
470 1964 564 2019 sed
616 1963 793 2018 omnia
842 1959 1253 2032 praesentialiter
1298 1973 1482 2013 coram
1524 1971 1589 2011 eo
1639 1967 1781 2012 sunt.
1831 1956 1886 2011 ln

309 2056 679 2126 omnipotente
719 2054 863 2109 enim
894 2053 1003 2107 Deo
1037 2067 1099 2106 ea
1128 2066 1248 2120 qum
1288 2058 1539 2105 secutura
1586 2056 1711 2103 sunt
1752 2048 1888 2102 tem-

309 2161 467 2215 pora,
496 2144 781 2214 praesentia
828 2157 1041 2211 semper
1082 2140 1403 2204 consistunt,
1446 2140 1532 2193 cui
1581 2154 1679 2193 nec
1706 2137 1883 2193 futura

312 2235 557 2298 veniunt,
587 2248 686 2288 nec
712 2232 985 2302 praeterita
1033 2230 1337 2295 discedunt,
1367 2230 1459 2284 sed
1483 2238 1677 2284 cuncta
1720 2230 1878 2285 simul

309 2334 436 2380 ante
459 2322 574 2393 ejus
601 2323 787 2379 oculos
829 2323 1123 2388 assistunt;
1169 2319 1336 2376 fuisse
1364 2320 1450 2374 vel
1496 2318 1734 2373 futurum
1764 2335 1884 2375 esse

306 2416 583 2472 aeternitas
626 2429 734 2469 non
779 2414 980 2467 habet:
1020 2412 1105 2467 cui
1160 2408 1413 2465 nimirum
1467 2424 1567 2464 nec
1606 2410 1881 2478 praeterita

306 2513 609 2569 transeunt,
643 2520 818 2574 neque
866 2502 1043 2557 futura
1089 2500 1496 2573 superveniunt,
1539 2501 1630 2571 qui
1682 2506 1879 2555 cuncta

305 2611 547 2669 praesens
571 2595 739 2650 videt.

373 2704 392 2737 ι
438 2685 540 2741 Hic
586 2686 639 2739 in
688 2682 879 2754 plateis
920 2680 1156 2737 civitatis
1197 2680 1582 2745 vindicabitur,
1629 2687 1685 2734 et
1725 2679 1878 2749 quasi

311 2795 330 2828 ι
376 2776 555 2847 pullus
580 2775 806 2844 equinus
838 2773 1136 2843 fugabitur;
1169 2781 1223 2827 et
1248 2773 1338 2826 ubi
1366 2788 1472 2827 non
1495 2771 1755 2841 speravit,
1785 2785 1881 2841 ap-

309 2888 327 2921 ι
372 2867 750 2939 prebendetur.
803 2864 869 2919 Et
915 2864 1019 2920 erit
1045 2863 1277 2919 dedecus
1325 2861 1597 2927 omnibus,
1641 2878 1706 2917 eo
1734 2860 1878 2930 quod

309 2977 329 3008 ι
374 2973 482 3012 non
514 2955 839 3011 intellexerit
886 2955 1133 3009 timorem
1164 2953 1281 3008 Dei.
1317 2971 1336 3005 ›
1386 2949 1462 3007 De
1494 2967 1559 3007 eo
1585 2966 1693 3021 quo
1717 2965 1876 3021 supe-

1989 1788 2049 1829 se
2095 1775 2408 1845 relinquens
2479 1776 2797 1850 eo‘usione
2866 1788 3126 1850 perpetua
3189 1782 3565 1838 confundetur.

1989 1860 2144 1917 Unde
2168 1872 2225 1918 et
2248 1863 2435 1920 ﬁdeles
2481 1866 2681 1936 quique
2726 1868 2844 1937 ejus
2886 1870 3285 1927 damnationem
3332 1872 3565 1929 futuram

1987 1961 2345 2020 agnoscentes
2390 1965 2649 2025 spernunt
2695 1956 2811 2024 ejus
2853 1959 3204 2026 societatem,
3255 1969 3312 2016 et
3362 1961 3568 2034 eligunt

1985 2041 2265 2098 catholicae
2312 2043 2438 2099 ﬁdei
2465 2052 2650 2101 tenere
2699 2045 2753 2100 in
2801 2048 3051 2104 omnibus
3096 2048 3428 2106 ﬁrmitatem.
3475 2052 3567 2109 Sic

1984 2134 2132 2189 enim
2166 2135 2413 2204 sequitur
2444 2152 2458 2190 :

2057 2245 2079 2278 ι
2112 2228 2180 2282 Ει
2207 2238 2498 2299 agnoscent
2528 2230 2619 2299 qui
2658 2231 2897 2286 derelicti
2937 2240 3087 2295 sunt,
3133 2233 3386 2302 quoniam
3425 2234 3559 2289 nihil

1988 2335 2009 2369 ι
2047 2319 2240 2374 melius
2270 2333 2430 2389 quam
2462 2320 2623 2374 timor
2650 2322 2767 2386 Dei,
2796 2329 2849 2376 et
2877 2323 3007 2377 nihil
3037 2321 3246 2378 dulcius
3273 2339 3434 2394 quam
3468 2340 3557 2379 re-

1989 2430 2008 2463 ι
2046 2413 2257 2481 spicere
2280 2413 2334 2467 in
2365 2411 2634 2468 mandatis
2663 2415 2894 2471 Domini.
2926 2415 3108 2472 Gloria
3144 2434 3335 2490 magna
3366 2429 3449 2474 est
3479 2435 3559 2475 se-

1987 2522 2006 2556 ι
2043 2504 2137 2573 qui
2175 2504 2344 2559 Deum
2380 2523 2393 2558 :
2427 2504 2704 2575 longitudo
2733 2507 2876 2561 enim
2917 2507 3124 2562 dierum
3163 2519 3467 2563 assumetur
3494 2509 3561 2563 ah

1987 2610 2005 2644 c
2048 2608 2133 2648 eo.
2170 2612 2191 2647 ι
2220 2592 2360 2648 Nihil
2387 2595 2532 2648 enim
2562 2594 2753 2651 melius
2777 2595 2992 2666 proﬁcit
3012 2599 3214 2653 homini
3242 2600 3307 2654 ad
3334 2599 3560 2653 salutem

1978 2690 2291 2751 perpetuam
2321 2685 2762 2751 promerendam,
2798 2700 2957 2755 quam
2986 2688 3149 2742 timor
3185 2688 3314 2753 Dei;
3345 2696 3399 2743 et
3428 2687 3558 2742 nihil

1980 2772 2220 2835 dulcius,
2250 2788 2414 2843 quam
2454 2775 2725 2844 respicere
2763 2776 2815 2830 in
2856 2776 3123 2833 mandatis
3151 2779 3290 2849 ejus.
3322 2778 3474 2834 Unde
3502 2787 3558 2833 et

1978 2864 2263 2920 Psalmista
2296 2864 2374 2918 ait
2402 2879 2417 2919 :
2452 2882 2471 2915 ι
2499 2864 2671 2932 Quam
2699 2866 2872 2922 dulcia
2903 2866 3149 2923 faucibus
3178 2868 3312 2923 meis
3341 2868 3555 2938 eloquia

1978 2966 2094 3020 tua,
2140 2955 2366 3011 Domine
2410 2973 2424 3010 :
2469 2972 2632 3026 super
2668 2957 2771 3011 mel
2814 2966 2869 3012 et
2911 2957 3092 3013 favum
3130 2959 3211 3014 ori
3256 2975 3394 3015 meo.
3440 2980 3459 3012 ι
3493 2960 3560 3014 Ει

230 3083 238 3089 -
303 3048 438 3113 rius,
471 3047 572 3102 hoc
598 3055 703 3111 est,
729 3045 970 3100 adultero
997 3052 1052 3099 et
1080 3044 1365 3099 libidinoso
1393 3042 1545 3107 dicit,
1579 3042 1672 3112 qui
1717 3039 1882 3098 infre-
1907 3042 1951 3103 C
1984 3045 2112 3099 item
2146 3062 2159 3098 :
2195 3061 2215 3096 ι
2250 3045 2397 3111 ideo,
2433 3046 2628 3115 inquit,
2658 3047 2822 3102 dilexi
2854 3049 3109 3103 mandata
3140 3057 3229 3103 tua
3261 3064 3423 3119 super
3455 3064 3555 3104 au-

302 3138 388 3193 nis
415 3138 569 3207 quasi
596 3150 767 3207 equus
790 3142 845 3190 et
873 3132 1044 3188 mulus
1079 3133 1354 3188 insaniens
1385 3133 1452 3186 ad
1483 3131 1763 3186 libidinem
1794 3130 1876 3184 la-

301 3224 577 3280 scivicndo
605 3222 874 3286 discurrit,
908 3229 963 3277 et
990 3221 1044 3275 in
1076 3221 1272 3291 platea,
1315 3221 1418 3275 hoc
1448 3229 1553 3285 est,
1585 3219 1640 3274 in
1690 3220 1796 3274 lata
1823 3228 1878 3273 et

300 3316 540 3385 spatiosa
580 3314 665 3368 via
694 3328 813 3382 quae
841 3311 990 3367 ducit
1033 3311 1100 3365 ad
1134 3317 1363 3365 mortem
1413 3318 1672 3364 moratur.
1726 3308 1878 3365 Unde

299 3406 392 3462 ubi
423 3406 720 3476 decipulam
754 3423 863 3461 non
889 3413 1123 3469 veretur,
1163 3404 1411 3473 laqueum
1458 3402 1776 3472 perditionis
1802 3403 1881 3456 in-

297 3498 510 3563 veniet;
559 3506 614 3552 et
646 3497 771 3567 quia
814 3498 1061 3552 timorem
1089 3496 1180 3550 Dei
1221 3494 1421 3550 habere
1465 3494 1720 3564 neglexit,
1760 3508 1879 3548 sor-

298 3588 458 3643 dibus
484 3588 732 3643 vitiorum
773 3588 1006 3658 pollutus
1031 3601 1213 3642 coram
1260 3585 1433 3640 oculis
1471 3593 1786 3640 sanctorum
1819 3586 1872 3640 in

298 3676 485 3733 futuro
508 3678 710 3747 judicio
742 3678 975 3733 dedecus
1003 3684 1058 3732 et
1084 3676 1369 3745 despectus
1394 3675 1517 3730 erit.

379 3790 397 3821 ι
443 3769 533 3825 Sic
565 3778 619 3824 et
645 3769 840 3825 mulier
864 3769 1041 3824 omnis
1075 3766 1388 3838 relinquens
1412 3768 1587 3821 virum
1616 3782 1791 3829 suum,
1820 3777 1877 3823 et

302 3882 322 3914 ι
372 3870 615 3917 statuens
634 3862 999 3916 hmreditatem
1022 3874 1088 3915 ex
1109 3860 1284 3915 alieno
1305 3859 1652 3914 matrimonio
1667 3876 1689 3929 :_
1702 3860 1875 3929 primo

302 3973 322 4004 ι
369 3952 512 4007 enim
538 3953 592 4007 in
615 3951 729 4023 lege
751 3951 1011 4007 Altissimi
1043 3949 1373 4006 incredibilis
1400 3949 1529 4015 fuit;
1560 3957 1616 4004 et
1638 3949 1875 4004 secundo

306 4062 326 4092 ι
375 4042 431 4097 in
500 4042 675 4096 virum
720 4057 875 4096 suum
923 4041 1236 4110 dereliquit;
1289 4039 1469 4105 tertio,
1516 4040 1570 4094 in
1610 4039 1874 4094 adulterio

302 4149 322 4182 ι
371 4129 636 4186 fornicata
678 4139 781 4195 est,
818 4138 875 4186 et
910 4146 977 4186 ex
1016 4130 1123 4184 alio
1164 4130 1284 4184 viro
1330 4128 1470 4184 ﬁlios
1515 4128 1704 4184 statuit
1748 4129 1871 4185 sibi.

301 4240 321 4274 ι
369 4222 496 4278 Haac
533 4224 584 4278 in
614 4224 898 4279 ecclesiam
928 4223 1241 4288 adducetur,
1279 4230 1335 4275 et
1374 4223 1429 4276 in
1466 4221 1603 4277 ﬁlios
1629 4222 1746 4293 ejus
1782 4236 1874 4276 re-

301 4336 321 4369 c
369 4316 645 4387 spicietur.
697 4316 812 4371 Non
860 4316 1069 4371 tradent
1096 4314 1190 4369 ﬁlii
1236 4313 1353 4383 ejus
1383 4315 1610 4379 radices,
1646 4325 1701 4370 et
1736 4314 1871 4369 rami

1978 3149 2097 3187 rum
2134 3143 2189 3189 et
2229 3136 2477 3205 tepazion
2513 3134 2694 3208 (Prol.
2718 3138 2938 3210 cxvm).
2982 3158 3002 3191 ι
3041 3138 3223 3194 Gloria
3251 3155 3444 3210 magna
3472 3149 3558 3195 est

1978 3223 2126 3291 sequi
2152 3223 2322 3277 Deum
2357 3242 2370 3276 :
2401 3225 2656 3294 quoniam
2683 3226 2774 3295 qui
2803 3227 2856 3280 in
2883 3226 3002 3283 luce
3035 3228 3294 3293 ambulat,
3332 3245 3437 3283 non
3468 3229 3553 3285 of-

1976 3309 2166 3364 fendit.
2210 3311 2361 3368 Unde
2396 3313 2515 3382 ipsa
2552 3314 2765 3370 Veritas
2797 3314 2874 3370 ait
2918 3334 2930 3370 :
2980 3336 2998 3368 ‹
3032 3317 3133 3384 Qui
3165 3319 3411 3388 sequitur
3445 3334 3551 3385 me,

1977 3418 2085 3458 non
2109 3403 2349 3459 ambulat
2376 3405 2432 3460 in
2458 3406 2726 3470 tenebris,
2756 3408 2850 3462 sed
2891 3407 3111 3463 habebit
3136 3407 3315 3464 lumen
3344 3410 3487 3464 vitas.
3528 3430 3546 3462 ι

1976 3492 2072 3548 Cui
2099 3495 2259 3549 etiam
2302 3495 2581 3566 longitudo
2615 3498 2824 3551 dierum
2864 3500 3040 3564 datur,
3079 3500 3204 3569 quia
3242 3502 3554 3570 perennitas

1976 3583 2030 3637 in
2057 3593 2259 3640 aeterna
2286 3586 2619 3641 beatitudine
2650 3587 2723 3640 illi
2758 3587 3051 3653 confertur,
3083 3590 3172 3644 ubi
3199 3605 3320 3645 cum
3349 3593 3553 3647 sanctis

1976 3675 2181 3746 angelis
2207 3677 2262 3730 in
2290 3677 2545 3733 sateulum
2568 3678 2749 3733 surculi
2773 3689 3072 3735 creatorem
3102 3695 3256 3735 suum
3286 3680 3552 3737 laudando

1975 3765 2341 3822 conﬁtebitur.
2870 3832 2878 3837 ν

2569 3857 2796 3914 CAPUT
2836 3858 2947 3913 ΧΠ.

2106 3945 2247 4021 Laus
2273 3947 2566 4016 sapientiae,
2594 3964 2686 4018 per
2706 3964 2863 4019 quam
2892 3949 3034 4018 facta
3065 3960 3187 4006 sunt
3217 3953 3413 4005 omnia.

2045 4031 2196 4103 (Car.
2232 4033 2407 4119 sxw.)
2443 4053 2461 4085 ι
2500 4034 2777 4105 Sapientia
2819 4031 3058 4092 laudabit
3094 4039 3329 4094 animam
3370 4055 3547 4106 suam,

1979 4145 1997 4177 ‹
2035 4134 2089 4181 et
2128 4127 2182 4182 in
2212 4128 2322 4182 Deo
2352 4127 2724 4194 honorabitur,
2752 4138 2807 4184 et
2843 4130 2898 4184 in
2923 4130 3100 4185 medio
3122 4131 3303 4201 populi
3327 4132 3410 4187 sui
3437 4133 3553 4204 glo-

1980 4234 1998 4268 ‹
2034 4217 2283 4283 riabitur,
2315 4226 2371 4273 et
2398 4218 2452 4273 in
2483 4218 2728 4274 ecclesiis
2753 4219 3018 4275 Altissimi
3048 4223 3253 4291 aperiet
3277 4237 3339 4278 os
3367 4239 3548 4290 suum,

1979 4327 1998 4360 ε
2033 4317 2088 4365 et
2108 4309 2162 4363 in
2188 4318 2476 4379 conspectu
2495 4310 2711 4366 virttitis
2738 4308 2884 4367 illius
2903 4312 3240 4383 gloriabitur.
3270 4332 3291 4366 ι
3322 4313 3551 4385 Sapien-

298 4427 318 4459 ι
366 4407 483 4476 ejus
512 4423 616 4462 non
642 4407 846 4461 dabunt
883 4405 1147 4470 fructum;
1204 4405 1574 4474 derelinquent
1610 4406 1665 4460 in
1704 4406 1871 4460 male—
1904 4404 1950 4462 D
1978 4398 2049 4452 lia
2079 4400 2194 4454 hch
2233 4414 2339 4453 non
2374 4407 2458 4453 est
2486 4399 2589 4453 alia
2609 4439 2625 4465 ι
2657 4400 2758 4454 nisi
2797 4402 2864 4455 de
2900 4416 3007 4471 qua
3041 4402 3176 4457 dixit
3202 4403 3494 4473 Apostolus
3527 4419 3543 4459 :

300 4517 320 4549 ι
369 4498 571 4552 dictum
600 4497 916 4552 memoriam
942 4496 1102 4561 illius,
1132 4501 1186 4550 et
1211 4495 1442 4550 dedecus
1468 4495 1609 4550 illius
1633 4511 1740 4550 non
1771 4496 1868 4551 de-

297 4602 319 4635 ί
368 4583 587 4639 lebitur.
626 4604 645 4636 ι
699 4584 1001 4653 Ᾱῑίιυθιίιθι·
1039 4584 1238 4655 quippe
1273 4584 1328 4637 in
1359 4583 1476 4638 viro
1499 4592 1555 4638 et
1590 4585 1645 4639 in
1666 4584 1867 4639 femina

291 4674 537 4729 divinum
575 4673 837 4743 judicium
884 4674 1104 4728 damnat
1152 4672 1506 4737 adulterium,
1551 4679 1617 4731 et.
1649 4687 1867 4742 germen

292 4765 601 4833 bujusmodi
641 4763 844 4834 copula:
866 4779 973 4819 non
997 4772 1081 4835 est
1104 4763 1333 4818 Domino
1360 4762 1608 4823 amabile,
1646 4775 1749 4815 nec
1774 4775 1871 4830 po-

292 4862 402 4911 test
424 4855 473 4910 ei
494 4869 631 4924 Opus
660 4855 894 4924 placere,
918 4853 1061 4922 quod
1096 4868 1163 4909 ex
1190 4850 1398 4923 peccati
1444 4850 1692 4918 contagio
1737 4864 1867 4904 eon-

291 4955 404 5002 stat
427 4946 690 5016 prolatum
718 4962 857 5002 esse.
888 4945 1110 5017 Mystiee
1129 4955 1308 5001 autem
1330 4945 1704 4999 hzereticorum
1736 4958 1866 5014 syn-

292 5052 465 5107 agoga
484 5076 501 5104 ,
525 5037 610 5093 vel
627 5038 809 5091 culmis
831 5037 1014 5091 anima
1038 5036 1292 5091 haeretica
1318 5035 1581 5104 pravitate
1612 5033 1832 5101 decepta
1850 5073 1866 5094 ,

294 5133 409 5186 Deo
445 5129 559 5199 jam
610 5146 719 5185 non
759 5131 865 5184 erit
911 5129 1127 5200 placita,
1167 5126 1294 5197 quia
1344 5126 1653 5195 relinquens
1693 5124 1867 5179 virum

291 5220 532 5291 priorem
559 5227 617 5275 et
641 5222 829 5275 ducem
871 5219 1172 5290 pubertatis
1213 5232 1345 5281 suae,
1373 5216 1466 5286 qui
1510 5231 1629 5270 eam
1664 5214 1768 5269 sibi
1814 5214 1868 5268 in

292 5310 440 5366 sacri
466 5311 805 5381 baptismatis
853 5311 1055 5368 foedere
1100 5308 1389 5379 copulavit,
1436 5308 1872 5375 ornamentisque

291 5403 570 5457 variarum
613 5403 872 5458 virtutum
919 5403 1213 5457 decoravit.
1259 5402 1335 5455 De
1358 5415 1465 5470 quo
1506 5400 1561 5453 in
1589 5398 1873 5453 Ezechiele

288 5493 607 5566 plenissime
631 5494 891 5565 scriptum
921 5502 1040 5549 est:
1071 5511 1089 5543 ‹
1117 5491 1305 5547 Junxit
1332 5506 1390 5546 se
1416 5490 1505 5545 alii
1533 5489 1669 5553 viro,
1705 5507 1725 5540 ι
1756 5487 1869 5542 dia-

292 5584 419 5641 bolo
448 5585 716 5651 videlicet,
748 5603 766 5637 ‹
804 5586 893 5656 qui
924 5600 1041 5642 eam
1074 5583 1299 5640 diversis
1329 5580 1603 5636 erroribus
1630 5578 1864 5633 macula-

1976 4507 1995 4540 ι
2031 4488 2304 4543 Christum
2343 4489 2499 4553 dico,
2546 4489 2640 4544 Dei
2681 4490 2935 4545 virtutem
2979 4499 3034 4546 et
3077 4491 3189 4547 Dei‘
3223 4493 3545 4563 sapientiam

1970 4575 2023 4647 (1
2053 4574 2176 4631 Cor.
2207 4578 2266 4645 l).
2315 4596 2335 4630 ι
2368 4576 2487 4646 ipse
2522 4595 2541 4627 ι
2578 4576 2818 4633 laudavit
2853 4580 3088 4635 animam
3130 4596 3316 4648 suam,
3354 4601 3374 4634 ›
3417 4581 3542 4651 quia

1967 4664 2218 4720 omnibus
2241 4666 2479 4720 ostendit
2507 4665 2830 4722 laudabilem
2862 4683 2982 4723 esse
3010 4669 3174 4723 vitam
3205 4685 3397 4736 suam;
3434 4689 3452 4722 ι
3486 4680 3546 4726 et

1969 4755 2025 4809 in
2066 4757 2175 4811 Deo
2214 4757 2587 4822 honorabitur,
2622 4776 2641 4809 ι
2675 4759 2800 4827 quia
2829 4760 2988 4814 simul
3016 4775 3137 4814 cum
3168 4761 3277 4817 Deo
3305 4761 3466 4817 Patre
3490 4773 3544 4817 et

1970 4844 2176 4914 Spiritu
2203 4853 2389 4900 sancto
2417 4846 2470 4899 in
2504 4846 2658 4902 caelis
2689 4855 2745 4902 et
2778 4848 2833 4902 in
2864 4856 3008 4904 terra
3032 4848 3319 4914 adorator;
3353 4870 3372 4903 ι
3400 4859 3456 4906 et
3487 4851 3542 4909 in

1972 4936 2150 4991 medio
2178 4936 2358 5005 populi
2392 4938 2474 4992 sui
2513 4938 2849 5009 gloriabitur,
2885 4958 2907 4994 ι
2937 4941 3055 4996 hoe
3071 4950 3185 5005 est,
3228 4942 3282 4998 in
3315 4943 3544 4998 coetibus

1972 5026 2234 5096 angelicis
2268 5035 2323 5081 et
2356 5027 2411 5081 in
2449 5029 2658 5097 populis
2698 5029 3024 5087 Christianis
3061 5033 3327 5103 gloriosus
3353 5035 3548 5104 pracdi-

1973 5125 2148 5172 catur.
2181 5117 2333 5173 Unde
2372 5127 2427 5174 et
2465 5120 2518 5172 in
2549 5121 2830 5178 nativitate
2857 5123 2974 5193 ejus
3007 5125 3183 5197 angeli
3211 5126 3547 5192 cecinerunt,

1973 5209 2213 5264 dicentes
2252 5225 2265 5261 :
2300 5225 2319 5259 ι
2355 5208 2537 5264 Gloria
2575 5210 2629 5264 in
2659 5212 2888 5269 excelsis
2926 5212 3065 5280 Deo,
3093 5224 3148 5270 et
3174 5215 3228 5270 in
3256 5223 3400 5272 terra
3436 5229 3543 5285 pax

1969 5300 2276 5357 hominibus
2312 5301 2466 5356 bona:
2512 5301 2831 5368 voluntatis;
2890 5304 2944 5359 in
2992 5305 3237 5361 ecclesiis
3281 5304 3541 5359 Altissimi

1968 5393 2171 5461 aperiet
2195 5407 2257 5447 os
2281 5407 2460 5455 suum,
2500 5410 2517 5442 ι
2555 5391 2681 5460 quia
2713 5391 2764 5445 in
2795 5401 3058 5447 conventu
3088 5392 3322 5447 ﬁdelium
3350 5390 3543 5460 prwdi.

1966 5493 2055 5536 cat
2087 5482 2430 5552 Evangelium
2473 5498 2661 5545 suum,
2705 5482 2772 5536 de
2809 5499 2916 5552 quo
2952 5485 3211 5551 scriptum
3247 5490 3370 5537 est:
3415 5500 3435 5532 ς
3476 5481 3541 5536 Et

1966 5576 2213 5645 aperiens
2240 5589 2302 5631 os
2330 5588 2485 5629 suum
2513 5574 2740 5630 docebat
2766 5591 2877 5639 eos,
2909 5574 3095 5630 dicens
3127 5591 3139 5627 :
3172 5573 3318 5628 Beati
3345 5586 3465 5642 paw
3491 5584 3539 5623 a-
