3902 6162
427 309 537 367 92⁸5

1068 302 1129 359 Β.
1170 303 1425 359 RABANI
1466 302 1684 360 MAUR]
1719 304 2035 360 ARCHlEP.
2080 301 2388 361 MOGUNT.
2431 301 2714 360 OPERUM
2750 300 2933 361 PARS
2968 303 3010 361 I.

3583 308 3683 365 99.4

426 435 517 478 res
542 421 756 490 spiritu,
785 428 891 472 etc.
917 415 1131 488 (Matth.
1160 413 1248 486 v);
1280 422 1335 469 et
1365 414 1419 468 in
1457 421 1748 483 conspectu
1785 413 2002 467 virtutis
2031 416 2077 473 Λ
2105 412 2408 481 vestigatio.
2434 411 2611 467 nullus
2631 427 2823 468 sensus
2844 413 3015 483 possit
3033 416 3319 484 attingere.
3341 418 3479 472 Nam
3501 431 3685 486 quem-

425 516 571 571 illius
600 511 933 584 gloriabitur,
971 528 989 560 ι
1022 508 1150 580 quia
1186 510 1243 562 in
1280 509 1592 563 ostensio;.e
1620 506 2003 562 miraculorum

424 619 646 662 suorum
683 603 750 656 ad
781 600 1103 655 laudandum
1135 600 1305 655 Deum
1340 598 1668 668 provocabat
1696 598 1884 652 turbas
1909 612 2006 667 ρο-

422 696 693 767 palorum.
721 693 797 748 De
820 708 930 762 quo
955 693 1212 762 scriptum
1238 700 1359 747 est:
1391 710 1410 742 t
1443 691 1724 746 Multitudo
1748 690 2004 761 languen-

423 785 559 841 tium
577 823 593 849 ,
621 793 678 838 et
703 782 792 851 qui
821 783 1156 837 vexabantur
1183 781 1252 836 ab
1280 782 1560 851 spiritibus
1589 780 1887 836 immundis
1911 796 2004 836 cu-

422 876 702 930 rabantur.
753 893 772 925 »
814 873 910 937 Εῑ,
944 892 961 924 ι
1002 873 1178 927 omnis
1216 872 1370 927 turba
1410 874 1683 942 qumrcbat
1716 888 1837 928 eum
1885 882 2003 927 tan-

421 983 581 1039 gere,
622 967 749 1037 quia
788 966 960 1020 virtus
997 965 1061 1020 de
1102 965 1194 1019 illo
1235 964 1447 1029 exibat,
1473 972 1528 1018 et
1555 965 1779 1019 sanabat
1813 979 2003 1019 omnes

419 1062 572 1133 (Luc.
606 1061 703 1133 γι).
731 1082 748 1113 ι
783 1062 851 1115 Et
877 1061 1007 1115 alibi
1042 1079 1055 1114 :
1095 1081 1112 1111 ‹
1147 1061 1333 1116 Omnis
1360 1061 1531 1129 plebs,
1567 1071 1626 1115 ut
1656 1062 1824 1127 vidit,
1855 1060 2002 1116 dedit

418 1153 630 1209 laudem
670 1153 781 1207 Deo
806 1151 971 1223 (Luc.
1010 1150 1196 1221 xvm).
1238 1171 1257 1203 ι
1294 1152 1361 1206 Et
1386 1153 1515 1207 item
1550 1170 1563 1205 ε
1601 1170 1620 1203 ‹
1654 1151 1880 1222 Accepit
1905 1168 2002 1206 au-

417 1249 528 1296 tem
555 1255 745 1296 onmes
775 1241 957 1306 timor,
991 1249 1047 1295 et
1085 1241 1506 1310 magniﬁcabant
1541 1242 1708 1296 Deum
1735 1242 1997 1309 dicentes,

413 1333 541 1402 quia
594 1334 855 1403 propheta
896 1348 1124 1403 magnus
1158 1333 1394 1388 surrexit
1434 1334 1487 1387 in
1533 1334 1719 1400 nobis,
1772 1342 1828 1388 et
1872 1334 1998 1405 quia

416 1426 560 1480 Deus
598 1425 839 1480 visitavit
882 1426 1091 1496 plebem
1130 1440 1281 1482 suam
1321 1425 1485 1499 (Luc.
1520 1428 1689 1497 xvu).
1726 1447 1745 1480 ο
1778 1428 1845 1483 Et
1873 1444 1995 1483 rur-

413 1528 534 1569 sum
570 1532 586 1569 :
618 1534 638 1567 t
674 1516 928 1571 Videntes
952 1527 1132 1571 autem
1161 1518 1332 1572 turbm
1370 1519 1667 1573 timuerunt
1702 1527 1757 1575 et
1794 1519 1993 1590 glorifi-

411 1614 674 1660 caverunt
700 1604 891 1671 Deum,
924 1607 1017 1676 qui
1042 1608 1189 1663 dedit
1215 1616 1539 1678 potestatem
1568 1610 1727 1664 talem
1758 1612 1992 1668 homini-

409 1695 513 1749 Lus
541 1696 757 1765 (Matth.
788 1694 886 1767 Ix).
924 1717 943 1749 ι
1277 1703 1285 1710 ’

2107 505 2393 560 admodum
2420 505 2563 560 valet
2591 506 3005 575 comprehendi,
3039 507 3108 562 de
3135 522 3242 577 quo
3268 508 3532 579 scriptum
3556 518 3640 564 est
3669 529 3683 564 :

2112 613 2130 645 ‹
2172 592 2586 649 Generalionem
2635 602 2815 650 autem
2862 594 2978 664 ejus
3025 597 3147 666 quis
3193 599 3472 654 enarrabit
3511 597 3683 671 (laci.

2105 684 2264 754 Lm)?
2305 703 2323 736 ι
2364 685 2500 739 mira
2530 685 2767 741 brevitas
2795 696 2849 740 et
2878 684 3148 743 suﬂiciens
3176 704 3276 758 pro
3304 701 3496 745 nostra
3535 691 3688 746 inﬁr-

2105 778 2295 832 mitate
2322 791 2576 833 mensura
2593 820 2608 843 ,
2641 779 2765 849 quia
2796 795 2899 836 nec
2922 780 3043 851 plus
3069 798 3357 853 possumus
3384 799 3605 856 capere,
3637 799 3689 843 et

2103 866 2206 922 hoc
2229 865 2440 924 abunde
2461 867 2654 923 sullieit
2679 869 2864 939 utique
2886 871 3204 937 credidisse,
3226 882 3280 928 et
3300 874 3426 944 quia
3450 874 3686 932 Verbum

2104 954 2197 1010 Dei
2218 997 2232 1023 ,
2265 958 2319 1011 id
2349 966 2432 1013 est
2456 957 2628 1014 Filius
2656 967 2713 1015 et
2740 960 3005 1030 sapientia
3034 962 3128 1018 Dei
3164 966 3509 1032 nominatur,
3540 978 3687 1025 recte

2103 1045 2235 1100 dicit
2262 1064 2275 1099 :
2314 1065 2333 1097 ‹
2366 1047 2480 1118 Ego
2508 1063 2575 1103 ex
2607 1063 2702 1103 ore
2728 1049 2991 1106 Altissimi
3020 1053 3255 1121 prodivi,
3285 1075 3303 1107 ι
3336 1064 3397 1110 ut
3421 1056 3687 1129 intelliga-

2105 1145 2194 1191 tur
2217 1152 2313 1207 per
2346 1139 2586 1194 Verbum
2620 1150 2675 1195 et
2701 1142 3020 1212 sapientiam
3050 1143 3149 1200 Dei
3177 1147 3357 1202 omnia
3388 1164 3512 1204 esse
3536 1166 3685 1205 crea-

2104 1235 2178 1281 ta.
2199 1246 2219 1280 t
2236 1227 2426 1284 Omnia
2444 1232 2588 1286 enim
2616 1246 2714 1301 per
2738 1232 2913 1302 ipsum
2937 1233 3079 1289 facta
3094 1244 3239 1302 sunt,
3257 1245 3313 1292 et
3336 1238 3453 1293 sine
3478 1240 3597 1309 ipso
3616 1241 3687 1296 fa-

2100 1325 2247 1372 ctum
2267 1329 2351 1374 est
2378 1321 2509 1376 nihil
2528 1321 2709 1394 (Joan.
2734 1323 2795 1396 l).
2824 1324 3017 1393 sQuod
3045 1335 3226 1382 autem
3252 1315 3385 1383 dicit
3406 1345 3466 1384 se
3491 1331 3684 1400 primo-

2099 1409 2334 1480 genitum
2361 1419 2486 1466 ante
2505 1427 2721 1467 omnem
2748 1424 3057 1470 creaturam
3088 1418 3324 1472 ostendit
3352 1435 3410 1474 se
3432 1436 3540 1474 nou
3568 1438 3684 1478 esse

2099 1517 2222 1557 cnm
2238 1509 2484 1557 creatura
2495 1502 2598 1561 .vel
2612 1512 2738 1559 ante
2752 1513 3054 1561 creaturam
3069 1515 3327 1572 creatam,
3343 1510 3437 1563 sed
3452 1512 3519 1564 ab
3533 1511 3683 1565 initio

2097 1605 2161 1644 ex
2194 1589 2356 1646 Patre
2390 1592 2626 1662 genitam
2669 1612 2681 1648 :
2719 1595 2843 1664 quia
2882 1596 2996 1666 ipse
3029 1605 3113 1652 est
3152 1598 3301 1670 origo
3334 1600 3501 1655 totius
3535 1602 3680 1664 boni,

2098 1680 2189 1750 qui
2226 1696 2349 1735 cum
2390 1680 2551 1737 Patre
2590 1691 2644 1738 et
2680 1683 2884 1755 Spiritu
2924 1696 3114 1743 sancto
3147 1689 3264 1744 sine
3291 1689 3447 1744 initio
3475 1707 3683 1763 semper

485 1804 504 1836 ι
542 1785 601 1838 In
640 1785 818 1840 medio
853 1787 1036 1855 populi
1077 1786 1446 1872 exaltabitu‘
1471 1797 1527 1842 et
1566 1788 1620 1842 in
1662 1786 1988 1858 plenitudine

2096 1770 2308 1837 existit,
2351 1787 2450 1842 per
2481 1788 2642 1842 quem
2674 1789 2889 1830 omnem
2919 1785 3225 1832 creaturam
3263 1778 3443 1844 Pater,
3469 1783 3681 1850 quanio

414 1891 435 1924 ‹
471 1881 659 1929 sancta
700 1875 1091 1941 admirahitur,
1134 1885 1188 1930 et
1229 1877 1284 1931 in
1321 1875 1664 1932 multitudine
1697 1878 1994 1934 electorum

411 1981 433 2013 ι
473 1962 692 2017 habebit
720 1962 965 2031 laudem,
1006 1975 1062 2020 et
1093 1968 1235 2020 inter
1268 1968 1586 2024 benedictos
1617 1970 1990 2027 benedieetur.

413 2073 432 2105 ι
470 2054 525 2109 lu
555 2056 760 2122 medio,
786 2057 991 2127 inquit,
1021 2060 1201 2128 p0puli
1228 2061 1572 2129 exaltabitur,
1610 2083 1628 2115 ι
1662 2063 1770 2119 hoc
1791 2076 1906 2131 est,
1936 2066 1992 2122 in

404 2147 584 2201 medio
608 2146 904 2203 Christiani
927 2151 1105 2220 populi
1134 2153 1338 2207 honore
1360 2153 1755 2210 sublimabitur.
1784 2157 1862 2212 De
1884 2172 1994 2228 quo

404 2234 690 2293 Psalmista
718 2238 793 2292 ait
823 2257 837 2293 :
873 2240 1173 2296 «aExaltate
1211 2242 1497 2298 Dominum
1527 2244 1697 2299 Deum
1723 2255 1990 2313 nostrum,

401 2332 457 2377 et
483 2326 704 2381 adorate
732 2328 1024 2384 scabellum
1055 2332 1249 2401 pedum
1278 2332 1425 2400 ejus,
1454 2336 1714 2405 quoniam
1741 2347 1990 2394 sanctum

400 2424 486 2470 est
512 2415 696 2487 (Psal.
730 2418 954 2492 xcvm).
993 2439 1012 2473 ι
1044 2421 1113 2475 Ει
1144 2422 1197 2476 in
1232 2422 1566 2493 plenitudine
1595 2435 1782 2483 sancta
1811 2428 1989 2484 admi-

405 2504 646 2572 rahitur,
675 2509 932 2577 quoniam
972 2510 1023 2564 in
1065 2511 1183 2580 ipso
1222 2512 1585 2584 Redemptore
1621 2525 1808 2573 nostro
1842 2532 1992 2574 com-

401 2593 606 2664 placuit
632 2611 849 2652 omnem
883 2600 1270 2669 plenitudinem
1314 2603 1583 2671 habitare,
1616 2607 1742 2676 quia
1769 2609 1884 2679 ipse
1908 2618 1992 2666 est

403 2694 533 2741 ante
568 2701 788 2754 omnes,
827 2697 883 2745 et
906 2691 1090 2746 omnia
1118 2693 1173 2747 in
1218 2692 1335 2763 ipso
1361 2703 1643 2763 constant,
1673 2708 1727 2753 et
1764 2699 1880 2769 ipse
1907 2710 1992 2756 est

403 2785 572 2846 caput
605 2781 849 2849 corporis
877 2780 1159 2847 Ecclesiae,
1189 2786 1281 2854 qui
1316 2793 1401 2841 est
1435 2787 1761 2858 principium
1790 2799 1847 2845 et
1880 2792 1992 2860 pri-

403 2867 707 2937 mogenitus
736 2886 803 2925 ex
832 2872 1083 2940 mortuis,
1106 2883 1160 2929 ut
1189 2875 1259 2930 sit
1288 2877 1344 2931 in
1371 2878 1623 2934 omnibus
1648 2880 1763 2951 ipse
1790 2881 1991 2952 prima-

403 2966 516 3012 tum
561 2967 770 3021 tenens.
809 2961 965 3019 Unde
1009 2965 1142 3020 dicit
1178 2964 1417 3024 Joannes
1456 2983 1472 3023 :
1524 2989 1543 3023 ι
1593 2971 1826 3027 Verbum
1860 2989 1989 3029 caro

404 3047 606 3106 metum
629 3060 734 3120 est,
758 3062 814 3109 et
838 3055 1101 3112 habitavit
1122 3059 1176 3114 in
1198 3061 1355 3116 nobis
1384 3079 1398 3116 :
1427 3070 1484 3117 et
1503 3064 1737 3120 vidimus
1759 3066 1987 3137 gloriam

2098 1863 2301 1929 voluit,
2338 1872 2394 1918 et
2428 1866 2697 1934 quomodo
2733 1867 2929 1934 voluit,
2973 1869 3134 1936 fecit;
3184 1873 3278 1925 sed
3315 1871 3442 1941 quia
3485 1868 3681 1927 Paulus

2098 1952 2227 2007 alibi
2256 1953 2387 2009 dicit
2417 1954 2694 2010 Christum
2729 1957 3150 2028 primogenitum
3188 1975 3254 2015 ex
3293 1963 3521 2016 mortuis
3561 1960 3680 2032 (Co-

2095 2041 2193 2097 los.
2221 2041 2285 2116 ι),
2318 2043 2445 2099 alibi
2469 2060 2598 2100 vero
2625 2046 3043 2117 primogenitum
3083 2050 3250 2103 totius
3278 2058 3566 2117 creaturae,
3601 2053 3680 2106 in-

2098 2144 2379 2207 terrogant
2403 2136 2654 2204 quidam,
2688 2153 2810 2192 cum
2842 2137 3090 2194 Christus
3128 2139 3271 2193 Deus
3298 2148 3355 2193 et
3390 2140 3554 2194 homo
3582 2157 3680 2195 una

2095 2242 2327 2297 persona
2364 2228 2436 2282 sit
2481 2229 2535 2282 in
2567 2227 2862 2295 Trinitate,
2899 2232 3353 2300 quemadmodum
3400 2243 3681 2306 susceptus

2094 2319 2257 2373 homo
2294 2318 2687 2390 primogenitus
2720 2321 2907 2391 possit.
2942 2322 3113 2377 videri
3165 2324 3328 2378 totius
3378 2335 3676 2391 creatunr,

2092 2424 2216 2464 cum
2247 2424 2357 2465 non
2396 2410 2470 2465 sit
2503 2419 2631 2465 ante
2664 2427 2885 2468 omnem
2908 2421 3244 2481 creaturam,
3283 2416 3380 2470 sed
3423 2427 3484 2470 ut
3516 2427 3676 2480 esset,

2095 2500 2147 2555 in
2185 2501 2494 2556 novissimis
2527 2502 2739 2572 accepit
2766 2504 3145 2573 temporibus?
3182 2520 3286 2560 non
3317 2506 3681 2575 intelligentes

2091 2591 2344 2662 quoniam
2380 2592 2774 2663 primogenitus
2816 2609 2924 2648 non
2967 2604 3209 2669 tempore
3249 2596 3449 2652 dicitur
3484 2598 3677 2663 solum,

2091 2682 2186 2739 sed
2213 2691 2270 2739 et
2297 2698 2397 2753 pro
2435 2684 2787 2741 honoratione
2823 2685 3167 2758 frequenter,
3202 2703 3268 2744 eo
3294 2689 3441 2758 quod
3472 2690 3675 2760 primo-

2090 2776 2305 2846 genitus
2331 2776 2532 2831 dicitur
2557 2777 2827 2833 veraciter
2856 2778 3070 2834 illorum
3088 2821 3102 2842 ,
3131 2780 3222 2849 qui
3248 2792 3373 2850 post
3403 2781 3554 2834 illum
3585 2797 3676 2853 ge-

2091 2867 2190 2921 niti
2229 2866 2466 2923 fuerunt.
2504 2866 2675 2937 Hujus
2712 2884 2841 2941 ergo
2880 2870 3114 2925 nominis
3145 2871 3529 2935 translatione,
3579 2872 3679 2925 hoc

2088 2963 2209 3021 est,
2237 2957 2583 3027 primogeniti
2614 2973 2756 3029 saepe
2783 2959 2954 3014 utitur
2989 2958 3267 3030 Scriptura
3297 2962 3521 3017 honoris
3554 2979 3677 3017 cau—

2091 3062 2152 3101 sa
2184 3065 2197 3101 :
2229 3056 2290 3103 ut
2316 3056 2399 3103 est
2431 3049 2558 3103 illud
2586 3051 2729 3119 quod
2758 3051 2827 3105 ad
2864 3050 3035 3106 David
3075 3051 3273 3106 dicitur
3310 3070 3324 3105 :
3372 3071 3391 3102 ι
3428 3053 3540 3124 Ego
3572 3054 3679 3124 prio

400 3143 559 3212 quasi
599 3145 860 3215 unigeniti
898 3162 929 3201 a
959 3147 1155 3216 Patre,
1193 3149 1408 3221 plenum
1437 3154 1624 3224 gratiae
1661 3163 1717 3209 et
1739 3131 1987 3211 veritatis

2091 3140 2422 3211 mogenitum
2450 3156 2648 3210 ponam
2672 3140 2821 3195 illum
2846 3141 3117 3197 excelsum
3139 3158 3250 3213 prae
3278 3143 3496 3213 regibus
3521 3151 3680 3197 terr-.c

401 3232 589 3302 (Joan.
630 3234 694 3306 l).
733 3255 754 3288 ι
787 3236 855 3291 Et
883 3238 950 3293 de
982 3238 1315 3308 plenitudine
1340 3239 1459 3310 ejus
1484 3257 1584 3298 nos
1616 3258 1806 3300 omnes
1831 3260 1986 3300 acce-

401 3325 582 3394 pimus
613 3327 840 3396 gratiam
874 3343 973 3397 pro
1002 3330 1198 3401 gratia.
1230 3350 1251 3384 ‹
1286 3331 1343 3386 In
1377 3333 1744 3403 plenitudine,
1786 3336 1980 3406 inquit,

401 3426 593 3472 sancta
618 3418 996 3486 admirahitur,
1025 3440 1043 3474 ι
1072 3422 1199 3492 quia
1226 3423 1488 3480 mirabilis
1504 3433 1590 3481 est
1615 3426 1757 3483 Deus
1783 3427 1836 3482 in
1859 3443 1986 3483 san-

398 3510 505 3565 ctis
532 3510 665 3565 suis.
698 3510 849 3568 Unde
871 3521 927 3567 et
949 3532 968 3564 ι
999 3514 1055 3568 in
1076 3515 1418 3573 multitudine
1441 3518 1739 3574 electorum
1766 3520 1987 3575 habebit

399 3600 635 3667 laudem,
666 3610 721 3656 et
748 3602 890 3659 inter
915 3604 1227 3662 benedictus
1245 3607 1612 3665 benedicetur.
1645 3631 1663 3663 ι
1697 3611 1816 3681 ipse
1836 3613 1982 3668 enim

402 3691 552 3746 dabit
578 3692 835 3748 virtutem
859 3702 916 3748 et
958 3693 1329 3753 fortitudinem
1356 3699 1499 3768 plebi
1531 3716 1643 3756 sua:
1666 3702 1983 3759 benedictus

400 3780 561 3837 Deus.
604 3801 623 3833 ι
661 3782 718 3837 In
747 3784 951 3840 semine
981 3786 1125 3841 enim
1149 3786 1402 3855 Abrahae,
1427 3790 1528 3845 hoc
1553 3792 1714 3846 estin
1740 3791 1981 3860 Christo,

397 3873 788 3930 benedicentur
827 3892 1018 3933 omnes
1057 3879 1303 3936 nationes
1340 3891 1531 3948 terrae,
1571 3904 1590 3936 ι
1631 3899 1792 3954 quem
1818 3886 1985 3942 hrne-

400 3963 589 4018 dicunt
618 3966 802 4021 omnia
827 3982 992 4037 epera
1019 3968 1160 4039 ejus,
1189 3972 1282 4041 qui
1306 3973 1471 4028 etiam
1501 3984 1586 4030 est
1612 3992 1774 4045 super
1800 3980 1982 4035 omnia

398 4054 543 4110 Deus
566 4056 882 4113 benedictus
920 4053 975 4114 iri
1005 4062 1221 4116 saecula.
1251 4063 1352 4129 Qui
1389 4066 1507 4120 haec
1533 4082 1653 4136 qua:
1683 4079 1984 4143 sequuntur

399 4149 470 4204 de
505 4150 795 4221 semetipso
832 4166 930 4222 per
966 4169 1062 4209 vas
1102 4154 1204 4210 sibi
1251 4165 1437 4225 aptum
1488 4159 1800 4227 pnedicavit
1825 4202 1840 4228 ,
1896 4163 1980 4219 di-

397 4255 568 4298 cens:

987 4355 1215 4413 CAPUT
1253 4356 1386 4414 XIII.

399 4464 543 4555 Lanus
568 4468 837 4555 sapientia:
865 4486 1137 4555 per‘qitam
1164 4471 1304 4555 facta
1331 4483 1458 4555 sunt
1468 4475 1693 4555 omnia.
1709 4474 1979 4555 sapientia
2006 4486 2059 4546 ι)

470 4537 721 4611 loquitur,
749 4539 803 4593 id
830 4537 904 4594 est
923 4580 937 4604 ,
966 4537 1206 4595 Christus
1247 4542 1343 4596 Dei
1372 4543 1418 4595 F
1420 4544 1564 4606 ilius,
1594 4543 1693 4599 Dei
1717 4537 1898 4611 virtus,
1930 4558 1980 4600 et

469 4608 567 4663 Dei
590 4611 868 4680 sapientia,
896 4627 987 4680 per
1005 4626 1165 4681 quam
1195 4623 1397 4667 cuncta:
1427 4623 1682 4669 creatum
1705 4608 1981 4686 disponen-

466 4687 574 4734 tur.

474 4808 493 4840 ε
526 4789 639 4861 Ego
666 4806 731 4845 ex
762 4805 858 4846 ore
887 4789 1148 4847 Altissimi
1186 4792 1394 4863 prodivi
1418 4835 1432 4859 ,
1463 4794 1819 4864 primogenita
1854 4805 1982 4853 ante

403 4896 423 4931 ε
457 4894 675 4935 omnem
708 4890 1037 4936 creaturam.
1082 4900 1101 4935 ι
1136 4882 1338 4940 Veiens
1383 4901 1513 4956 ergo
1556 4887 1821 4958 sapientia
1860 4888 1977 4955 Dei,

395 4983 521 5037 qua:
547 4980 630 5024 est
666 4970 914 5028 Christus
946 4973 1042 5027 Dei
1071 4972 1271 5039 Filius,
1303 4976 1649 5047 semetipsam
1679 4979 1975 5034 secundum

397 5058 735 5113 divinitatem
767 5077 799 5114 a
827 5062 988 5116 nullis
1016 5063 1375 5121 existentibus
1402 5066 1490 5121 vel
1517 5067 1682 5120 etiam
1710 5082 1779 5121 ex
1807 5069 1977 5124 nihilo

394 5150 685 5206 ostendere
712 5165 818 5203 non
847 5165 967 5206 esse
991 5161 1230 5209 creatam
1250 5195 1265 5219 ,
1294 5154 1388 5210 sed
1416 5172 1483 5209 ex
1512 5155 1605 5210 Dei
1640 5156 1817 5212 Patris
1843 5158 1974 5212 sub-

396 5242 599 5298 stantia
628 5242 981 5313 geuitam,ait
1019 5261 1032 5297 :
1068 5261 1087 5293 (
1119 5244 1230 5313 Ego
1256 5261 1322 5300 ex
1350 5261 1446 5300 ore
1472 5246 1735 5301 Altissimi
1765 5247 1973 5316 prodivi

395 5331 567 5402 (Eccl.
594 5329 768 5403 xxiv).
815 5351 835 5385 ι
873 5331 972 5387 Cui
1007 5331 1170 5387 Pater
1197 5333 1324 5389 alibi
1353 5334 1431 5387 ait
1460 5350 1475 5387 :
1508 5352 1527 5385 ‹
1562 5334 1641 5389 Ex
1670 5344 1825 5391 utero
1851 5345 1975 5392 aute

394 5425 679 5483 luciferum
718 5426 879 5496 genui
919 5433 973 5481 te
1011 5423 1183 5497 (Psal.
1217 5424 1365 5493 xxx),
1401 5446 1420 5479 ι
1457 5427 1510 5482 id
1535 5436 1648 5493 est,
1677 5443 1744 5483 ex
1775 5444 1975 5484 arcano

394 5516 711 5573 substantia:
738 5533 904 5583 meae,
941 5533 1008 5573 ex
1036 5518 1152 5586 ipsa
1197 5518 1449 5574 videlicet
1475 5518 1676 5575 deitatc
1706 5529 1877 5575 totum
1907 5537 1972 5576 ex

573 5608 1001 5677 omnipotentem
1029 5607 1095 5663 de
1123 5609 1523 5678 omnipotente,
1564 5610 1744 5666 lumen
1784 5626 1849 5664 ex
1893 5611 1973 5664 lu-

573 5614 1001 5677 omnipotentem
1029 5614 1095 5663 de
1123 5614 1523 5678 omnipotente,
1564 5614 1744 5666 lumen
1784 5626 1849 5664 ex
1893 5614 1973 5664 lu-

254 5614 862 5791 [Ἥωωυιιι
888 5716 954 5758 ex
992 5716 1227 5768 summo,
1258 5701 1402 5774 quod
1436 5718 1691 5761 arcanum
1720 5704 1862 5758 nulla
1890 5703 1973 5758 iu-

2093 3228 2267 3302 (Psal.
2298 3234 2596 3303 Lxxxvm);
2639 3253 2659 3287 ι
2698 3242 2755 3290 et
2793 3235 2921 3290 alibi
2958 3237 3218 3306 scriptum
3257 3248 3335 3292 est
3388 3257 3400 3291 :
3447 3258 3465 3289 ι
3508 3237 3682 3293 Filius

2091 3338 2245 3380 meus
2281 3324 2673 3397 primogenitus
2698 3326 2863 3383 Israel
2888 3326 3096 3398 (Exod.
3123 3327 3245 3400 IV),
3277 3347 3295 3380 ι
3332 3328 3437 3384 hoc
3463 3337 3550 3385 est
3579 3329 3678 3384 ho-

2090 3415 2352 3471 norabilis
2388 3417 2543 3472 mihi.
2576 3417 2710 3472 Nam
2742 3428 2901 3474 erant
2935 3427 2990 3475 et
3026 3419 3155 3475 alibi
3191 3429 3317 3476 ante
3354 3420 3551 3485 Israel,
3588 3420 3683 3491 qui

2090 3506 2325 3563 ﬁliorum
2367 3509 2461 3564 Dei
2500 3511 2901 3581 nuncupatione
2939 3512 3082 3583 digni
3128 3512 3343 3568 fuerant
3370 3513 3583 3578 habiti,
3616 3514 3685 3568 de

2089 3598 2287 3667 quibus
2314 3598 2524 3670 Moyses
2553 3600 2724 3655 dicit:
2759 3621 2777 3653 ι
2818 3603 3073 3658 Videntcs
3099 3603 3191 3658 lilii
3224 3605 3314 3658 Dei
3342 3604 3483 3660 ﬁlias
3502 3606 3687 3660 homi-

2089 3706 2219 3745 num
2244 3693 2387 3761 quod
2414 3700 2599 3748 essent
2621 3692 2881 3764 pulchrae,
2907 3704 3233 3765 acceperunt
3254 3696 3357 3751 sibi
3389 3712 3597 3751 uxores
3618 3712 3685 3751 ex

2088 3782 2368 3848 omnibus,
2398 3799 2533 3853 quas
2568 3784 2843 3855 elegerant
2879 3782 3031 3857 (Gen.
3058 3786 3156 3858 Vl).
3192 3805 3212 3837 ι
3245 3785 3340 3841 Sic
3378 3796 3436 3843 et
3475 3788 3530 3843 in
3581 3790 3688 3844 hoc

2088 3874 2239 3941 loco,
2281 3891 2388 3945 quo
2430 3876 2643 3930 dixerat
2678 3876 2970 3947 Apostolus
3002 3877 3070 3932 de
3104 3877 3323 3933 Christo
3361 3878 3505 3948 quod
3534 3888 3689 3934 esset

2087 3964 2481 4036 primogenitus
2508 3965 2674 4020 totius
2703 3974 2984 4032 creaturae,
3013 3967 3118 4022 hoc
3137 3976 3241 4033 est,
3273 3983 3438 4039 super
3457 3983 3686 4025 omnem

2089 4063 2399 4110 creaturam
2432 4056 2798 4121 honorabilis,
2843 4058 2890 4113 si
2919 4057 3138 4128 quidem
3170 4059 3399 4115 dixisset
3428 4060 3688 4116 absolute

2086 4147 2499 4219 primogenitus,
2515 4149 2884 4204 honorabilem
2909 4151 3284 4206 tantummodo
3302 4152 3524 4206 diceret.
3542 4151 3691 4205 Nam

2087 4241 2215 4311 quia
2239 4240 2437 4309 adjecit
2457 4242 2641 4297 omnis
2664 4250 2961 4308 creaturae,
3000 4242 3148 4298 illum
3178 4243 3455 4313 designat,
3483 4244 3585 4313 qui
3617 4243 3689 4298 ab

2086 4333 2236 4389 omni
2265 4333 2562 4388 honoratur
2583 4342 2854 4389 creatura.
2880 4333 3015 4389 Nam
3039 4334 3086 4389 is
3109 4335 3200 4405 qui
3230 4334 3532 4390 secundum
3560 4352 3692 4391 car-

2088 4438 2210 4477 nem
2243 4433 2326 4478 est
2359 4423 2639 4491 Christus,
2678 4432 2735 4481 et
2773 4432 3015 4497 tempore
3048 4427 3440 4498 primogenitus
3474 4428 3692 4483 dicitur

2087 4514 2352 4570 veraciter
2381 4516 2547 4571 totius
2584 4525 2871 4584 creatum,
2909 4532 3031 4586 qua:
3059 4517 3113 4571 in
3154 4516 3249 4572 illo
3277 4516 3423 4572 facta
3456 4526 3570 4572 est.
3605 4518 3690 4574 De

2083 4623 2190 4677 qua
2219 4608 2410 4663 beatus
2439 4608 2637 4664 Paulus
2661 4610 2767 4666 hoc
2792 4611 2845 4665 in
2881 4610 3000 4666 loco
3031 4610 3243 4666 videtur
3267 4612 3489 4666 dixisse.
3519 4611 3691 4668 Unde

2081 4706 2138 4753 et
2169 4698 2299 4755 illud
2324 4700 2467 4769 quod
2509 4699 2646 4754 dixit
2672 4701 3059 4772 primogenitus
3086 4703 3252 4757 totius
3289 4712 3566 4758 creatum
3596 4705 3686 4760 in-

2083 4796 2388 4858 terpretans
2426 4789 2612 4860 adjicit
2650 4809 2663 4844 :
2713 4809 2732 4843 ‹
2771 4791 3035 4858 Quoniam
3072 4792 3126 4847 in
3163 4793 3282 4862 ipso
3323 4801 3509 4848 creata
3548 4802 3688 4850 sunt

2082 4878 2307 4933 omnia:
2345 4899 2364 4931 ι
2396 4896 2504 4935 non
2530 4881 2668 4936 dixit
2707 4897 2806 4952 per
2834 4883 3035 4953 ipsum,
3062 4883 3156 4939 sed
3188 4903 3208 4936 ι
3246 4884 3300 4939 in
3331 4885 3470 4956 ipso.
3504 4905 3529 4937 ι
3566 4886 3689 4943 Nec

2081 4972 2225 5025 enim
2255 4971 2322 5026 de
2342 4973 2515 5042 prima
2544 4974 2675 5029 dicit
2700 4985 2975 5041 creatura,
2996 4976 3090 5031 sed
3117 4976 3266 5031 illam
3293 4987 3574 5033 creatura:
3595 4995 3688 5034 se-

2080 5063 2418 5133 parationem
2463 5080 2585 5134 qua:
2626 5065 2681 5119 in
2722 5080 2788 5121 eo
2835 5067 2975 5122 facta
3015 5076 3127 5132 est,
3173 5069 3473 5124 secundum
3502 5086 3687 5140 quam

2077 5154 2261 5208 omnia
2308 5155 2510 5209 dudum
2556 5155 2815 5211 dissoluta
2859 5158 2913 5211 in
2954 5173 3120 5212 unum
3162 5167 3291 5212 sunt
3338 5174 3686 5217 consensum

2079 5248 2337 5316 perducta
2372 5266 2384 5301 :
2420 5248 2562 5303 sicut
2585 5257 2640 5303 et
2662 5249 2790 5304 alibi
2817 5250 2947 5305 dicit
2974 5267 2988 5303 :
3022 5269 3042 5302 ς
3076 5249 3454 5320 Recapitulare
3479 5253 3683 5307 omnia

2080 5338 2133 5390 in
2156 5337 2376 5394 Christo
2395 5354 2516 5408 quae
2538 5340 2592 5393 in
2613 5339 2768 5395 cmlis
2789 5349 2931 5404 sunt,
2958 5348 3014 5395 et
3032 5356 3153 5411 qua:
3172 5354 3339 5409 super
3359 5350 3571 5397 terram
3600 5361 3617 5396 :
3654 5363 3678 5396 ι

2080 5437 2303 5498 propter
2334 5431 2613 5486 hominum
2641 5432 2843 5487 etenim
2865 5433 3127 5487 malitiam
3150 5433 3358 5499 omnis,
3385 5444 3446 5489 ut
3469 5434 3552 5489 ita
3584 5435 3679 5490 dic

2080 5521 2274 5587 xerim,
2288 5530 2535 5577 creatura
2559 5522 2819 5592 disrumpi
2842 5523 3139 5579 videbatur.
3160 5523 3489 5580 Avertebant
3510 5526 3677 5582 enim

2080 5628 2139 5667 se
2169 5628 2199 5666 a
2226 5613 2381 5667 nobis
2408 5613 2603 5682 angeli,
2630 5620 2685 5667 et
2713 5628 2903 5668 omnes
2931 5614 3230 5670 invisibiles
3264 5615 3508 5678 virtutes,
3534 5630 3675 5684 pro-

2078 5714 2198 5776 pter
2237 5706 2633 5762 indevotienem
2662 5714 2925 5773 nostram,
2957 5723 3134 5777 quam
3150 5722 3276 5778 erga
3303 5706 3469 5763 Deum
3492 5720 3677 5763 exere
