3902 6162
274 231 383 288 925

1132 223 1488 281 COMMEST.
1533 223 1598 281 IN
1636 223 2250 283 ECCLESIASTICUM.
2292 260 2362 268 —-
2400 227 2526 283 LIB.
2572 228 2630 282 Υ.

3443 231 3547 287 9‘25

273 347 565 407 cebamus;
597 340 818 409 insuper
840 336 1006 393 etiam
1034 345 1090 391 ct
1116 351 1217 392 nos
1243 337 1344 406 ipsi
1375 344 1548 391 morte
1577 335 1861 401 solvimur,
1892 341 1942 398 Α
1971 352 2177 393 muere.
2211 338 2455 410 Cumque
2496 342 2670 412 prima
2711 340 2977 395 idolorum
3016 340 3169 395 ruina
3199 339 3392 409 fuerit,
3417 359 3552 413 pne-

273 453 348 492 cx
390 448 498 505 qua
541 430 833 487 accedebat
858 428 1095 483 animam
1125 442 1378 498 separare
1413 442 1443 481 a
1480 442 1726 497 corpore.
1772 426 1866 480 Et-

275 528 426 585 enim
461 533 516 581 et
546 523 723 580 omnis
759 521 1026 577 connexio
1053 529 1322 575 creaturae
1361 520 1488 574 hinc
1525 518 1864 583 solvebatur;

276 618 459 675 {acuis
484 624 568 671 est
604 614 751 669 enim
780 613 944 668 homo
974 626 1007 666 a
1030 610 1297 682 principio
1322 610 1477 680 quasi
1504 610 1723 680 aliquod
1752 610 1867 664 ani-

279 710 392 767 mal
428 708 749 780 cognatione
784 705 1037 762 omnibus
1071 703 1354 773 junctum,
1393 718 1459 758 eo
1498 703 1643 773 quod
1669 717 1867 771 corpus

280 803 500 876 quidem
542 798 868 872 generaliter
893 811 961 852 ex
998 796 1252 852 omnibus
1280 794 1644 860 consistebat,
1679 794 1734 848 id
1760 801 1867 860 est,

279 913 352 954 ex
381 905 623 966 quatuor.
640 891 944 955 elementis,
972 889 1154 944 anima
1183 902 1315 943 vero
1343 887 1410 943 ad
1441 887 1739 943 invisibiles
1765 887 1872 942 vir-

280 994 427 1042 tutes
469 982 932 1055 propinquitatem
985 979 1185 1034 habere
1226 977 1527 1033 videbatur.
1573 977 1689 1034 Una
1736 992 1869 1033 vero

278 1077 528 1148 quadam
555 1074 931 1129 universorum
954 1069 1226 1140 copulatio
1250 1083 1319 1123 ex
1343 1067 1472 1123 hinc
1498 1067 1617 1123 fieri
1644 1068 1868 1123 videba-

277 1177 393 1232 tur,
414 1174 635 1236 propter
654 1161 995 1232 iniquitatem
1019 1173 1141 1213 eam
1164 1172 1328 1227 quam
1352 1156 1419 1211 ad
1443 1156 1714 1211 hominem
1738 1171 1872 1212 cun-

278 1266 370 1314 cta
400 1254 606 1310 habere
634 1252 980 1315 videbantur,
1009 1249 1261 1305 omnibus
1291 1248 1345 1303 in
1364 1248 1613 1323 “idipsum
1641 1263 1873 1304 concur—

281 1346 560 1410 rentibus,
595 1344 668 1398 ita
695 1349 755 1397 ut
790 1349 847 1396 et
870 1355 982 1396 uno
1005 1355 1273 1395 consensu
1311 1340 1423 1395 Deo
1457 1339 1746 1396 redderent
1772 1338 1867 1394 de-

278 1436 454 1491 bitam
494 1433 763 1490 culturam
804 1448 930 1488 cum
972 1440 1132 1487 cauta
1171 1431 1552 1488 sollicitudine.
1594 1432 1739 1503 Ergo
1775 1433 1868 1487 Dei

280 1527 549 1598 sapientia
590 1525 771 1581 omnia
815 1539 936 1594 qua:
976 1523 1031 1578 in
1059 1523 1213 1578 cmlis
1240 1534 1296 1577 et
1321 1538 1444 1593 quae
1483 1524 1538 1578 in
1574 1532 1718 1579 terra
1746 1533 1876 1579 sunt

280 1618 425 1675 facta
454 1618 569 1686 ipse
596 1614 745 1670 fecit.
775 1614 927 1670 Unde
955 1622 1011 1669 et
1034 1612 1378 1684 subiungitur
1404 1631 1417 1667 :

1967 429 2199 483 sentiam
2228 430 2442 485 Domini
2470 431 2614 487 ferre
2645 446 2751 485 non
2791 430 3095 497 sustinens,
3124 440 3178 485 et
3205 441 3329 501 apte
3358 432 3555 488 dicitur

1967 517 2276 574 incarnatio
2304 519 2601 575 Salvatoris
2626 520 2898 586 columna,
2930 528 3151 591 propter
3177 522 3553 579 rectitudincm

1965 611 2226 669 doctrina:
2252 622 2308 669 et
2338 613 2650 669 ﬁrmitatem
2677 614 3030 684 operationis,
3051 615 3176 684 quia
3199 616 3401 671 electos
3428 632 3555 672 suos

1966 704 2128 774 erigit
2166 704 2234 758 ad
2274 706 2617 774 quazrendam
2662 705 2889 761 salutem
2921 718 3269 776 perpetuam,
3299 715 3354 761 et
3384 715 3555 761 totum

1965 800 2253 856 aedificium
2284 801 2540 857 Ecclesia:
2578 816 2688 857 sua:
2715 801 2831 871 ipse
2856 809 3040 871 portat
3074 810 3239 871 atque
3262 808 3550 855 sustentat.

2042 909 2061 941 ι
2093 887 2298 961 Gyrum
2327 890 2453 946 cmli
2489 890 2716 946 circuivi
2755 890 2869 946 sola
2890 932 2905 957 ,
2937 900 2992 946 et
3021 890 3346 961 profundum
3376 890 3555 961 abyssi

1972 998 1992 1032 ε
2025 981 2327 1049 penetravi,
2357 981 2410 1036 in
2440 980 2692 1037 ﬂuctibus
2724 983 2893 1037 maris
2917 981 3209 1048 ambulavi,
3241 988 3297 1037 et
3325 981 3377 1035 in
3407 980 3555 1035 omni

1973 1088 1991 1119 ι
2030 1078 2175 1124 terra
2213 1070 2368 1135 steti,
2414 1080 2470 1125 et
2516 1072 2569 1125 in
2607 1076 2755 1141 omni
2794 1072 2991 1141 populo
3029 1080 3085 1127 et
3121 1072 3175 1126 in
3205 1072 3352 1126 omni
3398 1080 3558 1141 gente

1974 1181 1993 1213 ι
2027 1162 2318 1231 primatum
2356 1164 2560 1230 habui,
2591 1136 2658 1219 ᾗ
2692 1136 2934 1219 omnium
2962 1164 3338 1220 excellentium
3375 1136 3429 1219 et
3454 1164 3556 1218 hu-

1972 1269 1992 1303 ι
2029 1251 2235 1305 milium
2262 1253 2424 1307 corda
2460 1253 2661 1309 virtute
2695 1254 2918 1309 calcavi.
2965 1274 2984 1307 ι
3022 1254 3147 1309 llaec
3182 1254 3355 1310 oratio
3382 1253 3555 1309 domi-

1969 1351 2154 1395 natum
2194 1343 2474 1412 sapientiae
2515 1343 2610 1399 Dei
2657 1344 2857 1414 ubique
2889 1355 2944 1400 et
2979 1343 3346 1399 fortitudinem
3378 1344 3557 1413 expri-

1968 1431 2089 1498 mit,
2113 1432 2242 1502 quia
2266 1433 2426 1487 simul
2452 1449 2669 1490 omnem
2704 1443 3007 1491 creaturam
3040 1436 3093 1490 in
3120 1445 3353 1505 quatuor
3381 1436 3557 1490 ιιοωί-

1968 1526 2129 1580 nibus
2156 1540 2263 1580 uno
2292 1532 2478 1582 tenore
2499 1528 2790 1583 concludit.
2822 1526 2959 1583 Nam
2980 1528 3105 1585 coeli
3131 1528 3349 1584 nomine
3375 1529 3557 1584 omnia

1971 1615 2213 1672 cmlestia
2245 1619 2689 1687 comprehendit,
2738 1618 2790 1672 in
2820 1617 3087 1688 profundo
3126 1618 3304 1689 abyssi
3348 1633 3413 1673 ea
3437 1632 3559 1687 qua:

360 1729 379 1762 ‹
413 1709 526 1779 Ego
554 1709 609 1762 in
636 1706 788 1761 cmlis
814 1704 916 1761 feci
947 1713 1007 1760 ut
1044 1706 1284 1760 oriretur
1309 1704 1490 1761 lumen
1529 1705 1865 1770 indeficicns,
1900 1683 1944 1742 Β
1972 1708 2165 1763 subtus
2191 1716 2394 1763 terram
2423 1718 2570 1775 sunt,
2601 1709 2655 1763 in
2681 1683 2846 1765 ﬂuctu
2887 1724 3017 1764 vero
3049 1683 3219 1764 maris
3242 1717 3299 1764 et
3328 1709 3381 1763 in
3412 1683 3558 1763 terra

285 1818 311 1849 ι
347 1807 403 1855 et
456 1798 597 1853 sicut
636 1795 830 1851 nebula
879 1795 990 1849 texi
1029 1810 1245 1849 omnem
1282 1810 1522 1850 carnem.
1575 1816 1594 1847 ι
1643 1795 1702 1850 ln
1744 1796 1867 1850 cudi

279 1891 503 1947 nomine
528 1887 825 1960 spiritalem
851 1927 866 1951 ,
899 1886 956 1941 in
983 1886 1166 1963 carnis
1189 1900 1318 1940 vero
1349 1886 1688 1956 corporalem
1720 1903 1870 1942 cum-

278 1979 570 2052 prehendit
608 1986 938 2034 creaturam.
987 1976 1141 2032 Fecit
1179 1991 1309 2047 ergo
1351 1978 1615 2046 sapientia
1663 1977 1759 2033 Dei
1810 1986 1871 2032 ut

279 2072 559 2143 spiritales
585 2078 850 2127 creaturae
870 2111 884 2134 ,
912 2070 1013 2126 hoc
1041 2079 1126 2125 est
1144 2110 1159 2135 ,
1187 2069 1361 2140 angeli
1391 2080 1447 2125 et
1476 2070 1670 2126 anima:
1695 2071 1869 2127 homi-

280 2179 417 2218 num
447 2163 627 2217 lumen
667 2162 933 2217 haberent
968 2161 1197 2216 rationis
1238 2161 1637 2233 intelligentiae;
1677 2178 1872 2232 corpo—

280 2253 429 2310 rales
452 2269 582 2309 vero
598 2250 752 2320 juxta
782 2252 1110 2307 voluntatem
1139 2259 1196 2306 et
1224 2252 1684 2324 dispensationem
1713 2269 1868 2308 crea-

281 2345 420 2401 toris
460 2344 545 2399 sui
590 2344 806 2398 modum
853 2343 1116 2398 haberent
1151 2359 1263 2398 sua:
1299 2342 1555 2411 facturae,
1604 2351 1665 2398 ut
1712 2359 1873 2399 omne

283 2434 433 2504 quod
461 2442 545 2489 est
584 2435 635 2488 in
668 2446 848 2487 rerum
886 2441 1079 2487 natura
1114 2434 1281 2499 vivit,
1311 2434 1476 2490 sentit
1511 2444 1566 2490 et
1603 2435 1773 2505 sapit,
1804 2436 1874 2491 ab

282 2525 403 2597 ipso
435 2524 660 2580 haberet
688 2524 980 2593 originem,
1013 2525 1268 2593 quoniam
1300 2541 1367 2580 ex
1400 2527 1519 2595 ipso
1539 2563 1557 2593 ,
1586 2534 1642 2581 et
1667 2533 1766 2596 per
1788 2527 1871 2598 ip-

284 2632 431 2680 sum,
465 2622 520 2671 et
546 2615 601 2669 in
631 2614 748 2684 ipso
777 2622 903 2668 sunt
929 2615 1111 2669 omnia
1141 2614 1315 2687 (Rom.
1346 2616 1445 2687 xi).
1480 2615 1549 2670 Et
1574 2624 1701 2672 nota
1729 2617 1875 2687 quod

284 2707 429 2763 dixit
454 2721 576 2761 eam
604 2704 786 2761 facere
814 2705 868 2759 in
897 2705 1050 2761 caelis
1072 2705 1254 2761 lumen
1274 2706 1429 2773 oriri,
1454 2715 1510 2760 et
1534 2707 1729 2762 nebula
1758 2723 1876 2763 om-

284 2813 411 2853 nem
440 2812 657 2853 carnem
683 2797 927 2868 contegi,
964 2797 1222 2867 quoniam
1255 2797 1398 2852 sicut
1421 2797 1602 2852 lumen
1629 2798 1876 2854 claritate

285 2903 386 2943 sua
407 2887 666 2958 praecellit
686 2888 1067 2943 obscuritatem
1091 2888 1319 2953 nebulaz,
1347 2888 1422 2943 ita
1444 2889 1704 2958 spiritalis
1723 2905 1876 2945 erea-

287 2993 415 3039 tura
453 2980 789 3052 corporalem
825 2997 934 3036 suze
974 2990 1183 3035 natura:
1211 2980 1608 3050 quodammodo
1647 2982 1873 3051 praecel-

285 3071 354 3127 lit
380 3071 716 3141 dignitatcm.
747 3069 899 3126 Unde
929 3070 1068 3125 sicut
1092 3069 1327 3125 viventia
1356 3072 1667 3141 prmeedunt
1691 3074 1873 3130 omnia

284 3161 402 3215 vita
442 3160 716 3225 carentia,
761 3159 836 3214 ita
882 3158 1061 3213 anima
1105 3159 1315 3215 ratione
1350 3160 1558 3230 pollens
1592 3162 1874 3220 nobilitate

285 3266 403 3309 suae
439 3260 646 3306 natura:
688 3249 945 3320 prtecedit
976 3264 1138 3305 omne
1173 3249 1318 3306 quod
1355 3250 1622 3306 rationem
1664 3250 1875 3307 discer-

285 3345 455 3402 nendi
484 3361 591 3400 non
619 3344 800 3400 habet.

349 3456 370 3490 ε
419 3431 533 3508 Ego
560 3438 613 3491 in
643 3436 924 3492 altissimis
964 3436 1237 3504 babitavi,
1266 3446 1322 3494 et
1361 3437 1590 3495 thronus
1631 3454 1784 3495 meus
1817 3438 1873 3495 in

291 3546 316 3581 ι
352 3528 602 3583 columna
640 3527 817 3583 nubis.
856 3546 877 3580 ›
915 3528 1213 3598 Utramque
1255 3545 1408 3584 suam
1454 3540 1740 3596 naturam,
1770 3531 1874 3587 hoc

286 3629 398 3686 est,
428 3620 667 3675 divinam
695 3629 752 3675 et
775 3620 1065 3673 humanam
1096 3621 1361 3690 sapientia
1387 3620 1482 3676 Dei
1508 3620 1755 3677 Christus
1778 3636 1875 3676 no-

287 3712 376 3767 bis
406 3711 497 3766 hic
524 3711 857 3765 demonstrat
887 3728 899 3763 :
932 3708 1171 3764 divinam
1202 3709 1452 3765 videlicet
1478 3712 1533 3766 in
1561 3727 1628 3766 eo
1654 3727 1764 3781 quo
1794 3711 1877 3766 di-

287 3804 368 3857 cit
392 3817 453 3857 se
488 3802 542 3855 in
569 3800 846 3855 altissimis
878 3799 1155 3864 habitare,
1185 3798 1290 3855 hoc
1325 3808 1439 3865 est,
1472 3815 1633 3871 supra
1659 3816 1875 3857 omnem

287 3895 633 3953 altitudinem
658 3892 895 3948 cmlestis
936 3891 1083 3962 regni
1121 3891 1280 3946 simul
1321 3906 1446 3946 cum
1475 3890 1634 3945 Patre
1666 3899 1723 3946 et
1748 3890 1874 3962 Spi-

290 3992 403 4047 ritu
432 3999 620 4043 sancto
649 4002 810 4040 unum
843 3986 1012 4039 Deum
1050 3999 1308 4054 regnare;
1345 3983 1637 4037 humanam
1666 3998 1794 4038 vero
1820 3983 1875 4038 in

288 4097 360 4137 eo
388 4096 497 4150 quo
526 4078 659 4133 dicit
698 4091 756 4131 se
789 4076 841 4130 in
866 4074 1127 4141 columna
1165 4074 1324 4128 nubis
1360 4073 1613 4128 thronum
1652 4074 1873 4141 habere,

288 4174 423 4245 quia
454 4186 649 4240 corpus
677 4167 818 4238 quod
846 4167 913 4221 de
942 4164 1145 4235 Spiritu
1172 4174 1361 4220 sancto
1383 4172 1704 4235 conceptum
1726 4165 1877 4236 virgo

288 4271 472 4320 mater
507 4259 712 4324 edidit,
754 4256 952 4311 nullius
988 4253 1194 4324 peccati
1222 4254 1460 4322 pondere
1483 4264 1875 4324 prmgravatum

290 4366 415 4420 est,
449 4368 549 4408 nec
584 4359 922 4406 terrenarum
955 4361 1136 4401 rerum
1173 4344 1536 4414 voluptatibus
1564 4345 1874 4400 desideriis-

288 4463 403 4520 que
449 4444 776 4515 obligatum,
828 4440 922 4495 sed
967 4452 1201 4508 superna
1258 4437 1455 4490 virtute
1504 4435 1873 4490 sublimatum.

291 4541 337 4593 Τ
343 4540 551 4593 hronus
592 4534 752 4602 regiae
787 4530 1063 4601 dignitatis
1107 4527 1358 4592 emicuit,
1402 4527 1456 4580 in
1495 4541 1602 4594 quo
1637 4526 1878 4592 potentia

291 4627 597 4687 divinitatis
625 4625 804 4680 omnia
824 4620 1025 4690 judicia
1050 4635 1147 4675 sua
1177 4625 1428 4688 potenter
1452 4615 1688 4686 disponit
1714 4622 1878 4684 atque

290 4723 594 4794 dispensat.
622 4715 777 4784 Quod
811 4723 992 4769 autem
1016 4710 1190 4766 nubes
1218 4724 1438 4764 carnem
1466 4706 1731 4778 signiticet
1760 4705 1880 4760 Sal-

289 4812 534 4876 vatoris,
567 4806 803 4865 ostendit
834 4803 1033 4868 Isaias,
1072 4801 1165 4855 ubi
1205 4800 1281 4855 ait
1321 4817 1334 4853 :
1383 4817 1401 4850 ι
1444 4798 1583 4852 Ecce
1620 4795 1879 4849 Dominus

291 4901 555 4959 ascendet
583 4911 747 4968 super
775 4893 972 4947 nubem
1006 4892 1206 4952 levem,
1240 4896 1296 4944 et
1336 4886 1670 4957 ingredietur
1705 4882 1875 4953 [Egy-

292 5002 477 5064 ptum,
503 4996 559 5042 et
575 4974 945 5040 iuovebuntur
970 4979 1257 5036 simulacra
1282 4976 1505 5047 Egypti
1524 4990 1554 5028 a
1581 4972 1719 5028 facie
1740 4970 1876 5040 ejus,

294 5063 358 5135 et
382 5095 478 5135 cor
514 5075 729 5147 Egypti
766 5073 1004 5128 tabescet
1042 5070 1095 5124 in
1140 5068 1319 5124 medio
1350 5064 1468 5133 ejus
1507 5065 1642 5136 (ιεα.
1682 5063 1817 5132 xix).
1853 5081 1873 5113 ι

296 5170 433 5226 ιιιεο
460 5182 588 5238 ergo
617 5163 897 5236 prophetia
935 5161 1003 5215 ad
1031 5157 1328 5217 Salvatoris
1354 5165 1597 5226 tempora
1626 5153 1879 5218 refertur,

297 5260 521 5331 quando
552 5256 794 5312 ascendit
820 5268 982 5324 super
1007 5252 1201 5307 nubem
1232 5249 1401 5305 levem
1421 5289 1434 5313 ,
1469 5249 1521 5302 id
1547 5254 1662 5312 est,
1686 5261 1881 5314 corpus

300 5355 644 5413 humanum,
694 5346 837 5416 quod
893 5358 963 5398 ex
1015 5341 1222 5411 virgine
1276 5346 1681 5408 assumpserat,
1738 5335 1883 5391 nullo

301 5433 988 5496 humanm-eommistionis
1028 5432 1234 5487 semine
1291 5436 1721 5499 praegravatum;
1771 5427 1885 5481 sive

303 5535 454 5609 quod
484 5552 513 5588 a
552 5533 691 5588 nube
720 5531 821 5586 levi
855 5535 1102 5600 portatus
1129 5524 1198 5577 sit
1222 5564 1236 5589 ,
1266 5524 1318 5577 id
1352 5530 1434 5576 cst
1465 5535 1692 5587 corpore
1720 5519 1885 5588 virgi—

308 5627 453 5695 nali,
485 5641 536 5681 ct
569 5629 633 5680 ad
676 5625 979 5694 ingressum
1006 5617 1120 5689 ejus
1160 5628 1346 5683 omnes
1374 5613 1642 5668 dmmones
1679 5619 1888 5664 contre-

1968 1799 2150 1853 omnia
2186 1815 2306 1869 qua:
2340 1800 2397 1854 in
2450 1800 2535 1854 his
2572 1799 2783 1854 duobus
2812 1798 3095 1854 elementis
3134 1799 3439 1854 consistunt
3466 1798 3562 1852 de-

1969 1896 2255 1944 monstrat.
2290 1888 2575 1961 Significat
2599 1904 2729 1961 ergo
2753 1888 2889 1944 nihil
2917 1903 3040 1945 esse
3061 1889 3118 1943 in
3150 1905 3335 1944 rerum
3363 1898 3558 1944 natura

1969 1988 2113 2057 quod
2140 1987 2195 2041 in
2225 1986 2344 2056 ejus
2365 2002 2474 2042 non
2492 1986 2565 2041 sit
2586 1986 2873 2057 potestatis
2891 1986 3257 2043 dominatione
3286 2003 3299 2038 :
3327 1985 3444 2041 haec
3469 1999 3562 2040 ea-

1968 2078 2092 2131 dem
2118 2077 2451 2146 approbante
2477 2077 2648 2131 David
2668 2117 2682 2139 ,
2712 2076 2806 2145 qui
2853 2076 2909 2130 in
2941 2074 3165 2145 psalmis
3191 2074 3429 2130 ternario
3457 2089 3559 2128 nu—
3626 2060 3633 2067 ’

1970 2182 2123 2223 mero
2169 2167 2237 2222 ad
2283 2166 2616 2222 laudandum
2668 2165 2838 2222 Deum
2888 2166 3201 2220 universam
3251 2171 3561 2219 creaturam

1970 2258 2312 2331 provocando
2344 2258 2693 2329 perstrinxit,
2739 2258 2875 2314 dixit
2904 2275 2917 2311 :
2955 2276 2974 2309 t
3008 2256 3252 2311 Laudent
3286 2272 3409 2312 eum
3436 2256 3561 2312 caeli

1972 2362 2027 2405 et
2073 2361 2255 2415 terra,
2298 2364 2449 2405 mare
2490 2359 2547 2405 et
2592 2349 2774 2405 omnia
2814 2364 2935 2418 qum
2979 2349 3034 2403 in
3081 2348 3163 2404 eis
3204 2355 3329 2403 sunt
3373 2344 3558 2419 (Psal.

1973 2437 2191 2510 mm).
2224 2456 2244 2489 ›
2274 2437 2484 2492 Exhinc
2524 2445 2580 2492 et
2605 2436 2929 2507 Apostolus,
2958 2444 3018 2491 ut
3054 2436 3365 2491 ostenderet
3399 2434 3558 2490 Chri-

1973 2539 2150 2595 stum,
2177 2529 2272 2583 Dei
2312 2528 2639 2596 sapientiam
2668 2537 2727 2583 et
2766 2528 2859 2583 Dei
2901 2528 3188 2592 virtutem,
3217 2535 3436 2596 propter
3462 2525 3564 2580 hu-

1975 2619 2221 2675 militatis
2268 2616 2656 2686 subjectionem
2707 2617 2762 2671 in
2811 2616 2960 2672 onmi
3010 2614 3257 2670 rationali
3310 2620 3563 2670 creatura

1974 2712 2265 2782 primatum
2295 2710 2525 2776 habere,
2564 2718 2616 2764 et
2646 2709 2887 2765 omnium
2917 2715 3248 2778 potestatum
3275 2714 3438 2777 atque
3470 2721 3558 2761 re-

1976 2819 2204 2877 gnorum
2252 2803 2469 2873 propria
2511 2801 2711 2857 virtute
2751 2799 3051 2862 dominari,
3101 2797 3378 2869 eleganter
3418 2798 3497 2852 ait
3545 2814 3560 2850 :

1982 2916 2000 2948 ς
2037 2895 2285 2951 Christus
2312 2894 2487 2951 factus
2508 2901 2594 2948 est
2626 2906 2725 2963 pro
2752 2891 2908 2947 nobis
2932 2890 3189 2946 obediens
3218 2889 3361 2944 Patri
3393 2901 3564 2956 usque

1978 2986 2047 3041 ad
2074 2994 2300 3041 mortem
2319 3026 2335 3051 ,
2370 2993 2601 3041 mortem
2629 2993 2810 3039 autem
2840 2984 3020 3039 crucis
3048 3000 3062 3037 :
3093 2991 3314 3053 propter
3339 2982 3484 3052 quod
3509 2989 3565 3035 et

1979 3078 2123 3132 Deus
2146 3077 2409 3132 exaltavit
2436 3076 2610 3142 illum,
2637 3084 2693 3131 et
2714 3076 2935 3131 donavit
2964 3075 3037 3129 illi
3065 3090 3282 3141 nomen,
3314 3074 3457 3144 quod
3481 3082 3566 3130 est

1978 3181 2142 3236 super
2174 3182 2336 3222 omne
2364 3180 2594 3231 nomen,
2624 3173 2688 3220 ut
2726 3166 2781 3220 in
2818 3165 3039 3221 nomine
3074 3164 3202 3220 Jesu
3230 3179 3390 3219 omne
3423 3179 3565 3235 genu

1977 3256 2246 3324 ﬂectatur,
2271 3258 2573 3325 caelestium
2590 3299 2607 3325 ,
2637 3259 2975 3314 terrestrium
2992 3298 3008 3324 ,
3039 3266 3095 3313 et
3120 3255 3454 3312 infernorum
3470 3298 3485 3321 ,
3510 3265 3567 3312 et

1979 3350 2155 3405 omnis
2183 3349 2365 3419 lingua
2393 3347 2715 3404 confiteatur
2756 3348 2883 3417 quia
2914 3344 3177 3402 Dbminus
3219 3344 3379 3401 Jesus
3407 3345 3567 3402 Chri-

1978 3450 2095 3496 stus
2120 3440 2176 3495 in
2207 3439 2377 3510 gloria
2405 3446 2490 3493 est
2519 3438 2616 3492 Dei
2646 3437 2826 3492 Patris
2855 3435 3024 3508 (Phil.
3055 3436 3139 3505 ιι).
3176 3454 3195 3488 ι

2054 3549 2073 3582 ι
2111 3530 2177 3584 Et
2209 3530 2263 3583 in
2293 3529 2380 3583 his
2409 3518 2661 3583 omnibus
2689 3527 2930 3598 requiem
2958 3525 3203 3595 quaesivi,
3230 3534 3286 3580 et
3309 3525 3363 3580 in
3394 3525 3567 3580 luere-

1984 3641 2002 3675 ι
2036 3622 2208 3677 ditate
2251 3619 2367 3690 ejus
2409 3619 2685 3675 morabor.
2736 3636 2755 3670 ι
2798 3616 2858 3671 In
2895 3616 3147 3672 omnibus
3188 3616 3436 3687 gentibus
3478 3631 3564 3671 re-

1978 3713 2159 3783 quiem
2195 3711 2297 3767 sibi
2316 3709 2513 3779 quaerit
2542 3709 2832 3779 sapientia,
2862 3706 2988 3776 quia
3019 3720 3085 3760 ex
3114 3705 3365 3761 omnibus
3391 3707 3562 3776 genti-

1976 3802 2078 3857 bus
2117 3807 2305 3855 sancta
2344 3805 2705 3869 congregatur
2748 3796 3022 3863 Ecclesia,
3068 3811 3188 3866 qua:
3236 3796 3404 3851 electa
3448 3796 3565 3866 ejus

1977 3890 2269 3947 haereditas
2291 3898 2404 3956 est,
2435 3888 2526 3943 ubi
2557 3888 2613 3942 in
2643 3887 2899 3943 saeculum
2923 3886 3103 3942 sa:culi
3135 3887 3250 3955 ipse
3278 3894 3565 3955 permanet

1977 3995 2031 4042 et
2053 3992 2262 4056 regnat.
2295 3983 2374 4038 De
2400 3998 2507 4052 qua
2534 3982 2648 4052 ipse
2668 3996 2766 4052 per
2791 3979 3134 4035 Psalmistam
3163 3978 3239 4032 ait
3271 3997 3284 4031 :
3322 3998 3340 4030 ς
3374 3978 3559 4032 [lterc-

1977 4075 2117 4129 ditas
2144 4087 2263 4128 mea
2287 4070 2546 4142 praeclara
2569 4076 2654 4125 est
2669 4069 2801 4127 mihi
2823 4066 2996 4140 (Psal.
3021 4069 3144 4139 xv);
3177 4087 3195 4117 ι
3223 4075 3279 4122 et
3306 4067 3359 4121 in
3382 4066 3519 4121 Isaia
3548 4085 3560 4120 :

1983 4186 2001 4218 ‹
2037 4165 2381 4229 Benedictus,
2409 4160 2608 4231 inquit,
2636 4159 2863 4230 pepulus
2890 4174 3045 4214 meus
3072 4157 3312 4229 Egypti,
3346 4169 3402 4212 et
3430 4173 3566 4227 opus

1979 4269 2233 4317 manuum
2262 4266 2509 4307 mearum
2541 4250 2794 4321 Assyrius
2830 4248 2975 4321 (Isa.
3005 4247 3134 4307 xix)
3171 4266 3184 4302 :
3221 4267 3240 4300 ›
3275 4248 3566 4302 haereditas

1901 4377 1954 4437 Β
1980 4356 2157 4401 autem
2186 4359 2309 4399 mea
2337 4342 2523 4397 Israel.

2057 4456 2075 4487 ί
2110 4435 2262 4490 Tune
2286 4433 2545 4504 praecepit
2576 4439 2630 4487 et
2657 4431 2794 4488 dixit
2818 4430 2948 4486 mihi
2976 4437 3178 4485 creator
3217 4428 3482 4493 omnium,
3508 4434 3564 4481 et

1988 4546 2006 4578 ι
2045 4526 2138 4596 qui
2161 4524 2365 4579 creavit
2383 4537 2489 4588 me,
2518 4522 2786 4593 requievit
2808 4521 2865 4575 in
2888 4519 3237 4576 tabernaculo
3261 4533 3401 4584 meo,
3428 4515 3565 4571 dixit

1988 4636 2006 4670 ι
2047 4616 2179 4671 mihi
2218 4633 2231 4668 :
2258 4614 2319 4669 In
2344 4612 2511 4668 Jacob
2540 4613 2811 4679 inhabita,
2843 4619 2900 4667 et
2933 4611 2986 4665 in
3024 4609 3187 4665 Israel
3221 4607 3563 4670 hrcreditare,

1987 4726 2007 4759 ι
2042 4716 2098 4762 et
2129 4706 2183 4760 in
2221 4704 2408 4759 electis
2437 4703 2574 4757 meis
2606 4703 2761 4757 mitte
2801 4700 3033 4755 radices.
3068 4718 3087 4749 ι
3122 4696 3262 4764 Quid
3302 4704 3385 4751 est
3421 4695 3565 4764 quod

1982 4796 2113 4852 dicit
2138 4792 2415 4863 Sapientia
2458 4791 2561 4847 sibi
2597 4799 2899 4847 creatorem
2937 4790 3177 4844 omnium
3216 4786 3558 4858 praecepisse,

1981 4886 2084 4941 nisi
2106 4884 2249 4954 quod
2273 4882 2441 4936 Filius
2460 4881 2754 4937 secundum
2782 4880 3168 4934 humanitatem
3195 4875 3439 4945 intelligit
3461 4875 3564 4931 sibi

1983 4975 2198 5030 Patrem
2226 4970 2483 5039 majorem
2508 4970 2662 5025 esse?
2687 4968 2839 5024 Unde
2860 4966 3219 5037 subjungitur,
3253 4987 3270 5018 ‹
3301 4967 3393 5036 qui
3414 4982 3566 5021 crea-

1983 5066 2061 5119 vit
2089 5080 2197 5129 me,
2223 5063 2416 5132 inquit,
2450 5062 2784 5131 requievitin
2813 5059 3163 5115 tabernaculo
3184 5074 3324 5114 meo.
3359 5077 3377 5108 ι
3403 5059 3565 5112 Crea-

1985 5172 2046 5210 re
2076 5155 2222 5209 enim
2248 5153 2366 5217 Dei,
2399 5160 2483 5207 est
2509 5151 2828 5221 sapientiam
2858 5149 3119 5218 unigeniti
3147 5147 3290 5212 Filii,
3318 5143 3565 5199 humani-

1988 5254 2151 5300 tatem
2172 5243 2429 5315 singulari
2444 5243 2682 5312 puritate
2701 5242 2768 5295 de
2789 5240 2993 5311 Spiritu
3020 5248 3208 5294 sancto
3226 5241 3559 5301 conceptam,

1983 5349 2038 5393 ct
2065 5338 2231 5392 Maria
2260 5336 2468 5407 virgine
2497 5335 2696 5390 editam
2726 5347 3014 5401 procreare
3045 5345 3059 5383 :
3092 5343 3210 5398 qum
3233 5333 3287 5378 et
3315 5324 3564 5377 taberna-

1987 5429 2166 5483 culum
2196 5442 2303 5481 non
2338 5424 2607 5479 immerito
2636 5423 2739 5477 dici
2777 5430 2983 5489 potest,
3015 5418 3140 5486 quia
3181 5411 3474 5469 secundum
3509 5410 3561 5463 id

1990 5517 2132 5589 quod
2161 5524 2323 5585 caput
2350 5522 2434 5568 est
2462 5512 2704 5580 corporis
2729 5509 3002 5569 Ecclesiae,
3035 5499 3437 5558 tahernacuhun
3468 5499 3562 5553 Dei

1993 5618 2102 5677 est,
2141 5609 2196 5662 in
2233 5622 2338 5676 quo
2363 5603 2686 5674 complacuit
2715 5615 2926 5657 onmem
2957 5592 3342 5668 plenitudinem
3374 5590 3421 5644 (Γ
3523 5590 3533 5598 ’
