3902 6162
407 342 509 398 927

365 443 370 451 ’
405 452 537 506 tatis
561 448 821 502 habitare.
850 442 1115 510 Quaeritur
1137 455 1265 506 ergo
1287 455 1383 493 cur
1405 437 1457 490 in
1488 434 1783 503 Scripturis
1811 431 1978 486 sacris
2007 431 2056 489 Α

409 552 683 608 nunquam
724 535 833 588 fere
869 534 935 586 de
975 530 1236 600 sapientia
1273 528 1559 597 quidquam
1600 526 1842 587 dicatur,
1873 522 1977 576 nisi

409 641 471 685 ut
497 629 810 685 ostendatur
837 641 866 677 a
900 625 1007 678 Deo
1043 623 1219 692 genita
1251 620 1334 675 vel
1370 618 1587 674 creata?
1614 617 1791 688 genita
1829 615 1975 669 scili-

410 733 496 780 cet
517 765 530 782 .
556 737 651 791 per
677 735 832 789 qucm
875 718 1011 770 facta
1040 723 1163 770 sunt
1185 715 1395 774 omnia;
1422 719 1603 766 creata
1635 726 1762 764 vero
1790 708 1869 761 vel
1903 709 1981 761 fa-

413 822 521 876 cta,
550 813 688 864 sicut
719 810 768 861 in
800 807 1104 862 hominibus
1127 821 1249 859 cum
1280 804 1346 857 ad
1370 819 1489 857 eam
1518 817 1637 872 quae
1667 817 1772 854 non
1796 808 1979 854 creata

411 913 462 955 et
491 901 650 957 facta.
680 899 770 952 sed
796 897 971 966 genita
1003 899 1109 959 est,
1135 902 1523 948 convertuntur
1549 901 1601 946 et
1623 891 1977 944 illustrantur.

411 993 544 1062 Ipsis
569 993 709 1044 enim
744 990 799 1043 fit
837 989 1034 1057 aliquid
1063 989 1202 1056 quod
1229 996 1450 1042 vocetur
1482 1000 1665 1039 eorum
1697 983 1979 1052 sapientia,

412 1086 493 1137 vel
533 1083 659 1136 illud
697 1081 991 1150 Scripturis
1028 1079 1510 1149 prmnuntiantibus
1549 1086 1641 1129 aut
1679 1074 1982 1129 enarranti-

413 1175 532 1238 bus,
559 1173 700 1242 quod
736 1191 753 1222 ι
790 1173 1022 1226 Verbum
1052 1185 1180 1224 caro
1205 1169 1406 1248 factum
1433 1177 1532 1231 est,
1564 1176 1616 1220 et
1646 1165 1906 1219 habitavit
1928 1165 1981 1217 in

409 1265 565 1320 nobis
604 1281 617 1317 :
667 1283 685 1315 ι
728 1264 829 1316 hoc
864 1261 1023 1316 modo
1063 1261 1203 1313 enim
1233 1258 1480 1316 Christus
1511 1257 1683 1310 factus
1720 1254 2000 1323 sapientia’

411 1364 514 1418 est,
540 1354 662 1422 quia
696 1353 866 1406 factus
888 1360 969 1405 est
993 1352 1170 1404 homo.
1203 1349 1282 1402 An
1305 1356 1584 1417 propterea
1615 1362 1720 1399 non
1748 1345 1984 1413 loquitur

410 1449 465 1502 in
499 1447 602 1500 illis
641 1445 792 1498 libris
835 1444 1131 1513 sapientia,
1175 1441 1255 1495 vel
1297 1440 1362 1493 de
1399 1439 1482 1492 illa
1521 1438 1718 1491 dicitur
1759 1435 1978 1504 aliquid,

410 1537 514 1590 nisi
550 1535 690 1604 quod
732 1549 848 1587 eam
891 1533 956 1586 de
996 1531 1103 1585 Deo
1143 1539 1322 1584 natam
1351 1528 1599 1582 ostendat
1633 1534 1726 1580 aut
1761 1525 1979 1589 factam,

411 1627 657 1696 quamvis
689 1625 755 1678 sit
785 1634 836 1677 et
866 1623 1030 1676 Pater
1054 1621 1166 1691 ipse
1194 1620 1493 1689 sapientia?
1525 1619 1650 1687 quia
1682 1617 1734 1670 in
1765 1617 1851 1670 illa
1881 1630 1980 1668 no-

411 1718 494 1770 bis
523 1715 782 1784 sapientia
809 1711 1233 1767 commendanda
1262 1719 1381 1763 erat
1417 1717 1472 1762 et
1509 1707 1762 1760 imitanda
1784 1747 1798 1770 ,
1829 1705 1982 1773 cujus

1043 332 1102 386 B.
1142 328 1393 384 RMan
1435 324 1648 380 MAURI
1689 283 2002 376 ARCHIEI’.
2045 313 2354 370 MOGU’N'I‘.
2398 310 2681 367 OPERUM
2719 309 2900 364 PARS
2941 309 2980 361 1.

3545 309 3647 368 99.8

2663 422 2888 478 CAPUT
2930 422 3064 475 XIV.

2083 535 2350 602 Sapientia
2387 534 2615 604 loquitur
2657 534 2939 602 potentiam
2969 549 3132 604 suam_
3167 544 3215 588 et
3261 534 3655 604 dispostttouem

2455 601 2663 672 operum
2691 619 2906 656 suorum
2937 620 3054 656 cum
3095 601 3273 658 Patre.

2157 733 2174 764 ι
2210 715 2290 768 Ab
2327 716 2478 769 initio
2526 723 2650 768 ante
2702 715 2954 769 saeculum
3001 723 3182 769 creata
3213 731 3352 781 sum,
3404 725 3460 770 et
3489 732 3658 785 usque

2087 825 2106 856 ‹
2142 808 2207 859 ad
2239 807 2475 860 futurum
2517 807 2769 860 szeculum
2799 822 2906 861 non
2951 808 3211 872 desinam,
3245 817 3299 861 et
3350 809 3404 862 in
3443 809 3652 863 habita-

2087 915 2103 946 ι
2145 899 2288 950 tione
2336 906 2520 951 sancta
2550 913 2733 952 coram
2764 899 2879 967 ipso
2909 899 3230 954 ministravi.
3259 919 3278 951 ι
3306 899 3535 955 Eterna
3563 900 3654 956 Dei

2082 987 2343 1056 sapientia
2369 988 2614 1042 Christus
2665 998 3061 1044 sacramentum
3115 991 3502 1046 incarnationis
3549 1007 3656 1046 sum

2083 1087 2206 1129 ante
2234 1077 2422 1130 szecula
2467 1079 2774 1147 prmscitum
2807 1088 2859 1133 et
2900 1080 3336 1149 praedestinatum
3362 1095 3484 1135 esse
3524 1079 3658 1134 allii-

2082 1175 2193 1218 mat
2227 1183 2238 1217 :
2272 1165 2423 1232 cujus
2449 1167 2532 1220 vis
2559 1182 2728 1234 usque
2763 1169 2815 1220 in
2861 1169 3113 1222 saeculum
3141 1169 3256 1222 sine
3301 1169 3408 1223 ullo
3442 1171 3527 1223 sui
3569 1170 3655 1224 de-

2082 1254 2222 1308 fectu
2259 1263 2559 1324 permanet,
2606 1267 2657 1309 et
2695 1251 2754 1309 in
2786 1258 3115 1312 habitatione
3160 1267 3359 1313 sancta:
3406 1259 3657 1314 Ecclesia:

2081 1361 2294 1399 omnem
2321 1346 2478 1398 ritum
2505 1362 2645 1412 verm
2673 1345 2945 1418 religionis
2971 1349 3270 1404 ordinando
3295 1350 3555 1420 disponit.
3585 1353 3656 1406 De

2081 1449 2188 1502 quo
2216 1435 2389 1488 adhuc
2415 1435 2696 1489 subditur:

2158 1543 2176 1574 ‹
2212 1525 2277 1578 Et
2298 1525 2375 1580 sic
2401 1525 2453 1579 in
2486 1524 2612 1580 Sion
2647 1529 2855 1581 firmata
2881 1543 3022 1592 sum,
3051 1537 3105 1584 et
3132 1531 3185 1584 in
3207 1532 3428 1587 civitate
3453 1535 3655 1589 sancti-

2089 1634 2106 1665 ι
2147 1615 2301 1669 licata
2333 1617 2581 1671 similiter
2604 1619 2859 1686 requievi,
2884 1629 2940 1673 et
2979 1620 3032 1673 in
3065 1620 3400 1678 Hierusalem
3423 1636 3659 1694 potestas

2089 1725 2108 1758 ‹
2145 1722 2280 1760 mea.
2306 1708 2370 1761 Et
2401 1708 2632 1762 radicavi
2661 1710 2712 1763 in
2738 1711 2932 1780 populo
2955 1713 3327 1771 honorificato.
3349 1724 3407 1767 et
3432 1716 3485 1768 in
3509 1727 3658 1784 parte

413 1807 710 1860 imitatione
739 1803 1035 1856 formamnr
1068 1817 1082 1854 :
1115 1801 1274 1854 Pater
1297 1801 1440 1853 enim
1472 1815 1590 1852 eam
1615 1798 1744 1850 dicit
1773 1807 1831 1850 ut
1856 1797 1982 1850 Ver-
2011 1784 2053 1840 B
2087 1816 2106 1847 ‹
2147 1797 2237 1850 Dei
2264 1797 2366 1850 mei
2397 1797 2680 1851 haereditas
2709 1799 2867 1865 illius,
2912 1812 2963 1854 et
2997 1802 3048 1854 in
3084 1802 3414 1870 plenitudine
3443 1817 3653 1860 saneto-

411 1897 538 1950 bum
561 1895 675 1961 ejus
709 1895 796 1956 sit,
829 1909 930 1945 non
959 1891 1225 1960 quomodo
1251 1890 1520 1958 profertur
1544 1905 1607 1942 ex
1636 1903 1730 1940 ore
1758 1888 1977 1940 verbum

414 2003 614 2041 sonans
643 1993 734 2038 aut
763 1994 885 2039 ante
927 1982 1414 2052 pronuntiationem
1457 1980 1740 2049 cogitatur.
1781 1976 1982 2046 Spatiis

353 2127 356 2130 .
412 2079 554 2132 enim
595 2087 890 2146 temporum
933 2076 1034 2128 hoc
1071 2073 1394 2142 completur,
1441 2071 1568 2124 illud
1609 2079 1787 2123 autem
1827 2077 1976 2122 interc

413 2188 539 2226 num
577 2181 687 2234 est;
731 2178 783 2223 et
821 2166 1170 2221 illuminando
1207 2165 1334 2219 dicit
1374 2163 1530 2218 nobis
1568 2162 1718 2217 etde
1747 2176 1806 2215 se
1835 2169 1890 2214 et
1916 2160 1980 2214 de

412 2263 571 2316 Patre
595 2261 735 2330 quod
776 2259 1057 2312 dicendum
1100 2265 1185 2309 est
1223 2255 1549 2309 hominibus.
1590 2255 1819 2322 Ideoque
1854 2253 1929 2305 ait
1965 2271 1977 2305 :

419 2371 436 2401 ‹
475 2350 640 2404 Nemo
670 2349 816 2402 novit
854 2347 1047 2401 Filium
1077 2346 1178 2400 nisi
1209 2347 1396 2409 Pater;
1429 2354 1483 2398 et
1511 2359 1671 2398 nemo
1709 2344 1856 2398 novit
1882 2343 1983 2396 Pa-

415 2451 551 2495 trem
585 2441 684 2493 nisi
715 2439 902 2503 Filius,
932 2446 983 2491 et
1007 2437 1092 2492 cui
1121 2437 1347 2490 voluerit
1373 2436 1542 2489 Filius
1564 2435 1801 2488 revelare
1829 2432 1978 2504 (Luc.

415 2531 470 2600 Χ)
507 2548 520 2584 :
559 2549 576 2580 ι
610 2530 732 2599 quia
768 2543 862 2598 per
889 2527 1081 2581 Filium
1104 2527 1305 2581 revelat
1323 2526 1498 2587 Pater,
1526 2524 1577 2579 id
1600 2533 1702 2588 est,
1730 2540 1828 2594 per
1854 2525 1984 2578 Ver-

415 2625 541 2693 bum
570 2639 745 2676 suum.
776 2621 833 2675 Si
868 2621 1010 2675 enim
1047 2621 1147 2674 hoc
1173 2620 1423 2683 verbum,
1457 2618 1598 2687 quod
1627 2633 1726 2672 nos
1752 2615 1983 2686 proferi-

415 2730 556 2777 mus,
577 2711 868 2781 temporale
889 2720 941 2766 et
969 2710 1334 2764 transitorium
1356 2718 1457 2774 est,
1481 2717 1536 2763 et
1555 2708 1788 2776 seipsum
1811 2716 1984 2762 osten-

415 2803 511 2864 dit,
545 2811 600 2855 et
624 2800 751 2854 illud
782 2800 847 2854 de
873 2815 978 2867 quo
1004 2799 1292 2868 loquimur,
1322 2805 1524 2867 quanto
1549 2796 1718 2864 magis
1749 2796 1983 2850 Verbum

416 2893 540 2956 Dei,
574 2908 668 2961 per
695 2892 834 2960 quod
865 2890 1002 2944 facta
1036 2899 1155 2945 sunt
1197 2891 1409 2948 omnia?
1451 2891 1591 2963 quod
1630 2889 1704 2942 ita
1748 2888 1985 2943 ostendit

415 2983 625 3039 Patrem
654 2982 810 3039 sicuti
838 2995 920 3039 est
943 2983 1120 3050 Pater,
1146 2984 1272 3054 quia
1293 2992 1346 3040 et
1374 2984 1548 3053 ipsum
1579 2983 1652 3037 ita
1676 2990 1776 3047 est,
1806 2987 1858 3036 et
1882 2978 1986 3032 hoc

415 3086 497 3131 est
528 3078 667 3146 quod
695 3077 884 3143 Pater,
913 3076 1203 3131 secundum
1235 3078 1375 3145 quod
1417 3077 1676 3145 sapientia
1712 3082 1794 3130 est
1820 3085 1876 3129 et
1899 3089 1982 3129 es-

415 3170 607 3223 sentia.
649 3167 782 3222 Nam
824 3169 1113 3223 secundum
1151 3169 1292 3238 quod
1338 3167 1567 3222 Verbum
1611 3183 1715 3222 non
1760 3168 1863 3222 hoc
1901 3175 1985 3221 cst

415 3263 557 3330 quod
582 3261 761 3325 Pater,
788 3262 914 3330 quia
942 3259 1177 3316 Verbum
1208 3276 1313 3315 non
1344 3268 1426 3314 est
1457 3260 1639 3323 Pater,
1665 3267 1720 3312 et
1746 3258 1982 3312 Verbum

417 3351 641 3404 relative
668 3350 884 3414 dicitur,
912 3350 1050 3404 sicut
1073 3349 1259 3416 Filius,
1285 3351 1424 3419 quod
1448 3350 1634 3418 utique
1661 3364 1766 3402 non
1789 3347 1978 3412 Pater;

418 3452 470 3494 et
504 3441 623 3494 ideo
649 3439 892 3494 Christus
923 3441 1093 3495 virtus
1120 3449 1174 3494 et
1203 3441 1466 3510 sapientia
1497 3439 1611 3504 Dei,
1638 3439 1761 3508 quia
1792 3438 1858 3492 de
1886 3436 1985 3491 Pa-

419 3541 501 3585 tre
526 3530 723 3583 virtute
743 3538 797 3584 et
821 3531 1101 3599 sapientia,
1129 3531 1287 3586 etiam
1316 3531 1429 3600 ipse
1457 3530 1627 3583 virtus
1647 3537 1702 3582 et
1723 3528 1984 3598 sapientia

417 3625 543 3686 est,
571 3623 710 3676 sicut
745 3621 921 3675 lumen
953 3622 1045 3675 Dei
1087 3621 1152 3675 de
1181 3620 1339 3674 Patre
1376 3621 1604 3684 lumine;
1635 3627 1690 3674 et
1719 3617 1839 3672 fons
1863 3619 1986 3672 vita:

419 3713 558 3781 apud
585 3712 750 3766 Deum
778 3711 1014 3775 Patrem,
1037 3712 1219 3780 utique
1248 3710 1447 3764 fontem
1471 3711 1593 3764 vita:
1623 3727 1636 3761 :
1669 3727 1686 3760 ι
1722 3709 1984 3775 Quoniam

417 3803 556 3872 apud
577 3811 650 3866 te,
678 3803 870 3870 inquit,
894 3803 1010 3855 fons
1032 3802 1174 3864 vitae,
1197 3810 1250 3854 et
1277 3801 1329 3854 in
1354 3801 1552 3855 lumine
1575 3809 1665 3855 tuo
1689 3799 1987 3854 videbimus

417 3894 597 3947 lumen
629 3891 799 3964 (Psal.
831 3891 1017 3962 xxxv),
1046 3893 1170 3961 quia
1199 3893 1338 3946 sicut
1366 3892 1526 3947 Pater
1551 3893 1712 3948 habet
1739 3893 1902 3946 vitam
1933 3893 1986 3946 in

419 3983 728 4051 semetipso,
744 3983 831 4037 hic
850 3982 994 4035 dedit
1015 3981 1146 4036 Filio
1167 3983 1367 4037 habere
1388 3983 1550 4036 vitam
1568 3983 1620 4036 in
1637 3983 1939 4051 semetipso.
1964 4001 1982 4033 ι

419 4073 572 4138 Quod
606 4083 782 4127 autem
812 4073 972 4136 dicit,
1022 4091 1040 4123 ι
1073 4073 1128 4125 In
1159 4071 1324 4126 .Iaeob
1361 4073 1598 4126 inhabita
1622 4113 1635 4138 ,
1661 4083 1713 4126 et
1745 4073 1797 4126 in
1826 4073 1988 4126 Israel

420 4165 772 4229 hrereditare,
813 4185 828 4215 ι
862 4176 954 4220 aut
996 4166 1121 4220 illud
1161 4166 1413 4236 exprimit
1448 4165 1587 4234 quod
1621 4165 1989 4220 incarnatione

421 4257 719 4311 Salvatoris
755 4258 948 4326 populo
983 4257 1202 4312 Judaico
1233 4257 1640 4328 prmsentialiter
1662 4259 1737 4311 uti
1772 4274 1990 4313 conces-

421 4365 542 4402 sum
573 4356 654 4401 cst
673 4388 687 4412 ,
723 4349 863 4401 sicut
891 4348 1002 4416 ipse
1033 4350 1099 4402 ad
1121 4348 1440 4404 Cananazam
1475 4349 1750 4404 mulierem
1775 4366 1992 4420 respon-

2084 1906 2102 1935 ι
2142 1903 2260 1940 rum
2284 1889 2518 1943 detentio
2546 1905 2684 1942 mea.
2715 1911 2730 1942 ι
2768 1891 2894 1945 Sion
2929 1893 3091 1962 igitur
3112 1903 3163 1946 et
3193 1894 3529 1949 Ilierusalem
3553 1912 3654 1951 non

2080 1979 2237 2031 aliam
2271 1979 2568 2049 significant
2600 1997 2758 2050 quam
2794 1983 3065 2037 civitatem
3095 1985 3208 2050 Dei,
3236 1997 3482 2040 sanetam
3514 1989 3656 2041 vide-

2080 2067 2202 2120 licet
2223 2066 2534 2132 Ecclesium,
2569 2085 2687 2138 qua:
2714 2087 2745 2124 a
2789 2072 2964 2140 primo
2992 2073 3163 2126 electo
3190 2091 3355 2144 usque
3391 2077 3443 2130 in
3487 2078 3658 2131 novis-

2081 2158 2275 2212 simum
2313 2159 2646 2214 aedificatur:
2679 2160 2746 2214 de
2779 2177 2881 2231 qua
2911 2178 3009 2232 per
3044 2163 3382 2220 Psalmistam
3425 2168 3655 2221 dicitur:

2087 2266 2104 2296 ‹
2135 2246 2466 2302 Hierusalem
2509 2265 2628 2317 quae
2651 2251 2945 2306 :edilicatur
2975 2263 3033 2306 ut
3073 2255 3282 2319 civitas,
3320 2257 3475 2324 cujus
3497 2261 3659 2327 pani-

2081 2340 2276 2408 eipatio
2320 2341 2437 2409 ejus
2486 2341 2538 2393 in
2590 2342 2821 2411 idipsum
2867 2343 3278 2420 (Psal.exx1).
3321 2370 3337 2399 ι
3367 2349 3436 2403 Et
3494 2352 3657 2405 item:

2089 2447 2108 2479 ι
2137 2429 2527 2492 Fundamenta,
2557 2430 2750 2500 inquit,
2772 2430 2888 2500 ejus
2908 2435 2961 2487 in
2990 2436 3259 2491 montibus
3285 2439 3514 2502 sanctis,
3551 2440 3663 2493 dili-

2082 2521 2160 2590 git
2205 2521 2460 2576 Dominus
2485 2531 2668 2591 portas
2710 2523 2836 2579 Sion
2873 2541 3036 2596 super
3081 2530 3259 2582 omnia
3312 2531 3659 2586 tabernacula

2081 2609 2267 2665 Iacob.
2318 2610 2561 2666 Gloriosa
2591 2613 2731 2666 dicta
2761 2624 2886 2668 sunt
2931 2617 2995 2670 de
3041 2629 3111 2681 te,
3143 2619 3333 2674 civitas
3358 2621 3452 2674 Dei
3490 2619 3660 2692 (Psal.

2083 2701 2323 2773 Lxxxw).
2369 2722 2386 2754 ι
2416 2703 2471 2755 In
2509 2704 2610 2757 hac
2655 2720 2783 2775 ergo
2808 2706 3069 2775 sapientia
3097 2707 3188 2762 Dei
3221 2709 3461 2777 quotidie
3486 2710 3664 2765 fructi.

2084 2793 2229 2858 ﬁcat,
2261 2795 2384 2864 quia
2411 2787 2611 2850 electos
2639 2811 2765 2851 suos
2791 2797 2844 2850 in
2873 2799 3130 2852 unitatem
3166 2799 3287 2852 fidei
3317 2815 3430 2853 suae
3466 2801 3661 2854 ibidem

2085 2893 2402 2956 congregat;
2431 2885 2501 2940 ibi
2527 2895 2582 2941 et
2611 2887 2918 2956 requiescit,
2947 2889 3069 2958 quia
3099 2898 3406 2945 sanctorum
3444 2906 3662 2945 suorum

2084 2978 2170 3048 pia
2196 2979 2491 3033 intentione
2527 2988 2581 3033 et
2603 2979 2742 3034 bona
2778 2981 3062 3036 devotione
3109 2982 3478 3036 exhilarcscit.
3509 3001 3529 3033 ‹
3566 2983 3662 3038 Su-

2085 3083 2182 3138 per
2205 3083 2387 3136 quem,
2421 3068 2612 3137 inquit,
2644 3070 2933 3138 requiescit
2978 3071 3201 3140 spiritus
3227 3087 3401 3136 meus,
3433 3073 3542 3127 nisi
3580 3090 3660 3127 su-

2084 3173 2181 3228 per
2228 3158 2482 3211 humilem
2529 3167 2585 3213 et
2634 3159 2876 3228 quietum
2922 3169 2976 3214 et
3015 3172 3332 3215 trementem
3387 3179 3661 3218 sermones

2083 3250 2264 3305 meos?
2292 3271 2309 3300 ι
2345 3247 2417 3302 lbi
2450 3256 2504 3302 et
2551 3257 2790 3317 potestas
2824 3247 2940 3316 ejus
2970 3250 3362 3314 manifestatur,
3417 3254 3547 3320 quia
3577 3253 3664 3306 ibi-

2085 3342 2202 3395 dem
2226 3341 2470 3394 voluntas
2495 3341 2611 3412 ejus
2633 3341 2844 3396 assidue
2883 3342 3225 3412 adimpletur.
3244 3343 3496 3399 Potestas
3523 3346 3660 3399 enim

2085 3432 2178 3486 Dei
2211 3431 2334 3486 licet
2362 3449 2626 3503 nusquam
2652 3435 2808 3500 desit,
2834 3435 2959 3505 quia
2989 3435 3167 3490 omnia
3198 3452 3538 3508 quarcunque
3561 3440 3662 3493 vult

2087 3521 2215 3575 facit
2253 3522 2304 3574 in
2354 3522 2490 3577 coelo
2521 3524 2657 3578 etin
2693 3532 2861 3590 terra,
2911 3526 2966 3579 in
3013 3527 3152 3582 mari
3216 3534 3270 3579 et
3315 3527 3368 3580 in
3415 3529 3665 3582 omnibus

2087 3612 2326 3682 abyssis;
2359 3621 2536 3667 tamen
2565 3615 2637 3668 ibi
2685 3616 2921 3671 maxime
2953 3617 3216 3680 clarescit,
3251 3620 3338 3672 ubi
3370 3631 3668 3690 praecepto-

2088 3721 2204 3757 rum
2242 3705 2357 3774 ejus
2383 3706 2627 3761 custodia
2673 3709 2942 3779 pracipue
2979 3710 3322 3764 convalescit.
3363 3731 3380 3762 ι
3415 3712 3483 3765 Et
3538 3714 3669 3768 radi-

2087 3796 2203 3849 cavi
2254 3800 2306 3850 in
2334 3797 2528 3866 populo
2553 3799 2924 3864 honorificato,
2954 3809 3008 3855 et
3033 3801 3085 3854 in
3116 3812 3269 3871 parte
3297 3803 3389 3856 Dei
3424 3805 3534 3858 mei
3563 3805 3670 3859 hm-

2089 3885 2289 3945 reditas
2333 3887 2495 3952 illius,
2528 3895 2581 3942 et
2611 3889 2664 3942 in
2694 3887 3020 3958 plenitudine
3071 3899 3382 3944 sanctorum
3427 3893 3670 3947 detentio

2089 3993 2228 4031 utea.
2259 3997 2278 4029 ι
2312 3978 2364 4031 In
2393 3979 2589 4048 populo
2620 3979 2996 4045 honorificam,
3029 3981 3157 4036 dicit
3205 3982 3256 4035 in
3295 3983 3490 4051 populo
3522 3983 3668 4038 Chri-

2089 4068 2302 4122 stiano:
2349 4069 2440 4137 qui
2490 4071 2721 4124 nominis
2765 4069 2882 4137 ejus
2927 4072 3119 4141 insigni
3168 4075 3438 4141 przccouio
3471 4075 3672 4129 meruit

2091 4160 2374 4241 honorari;
2407 4163 2496 4231 qui
2523 4179 2649 4233 pars
2671 4162 2786 4232 ejus
2811 4173 2865 4218 et
2888 4166 3173 4220 haereditas
3202 4167 3422 4233 dicitur,
3451 4170 3582 4237 quia
3608 4171 3669 4223 ad

2091 4264 2288 4308 sortem
2316 4257 2433 4324 ejus
2481 4266 2622 4310 inter
2650 4273 2838 4312 omnes
2877 4259 3123 4313 nationes
3153 4260 3338 4314 mundi
3384 4262 3501 4329 ipse
3528 4262 3672 4315 solus

2091 4346 2344 4414 pertinet,
2375 4356 2430 4400 et
2458 4347 2512 4400 in
2538 4349 2870 4418 plenitudine
2909 4359 3216 4404 sanctorum
3246 4353 3486 4406 detentio
3511 4352 3630 4422 ejus
3655 4372 3668 4405 ;

421 4442 554 4494 deus
583 4440 657 4492 ait
688 4458 700 4492 :
736 4458 753 4489 ι
792 4438 904 4492 Non
937 4456 1053 4493 sum
1079 4441 1274 4495 missus
1300 4441 1403 4494 nisi
1432 4441 1498 4514 ad
1524 4456 1650 4496 oves
1674 4457 1792 4510 quae
1818 4442 1988 4509 perie-
2019 4477 2068 4534 ι)
2093 4436 2343 4504 quoniam
2373 4436 2446 4490 illi
2495 4439 2732 4492 membra
2763 4447 2886 4493 sunt
2905 4441 3149 4508 wrporis
3169 4440 3306 4509 ejus,
3334 4441 3446 4510 ipse
3481 4442 3547 4495 ﬁt
3565 4458 3661 4496 om

425 4537 546 4582 rant
583 4531 772 4584 domus
810 4528 970 4584 Israel
1002 4529 1214 4600 (Μαειὴ.
1248 4530 1336 4600 xv)
1370 4550 1381 4584 :
1419 4551 1436 4581 ι
1471 4540 1525 4585 et
1561 4530 1626 4584 ad
1655 4533 1942 4600 discipulos
1976 4551 1987 4585 :

429 4639 446 4667 ε
485 4619 539 4672 1η
566 4621 727 4683 viam,
758 4620 948 4687 inquit,
980 4620 1215 4688 gentium
1246 4635 1311 4671 ne
1339 4619 1600 4684 abieritis,
1632 4629 1686 4674 et
1714 4621 1764 4674 in
1799 4621 1989 4674 civita-

427 4723 507 4767 tes
537 4721 588 4766 et
613 4710 1071 4765 Samaritanorum
1102 4726 1167 4763 ne
1203 4709 1566 4773 intraveritis;
1597 4711 1690 4762 sed
1718 4711 1894 4779 potius
1923 4713 1992 4765 ite

427 4803 494 4856 ad
533 4819 659 4857 oves
695 4819 814 4872 quae
854 4801 1129 4870 perierunt
1172 4799 1362 4854 domus
1397 4798 1561 4853 Israel
1593 4799 1804 4870 (Matth.
1852 4799 1926 4867 ιι).
1967 4822 1984 4852 ι

339 4945 343 4948 .
433 4893 582 4948 Unde
607 4903 660 4948 et
685 4896 737 4947 in
767 4893 1062 4948 Jerusalem
1091 4892 1415 4962 primitivam
1442 4890 1732 4946 electorum
1763 4891 1854 4945 Dei
1885 4891 1993 4960 pri-

433 4980 592 5032 mitus
638 4980 876 5034 fundavit
913 4981 1242 5044 Ecclesiam;
1284 4989 1375 5032 aut
1413 4979 1515 5034 hoc
1552 4979 1818 5048 significat
1855 4981 1996 5048 quod

432 5084 537 5123 non
567 5069 738 5122 solum
769 5085 832 5122 ex
875 5070 1065 5138 pepulo
1104 5071 1310 5138 priore,
1347 5071 1440 5124 sed
1470 5069 1633 5123 eiiam
1657 5085 1721 5122 ex
1752 5069 1998 5139 gentibus

433 5159 585 5212 electi
613 5158 709 5212 Dei
735 5159 1062 5212 convocandi
1085 5170 1257 5212 erant.
1282 5157 1446 5213 Jacob
1469 5160 1610 5212 enim
1632 5159 1918 5227 aliquando
1944 5160 1996 5213 in

433 5250 713 5318 Scriptura
740 5264 837 5317 pro
859 5249 1078 5316 antiquo
1105 5248 1196 5301 Dei
1235 5249 1430 5315 popqu
1461 5249 1666 5316 positus
1696 5249 1994 5313 invenitur;

431 5340 592 5395 Israel
645 5348 824 5392 autem
866 5354 963 5408 pro
1001 5337 1152 5407 plebe
1199 5339 1470 5406 sequenti,
1515 5338 1617 5392 hoc
1669 5348 1752 5392 est
1792 5340 1994 5407 gentili.

434 5433 586 5487 Unde
626 5433 678 5486 in
718 5431 924 5501 psalmo
961 5431 1219 5498 scriptum
1256 5440 1337 5484 est
1375 5449 1388 5482 :
1438 5450 1456 5480 ‹
1491 5429 1726 5484 Laetetur
1748 5429 1914 5484 Iacob
1947 5440 2001 5485 et

433 5525 664 5578 exsultet
689 5523 847 5578 Israel
873 5521 1043 5594 (Psal.
1079 5538 1195 5584 xm,
1224 5521 1425 5591 cxux).
1460 5540 1477 5571 ι
1511 5520 1587 5574 Ex
1618 5529 1842 5588 utroque
1873 5535 2001 5588 ergo

435 5615 626 5684 popqu
663 5615 816 5670 electi
864 5613 955 5669 Dei
993 5614 1058 5668 ad
1103 5613 1257 5667 fidem
1298 5613 1494 5668 Christi
1533 5613 1811 5667 convocati
1854 5621 1996 5679 sunt,

437 5714 487 5755 et
516 5704 767 5758 doctrina-
796 5705 1062 5775 Evangelii
1095 5704 1242 5757 radix
1280 5703 1332 5757 in
1369 5704 1445 5760 cis
1483 5705 1711 5758 firmata.

2099 4525 2185 4578 nia
2215 4525 2267 4578 in
2291 4527 2559 4581 omnibus.
2587 4527 2739 4582 Nullo
2767 4529 2927 4598 igitur
2945 4530 3102 4583 modo
3130 4531 3522 4585 beneticentius
3546 4549 3674 4587 con-

2098 4615 2198 4668 suli
2230 4617 2403 4684 potuit
2432 4617 2614 4686 generi
2657 4618 2912 4684 humano,
2942 4633 3102 4688 quam
3145 4635 3265 4674 cum
3303 4621 3416 4688 ipsa
3463 4620 3564 4675 Dei
3596 4638 3672 4676 sa-

2097 4707 2316 4776 pientia,
2351 4709 2402 4762 id
2424 4717 2506 4762 est
2536 4711 2724 4766 unicus
2744 4710 2912 4766 Filius
2938 4713 3412 4767 consubstantialis
3443 4712 3598 4768 Patri
3622 4725 3672 4768 et

2098 4805 2395 4850 comternus
2425 4806 2594 4852 totum
2640 4799 2912 4854 hominem
2957 4801 3230 4870 suscipere
3266 4802 3519 4871 dignatus
3549 4813 3668 4857 est:

2103 4907 2122 4938 ι
2153 4889 2217 4942 Et
2242 4889 2474 4943 Verbum
2501 4906 2628 4944 caro
2656 4889 2854 4944 factum
2883 4901 2987 4955 est,
3009 4901 3066 4945 et
3092 4892 3350 4944 habitavit
3374 4893 3427 4946 in
3449 4893 3627 4948 nobis.
3649 4912 3668 4944 ι

2103 4979 2176 5032 Ita
2203 4980 2348 5033 enim
2384 4981 2772 5035 demonstravit
2814 4982 3120 5036 carnalibus
3146 4993 3199 5036 et
3235 4997 3343 5036 non
3371 4982 3673 5038 valentibus

2103 5070 2300 5125 intueri
2344 5078 2523 5124 mente
2546 5071 2849 5135 veritatem,
2878 5071 3258 5140 corporeisque
3304 5072 3554 5127 sensibus
3591 5073 3674 5126 de-

2103 5162 2246 5226 ditis,
2273 5176 2432 5230 quam
2474 5161 2748 5215 excelsum
2777 5161 2950 5216 locum
2992 5162 3132 5215 inter
3157 5171 3438 5217 creaturas
3477 5164 3671 5217 habeat

2103 5251 2335 5303 humana
2364 5259 2573 5313 natura,
2607 5250 2749 5319 quod
2788 5265 2892 5304 non
2929 5251 3098 5304 solum
3122 5251 3425 5306 visibiliter.
3457 5252 3592 5307 Nam
3618 5252 3669 5305 id

2107 5348 2316 5410 poterat
2362 5350 2416 5393 et
2462 5340 2514 5392 in
2559 5339 2734 5408 aliquo
2759 5342 2992 5395 aatbereo
3022 5357 3248 5411 corpore
3271 5343 3339 5395 ad
3365 5351 3668 5396 nostrorum

2108 5438 2418 5498 aspectuum
2447 5429 2785 5483 tolerantiam
2809 5439 3125 5500 temperato,
3154 5432 3249 5486 sed
3290 5431 3596 5486 hominibus
3619 5431 3668 5483 in

2107 5536 2232 5574 vero
2263 5520 2478 5574 homine
2500 5520 2765 5588 apparuit.
2798 5521 2915 5589 Ipsa
2941 5522 3084 5575 enim
3105 5530 3296 5575 natura
3334 5519 3666 5588 suscipienda

2106 5621 2240 5672 erat,
2275 5626 2395 5679 quae
2449 5611 2753 5674 liberanda;
2793 5620 2845 5665 et
2876 5627 2944 5665 ne
2992 5613 3113 5681 quis
3146 5610 3283 5665 forte
3332 5627 3485 5664 sexus
3513 5626 3542 5663 a
3575 5622 3665 5660 suo

2107 5708 2351 5754 creatore
2388 5713 2444 5752 se
2490 5707 2852 5768 contemptum
2892 5708 3144 5769 putaret,
3192 5700 3367 5754 virum
3413 5696 3650 5766 suscepit.
