3926 6168
213 243 318 302 929

1076 242 1426 299 COMMENT.
1474 242 1541 297 1N
1582 241 2189 298 ECCLESHSTICITM.
2233 275 2298 285 --
2337 244 2465 300 LIB.
2510 244 2573 299 ν.

3387 251 3496 308 930

214 364 381 414 natus
413 370 480 411 ex
519 353 716 410 femina
769 365 872 418 est,
903 353 1040 408 nihil
1065 356 1173 422 egit
1205 356 1279 419 vi,
1325 355 1420 410 sed
1464 355 1644 410 omnia
1681 370 1805 408 sua-
1835 354 1881 414 A
1912 355 2026 424 ipse
2052 356 2311 413 Dominus
2344 376 2357 410 :
2394 378 2413 409 ‹
2450 359 2562 428 Ego
2590 358 2869 425 Dominus,
2901 360 2993 432 qui
3024 363 3140 418 cmi
3173 379 3268 420 vos
3296 366 3362 423 de
3388 382 3500 423 scr-

215 451 394 506 dendo
438 458 492 504 et
530 447 821 511 movendo,
863 446 987 502 licet
1017 455 1260 502 ementes
1308 458 1364 501 et
1391 448 1687 502 vendentes
1718 445 1813 501 ﬁa-

214 542 467 615 gellando
493 539 653 608 cjecit
697 540 763 595 de
800 538 1017 605 templo.
1051 538 1155 594 Sed
1201 540 1330 610 quid
1358 539 1485 603 hoc,
1513 548 1611 593 aut
1636 553 1811 621 quan-

214 643 333 687 tum
359 632 478 687 est?
502 630 751 700 quamvis
778 638 835 683 et
869 631 1163 684 daemones
1190 627 1434 683 nolentes
1480 628 1550 682 ab
1580 627 1814 683 homini-

216 727 340 789 bus,
361 739 469 779 non
492 736 745 777 sermone
765 720 1054 785 suasionis,
1072 720 1168 775 sed
1195 720 1244 774 vi
1266 720 1548 790 potestatis
1570 717 1810 789 ejecerit.

218 813 401 868 Veteri
431 812 631 882 quippe
670 811 930 865 servitute
978 818 1252 865 transacta
1306 817 1518 880 tempus
1548 808 1815 864 libertatis

218 906 493 968 iunxerat,
518 912 572 958 et
595 903 1023 974 Opportuuejam
1042 902 1248 958 homini
1274 901 1626 967 suadebatur,
1652 910 1815 971 atque

218 996 514 1050 salubriter
539 1009 701 1064 quam
727 993 900 1047 libero
932 1002 1077 1048 esset
1126 1001 1343 1048 creatus
1367 993 1618 1058 arbitrio,
1650 993 1816 1047 mira-

217 1085 355 1139 culis
380 1082 694 1140 conciliavit
729 1082 888 1137 ﬁdem
918 1082 1051 1147 Deo,
1077 1082 1170 1152 qui
1216 1089 1337 1138 erat
1368 1082 1611 1152 passioni
1643 1081 1814 1152 subji-

217 1175 448 1229 cicndus
476 1174 530 1228 in
559 1172 781 1228 homine
801 1187 962 1242 quem
997 1174 1240 1243 gerebat.

294 1286 316 1319 α
349 1266 516 1334 Quasi
544 1265 741 1320 cedrus
773 1234 1028 1319 esaltatav
1058 1279 1178 1319 sum
1205 1265 1261 1319 in
1304 1263 1531 1330 Libano,
1562 1272 1619 1320 et
1659 1234 1855 1334 quasi”;

220 1375 241 1406 ι
277 1371 573 1427 cypressns
594 1355 646 1409 in
676 1362 860 1409 monte
890 1354 1040 1409 Sion.
1073 1374 1091 1407 ι
1112 1354 1333 1410 Cedrus'
1345 1355 1491 1410 enim
1516 1361 1571 1410 et
1599 1369 1816 1426 cypres-

218 1466 313 1504 sus
345 1450 570 1504 arbores
609 1458 736 1503 sunt
769 1448 1069 1503 altitudinis
1107 1449 1343 1514 eximizr,
1374 1457 1429 1504 et
1468 1449 1650 1504 odoris
1677 1464 1819 1520 prte-

219 1541 386 1611 cipui.
416 1540 655 1595 Libanus
681 1555 838 1595 mons
863 1548 950 1595 est
973 1540 1293 1597 thnicum
1321 1540 1639 1605 altissimus,
1662 1543 1816 1613 cujus

221 1632 591 1687 meminerunt
636 1632 934 1711 prophctc,
967 1633 1144 1687 dictus
1173 1649 1202 1686 a
1233 1634 1410 1700 thure,
1436 1628 1563 1703 quia
1592 1635 1664 1688 ibi
1705 1635 1815 1689 col-

1916 445 2104 509 vitute,
2132 461 2237 517 qua
2258 449 2636 518 opprimebant
2666 464 2761 505 vos
2786 448 3049 523 Egyptii,
3077 462 3137 509 ut
3177 455 3501 514 incederetis

1916 536 2049 591 recti
2081 534 2278 607 (Exod.
2306 537 2402 610 vi).
2434 559 2452 591 ι
2488 538 2672 594 Palma
2704 549 2886 596 autem
2931 558 3124 599 manus
3150 546 3390 603 victricis
3415 556 3502 604 cst

1914 636 2169 694 ornatus;
2222 629 2314 685 sed
2363 638 2418 685 et
2468 632 2607 700 apud
2637 632 2888 702 antiquos
2910 635 3217 705 quicunque
3247 637 3301 692 in
3323 648 3503 695 certa-

1914 719 2061 775 mine
2097 720 2377 786 vicissent,
2410 721 2583 791 palma
2613 739 2779 778 aurea
2828 725 3244 781 coronabantur.
3279 728 3502 786 Statura

1915 826 2043 882 ergo
2063 826 2274 882 sponsae
2292 815 2627 871 assimilatur
2650 817 2860 887 palmas,
2881 835 3003 875 cum
3028 830 3206 876 erecta
3238 824 3291 876 in
3313 839 3500 881 amore

1916 918 2272 973 supernorum
2300 907 2477 960 omnis
2506 907 2734 962 intentio
2764 908 2999 965 ﬁdelium
3059 912 3384 979 meditatur;
3418 914 3501 969 in-

1916 995 2075 1049 terim
2106 995 2159 1048 in
2190 996 2306 1050 acie
2333 998 2639 1053 consistens
2686 1000 2932 1055 bravium
2970 1002 3117 1066 illud,
3150 1019 3256 1072 quo
3305 1006 3501 1061 victrix

1918 1086 2071 1142 ﬁnito
2090 1102 2260 1158 agone
2285 1088 2533 1144 donanda
2555 1099 2657 1147 est.
2684 1091 2816 1147 Item
2849 1095 2975 1163 quia
3000 1094 3176 1163 palma
3227 1096 3501 1153 inferiori-

1914 1174 2019 1233 bus
2048 1194 2240 1249 aspera
2265 1180 2495 1246 videtur,
2525 1183 2576 1237 in
2607 1198 2819 1239 summo
2841 1194 3020 1241 autem
3046 1187 3502 1256 pulchritudinem

1915 1276 1971 1323 et
1994 1267 2203 1325 fructus
2250 1273 2571 1329 suavitatem
2601 1276 2857 1341 ostendit,
2888 1278 3084 1332 merito
3123 1280 3250 1334 huic
3289 1289 3501 1335 statura

1918 1362 2248 1418 assimilatur
2296 1363 2570 1429 Ecclesiae,
2605 1367 2718 1422 sive
2757 1368 2952 1423 anima:
2999 1369 3260 1440 cujusque
3309 1371 3501 1437 ﬁdelis,

1919 1467 2039 1521 quzr
2065 1468 2286 1523 asperos
2310 1470 2409 1524 pro
2432 1456 2662 1511 Domino
2683 1467 2859 1527 portat
2896 1459 2949 1513 in
2981 1467 3126 1515 terra
3153 1460 3387 1526 labores,
3409 1463 3505 1518 sed

1918 1546 2224 1600 mercedem
2252 1562 2281 1599 a
2319 1547 2548 1604 Domino
2592 1550 2955 1618 gratissimam
3003 1553 3250 1623 accipere
3297 1570 3356 1609 se
3384 1570 3508 1625 spe-

1921 1644 2000 1689 rat
2049 1636 2102 1689 in
2131 1636 2290 1691 cmlo.
2320 1635 2527 1706 Aspera
2556 1646 2641 1693 est
2688 1640 2863 1709 palma
2915 1641 3070 1711 juxta
3126 1651 3347 1708 terram,
3378 1646 3503 1714 quia
3550 1648 3565 1661 ’

225 1724 433 1795 ligitur.
466 1723 599 1779 Sion
623 1710 805 1780 autem
853 1724 1007 1779 collis
1035 1732 1119 1779 cst
1151 1725 1487 1780 Hierusalem
1517 1726 1814 1795 superemi-
1849 1710 1890 1767 Β
1918 1727 2352 1796 persecutionem
2395 1728 2675 1798 patiuntur
2733 1740 2955 1801 propter
3003 1731 3271 1801 justitiam
3325 1710 3503 1789 electi.

223 1833 361 1873 nens
389 1818 535 1882 urbi,
566 1826 622 1873 et
650 1818 1043 1888 interpretatur
1071 1821 1372 1889 Speculum.
1406 1820 1532 1875 Hmc
1565 1836 1695 1891 ergo
1719 1834 1816 1874 no-

224 1910 371 1963 mina
397 1909 655 1963 arborum
703 1917 759 1962 et
783 1908 1047 1965 montium
1076 1910 1405 1965 conveniunt
1448 1912 1819 1967 eminentiori-

228 2000 331 2053 bus
375 1998 581 2054 Christi
626 1999 908 2063 membris,
939 1999 1029 2069 qui
1059 2015 1181 2054 cum
1214 2000 1471 2070 Apostolo
1497 2001 1676 2057 dicere
1698 2018 1822 2073 pos-

226 2099 391 2145 sunt:
427 2108 445 2141 ι
479 2089 683 2146 Christi
703 2090 879 2145 bonus
896 2091 1030 2147 odor
1056 2106 1245 2146 sumus
1274 2092 1385 2147 Deo
1406 2092 1492 2165 (11
1514 2092 1635 2148 Cor.
1669 2094 1760 2165 n);
1794 2114 1812 2146 ι

225 2190 302 2245 et,
339 2199 358 2232 ι
388 2180 586 2238 Nostra
612 2181 956 2236 conversatio
986 2182 1042 2236 in
1071 2182 1227 2238 ctrlis
1270 2192 1356 2238 est
1387 2183 1608 2256 (Philip.
1645 2185 1761 2258 ιιι);
1794 2206 1812 2239 ι

223 2282 303 2335 et,
339 2288 359 2321 ι
394 2270 530 2338 Quis
572 2284 671 2325 nos
713 2271 989 2340 separabit
1015 2286 1044 2324 a
1074 2271 1342 2327 charitate
1390 2273 1591 2329 Christi
1637 2273 1815 2345 (Rom.

225 2360 382 2431 vui)?
416 2380 435 2412 ι
469 2359 535 2413 Ει
563 2359 789 2429 reliqua.
821 2357 926 2414 Sed
951 2360 1131 2415 ethoc
1156 2361 1300 2430 quod
1343 2362 1479 2417 odor
1512 2364 1660 2418 cedri
1699 2378 1816 2419 scr-

224 2459 420 2520 pcntes
467 2450 781 2506 interimere
806 2457 861 2504 et
890 2449 1080 2520 fugare
1119 2451 1274 2518 solet,
1300 2452 1456 2521 juxta
1484 2452 1611 2508 illud
1646 2462 1820 2523 poeta:

227 2541 554 2612 (Vincimus,
579 2536 767 2610 Georg.
786 2539 869 2611 Ill)
895 2557 910 2594 :

359 2652 507 2719 Disce
531 2660 583 2703 et
617 2653 862 2719 odoratam
888 2653 1090 2703 stabulis
1111 2657 1383 2705 accendere
1407 2656 1628 2719 cedrum,

360 2716 710 2778 Galbaneoque
734 2718 923 2778 agitare
943 2729 1122 2779 graves
1141 2719 1309 2768 nidore
1329 2718 1609 2769 cbelidros:

226 2821 435 2876 eisdem
482 2822 685 2874 sanctis
715 2819 1030 2876 doctoribus
1058 2831 1424 2892 congruenter
1460 2831 1697 2894 aptatur,
1727 2825 1817 2894 qui

228 2911 433 2963 virtute
463 2907 612 2964 verbi
642 2909 878 2965 ctelestis
921 2910 1096 2965 solent
1122 2922 1384 2967 venenata
1434 2915 1814 2971 hazreticorum

229 2999 488 3069 dogmata
519 2999 801 3070 repellere,
829 3014 1031 3069 eosque
1078 3016 1105 3054 a
1142 3000 1466 3071 simplicium
1503 3005 1820 3060 seductione

230 3059 443 3160 fugare.
470 3059 599 3143 Hoc.
631 3059 847 3158 quoque
873 3059 1019 3159 quod
1059 3091 1177 3161 ejus
1222 3059 1424 3158 resina,
1472 3108 1592 3162 quae
1848 3059 1892 3119 Ο

228 3179 457 3244 dicitur,
485 3180 540 3234 in
566 3181 953 3236 conservandis
979 3181 1293 3251 librisadeo
1319 3192 1405 3240 est
1428 3186 1599 3251 utilis,
1622 3195 1682 3241 ut
1700 3201 1825 3257 per-

229 3274 377 3329 liniti
406 3289 474 3329 ex
500 3288 563 3328 ea
588 3288 688 3329 nec
709 3275 885 3329 tineas
910 3275 1203 3345 patiantur,
1228 3291 1328 3331 nec
1367 3284 1609 3347 tempore
1633 3292 1826 3333 consc-

194 3406 197 3409 -
231 3373 485 3429 nescant,
516 3365 637 3434 quis
674 3381 780 3421 non
815 3366 999 3421 videat
1041 3375 1300 3437 quantum
1340 3367 1541 3423 eisdem
1570 3370 1825 3439 prtedica-

232 3458 445 3514 toribus
491 3459 695 3514 sanctis
741 3459 1060 3513 conveniat?
1109 3474 1337 3528 quorum
1385 3475 1546 3514 sensu
1594 3461 1823 3531 spiritali

233 3553 518 3624 Scriptura
542 3563 728 3609 sancta
761 3552 1005 3608 confecta
1059 3561 1165 3617 est,
1203 3568 1323 3624 qua:
1352 3553 1496 3607 nulla
1545 3554 1824 3609 lizcrctico-

232 3660 357 3699 rum
390 3647 591 3700 astutia
623 3646 919 3716 corrumpi,
960 3646 1105 3701 nulla
1150 3656 1331 3717 potest
1379 3647 1557 3701 saeculi
1594 3647 1824 3702 labentis

229 3745 397 3792 atate
423 3738 666 3791 consumi
696 3755 707 3790 :
734 3738 893 3802 adeo,
931 3757 951 3787 ι
983 3746 1041 3792 ιιι
1068 3739 1237 3794 donec
1266 3746 1509 3793 transeat
1552 3739 1745 3793 ccelum
1771 3746 1827 3792 ct

234 3836 408 3891 terra,
442 3828 550 3882 i0“!
596 3843 761 3882 unum
809 3837 904 3883 aut
939 3844 1078 3884 unus
1128 3844 1264 3898 apex
1322 3845 1428 3884 non
1475 3837 1762 3899 praetereat
1795 3844 1826 3884 ϐ

232 3916 373 3986 lege,
403 3916 573 3971 donec
594 3917 776 3971 omnia
816 3917 987 3973 fuant:
1024 3936 1042 3969 ι
1078 3920 1220 3989 quod
1251 3935 1374 3975 cum
1412 3920 1611 3974 dixerit
1644 3918 1826 3975 Domi-

233 4024 340 4064 nus
369 4009 437 4063 dc
462 4008 598 4079 lege,
624 4018 831 4078 quanto
878 4011 1053 4081 magis
1078 4011 1145 4066 de
1194 4010 1484 4082 Evangelio
1533 4009 1830 4078 intelligen-

235 4102 366 4156 dum
396 4101 646 4170 reliquit?
668 4100 969 4172 Cyprcssus
994 4103 1158 4156 etiam
1190 4102 1241 4156 in
1272 4117 1337 4156 eo
1360 4100 1504 4171 quod
1550 4101 1830 4156 medendis

236 4201 361 4260 apta
390 4200 474 4245 est
504 4206 791 4261 corporum
822 4192 1184 4261 passiOnibus,
1222 4192 1366 4262 quod
1417 4206 1527 4246 sum
1576 4198 1829 4246 venusta-

237 4293 350 4337 tem
387 4297 557 4338 coma:
606 4282 754 4337 nullo
801 4290 1087 4338 ventorum
1136 4281 1370 4352 impulsu
1405 4276 1652 4351 "deponit,
1694 4296 1826 4335 con-

236 4375 500 4429 stantiam
529 4374 786 4445 exprimit
811 4387 1109 4444 eorumquc
1132 4374 1399 4428 actionem
1431 4372 1523 4441 qui
1546 4371 1829 4426 altioribus

234 4466 501 4520 virtutum
519 4465 802 4520 ornatibus
819 4473 1061 4520 sanctam
1084 4465 1381 4521 Ecclesiam
1405 4465 1682 4518 decorant.

315 4574 337 4608 ι
368 4556 534 4625 Quasi
562 4557 736 4628 palma
763 4558 996 4613 exaltata
1021 4573 1139 4612 sum
1172 4558 1224 4612 in
1253 4556 1446 4612 Cades.
1482 4577 1501 4609 ι
1537 4556 1718 4609 Palma
1745 4565 1829 4610 est

184 4646 197 4655 ’
235 4650 408 4705 arbor
452 4650 724 4706 diuturnis
772 4650 936 4714 foliis,
983 4658 1038 4705 et
1085 4649 1340 4704 suavibus
1385 4648 1595 4718 pomis;
1647 4647 1825 4716 palma

236 4740 409 4806 dicta,
435 4741 559 4810 quia
589 4756 787 4796 manus
814 4741 1053 4795 victricis
1079 4750 1305 4794 ornatus
1332 4747 1434 4802 est,
1458 4737 1541 4792 vel
1569 4737 1711 4807 quod
1731 4753 1828 4807 op-

236 4833 428 4905 pansis
482 4842 567 4889 cst
616 4833 783 4888 ramis
813 4833 864 4888 in
916 4832 1130 4887 modum
1180 4831 1373 4901 palma:
1421 4829 1675 4884 hominis.
1734 4828 1830 4881 Est

234 4924 387 4977 enim
434 4923 600 4978 arbor
639 4922 848 4993 insigne
874 4921 1136 4984 victorize,
1174 4934 1509 4990 proceroque
1538 4934 1602 4973 ac
1630 4918 1828 4972 decoro

236 5011 478 5081 virgulto
507 5011 879 5080 diuturnisque
917 5011 1112 5064 vestita
1150 5009 1444 5081 frondibus.
1479 5008 1632 5064 Hanc
1655 5008 1829 5063 Grmei

235 5104 547 5175 phoenicem
595 5103 799 5166 dicunt,
832 5103 975 5172 quod
1009 5102 1098 5156 diu
1148 5100 1325 5164 duret,
1356 5115 1424 5154 ex
1454 5100 1671 5155 nomine
1712 5098 1828 5152 avis

238 5198 391 5253 illius
416 5195 648 5260 Arabiae,
676 5210 796 5263 qua:
845 5194 1033 5249 multis
1079 5194 1238 5248 annis
1263 5195 1447 5248 vivere
1490 5192 1826 5263 perhibetur.

238 5289 373 5345 Haec
402 5301 532 5357 ergo
552 5287 714 5340 arbor
744 5298 985 5354 procera:
1011 5292 1255 5348 staturae,
1298 5290 1500 5338 sanctae
1545 5295 1827 5350 compara-

239 5390 337 5434 tur
358 5376 629 5435 Ecclesim,
666 5391 769 5445 qua
817 5375 883 5429 ad
911 5384 1181 5428 terrenam
1224 5371 1716 5442 concupiscentiam
1747 5370 1825 5424 in-

236 5470 463 5527 curvari
488 5469 809 5537 dispiciens,
835 5475 1001 5525 totam
1025 5483 1084 5523 se
1110 5468 1177 5522 ad
1207 5465 1446 5522 cmicstia
1474 5463 1826 5533 promovenda

236 5562 499 5618 sustollit.
522 5562 599 5616 De
628 5578 732 5630 qua
757 5570 937 5616 monet
966 5558 1253 5630 Apostolus
1271 5558 1458 5613 dicens
1486 5572 1497 5607 :
1530 5573 1546 5604 ι
1580 5554 1825 5625 V’igilatc,

237 5666 389 5713 state
416 5657 469 5708 in
498 5654 624 5711 ﬁde.
652 5650 873 5706 \it'iltlel
904 5660 1042 5725 agite
1063 5653 1112 5725 (1
1139 5654 1265 5708 Cor.
1297 5650 1430 5712 xvi).
1470 5668 1487 5699 ›
1521 5647 1594 5701 De
1637 5663 1741 5715 qua
1775 5658 1829 5703 et

1921 1817 2149 1873 Pulchra
2176 1826 2231 1873 et
2267 1819 2439 1874 dulcis
2470 1820 2522 1874 in
2554 1835 2785 1885 summo,
2819 1823 2944 1892 quia
2982 1825 3216 1910 gaudent
3258 1826 3312 1881 in
3363 1842 3511 1896 pres-

1920 1910 2063 1965 suris
2095 1916 2150 1964 et
2175 1909 2468 1974 exsultant,
2492 1910 2728 1966 scientes
2755 1930 2774 1962 ι
2803 1914 3057 1982 quoniam
3088 1930 3300 1971 merces
3318 1931 3507 1972 eorum

1921 2002 2138 2070 copiosa
2167 2009 2253 2057 est
2297 2001 2351 2057 in
2400 2002 2573 2057 caelis.
2607 2023 2626 2056 ι
2671 2003 2801 2058 Item
2832 2008 2975 2073 quod
3024 2006 3200 2075 palma
3237 2008 3509 2064 diuturnis

1921 2100 2007 2148 est
2031 2093 2226 2148 vestita
2270 2092 2580 2159 frondibus,
2608 2102 2665 2149 et
2709 2093 2835 2149 folia
2862 2110 2959 2150 sua
3008 2097 3125 2151 sine
3163 2099 3510 2153 successione

1920 2191 2227 2249 conservat,
2264 2183 2387 2253 quis
2414 2198 2522 2238 non
2565 2184 2750 2239 videat
2776 2186 2919 2254 quod
2957 2194 3138 2258 typum
3170 2195 3352 2243 teneat
3396 2197 3509 2244 sta-

1922 2282 2056 2329 turae
2088 2273 2251 2329 ﬁdei?
2300 2291 2420 2345 qua:
2454 2275 2699 2329 variante
2734 2284 2878 2330 statu
2923 2277 3102 2333 saeculi
3156 2278 3391 2335 labentis
3418 2296 3511 2336 ea-

1920 2366 2043 2421 dem
2098 2380 2313 2435 semper
2358 2366 2524 2421 verba
2577 2376 2741 2422 rectte
2790 2368 3143 2425 confessionis
3173 2371 3328 2439 quasi
3381 2369 3507 2426 folia

1921 2474 2199 2527 nunquam
2223 2458 2437 2527 lapsura
2461 2458 2681 2523 retinet,
2706 2460 2953 2515 eamdem
2974 2475 3198 2530 operum
3224 2464 3513 2532 perfectio-

1922 2562 2067 2612 nem,
2093 2564 2257 2618 quam
2281 2549 2351 2603 ab
2375 2548 2532 2603 initio
2555 2550 2721 2619 cepit,
2742 2551 2900 2620 quasi
2946 2552 3196 2608 decorem
3228 2554 3511 2623 palmitum

1922 2654 2091 2709 usque
2116 2639 2184 2693 ad
2225 2638 2387 2694 ﬁnem
2437 2639 2616 2695 saeculi
2664 2641 2719 2695 in
2755 2641 2946 2697 electis
2975 2642 3088 2697 suis
3136 2642 3512 2699 intemeratam

1924 2728 2194 2783 custodit?
2218 2727 2359 2798 Apte
2388 2738 2567 2784 autem
2594 2730 2786 2799 palma:
2820 2732 3134 2788 exaltationi
3162 2732 3335 2790 Cades
3363 2736 3514 2791 locus

1922 2820 2228 2889 deputatur.
2254 2820 2479 2889 Legitur
2513 2835 2642 2892 ergo
2673 2822 2724 2876 in
2767 2821 3124 2877 Numerorum
3169 2824 3328 2889 libro,
3352 2826 3517 2880 trice-

1923 2911 2059 2965 sima
2087 2912 2250 2965 tertia
2278 2912 2563 2967 mansione
2592 2911 2732 2968 ﬁlios
2776 2912 2941 2969 Israel
2985 2922 3165 2969 castra
3191 2923 3421 2971 metatus
3458 2916 3514 2970 in

1923 3003 2138 3058 deserto
2166 3000 2282 3068 Sin,
2305 3002 2422 3056 haec
2450 3009 2534 3057 est
2553 3000 2744 3066 Cades,
2778 3003 2868 3057 ubi
2907 3002 3074 3058 Maria
3101 3013 3310 3059 mortua
3351 3014 3434 3060 est
3459 3014 3518 3059 et

1924 3091 2154 3163 sepulta,
2177 3099 2234 3147 et
2259 3101 2482 3162 propter
2530 3107 2698 3161 aquas
2741 3093 3186 3149 contradictionis
3216 3095 3426 3165 Moyses
3460 3104 3515 3152 et

1924 3181 2104 3237 Aaron
2129 3180 2410 3237 oﬁ‘endunt
2450 3182 2762 3248 Dominum,
2785 3190 2843 3238 et
2888 3184 3245 3253 prohibentur
3279 3186 3517 3241 transire

1922 3272 2213 3327 Jordanem
2236 3270 2426 3343 (Num.
2453 3269 2673 3353 sunt).
2697 3270 2924 3328 Videtur
2945 3273 3077 3328 mihi
3099 3274 3152 3328 in
3183 3274 3349 3329 Maria
3397 3291 3520 3345 pro-

1922 3364 2107 3435 phetia
2141 3372 2378 3429 mortua,
2410 3363 2464 3417 in
2495 3362 2677 3434 Moyse
2706 3372 2763 3418 et
2785 3363 2965 3420 Aaron
2992 3365 3094 3435 legi
3119 3374 3175 3419 et
3211 3366 3521 3421 sacerdotio

1925 3456 2233 3512 Jndzeorum
2262 3456 2386 3512 ﬁnis
2415 3457 2722 3527 impositus,
2772 3458 2914 3528 quod
2948 3475 3049 3514 nec
3074 3460 3188 3529 ipsa
3216 3462 3280 3515 ad
3319 3470 3515 3517 terram

1927 3548 2362 3617 repromissionis
2392 3549 2776 3605 transcendere
2804 3550 3041 3615 valeant,
3088 3567 3188 3606 nec
3209 3554 3518 3609 credentem

1925 3638 2182 3708 populum
2207 3639 2274 3694 de
2306 3638 2599 3695 solitudine
2626 3637 2785 3707 hujus
2826 3641 3009 3694 mundi
3053 3639 3303 3695 educere.
3331 3642 3433 3697 Ubi
3462 3651 3518 3697 et

1927 3729 2182 3784 Ecclesiae
2209 3736 2382 3784 status
2422 3744 2520 3796 per
2566 3729 2838 3783 Christum
2884 3730 3049 3800 coepit
3075 3731 3340 3796 ordinari,
3390 3732 3516 3800 quia

1929 3822 2044 3891 ipse
2069 3829 2153 3875 est
2178 3820 2301 3875 ﬁnis
2323 3820 2455 3890 legis
2480 3821 2545 3875 ad
2577 3820 2842 3888 justitiam
2870 3822 3019 3878 omni
3048 3824 3310 3879 credenti.
3339 3824 3517 3880 Inter-

1927 3923 2173 3985 pretatur
2212 3921 2393 3967 autem
2443 3911 2618 3967 Cadcs
2655 3919 2861 3966 mutata
2904 3911 3019 3967 sive
3070 3912 3355 3978 translata,
3398 3929 3520 3983 qua:

1930 4008 2150 4064 nomina
2174 4007 2310 4061 bene
2325 4016 2527 4060 sancta:
2551 4004 3171 4072 conveniuntEcclesiaa,
3195 4021 3313 4075 qum
3331 4013 3519 4063 trans-

1930 4098 2037 4153 lata
2069 4098 2138 4154 ab
2178 4097 2443 4153 idolorum
2470 4095 2699 4160 cultura,
2731 4103 2787 4150 et
2817 4103 3023 4151 mutata
3050 4112 3080 4150 a
3104 4097 3285 4168 gentili
3307 4113 3518 4163 errore,

1929 4191 2091 4244 unius
2138 4189 2234 4244 Dei
2272 4203 2438 4243 verax
2470 4186 2635 4256 ctepit
2685 4201 2808 4241 esse
2855 4185 3072 4242 cultrix.
3124 4187 3290 4255 Quasi
3341 4189 3519 4258 palma

1931 4299 2059 4355 ergo
2083 4283 2352 4338 exaltatur
2378 4282 2433 4337 in
2461 4281 2655 4346 Cadcs,
2687 4296 2808 4335 cum
2859 4282 3031 4336 sancti
3080 4283 3280 4352 quique
3324 4284 3427 4339 viri
3464 4294 3521 4341 et

1931 4375 2156 4447 perfecti
2184 4376 2236 4430 in
2267 4374 2508 4431 Ecclesia
2550 4374 2655 4428 ﬁde
2694 4381 2749 4428 et
2787 4374 3198 4429 conversatione
3239 4375 3522 4446 eriguntur

1935 4468 2002 4521 ad
2023 4465 2368 4536 quzerendam
2410 4464 2647 4520 caelestis
2687 4463 2835 4532 regni
2882 4464 3136 4533 patriam,
3161 4472 3215 4518 et
3239 4465 3307 4519 ad
3354 4466 3521 4535 possi-

1936 4556 2168 4611 dendum
2192 4554 2318 4608 vitae
2346 4552 2541 4607 futura:
2566 4551 2757 4622 gaudia
2789 4551 3131 4619 sempiterna.
3161 4549 3290 4606 Post
3317 4551 3521 4606 exalta-

1935 4647 2136 4701 tionem
2158 4660 2289 4714 ergo
2313 4641 2528 4698 arboris
2558 4640 2768 4710 palma),
2792 4638 3032 4711 adiungit
3054 4638 3331 4710 Scriptura
3356 4640 3518 4696 aliam

1935 4732 2368 4795 similitudinem,
2402 4730 2590 4784 dicens
2619 4747 2632 4783 :

2011 4844 2030 4876 ‹
2058 4825 2127 4880 Et
2160 4822 2315 4892 quasi
2341 4820 2602 4891 plantatio
2642 4832 2782 4874 rosae
2810 4817 2866 4873 in
2905 4816 3143 4873 Jericho.
3179 4837 3197 4871 ι
3224 4817 3368 4875 Rosa
3396 4834 3518 4889 spe-

1935 4917 2018 4972 cie
2065 4913 2213 4969 ﬁoris
2256 4918 2587 4981 nuncupata,
2614 4910 2759 4979 quod
2804 4909 3044 4964 rutilanti
3097 4910 3277 4966 colore
3305 4911 3518 4969 rubeat.

1934 5006 2060 5060 llaec
2101 5001 2348 5073 martyrii
2399 4998 2668 5071 signiﬁcat
2720 4999 3060 5069 sanguinem.
3099 4998 3314 5055 Jericho
3365 5001 3518 5069 urbs,

1933 5111 2096 5166 quam
2125 5092 2359 5149 Iordane
2405 5100 2741 5161 transgresso
2777 5092 3042 5146 subvertit
3081 5090 3260 5159 Jesus,
3293 5107 3417 5164 rege
3456 5093 3520 5146 il-

1935 5189 2038 5244 lius
2074 5183 2400 5241 interfecto:
2427 5197 2525 5252 pro
2571 5197 2679 5251 qua
2724 5182 2990 5238 exstruxit
3027 5182 3211 5247 aliam,
3243 5181 3408 5238 Ozam
3450 5180 3522 5236 dc

1936 5277 2145 5343 Bethel,
2175 5293 2242 5333 ex
2267 5276 2409 5332 tribu
2431 5273 2709 5345 Ephraim,
2740 5289 2902 5343 quam
2931 5272 3194 5329 Dominus
3214 5279 3375 5341 atque
3401 5267 3523 5323 Sal-

1935 5379 2093 5425 vator
2120 5383 2216 5423 sua
2257 5364 2543 5435 praesentia
2582 5362 2854 5418 illustrare
2893 5361 3142 5431 dignatus
3177 5365 3281 5414 est.
3329 5355 3436 5410 Sed
3459 5366 3521 5411 et

1937 5461 2054 5513 haec
2077 5472 2141 5514 co
2166 5465 2409 5525 tempore
2430 5468 2536 5523 quo
2564 5449 2900 5506 Hierusalem
2921 5447 3333 5518 Oppugnabatur
3357 5458 3387 5496 a
3413 5442 3519 5496 Ro-

1939 5549 2130 5612 manis,
2155 5553 2377 5617 propter
2400 5541 2682 5614 perﬁdiam
2704 5539 2903 5593 civium
2934 5543 3090 5605 capta
3113 5541 3273 5600 atque
3300 5530 3518 5584 destrn-

1939 5654 2023 5699 cta
2053 5650 2167 5705 est;
2196 5654 2291 5710 pro
2313 5652 2418 5706 qua
2448 5635 2604 5690 tertia
2635 5630 2895 5689 aediﬁcata
2933 5635 3016 5681 est
3047 5623 3259 5688 civitas,
3277 5635 3399 5692 qua:
3418 5619 3517 5674 ho-
