3926 6168
532 244 628 302 θει

1196 234 1255 292 n.
1296 231 1546 290 nausea
1586 230 1803 290 usum
1841 228 2158 287 Αῖιείῐιειτ.
2200 226 2509 287 uocum.
2548 231 2837 288 oratum
2872 232 3049 290 mas
3084 235 3121 291 ι.
3606 250 3686 307 ωε

529 359 723 427 dieqtte
764 357 1043 425 permanet
1073 365 1085 405 :
1121 359 1176 406 et
1222 349 1584 405 ostenduntur
1634 346 1920 416 utriusque
1960 344 2111 399 urbis
2140 347 2184 406 Α
2213 350 2319 406 εει,
2349 343 2400 398 id
2425 352 2530 409 est,
2558 343 2863 399 institutum
2886 354 2970 401 est
2991 345 3184 417 lignum
3222 349 3384 408 crucis
3406 367 3433 408 a
3453 354 3688 430 Deo,quod

527 445 754 517 vestigia
797 445 851 498 in
882 449 1201 512 praesentem
1245 439 1408 493 diem.
1441 438 1571 491 Nam
1607 445 1662 492 et
1686 435 1901 492 Jericho
1943 434 2110 489 inter-

528 545 773 608 pretatur
793 529 929 588 odor
968 532 1104 602 ejus,
1132 529 1215 584 vel
1265 531 1408 587 luna.
1443 547 1463 579 ι
1490 527 1642 598 quasi
1680 524 1942 597 plantatio
1979 538 2110 595 ergo

530 642 667 680 rusco
696 625 748 678 in
768 622 987 677 Iericho
1019 641 1037 673 ι
1063 629 1169 687 εει,
1200 636 1323 675 cum
1374 621 1509 675 odor
1537 620 1794 674 virtutum
1836 632 1958 672 cum
1985 631 2111 687 pas-

528 720 681 774 sione
721 716 972 786 martyrii
1002 716 1056 769 in
1097 723 1406 769 sanctorum
1440 712 1648 768 redolet
1694 711 1924 766 meritis.
1957 710 2112 765 Luna

525 826 655 881 ergo
682 821 905 879 propter
936 808 1329 862 incrementum
1360 806 1441 860 sui
1489 803 1709 858 luminis
1752 801 1913 856 simul
1939 810 1995 856 et
2019 802 2114 855 de-

524 901 861 960 trimentum,
901 896 1158 951 Ecclesim
1198 894 1686 965 peregrinationem
1739 891 1791 945 in
1830 890 2113 960 praesentis

524 991 651 1043 vita:
674 988 1003 1043 mortalitate
1025 985 1324 1056 ﬁguraliter
1347 982 1622 1052 exprimit.
1658 980 1759 1037 Ubi
1788 988 1842 1035 et
1864 980 1953 1034 alii
1979 994 2114 1049 quo-

525 1082 659 1137 tidie
679 1089 999 1144 nascuntur,
1033 1085 1087 1151 et
1119 1076 1211 1131 alii
1240 1077 1307 1132 de
1333 1076 1436 1129 hac
1464 1075 1572 1127 vita
1596 1080 1897 1127 transeunt.

600 1192 620 1225 ι
653 1173 815 1241 Quasi
863 1172 1003 1226 oliva
1036 1169 1279 1239 speciosa
1314 1170 1368 1222 in
1414 1167 1640 1236 campis.
1677 1185 1695 1217 ›
1734 1165 1883 1219 Oliva
1923 1163 2112 1220 Grmce

523 1265 680 1320 oleon
702 1264 917 1324 dicitur,
940 1277 1005 1315 ex
1038 1276 1143 1331 quo
1170 1260 1222 1313 in
1253 1257 1505 1311 Latinum
1530 1264 1763 1310 tractum
1782 1262 1867 1309 est
1893 1262 1954 1308 ut
1971 1253 2111 1307 oliva

524 1356 754 1409 dicatur.
801 1354 931 1409 Olea
963 1361 1145 1407 autem
1195 1351 1311 1420 ipsa
1340 1348 1507 1403 arbor
1546 1356 1648 1411 est,
1694 1347 1904 1402 fructus
1946 1347 2111 1410 oliva,

527 1460 723 1499 succus
750 1443 948 1499 oleum.
994 1432 1089 1497 Est
1128 1449 1308 1496 autem
1355 1440 1518 1494 arbor
1559 1439 1711 1510 pacis
1755 1437 2000 1505 insignis.
2048 1436 2116 1490 Et

525 1539 653 1608 quid
680 1552 777 1607 per
818 1537 1035 1599 olivam,
1086 1534 1189 1588 nisi
1229 1544 1416 1588 sancta
1465 1530 1707 1585 Ecclesia
1763 1528 2114 1599 designatur?

525 1646 644 1697 quae
667 1630 717 1682 in
749 1629 954 1698 campis
979 1627 1142 1681 totius
1171 1623 1354 1679 mundi
1385 1622 1776 1692 transplantata
1803 1621 1998 1674 decore
2024 1633 2113 1672 or-

2213 449 2426 504 semper
2446 436 2499 490 in
2524 435 2627 490 ﬁde
2649 437 2943 492 viresceret
2968 453 3033 492 ac
3058 451 3326 508 cresceret,
3347 447 3569 515 sequitur,
3590 471 3607 504 ί
3624 468 3688 509 se-

2211 539 2311 579 cus
2352 524 2611 580 decursus
2656 541 2918 596 aquarum
2942 567 2956 592 ,
2988 545 3008 579 ι
3052 528 3102 581 ἱιι
3144 535 3521 601 comparationis
3559 542 3689 610 gratia

2211 623 2543 683 perseverat.
2588 613 2722 669 Nam
2783 617 2926 670 sicut
2977 620 3235 675 terrestris
3283 637 3407 692 aqua
3462 628 3691 687 decumas

2211 704 2322 759 vita
2363 714 2447 760 est
2476 704 2744 776 lignorum
2788 707 3099 774 virentium,
3136 714 3211 767 sic
3244 728 3369 783 aqua
3403 717 3615 786 spiritalis
3637 724 3691 776 si—

2211 812 2373 868 gnum
2402 796 2582 851 crucis
2609 798 2853 863 inundat,
2885 812 3004 867 qua:
3028 799 3169 855 salus
3189 817 3300 857 esse
3325 802 3527 859 ﬁdelium
3544 823 3693 880 cogno-

2211 887 2382 941 scitur
2426 888 2751 944 animarum.
2799 889 2926 946 llaec
2967 906 3093 963 ergo
3137 909 3268 963 aqua
3306 905 3398 963 est,
3432 899 3490 954 de
3529 916 3615 969 qua
3653 904 3691 958 in

2210 981 2500 1053 Evangelia
2522 982 2722 1037 dicitur
2745 1001 2759 1036 :
2787 1002 2805 1034 ι
2831 982 2890 1037 Si
2914 985 3081 1039 scires
3096 988 3213 1056 quis
3229 996 3327 1051 est,
3345 990 3468 1059 quia
3488 998 3532 1044 te
3548 1008 3692 1062 aquam

2211 1074 2363 1143 petit,
2393 1074 2622 1145 petisses
2646 1076 2715 1130 ab
2744 1091 2829 1141 eo,
2853 1086 2912 1132 ut
2937 1078 3089 1133 daret
3114 1079 3207 1133 tibi
3228 1096 3406 1150 aquam
3433 1083 3692 1149 vivam,etc.

2213 1162 2394 1232 (Joan.
2426 1163 2521 1234 Iv).
2559 1183 2577 1215 ι
2612 1163 2802 1235 Opera:
2826 1167 3058 1235 pretium
3108 1178 3190 1222 est
3217 1184 3414 1241 quoque
3438 1176 3694 1243 perpendere

2211 1267 2382 1322 quare
2430 1255 2648 1318 dixerit,
2675 1275 2694 1306 ς
2726 1271 2884 1311 secus
2917 1257 3172 1313 decursus
3213 1275 3471 1329 aquarum,
3498 1282 3514 1314 ι
3540 1264 3693 1319 scilicet

2212 1348 2403 1397 utnec
2437 1343 2603 1397 nimia
2630 1345 2907 1401 inundatio
2946 1346 3148 1417 lignum
3191 1349 3400 1418 deleret,
3438 1368 3524 1406 nec
3553 1354 3694 1410 iterum

2213 1432 2458 1504 irrigatio
2484 1436 2672 1505 procul
2703 1438 2999 1493 constituta
3025 1439 3269 1494 siccaret.
3298 1441 3447 1511 igitur
3484 1460 3591 1498 crux
3609 1460 3695 1513 pas-

2213 1526 2383 1581 sionis
2422 1526 2622 1582 Christi
2671 1529 2910 1585 exaltata
2951 1539 3035 1585 est
3061 1530 3211 1599 juxta
3249 1549 3430 1604 aquam
3461 1536 3508 1590 in
3538 1537 3694 1607 plateis,

2212 1616 2337 1685 quia
2365 1617 2751 1687 redemptionis
2779 1627 2977 1674 nostra:
3006 1622 3253 1700 mirabile
3270 1635 3611 1681 sacramentum
3630 1643 3699 1698 per

522 1724 644 1777 Lem
667 1721 979 1775 universum
1004 1719 1258 1781 illustrat,
1282 1726 1338 1771 et
1361 1714 1593 1785 Spiritus
1614 1713 1787 1767 sancti
1819 1714 1990 1783 gratia
2013 1728 2110 1781 per
2142 1710 2183 1767 Β
2212 1705 2651 1775 ριέεόίοίιιίοηεω
2679 1708 2953 1778 Evangelii
2981 1711 3210 1766 innotuit
3232 1715 3425 1768 cunctis
3455 1729 3538 1784 per
3562 1718 3698 1772 orbem

519 1813 828 1867 unctionem
878 1811 1019 1865 sacri
1068 1806 1379 1863 chrismatis
1421 1803 1727 1860 sanctiﬁcat
1771 1802 2103 1868 credentes;

520 1919 620 1974 per
642 1903 747 1958 olei
776 1916 1009 1970 namque
1032 1898 1438 1970 pinguedinem,
1465 1910 1570 1964 qua
1593 1902 1649 1949 et
1678 1893 1808 1948 lassi
1834 1900 1997 1962 atque
2028 1893 2110 1947 in-

520 1994 665 2049 ﬁrmi
698 2003 851 2048 artus
883 2000 1226 2055 recreantur,
1257 1998 1312 2045 et
1345 1989 1518 2060 gratia
1546 1993 1838 2058 prmstatur
1867 1984 2107 2050 luminis,

525 2084 739 2137 interna
774 2096 917 2151 smpe
955 2080 1173 2135 dilectio
1218 2078 1416 2132 mentis
1445 2086 1502 2133 et
1543 2090 1679 2146 opus
1723 2074 2111 2129 misericordia:

522 2172 857 2242 designatur.
890 2170 1027 2225 Hinc
1051 2169 1253 2225 etenim
1277 2167 1562 2223 Psalmista
1582 2185 1595 2220 :
1616 2186 1634 2218 ι
1656 2166 1768 2234 Ego
1788 2172 1970 2220 autem
2001 2165 2107 2220 sic-

518 2268 580 2314 ut
621 2260 762 2315 oliva
790 2257 1071 2315 fructifera
1098 2258 1154 2312 in
1189 2256 1351 2312 domo
1388 2256 1640 2310 Domini:
1672 2255 1887 2325 speravi
1913 2255 1970 2308 in
2009 2254 2110 2308 mi-

517 2350 812 2406 sericordia
836 2349 931 2405 Dei
957 2349 1061 2403 mei
1086 2348 1139 2402 in
1165 2354 1429 2401 aeternum
1457 2354 1514 2400 et
1549 2345 1602 2398 in
1640 2343 1897 2399 steculum
1927 2343 2110 2399 saeculi

519 2442 691 2516 (Psat.
731 2445 827 2515 ιι).
863 2463 882 2496 ι
908 2443 988 2497 Ac
1015 2443 1061 2497 si
1099 2448 1351 2512 patenter
1378 2440 1562 2496 dicat:
1589 2439 1703 2510 Ego
1741 2441 1868 2509 quia
1897 2440 2111 2496 miseri-

517 2536 717 2592 cordiae
746 2535 982 2590 fructum
1013 2532 1379 2603 indigentibus
1426 2531 1667 2592 exhibui,
1714 2531 1848 2585 mihi
1894 2546 2109 2601 quoque

519 2629 575 2682 in
603 2634 865 2682 :cternum
888 2641 918 2679 a
951 2625 1064 2681 Deo
1094 2624 1443 2695 repetendam
1464 2622 1853 2679 misericordia:
1880 2625 2108 2695 gra'iam

520 2735 615 2790 spe
624 2719 755 2773 rari.

595 2829 615 2861 ι
645 2811 711 2865 Ει
733 2809 891 2878 quasi
926 2808 1180 2877 platanus
1204 2807 1440 2862 exaltata
1470 2821 1588 2863 sum
1633 2802 1790 2874 juxta
1833 2820 2027 2875 aquam
2053 2804 2109 2859 in

522 2920 541 2952 ι
575 2900 787 2971 plateis.
824 2920 841 2951 ι
874 2898 1135 2953 Platanus
1163 2914 1195 2952 a
1223 2898 1512 2953 latitudine
1541 2897 1790 2953 foliorum
1830 2897 1996 2962 dicta,
2024 2897 2109 2951 vel

515 2993 658 3063 quod
713 2991 827 3061 ipsa
873 2991 1037 3046 arbor
1080 2988 1260 3060 patula
1305 2988 1377 3043 sit
1418 2996 1476 3042 et
1501 2988 1716 3058 ampla;
1766 3002 1894 3042 nam
1931 2987 2108 3059 platos

514 3082 689 3140 Graeci
717 3082 881 3136 latum
924 3092 1140 3137 vocant.
1171 3080 1453 3149 Expressit
1494 3079 1654 3150 hujus
1700 3079 1916 3135 arboris
1956 3078 2105 3135 Scri-
2132 3066 2176 3126 (ἶ

514 3183 671 3246 ptura
699 3182 755 3228 et
774 3189 971 3228 nomen
999 3182 1056 3229 et
1085 3172 1337 3237 formam,
1367 3173 1553 3227 dicens
1578 3190 1591 3225 :
1622 3190 1641 3223 σ
1666 3171 1830 3239 Quasi
1856 3171 2106 3242 platanus

514 3267 738 3321 dilatata
767 3281 885 3320 sum
934 3265 987 3318 in
1018 3264 1229 3334 plateis.
1267 3282 1287 3316 ι
1319 3262 1417 3317 Est
1458 3271 1638 3316 autem
1668 3262 1980 3317 tenerrimis
2028 3262 2108 3315 fo-

516 3357 604 3413 liis
632 3373 695 3412 ac
723 3356 975 3411 mollibus
997 3364 1053 3411 et
1073 3356 1259 3410 vitium
1287 3354 1500 3409 similis.
1526 3353 1751 3425 Mystice
1779 3362 1960 3409 autem
1990 3355 2105 3409 hare

515 3448 679 3502 arbor
701 3446 987 3501 Dominum
1012 3444 1291 3500 Christum
1319 3442 1611 3514 signiﬁcat.
1635 3442 1729 3513 qui
1754 3442 1806 3496 in
1840 3451 1954 3500 toto
1974 3444 2106 3499 orbe

514 3539 571 3593 in
614 3537 876 3592 membris
897 3536 1012 3590 suis
1038 3535 1318 3599 dilatatur,
1352 3542 1409 3589 et
1441 3534 1871 3590 mansuetudinis
1911 3550 1977 3590 ac
2025 3534 2107 3588 in-

516 3628 781 3684 nocentiae
828 3642 938 3681 sum
979 3626 1177 3695 ubique
1226 3624 1474 3680 ﬁdelibus
1517 3624 1799 3680 salutifera
1838 3633 2108 3681 monstrat

514 3718 780 3790 exempla.
827 3718 903 3772 De
941 3732 1045 3787 qua
1087 3716 1283 3772 arbore
1329 3716 1383 3770 in
1420 3715 1642 3786 psalmis
1682 3718 1945 3788 scriptum
1974 3727 2100 3773 est:

520 3828 539 3860 ι
576 3809 644 3863 Et
671 3809 774 3864 erit
807 3816 1062 3878 tanquam
1106 3806 1310 3876 lignum
1332 3806 1476 3876 quod
1514 3807 1817 3877 plantatum
1844 3817 1928 3864 est
1949 3823 2106 3864 secus

516 3900 777 3955 decursus
802 3913 1061 3969 aquarum
1090 3896 1315 3969 (Psalm.
1346 3898 1403 3969 l).
1436 3918 1453 3949 ι
1480 3898 1645 3961 Bene.
1670 3908 1729 3954 ut
1751 3900 2008 3966 arbitror,
2037 3900 2104 3955 li-

516 4005 623 4061 gno
652 3990 932 4046 fructifero
952 3999 1302 4060 comparatus
1326 3998 1410 4044 est
1433 3990 1693 4051 Dominus
1719 3990 1968 4047 Christus
1989 4006 2108 4061 pro-

517 4088 640 4151 pter
673 4095 909 4145 crucem,
952 4096 1117 4150 quam
1166 4095 1264 4150 pro
1310 4080 1591 4135 hominum
1637 4082 1812 4136 salute
1845 4083 2105 4152 suscepit,

515 4186 638 4242 quae
668 4173 862 4226 merito
895 4172 1096 4243 lignum
1142 4172 1270 4227 vita:
1294 4170 1517 4238 dicitur,
1547 4173 1765 4244 quando
1801 4183 1854 4229 et
1897 4174 1966 4229 ibi
1997 4176 2105 4231 Do-

517 4264 699 4319 minus
719 4263 986 4328 Christus,
1015 4263 1107 4332 qui
1137 4264 1351 4318 estvita
1376 4271 1581 4329 nostra,
1609 4279 1903 4335 suspensus
1923 4273 2026 4328 εει,
2050 4274 2109 4321 ει

516 4353 711 4409 latroni
737 4354 790 4408 in
813 4352 1000 4409 ead‘em
1031 4352 1307 4409 conﬁtenti
1334 4351 1539 4408 dictum
1563 4361 1686 4408 est:
1727 4373 1743 4404 ι
1780 4353 1952 4408 Amen
1982 4354 2105 4410 dico

2212 1796 2545 1862 nationibus,
2582 1807 2639 1851 ut
2675 1815 2865 1855 omnes
2894 1813 3248 1870 agnoscerent
3282 1821 3384 1859 suze
3407 1806 3566 1862 salutis
3598 1809 3699 1864 ineo

2212 1887 2510 1943 consistere
2553 1888 2845 1953 effectum,
2904 1901 2959 1945 et
3019 1894 3242 1963 pminde
3291 1894 3589 1966 Redemptori
3630 1913 3701 1952 suo

2212 1978 2406 2033 merito
2434 1993 2492 2034 se
2515 1979 2828 2050 impendere
2858 1983 3058 2039 debere
3098 1999 3285 2055 purum
3325 1986 3585 2042 dilectionis
3605 1988 3700 2041 atie-

2211 2077 2378 2125 ctum.

2288 2178 2307 2210 ‹
2337 2159 2489 2214 Sicut
2536 2161 2941 2218 cinnamomum
2988 2174 3047 2221 et
3096 2167 3383 2223 balsamum
3417 2150 3703 2224 aromatizaas

2217 2267 2236 2299 ι
2264 2250 2484 2304 odorem
2513 2252 2655 2306 dedi.
2689 2273 2707 2304 ι
2734 2254 3151 2312 Cinnamomum
3178 2267 3234 2313 et
3250 2258 3523 2315 balsamum
3546 2275 3703 2314 aroma-

2213 2338 2334 2394 ticm
2357 2342 2585 2397 arbores
2625 2351 2769 2398 sunt.
2812 2344 2949 2401 Nam
2971 2348 3365 2404 cinnamomum
3388 2352 3577 2417 dictum,
3602 2351 3703 2423 quod

2211 2439 2400 2487 cortex
2427 2430 2543 2501 ejus
2568 2432 2622 2487 in
2645 2435 2860 2490 modum
2884 2452 3077 2493 canum
3101 2439 3172 2494 sit
3198 2441 3441 2496 rotundus
3456 2452 3503 2496 et
3524 2442 3702 2511 gracilis.

2211 2521 2462 2594 Gignitur
2494 2524 2548 2578 in
2599 2525 2765 2582 Indiae
2811 2536 2866 2583 et
2907 2528 3203 2603 Ethiopian
3250 2532 3707 2604 rcgionibus,frutioe

2211 2613 2361 2668 brevi
2383 2614 2612 2670 duorum
2635 2625 2844 2676 tantum
2869 2620 3202 2688 cubitorum,
3228 2623 3399 2678 colore
3417 2624 3629 2695 subnigro
3646 2621 3706 2677 vel

2210 2705 2453 2771 cinereo,
2474 2707 2914 2764 tenuissimarum
2937 2712 3236 2783 virgarum.
3258 2714 3382 2768 Nam
3401 2714 3524 2784 quod
3543 2714 3585 2768 in
3603 2728 3712 2769 crasr

2211 2795 2500 2851 situdinem
2520 2797 2850 2863 extenditur,
2880 2800 3303 2871 despectui‘est;
3332 2803 3461 2873 quod
3500 2817 3604 2857 vero
3622 2816 3705 2871 gra-

2208 2887 2366 2943 cilius
2383 2890 2715 2959 provenerit,
2747 2891 3045 2961 eximium;
3090 2893 3233 2963 quod
3262 2910 3378 2950 cum
3405 2894 3640 2965 frangitur,
3656 2892 3712 2945 vi-

2210 2979 2366 3036 sibile
2385 2981 2774 3050 spiramentum
2806 2984 3012 3039 emittit
3058 2988 3125 3040 ad
3156 2987 3427 3057 imaginem
3450 2984 3620 3039 nebula
3643 2997 3709 3037 seu

2209 3070 2466 3142 pulveris.
2500 3070 2573 3125 De
2605 3071 2851 3127 balsamo
2879 3089 3006 3131 vero
3052 3076 3262 3132 Plinius
3285 3075 3539 3133 Secundus
3577 3076 3635 3130 ita
3653 3087 3714 3127 re.

2209 3166 2315 3220 fert
2338 3170 2356 3239 (
2379 3164 2494 3220 Lib.
2533 3185 2634 3232 xu,
2670 3186 2787 3240 cap.
2814 3170 2925 3241 ‘24)
2958 3186 2974 3225 :
3023 3192 3042 3223 ι
3072 3173 3132 3227 In
3178 3173 3361 3229 eodem
3389 3182 3541 3227 tractu
3586 3169 3715 3224 balsa-

2210 3275 2355 3314 mum
2383 3260 2696 3329 aspalathos
2737 3264 3003 3328 nascitur,
3055 3266 3210 3336 spina
3249 3266 3484 3331 candida,
3517 3262 3720 3334 magnittr

2207 3350 2331 3405 dine
2353 3352 2565 3406 arboris
2604 3353 2854 3420 modicae,
2876 3355 3014 3411 ﬂore
3056 3371 3215 3422 τοδε,
3240 3356 3384 3412 radix
3411 3355 3514 3424 ejus
3536 3365 3719 3424 unguetr

2209 3443 2280 3496 tis
2302 3442 2595 3512 expetitur.
2630 3442 2873 3499 Tradunt
2911 3446 2964 3500 in
3015 3462 3340 3518 quocunque
3371 3446 3545 3501 frutice
3580 3456 3722 3498 curve-

2209 3540 2300 3586 tur
2340 3547 2501 3588 arcus
2535 3532 2772 3589 caelestis
2796 3574 2812 3599 ,
2854 3535 3106 3592 eamdem
3152 3552 3462 3607 quocunque.
3504 3530 3721 3603 aspalatho

2208 3623 2536 3678 suavitatem
2560 3624 2744 3680 odoris
2766 3625 3023 3692 existere,
3064 3628 3162 3683 sed
3183 3629 3237 3683 in
3264 3627 3488 3684 balsamo
3510 3625 3724 3680 inenarra-

2208 3715 2369 3770 bilem
2390 3717 2702 3785 quamdam.
2724 3718 2953 3784 Quidam
2982 3720 3111 3775 eam
3135 3722 3532 3794 erysisceptrum
3557 3722 3723 3776 vocant.

2208 3808 2300 3863 alii
2328 3818 2636 3879 sceptrum;
2665 3808 2818 3879 cujus
2853 3812 3109 3880 probatio
3148 3824 3234 3871 est
3265 3815 3319 3870 in
3355 3813 3522 3870 colore
3552 3806 3652 3864 rufo
3667 3804 3728 3860 vel

2208 3900 2383 3971 igneo,
2414 3909 2670 3971 tactuque
2715 3903 2910 3971 spisso,
2942 3912 2998 3958 et
3023 3906 3197 3962 odore
3226 3904 3467 3961 castorei.
3506 3902 3730 3957 Permuta-

2209 3997 2296 4044 tur
2319 3990 2373 4044 in
2418 3990 2587 4046 libras
2613 3992 2941 4061 quindecim.
2969 4012 2988 4044 ι
3028 3994 3159 4050 Haec
3201 4010 3330 4067 ergo
3366 3995 3465 4049 duo
3501 3985 3731 4046 arbuscula

2206 4095 2306 4149 pro
2333 4081 2417 4135 sui
2441 4081 2707 4136 brevitate
2732 4098 2763 4136 a
2788 4084 3116 4153 quibusdam
3142 4086 3286 4142 inter
3311 4086 3497 4141 herbas
3527 4083 3733 4152 deputati.

2210 4180 2299 4225 tur
2321 4170 2650 4238 odoriferas,
2673 4188 2793 4243 qua:
2822 4184 2968 4230 recte
2991 4192 3096 4246 pro
3123 4177 3242 4247 ipsa
3286 4175 3535 4234 brevitate
3554 4168 3735 4227 humiles

2207 4263 2422 4333 spiritu,
2448 4279 2681 4333 quorum
2726 4274 2810 4320 est
2856 4282 3084 4338 regnum
3123 4269 3404 4331 malorum,
3444 4264 3733 4337 signiﬁcant

2208 4354 2300 4423 qui
2322 4355 2475 4423 quasi
2501 4370 2775 4425 purpureo
2804 4358 2987 4413 vestiti
3016 4359 3225 4425 colore,
3273 4374 3477 4428 semper
3502 4352 3737 4411 Dominiee

515 4442 635 4509 tibi,
661 4442 822 4497 hodie
847 4457 1059 4498 mecum
1088 4441 1197 4496 eris
1223 4442 1275 4496 in
1301 4443 1575 4510 paradiso.
1608 4462 1627 4494 ι
1661 4443 1901 4513 Denique
1925 4451 1979 4498 et
2000 4444 2099 4499 ho-
2128 4435 2181 4495 D
2208 4455 2333 4499 sunt
2359 4446 2627 4514 passionis
2672 4461 2962 4513 memores,
2990 4464 3214 4520 semper
3240 4451 3343 4522 ipsi
3380 4450 3442 4505 ad
3485 4444 3737 4519 patiendum

515 4534 604 4590 die
629 4533 805 4589 omnis
828 4533 881 4587 in
906 4547 972 4587 eo
999 4533 1229 4587 credens
1249 4541 1467 4588 aeternae
1506 4534 1634 4588 vita:
1659 4534 1798 4588 dona
1818 4535 2105 4604 consequi-

517 4635 636 4691 tur;
661 4627 791 4689 sive,
819 4634 879 4680 ut
904 4626 1130 4681 historia
1153 4625 1341 4689 refert,
1368 4625 1570 4697 lignum
1589 4640 1777 4680 revera
1802 4626 1901 4681 fuit
1928 4629 1981 4681 in
2004 4644 2103 4699 pa-

513 4720 697 4776 radiso
731 4718 982 4790 perennis
1007 4719 1154 4785 vitae,
1176 4718 1223 4773 si
1247 4717 1581 4773 detestabilis
1606 4718 1970 4774 inobedientia
1994 4736 2103 4776 non

2207 4550 2309 4605 pro
2346 4536 2574 4591 Domino
2600 4537 2793 4607 parati,
2824 4538 3000 4608 qualis
3030 4549 3156 4595 erat
3200 4542 3292 4613 qui
3341 4540 3415 4594 ait
3440 4557 3453 4593 :
3481 4558 3499 4591 ι
3524 4533 3737 4604 Quoniam

2206 4634 2427 4696 propter
2466 4634 2519 4682 te
2559 4636 2735 4682 morte
2761 4627 3028 4685 afﬁcimur
3054 4640 3170 4687 tota
3198 4633 3309 4697 die,
3334 4630 3571 4687 astimati
3597 4636 3739 4682 sumus

2207 4727 2265 4771 ut
2284 4732 2415 4773 oves
2441 4718 2731 4774 occisionis
2751 4719 2924 4791 (Ρεαι.
2949 4724 3133 4793 me).
3163 4742 3183 4775 ι
3211 4722 3344 4778 Nam
3367 4735 3420 4778 et
3442 4722 3549 4775 haec
3566 4725 3638 4774 est
3658 4713 3737 4766 Vir-

517 4810 725 4867 fuisset.
784 4812 937 4868 Unde
984 4814 1128 4868 enim
1179 4827 1330 4869 mors
1380 4812 1657 4869 habuisset
1708 4814 2008 4880 introitum,
2058 4833 2103 4872 St
2149 4815 2180 4851 ἰ
2208 4818 2313 4871 lus,
2345 4825 2467 4879 quae
2497 4810 2734 4866 maxime
2756 4811 2898 4866 inter
2926 4829 3027 4869 nos
3066 4815 3378 4871 animorum
3419 4823 3585 4868 motus
3614 4824 3667 4862 ac
3685 4805 3740 4858 ιτ·

515 4901 685 4956 Adam
710 4911 1065 4960 monstrasset
1085 4904 1388 4960 devotionis
1402 4903 1689 4960 affectum?
1716 4905 1853 4962 Hinc
1874 4909 2107 4963 sanctis-

518 4989 640 5043 simi
678 4989 869 5047 Patres
894 4993 1214 5048 suavissima
1241 4994 1401 5049 mella
1444 4997 1793 5060 sudav'erunt,
1820 4997 2064 5052 dicentes
2089 5014 2102 5050 :

524 5094 542 5129 ι
578 5077 734 5133 Dedit
754 5082 1088 5145 mandatum,
1115 5092 1175 5138 ut
1213 5085 1480 5140 inveniret
1522 5086 1808 5141 arbitrium
1836 5103 1850 5141 :
1878 5087 1998 5142 ﬁxit
2024 5088 2104 5142 lc-

518 5183 663 5239 gem,
687 5177 749 5225 ut
781 5169 985 5226 faceret
1003 5173 1321 5229 cautiorem.
1352 5194 1371 5227 ι
1402 5174 1511 5230 Sed
1548 5176 1638 5232 ille
1661 5193 1783 5233 cum
1808 5178 2107 5249 improvide

517 5269 738 5319 secutus
765 5269 849 5317 est
871 5262 1102 5329 hostem,
1127 5274 1182 5319 et
1202 5264 1489 5321 infeliciter
1514 5267 1639 5322 vitae
1674 5268 1891 5339 reliquit
1918 5278 2108 5324 aucto-

520 5369 655 5420 rem,
695 5363 823 5411 tunc
865 5353 1198 5412 lamentabili
1243 5364 1391 5412 sorte
1419 5358 1676 5430 deceptus
1703 5360 1871 5415 vitam
1914 5375 2104 5431 perpe-

519 5455 687 5511 tuam,
719 5462 879 5516 quam
904 5462 1253 5517 posscssurus
1277 5456 1419 5514 erat,
1445 5451 1649 5517 amisit,
1674 5459 1728 5505 et
1765 5452 1820 5505 in
1849 5458 2102 5513 mortem,

519 5551 681 5605 quam
711 5555 815 5595 non
839 5539 1090 5604 habebat,
1119 5540 1365 5596 incurrit.
1396 5540 1502 5597 Sed
1524 5551 1586 5598 ut
1622 5542 1688 5598 ad
1733 5549 2007 5612 conceptae
2029 5541 2105 5597 si-

519 5627 841 5686 militudinis
869 5631 1114 5687 instituta
1142 5632 1445 5698 redeamus,
1479 5634 1623 5702 quod
1649 5633 1779 5689 dicit
1801 5633 2102 5704 plantatum

2208 4900 2406 4956 scivias
2429 4902 2583 4971 quasi
2629 4902 2899 4960 viscerum
2930 4905 3151 4962 dolores
3200 4908 3467 4978 castigare
3507 4919 3567 4959 ac
3597 4900 3739 4957 tollat?

2207 4994 2507 5049 consuevit.
2547 4992 2683 5049 Cum
2709 4995 3072 5067 recogitantes
3114 4997 3250 5068 quid
3293 5014 3391 5068 pro
3419 4995 3564 5050 nobis
3595 5000 3741 5062 passm

2208 5094 2293 5139 est
2322 5084 2482 5148 Deus,
2506 5085 2687 5140 minus
2722 5101 2824 5142 nos
2856 5087 2969 5158 pati
3008 5104 3175 5157 quam
3215 5103 3505 5153 meremur,
3533 5092 3741 5155 agnosca-

2207 5188 2350 5228 mus.
2376 5173 2519 5229 Bene
2546 5190 2677 5247 ergo
2696 5176 3099 5249 conjunguntur
3118 5180 3515 5236 cinnamommn
3536 5184 3582 5231 et
3606 5171 3743 5229 balsa'

2210 5283 2379 5334 mum,
2427 5270 2552 5339 quia
2593 5272 2887 5328 Dominicae
2912 5274 3189 5345 passionis
3235 5280 3563 5331 sacramento
3585 5272 3740 5323 nostri!

2208 5375 2471 5416 conversa
2479 5362 2640 5418 tionis
2656 5363 2987 5425 conformari
3010 5366 3178 5423 debet
3197 5376 3393 5432 status,
3407 5373 3464 5420 ut
3473 5362 3609 5433 juxta
3621 5355 3741 5413 Joan‘

2208 5451 2296 5507 nis
2324 5453 2671 5518 sententiam,
2696 5455 2836 5511 sicut
2859 5456 2948 5513 ille
2968 5472 3066 5528 pro
3088 5459 3254 5514 nobis
3269 5458 3498 5512 animam
3522 5464 3650 5507 suam
3668 5460 3740 5515 p0-

2208 5542 2335 5608 suit,
2355 5543 2427 5597 ita
2453 5552 2508 5598 et
2530 5560 2629 5600 nos
2647 5545 2922 5603 discamus
2946 5564 3045 5619 pro
3066 5546 3336 5605 fratribus
3355 5547 3549 5603 animas
3567 5545 3738 5595 nostras

2210 5646 2411 5701 ponere
2436 5633 2489 5706 (1
2511 5633 2673 5690 Joan.
2707 5636 2813 5709 ιη).
2835 5636 2971 5692 Nam
2997 5639 3145 5709 quod
3174 5638 3558 5694 cinnamomum
3580 5626 3736 5684 colons
