3902 6162
336 266 438 322 955

1199 266 1551 324 COMMENT.
1596 266 1662 321 lN
1705 266 2315 325 ECCEESIASTICUM.
2361 305 2425 312 —
2466 272 2590 329 LIB.
2632 272 2693 329 Υ.

3504 286 3610 343 9ὗὸ

333 381 575 452 subnigri
603 382 683 437 vel
711 385 1054 443 cinereicsse
1086 388 1420 458 perhibetur,
1451 389 1647 443 animis
1673 390 1924 459 congruit
1956 392 1996 447 Α
2030 404 2154 441 mnu
2209 390 2485 446 adhibent.
2546 391 2678 447 Nam
2718 400 2900 447 storax
2950 396 3112 451 arbor
3160 397 3373 455 Arabia:
3424 403 3616 459 similis

332 470 634 537 humilium,
666 467 756 540 qui
789 474 1094 546 fragilitatis
1137 480 1369 549 propria:
1406 481 1609 535 conscii
1651 479 1919 549 quotidia-

329 561 416 615 nis
438 561 491 615 in
520 564 771 631 precibus
794 566 903 619 Deo
923 567 1105 623 dicere
1150 579 1386 623 norunt:
1423 590 1440 620 ι
1471 570 1687 640 Loquar
1717 571 1783 624 ad
1808 569 1913 625 Do-

332 656 538 707 minum
561 669 738 708 meum
763 670 884 709 cum
913 658 1011 711 sim
1038 658 1211 727 pulvis
1234 668 1289 713 ct
1309 660 1445 714 cinis
1462 660 1671 731 (Cenes.
1690 659 1867 731 xvnt).
1896 680 1914 711 υ

310 742 398 796 Et
426 744 661 798 iterum:
699 764 717 795 ι
751 745 868 816 ipse
912 763 998 801 me
1027 750 1384 819 reprehendo,
1426 759 1482 806 et
1522 766 1622 820 ago
1653 751 1922 821 pmniten-

331 835 459 888 tiam
491 835 541 887 in
571 833 748 888 favilla
774 848 829 890 et
854 837 1034 893 (inere
1063 838 1184 911 (Job
1236 840 1389 912 xm).
1422 840 1574 907 Quod
1598 850 1779 896 autem
1800 841 1919 895 bal-

329 940 540 977 samum
568 924 732 994 spinae
762 927 999 982 candidae
1038 929 1445 985 similitudinem
1478 930 1642 987 habet
1670 930 1801 987 ﬂore
1827 946 1918 988 ro-

330 1028 447 1077 seo,
476 1013 744 1085 significat
772 1017 914 1085 quod
946 1017 1183 1073 dolorem
1222 1021 1487 1089 passionis
1515 1021 1809 1077 Dominica:
1862 1022 1914 1075 in

331 1113 515 1158 nostra
538 1107 961 1161 conversationis
989 1110 1232 1178 angustia
1255 1110 1494 1178 quotidie
1518 1110 1775 1167 debemus
1797 1112 1917 1165 imi-

332 1195 456 1247 tari.
503 1194 663 1249 Juxta
713 1195 840 1249 illud
872 1197 1283 1268 evangelicum:
1317 1218 1335 1250 ι
1369 1199 1472 1266 Qui
1519 1200 1672 1266 vult,
1717 1201 1913 1270 inquit,

328 1290 514 1343 venire
553 1298 674 1359 post
700 1306 807 1355 me,
837 1290 1066 1363 abneget
1102 1294 1474 1364 semetipsum,
1498 1304 1553 1348 ct
1598 1295 1751 1350 tollat
1792 1310 1918 1349 cru-

326 1393 445 1432 cem
470 1395 620 1436 suam
644 1382 905 1450 quotidie,
928 1391 984 1436 et
1025 1393 1285 1452 sequatur
1312 1401 1395 1440 me
1421 1385 1573 1457 (Luc.
1593 1386 1692 1457 ix).
1716 1407 1734 1437 ι
1761 1387 1913 1453 Quod

326 1480 507 1524 autem
540 1473 689 1525 radix
717 1472 832 1542 ejus
860 1475 1149 1543 unguentis
1183 1478 1477 1546 expetitur,
1522 1478 1792 1549 signiﬁcat
1815 1478 1914 1542 hu,-

324 1562 609 1616 militatem
663 1563 864 1617 Christi
909 1566 1149 1619 omnium
1198 1568 1458 1621 virtutum
1508 1570 1726 1624 odorem
1765 1584 1913 1623 com-

324 1644 613 1716 mendare,
660 1662 713 1707 et
748 1654 814 1707 ad
857 1655 1177 1709 suavitatem
1206 1666 1422 1711 mterna:
1462 1657 1758 1712 dulcedinis
1802 1657 1912 1711 elo-

321 1744 429 1796 etis
461 1744 551 1798 Dei
587 1744 911 1800 redundare.

401 1850 419 1880 ι
457 1831 621 1898 Quasi
650 1834 867 1902 myrrha
898 1833 1071 1888 electa
1115 1835 1235 1889 dedi
1288 1837 1609 1891 suavitatem
1645 1837 1851 1913 odoris.
1886 1856 1904 1888 ›

322 1920 389 1973 Et
414 1922 541 1990 quid
572 1938 668 1990 per
690 1925 963 1993 myrrham
994 1924 1221 1981 electam
1266 1927 1371 1981 nisi
1400 1927 1682 1982 laudabilis
1704 1936 1912 1983 sancto-

321 2027 442 2064 rum
491 2013 819 2068 continentia
861 2015 1294 2071 demonstratur?
1348 2034 1469 2088 quzc
1516 2019 1568 2073 in
1618 2029 1911 2088 conspectu

324 2105 537 2160 Domini
567 2105 731 2161 odore
754 2109 1079 2163 suavissimo
1110 2109 1333 2180 fragrat,
1366 2111 1489 2180 quia
1530 2126 1648 2165 eam
1672 2111 1912 2165 charita—

322 2197 394 2250 tis
412 2198 636 2253 dulcedo
659 2200 1122 2256 abundantissime
1140 2200 1456 2256 inﬂammat.
1475 2201 1691 2272 Myrrha
1714 2202 1913 2271 quippe

318 2299 376 2346 et
403 2291 521 2344 aloe
546 2291 932 2345 continentiam
955 2292 1136 2346 carnis
1154 2292 1482 2361 exprimunt,
1505 2291 1630 2361 quia
1657 2291 1911 2346 nimirum

318 2389 514 2443 horum
561 2396 768 2442 natum
805 2394 892 2442 est
918 2394 1243 2451 aromatum,
1273 2395 1335 2441 ut
1377 2394 1536 2442 uncta
1581 2402 1644 2441 ex
1681 2386 1761 2441 eis
1787 2401 1912 2441 cor-

315 2497 449 2550 pora
494 2480 871 2535 defunctorum
917 2480 1140 2535 minime
1185 2488 1523 2551 putrescant,
1560 2479 1702 2533 sicut
1729 2477 1911 2532 Domi-

316 2571 456 2625 nic:e
493 2585 708 2640 quoque
745 2570 1034 2641 sepulturae
1073 2571 1395 2625 documenta
1442 2576 1729 2623 testantur.
1768 2567 1912 2634 Quo-

319 2662 482 2716 modo
533 2661 676 2716 enim
729 2661 1004 2731 corruptio
1049 2668 1276 2716 mortua:
1330 2661 1510 2714 carnis
1568 2659 1910 2729 putredinem

316 2755 566 2818 luxuriaa,
591 2755 663 2807 ita
692 2753 975 2808 conditura
1008 2752 1127 2822 ejus
1152 2750 1262 2821 (ubi
1295 2752 1469 2821 typice
1499 2751 1550 2803 in
1581 2751 1780 2804 bonum
1822 2764 1914 2803 ac-

315 2844 540 2916 cipitur)
568 2844 822 2899 virtutem
852 2843 1198 2899 continentia:
1219 2850 1271 2896 ct
1293 2843 1580 2907 rastitatis,
1601 2857 1721 2911 quin
1743 2854 1913 2895 mem-

316 2937 417 2991 bra
449 2943 636 2989 nostra
675 2949 704 2987 a
741 2933 889 2987 vitiis
940 2931 1203 2997 refrenat,
1237 2932 1513 3002 aptissime
1554 2932 1909 2985 demonstrat.

316 3027 418 3081 Est
436 3035 619 3080 autem
644 3026 864 3096 myrrha
889 3025 1053 3079 arbor
1078 3024 1308 3085 Arabim,
1334 3023 1634 3078 altitudinis
1663 3023 1727 3076 ad
1755 3023 1910 3092 quin-

316 3134 425 3187 que
470 3117 705 3181 cuhitos,
748 3116 941 3171 similis
977 3115 1162 3185 spinae,
1197 3130 1358 3184 quam
1399 3114 1667 3168 acanthon
1711 3122 1909 3169 vocant

313 3210 511 3270 Graeci,
540 3207 692 3277 cujus
714 3216 865 3279 gutta
894 3207 1083 3261 viridis
1113 3214 1275 3277 atque
1321 3221 1531 3269 amara,
1568 3206 1711 3260 unde
1736 3215 1791 3261 et
1811 3220 1908 3260 no-

315 3315 444 3354 men
475 3298 685 3368 accepit
726 3298 965 3368 myrrha.
991 3296 1121 3364 Quae
1144 3304 1338 3352 cuncta
1367 3295 1767 3351 mortificationi
1789 3311 1909 3350 car-

320 3391 407 3445 nis
429 3399 554 3458 apte
582 3394 902 3458 congruunt,
933 3401 1054 3456 qua:
1097 3401 1283 3440 amara
1309 3385 1375 3438 ad
1407 3394 1616 3453 tempus
1653 3384 1904 3448 sentitur,

313 3482 412 3537 sed
445 3482 496 3535 in
525 3496 619 3550 spe
649 3494 863 3550 semper
898 3478 1126 3533 virentis
1149 3477 1338 3548 patrire
1366 3476 1718 3532 libentissime
1737 3475 1911 3531 susci-

313 3576 495 3645 pitur;
552 3574 695 3629 illius
722 3572 991 3638 videlicet,
1019 3572 1085 3627 de
1109 3587 1215 3642 qua
1247 3572 1441 3626 Petrus
1464 3570 1576 3624 ait:
1611 3589 1628 3621 ι
1664 3570 1910 3641 Regene—

315 3667 463 3721 ravit
500 3681 599 3721 nos
643 3666 696 3719 in
740 3680 889 3734 spem
924 3666 1100 3719 vivam
1146 3679 1245 3733 per
1286 3663 1740 3718 resurrectionem
1780 3661 1908 3717 Jesu

317 3758 520 3813 Christi
547 3774 613 3811 ex
657 3758 906 3822 mortuis,
957 3756 1009 3810 in
1037 3755 1407 3810 haereditatem
1447 3752 1907 3824 iucgrruptilzilem

315 3857 375 3903 et
431 3848 910 3904 incontaminatam
960 3846 1009 3919 (I
1042 3845 1184 3900 Petr.
1233 3845 1296 3917 l),
1327 3865 1345 3896 ι
1382 3814 1905 3907 imma‘rcescihilem,

314 3944 695 3994 conservatam
741 3935 793 3989 in
818 3935 972 3991 etelis
998 3935 1051 3989 in
1082 3935 1253 3989 vobis.
1288 3934 1469 4004 Spinte
1499 3941 1681 3987 autem
1712 3931 1909 3987 merito

319 4025 625 4090 confertur,
645 4027 773 4098 quia
804 4035 866 4081 ut
912 4035 1150 4081 mentem
1189 4033 1451 4096 perpetuo
1480 4024 1672 4089 salvet,
1713 4038 1911 4093 corpus

318 4118 566 4173 laborum
614 4118 995 4187 punctionibus
1048 4117 1418 4186 temporaliter
1464 4114 1679 4184 aﬂligit;
1709 4116 1805 4170 sed
1856 4123 1911 4170 et

315 4214 423 4268 hoc
448 4212 590 4281 quod
624 4220 776 4284 gutta
812 4210 930 4280 ejus
975 4220 1166 4282 sponte
1209 4225 1437 4265 manans
1457 4208 1745 4279 pretiosior
1788 4215 1906 4269 est;

314 4305 499 4360 elicita
539 4313 718 4360 autem
763 4303 984 4359 corticis
1004 4303 1229 4357 vulnere
1257 4302 1413 4365 vilior
1448 4300 1742 4371 judicatur,
1787 4299 1910 4369 quis

313 4412 427 4452 non
476 4395 655 4450 videat
680 4396 901 4466 majoris
949 4401 1077 4449 ante
1126 4393 1295 4448 Deum
1343 4408 1465 4447 esse
1507 4392 1745 4455 virtutis,
1780 4406 1903 4445 cum

2028 477 2167 555 malo
2191 477 2421 543 Sidonii,
2443 479 2594 548 cujus
2614 480 2837 550 virgula:
2865 482 3007 537 inter
3037 486 3296 542 canicula:
3327 497 3502 544 ortum
3529 508 3616 547 cas

2024 567 2288 621 vernatim
2316 566 2606 639 lacrymam
2636 569 2826 624 ﬂuttnt.
2858 571 3144 628 Distillatio
3177 575 3298 643 ejus
3327 577 3380 631 in
3414 586 3614 636 terram

2022 656 2220 709 cadens
2261 660 2458 712 munda
2501 674 2606 712 non
2651 669 2736 714 est
2764 701 2777 724 ,
2826 662 2923 717 sed
2966 678 3086 716 eum
3135 667 3336 734 proprii
3389 671 3615 726 corticis

2022 746 2215 800 scrobe
2248 751 2530 810 servatur;
2567 747 2655 801 illa
2709 758 2886 802 autem
2929 767 3048 820 quae
3098 753 3263 825 virgis
3296 764 3351 810 et
3390 758 3615 815 calamis

2021 836 2301 893 inhmserit
2335 840 2530 893 munda
2557 849 2639 893 est
2669 850 2723 894 et
2745 842 2919 895 albida
2947 860 2960 908 ;
3005 844 3198 900 dehinc
3235 846 3374 902 fulva
3403 848 3462 903 ﬂt
3485 852 3614 907 solis

2020 943 2206 992 causa,
2231 940 2284 983 et
2314 929 2430 999 ipsa
2480 938 2659 983 storax
2710 932 2992 987 calamites
3037 935 3279 1004 pinguis,
3335 939 3609 1006 rcsinosa.

2019 1018 2202 1073 odoris
2235 1018 2482 1087 jucundi,
2515 1021 2783 1086 humecta,
2816 1030 2871 1075 et
2913 1023 3072 1078 veluti
3107 1026 3382 1081 mcllosum
3439 1029 3613 1099 liquo-

2017 1124 2135 1165 rem
2183 1112 2469 1174 emittens;
2518 1122 2701 1167 storax
2747 1122 2924 1169 autem
2960 1115 3124 1191 dicta,
3150 1119 3291 1187 quod
3341 1122 3409 1175 sit
3457 1133 3609 1192 gutta

2018 1200 2230 1255 arboris
2251 1200 2521 1272 profluens
2548 1212 2598 1258 et
2638 1206 2937 1275 congelata.
2985 1206 3117 1261 Nam
3145 1208 3317 1264 Graeci
3371 1210 3607 1283 Styriam

2018 1298 2223 1361 guttam
2254 1293 2461 1347 dicunt.
2485 1293 2672 1349 Grazcc
2706 1305 2884 1351 autem
2926 1307 3131 1368 styrax,
3163 1299 3352 1357 Latine
3396 1314 3608 1360 storaee

2018 1381 2234 1436 dicitur.
2262 1383 2561 1439 Galbanum
2590 1397 2793 1453 autem,
2825 1399 2884 1443 ut
2917 1389 3123 1446 Plinius
3149 1392 3313 1448 refert
3343 1395 3478 1467 (Lib.
3506 1414 3607 1461 xu,

2019 1488 2138 1542 cap.
2161 1472 2273 1544 25).
2304 1474 2567 1547 datSyria
2602 1478 2654 1531 in
2681 1479 2890 1534 Amano
2913 1491 3124 1547 monte;
3155 1483 3444 1554 ferulmque
3465 1486 3606 1556 ejus-

2016 1559 2136 1615 dem
2176 1564 2410 1618 nominis
2464 1567 2655 1621 resina:
2699 1570 2876 1634 modo,
2905 1572 3047 1640 quod
3092 1574 3383 1643 stagonitin
3422 1580 3606 1647 appel-

2017 1650 2173 1726 lant‘:
2213 1654 2447 1709 maxime
2496 1655 2716 1710 laudant
2760 1657 3194 1730 cartilaginosum
3220 1703 3233 1726 ,
3279 1680 3503 1734 pttrum,
3537 1666 3605 1720 ad

1939 1734 2419 1799 Bsimilitudinem
2485 1748 2873 1813 amtnouiaeze,
2934 1752 3263 1822 minimeque
3314 1756 3601 1826 lignosum.

2015 1833 2222 1904 Ungula
2251 1844 2431 1889 autem
2459 1837 2646 1890 eadem
2672 1846 2777 1903 est,
2803 1854 2921 1908 quin
2952 1841 3002 1894 in
3026 1842 3207 1897 Exodo
3231 1860 3401 1916 onyea
3432 1849 3606 1901 nomi-

2012 1932 2175 1977 natur
2217 1923 2415 1996 (Exod.
2468 1926 2597 1998 xxx)
2628 1945 2641 1980 :
2672 1944 2792 1997 qua:
2841 1945 2962 1984 cum
3001 1933 3212 1987 cretei-is
3267 1938 3603 1991 aromatihus

2012 2014 2079 2068 ad
2134 2014 2428 2085 thymiama
2469 2017 2862 2072 conficiendum
2920 2019 3133 2074 Domini
3174 2022 3329 2091 jussu
3384 2025 3600 2080 decreta

2011 2114 2126 2171 est;
2165 2122 2284 2175 qua:
2308 2116 2486 2160 autem
2511 2106 2700 2163 Grmce
2742 2125 2908 2181 onyx,
2933 2112 3047 2165 hinc
3078 2112 3271 2168 Latine
3297 2117 3490 2186 ungula
3520 2118 3602 2171 di-

2015 2194 2177 2260 citur,
2204 2211 2268 2249 eo
2311 2198 2452 2265 quod
2508 2198 2560 2251 in
2604 2199 2821 2253 modum
2873 2218 3065 2272 unguis
3096 2204 3313 2259 humani
3369 2204 3599 2261 formata

2011 2286 2103 2341 sit.
2132 2285 2292 2342 Gutta
2322 2304 2470 2353 vero,
2495 2304 2614 2358 qua:
2640 2297 2697 2343 et
2729 2292 3063 2346 ammoniaca
3093 2294 3311 2361 dicitur,
3335 2296 3602 2368 lacrymas

2012 2378 2180 2432 stillat
2221 2378 2273 2432 in
2326 2380 2506 2433 arenis
2543 2381 2674 2435 suis.
2714 2379 2923 2436 Genera
2955 2384 3097 2438 enim
3135 2386 3273 2451 duo,
3336 2388 3436 2443 hoc
3488 2399 3600 2451 est,

2012 2475 2239 2532 Straton,
2278 2467 2421 2538 quod
2475 2471 2699 2525 masculi
2750 2472 2924 2528 thuris
2960 2475 3362 2531 similitudinem
3409 2479 3599 2540 habet,

2012 2555 2248 2627 illudque
2273 2559 2511 2613 maxime
2536 2559 2814 2629 probatur.
2844 2561 3084 2617 Alterum
3111 2565 3309 2637 pingue
3331 2577 3385 2620 et
3409 2582 3601 2619 areno-

2012 2662 2128 2701 sum
2159 2686 2175 2711 ,
2223 2647 2365 2716 quod
2403 2648 2609 2717 pirama
2657 2650 2960 2718 appellant;
3000 2652 3339 2707 adulteretur
3385 2656 3599 2717 arenis,

2009 2735 2157 2791 velut
2200 2738 2471 2792 nascendo
2501 2739 2885 2808 apprehensis:
2922 2743 3063 2811 quod
3109 2753 3287 2799 tamen
3342 2745 3512 2815 glebis
3546 2759 3602 2801 et

2011 2843 2175 2898 quam
2230 2829 2469 2884 minimis
2518 2831 2779 2900 probatur
2827 2841 2879 2887 et
2926 2833 3249 2902 purissimis.
3305 2835 3420 2904 Ipsa
3470 2853 3603 2908 ergo

2012 2928 2161 2992 gutta
2182 2921 2267 2975 vel
2294 2922 2628 2976 ammoniaca
2675 2925 2775 2978 hoc
2825 2924 3103 2980 medicinae
3156 2927 3338 2993 habet,
3364 2936 3424 2981 ut
3449 2938 3602 2985 curet

2014 3014 2244 3071 duritias
2274 3015 2450 3085 aliqua
2479 3017 2799 3071 necessitate
2828 3025 3154 3072 contractas.
3188 3017 3280 3073 lla:
3316 3036 3443 3091 ergo
3474 3037 3596 3092 5pc-

2011 3108 2122 3163 cies
2151 3116 2454 3162 aromatum
2482 3108 2768 3163 odoriferae
2815 3118 2960 3172 sunt,
2990 3111 3115 3180 quia
3153 3112 3362 3167 Domini
3392 3129 3598 3183 praece-

2009 3206 2103 3268 pto
2134 3198 2199 3251 ad
2238 3197 2531 3267 thymiama
2563 3197 2955 3253 conﬁciendum
2989 3202 3254 3269 deputatae
3298 3213 3443 3258 sunt.
3470 3205 3601 3260 Ubi-

2010 3301 2225 3356 cunque
2251 3287 2393 3340 enim
2421 3287 2620 3341 nostris
2651 3287 2924 3344 codicibus
2950 3289 3241 3359 thymiama
3267 3293 3515 3357 habetur,
3548 3296 3601 3348 in

2010 3375 2237 3430 llcbraro
2301 3377 2528 3430 necotha
2594 3376 2834 3447 legitur,
2903 3380 3044 3446 quod
3086 3377 3278 3449 Aquila
3333 3390 3599 3453 styracem

2010 3464 2317 3530 transtulit;
2351 3464 2620 3535 significat
2665 3466 2925 3520 orationis
2974 3467 3252 3523 incensum
3284 3486 3405 3525 cum
3435 3470 3603 3525 odore

2010 3572 2290 3612 sacrarum
2321 3558 2602 3611 virtutum.
2636 3557 2953 3626 Thymiama
2986 3574 3050 3612 ex
3093 3562 3424 3617 aromatibus
3451 3578 3599 3618 com-

2009 3647 2241 3718 positum
2268 3647 2515 3712 facimus,
2557 3663 2678 3701 cum
2710 3647 2763 3701 in
2793 3647 2965 3701 altare
2988 3648 3114 3703 boni
3140 3652 3319 3720 operis
3342 3654 3600 3707 virtutum

2011 3738 2408 3807 multiplicitate
2437 3737 2768 3793 redolemus:
2795 3739 2936 3807 quod
2963 3740 3189 3794 mixtum
3215 3751 3266 3796 et
3294 3757 3485 3811 purum
3514 3742 3595 3804 fit.

2008 3831 2135 3900 quia
2163 3837 2422 3899 quantum
2447 3830 2620 3883 virtus
2647 3830 2831 3883 virtuti
2875 3828 3147 3901 jungitur,
3178 3841 3383 3886 tantum
3408 3834 3596 3890 incen-

2008 3936 2126 3975 sum
2166 3920 2290 3974 boni
2316 3920 2495 3990 operis
2528 3919 2793 3974 sincerius
2818 3919 3124 3974 exhibetur.
3149 3920 3301 3976 Unde
3332 3921 3385 3976 in
3408 3922 3593 3978 Exodo

2010 4012 2146 4065 bene
2173 4008 2413 4063 dicitur:
2457 4026 2476 4059 ι
2505 4007 2749 4078 Cumque
2800 4007 2853 4061 in
2900 4007 3275 4063 tenuissimum
3323 4010 3600 4077 pulverem

2007 4101 2261 4154 universa
2312 4098 2653 4163 contuderis,
2688 4112 2858 4168 pones
2906 4111 2972 4152 ex
3019 4113 3084 4154 eo
3127 4113 3310 4154 coram
3348 4101 3601 4154 taberna-

2009 4195 2133 4250 culo
2161 4193 2458 4249 testimonii
2496 4192 2693 4265 (Exod.
2726 4191 2876 4264 xu).
2916 4211 2935 4245 ι
2988 4191 3045 4246 ln
3079 4191 3452 4247 tenuissimum
3481 4188 3601 4260 pul-

2008 4300 2192 4340 verem
2217 4291 2459 4338 aromata
2489 4283 2739 4337 universa
2768 4282 3128 4345 conterimus,
3158 4296 3282 4336 cum
3324 4280 3463 4334 bona
3498 4295 3596 4334 no-

2010 4384 2121 4431 stra
2148 4374 2299 4444 quasi
2348 4372 2401 4427 in
2438 4373 2547 4445 pilo
2582 4373 2764 4427 cordis
2790 4373 3002 4428 occulta
3049 4372 3384 4427 discussione
3419 4371 3599 4425 tundi-

311 4486 443 4556 quis
493 4501 687 4541 sanum
740 4443 937 4556 cbrpus
982 4500 1138 4540 suum
1184 4498 1249 4538 ac
1301 4490 1547 4554 vegetum
1578 4523 1593 4547 ,
1631 4443 1905 4536 arridente
1934 4443 1983 4502 Ι)
2009 4482 2149 4531 mus,
2177 4475 2233 4519 et
2261 4466 2305 4520 si
2333 4465 2601 4519 veraciter
2628 4464 2768 4518 bona
2794 4464 2902 4518 sint
2924 4462 3198 4518 subtiliter
3218 4470 3595 4516 rctractamus.

312 4580 483 4635 etiam
514 4577 646 4634 foris
673 4594 855 4633 rerum
885 4578 1059 4648 capia,
1104 4576 1374 4647 castigare
1399 4589 1464 4629 ac
1503 4573 1749 4629 servituti
1779 4574 1907 4627 sub-

309 4673 488 4741 jicere
515 4670 817 4734 contendit,
855 4684 1018 4739 quam
1060 4683 1182 4722 cum
1210 4681 1430 4737 pressus
1460 4664 1780 4735 aegritudine
1822 4662 1907 4719 vel

316 4763 442 4818 aliis
467 4762 650 4818 saeculi
675 4761 918 4817 adversis
956 4759 1159 4814 invitus
1183 4775 1212 4812 a
1242 4757 1460 4813 lascivia
1500 4769 1718 4810 carnem
1761 4768 1908 4809 com-

315 4854 517 4927 pescit,
571 4862 733 4923 atque
794 4854 861 4907 ad
913 4851 1255 4907 abstinentia:
1296 4849 1597 4903 remedium
1634 4845 1908 4901 coarctat?

317 4946 572 5019 quamvis
594 4954 647 5000 et
673 4945 777 4999 hoc
801 4944 941 4997 inter
967 4942 1197 5003 virtutes
1235 4954 1459 5009 magnas
1479 4939 1601 5008 jure
1643 4950 1905 4991 annume-

320 5035 436 5091 rari
462 5034 675 5099 debeat,
724 5047 846 5088 cum
879 5031 1085 5103 ﬂagella
1113 5031 1236 5099 quis
1265 5038 1503 5099 paterna:
1548 5024 1910 5095 correptionis

317 5126 631 5197 patienter,
673 5123 967 5184 humiliter,
1022 5127 1403 5193 gratanterque
1452 5117 1793 5187 suscipiens,
1841 5116 1908 5168 ad

317 5216 465 5271 dona
487 5229 585 5284 per
610 5213 728 5269 haec
767 5211 1050 5273 promissa:
1079 5207 1410 5263 hzereditatis
1452 5206 1745 5277 castigatus
1787 5219 1910 5275 per-

316 5307 556 5364 venerit.

402 5418 423 5451 c
442 5398 510 5453 Et
530 5399 685 5467 quasi
710 5405 891 5452 storax
914 5402 968 5450 et
988 5395 1267 5467 galbanus,
1286 5400 1343 5447 et
1362 5388 1585 5460 ungula,
1599 5396 1653 5443 et
1679 5395 1850 5457 gutta.
1882 5407 1897 5437 ι

322 5489 454 5547 Haec
481 5503 610 5560 ergo
630 5488 905 5559 pigmenta
940 5484 1330 5555 pretiosissima
1364 5482 1507 5551 apud
1537 5479 1775 5535 medicos
1817 5480 1912 5533 ha-

263 5566 278 5579 ’
321 5583 563 5646 bentur,
611 5587 667 5647 et
698 5577 1002 5650 significant
1048 5590 1144 5646 per
1197 5582 1596 5630 sacramentum
1649 5571 1909 5625 virtutum

320 5672 559 5746 species,
585 5686 722 5741 quas
751 5669 945 5724 medici
977 5666 1248 5739 spiritales
1274 5668 1340 5723 ad
1365 5665 1699 5721 curationem
1734 5663 1910 5717 hami-

2009 4559 2265 4613 Aromata
2279 4572 2408 4628 ergo
2434 4555 2487 4610 in
2500 4556 2777 4625 pulverem
2799 4555 3062 4626 redigere,
3091 4562 3174 4609 est
3194 4554 3423 4608 virtutes
3451 4566 3606 4606 reco—

2012 4647 2230 4718 gitando
2259 4654 2528 4710 terere,et
2551 4660 2722 4714 usque
2750 4645 2816 4700 ad
2846 4644 3201 4700 subtilitatem
3222 4644 3445 4699 occulta:
3473 4658 3602 4698 exa-

2014 4741 2328 4796 minationis
2360 4754 2638 4795 revocare.
2672 4738 2738 4791 Et
2783 4736 3081 4792 notandum
3123 4736 3266 4806 quod
3311 4736 3376 4789 de
3414 4735 3601 4790 eodem

2012 4832 2235 4901 pulvere
2266 4830 2503 4885 dicitur:
2542 4846 2561 4879 ι
2594 4827 2770 4883 Pones
2812 4842 2877 4881 ex
2916 4834 2981 4882 eo
3029 4841 3213 4881 coram
3255 4825 3603 4881 tabernaculo

2011 4919 2301 4977 testimonii
2328 4916 2539 4989 (Ibid.),
2579 4938 2597 4970 ι
2629 4918 2755 4988 quia
2784 4925 2912 4971 tunc
2939 4916 3195 4970 nimirum
3225 4916 3366 4972 bona
3418 4924 3605 4970 nostra

2010 5012 2280 5067 veraciter
2319 5011 2371 5064 in
2425 5018 2716 5079 conspectu
2765 5007 2966 5077 judicis
3007 5008 3259 5077 placent,
3317 5022 3441 5063 cum
3491 5007 3608 5060 lucc

2013 5112 2166 5160 mens
2194 5104 2444 5159 subtilius
2471 5102 2817 5175 recogitando
2856 5101 3111 5165 conterit,
3131 5108 3186 5155 et
3217 5100 3370 5170 quasi
3395 5099 3460 5155 de
3486 5113 3609 5151 aro-

2016 5197 2246 5251 matibus
2274 5195 2546 5266 pulverem
2583 5192 2779 5257 reddit,
2817 5207 2886 5247 ne
2916 5206 3163 5262 gressum
3192 5191 3495 5258 durumque
3538 5186 3609 5238 sit

2014 5288 2159 5359 quod
2212 5287 2427 5358 agitur:
2468 5300 2534 5340 ne
2569 5286 2733 5340 etiam
2785 5283 2828 5338 si
2867 5283 2971 5337 hoc
3010 5298 3087 5337 ar.
3106 5289 3158 5336 ta
3198 5275 3607 5337 retractationis

2018 5394 2212 5433 manus
2240 5392 2349 5432 non
2374 5376 2745 5440 comminuat,
2787 5373 3010 5429 odorem
3037 5371 3104 5425 de
3140 5384 3197 5424 se
3220 5365 3470 5423 subtilius
3495 5377 3605 5416 non

2019 5476 2289 5539 aspergat.

2093 5587 2113 5622 ε
2146 5569 2214 5623 Et
2245 5569 2399 5639 quasi
2429 5569 2645 5623 libarius
2671 5580 2774 5620 non
2805 5564 3008 5618 incisus
3032 5558 3285 5629 vaporavi
3316 5552 3611 5610 habitatio-

2025 5679 2044 5711 ι
2080 5676 2205 5717 nem
2251 5675 2447 5715 meam.
2500 5679 2516 5711 ι
2563 5657 2831 5720 Libanus,
2887 5654 2932 5708 si
2979 5651 3259 5706 ilebrazam
3317 5659 3611 5716 sequamur
