3926 6168
377 336 485 392 935

1019 334 1074 387 Β.
1116 330 1367 386 RABANI
1409 329 1625 385 ΜΑυηί
1667 329 1981 385 ARClllEP.
2021 330 2325 386 MOGUNT.
2365 327 2645 385 OPERU.“
2689 290 2866 383 PARS
2900 327 2938 381 Ι.

3527 330 3631 390 93C-

379 451 755 525 etymologiam
784 491 798 513 ,
853 424 1078 502 candori
1108 446 1524 515 interpretatur;
1583 444 1626 498 si
1673 442 1948 505 Graecam,
1981 450 2026 505 Α
2055 458 2373 513 semperque
2402 441 2762 496 manentibus.
2785 438 2962 494 Arbor
2989 452 3167 493 autem
3209 440 3538 508 balsamum,
3569 442 3639 497 li-

316 550 322 555 ’
382 547 535 607 thus;
574 541 801 609 denique
851 540 902 591 in
934 537 1158 593 Cantico
1203 536 1536 591 canticorum
1575 533 1661 587 ubi
1708 533 1954 603 legimus,

388 652 407 685 ‹
440 647 536 690 nos
577 630 645 683 ad
673 627 859 683 collem
900 627 1091 690 thuris,
1130 645 1148 676 ι
1201 625 1419 694 quidam
1455 623 1668 678 codices
1726 623 1953 688 habent,

390 741 407 772 ι
438 721 503 775 ad
530 718 716 773 collem
741 717 928 772 Libani
959 715 1136 787 (Cant.
1154 714 1249 785 iv).
1289 735 1306 765 ι
1338 714 1638 782 Utrumque
1658 721 1836 767 autem
1862 729 1957 767 no—

382 826 504 866 men
534 809 744 875 virtutis
773 808 1092 861 industriam
1136 822 1332 861 sonare
1364 804 1523 859 facile
1553 806 1745 873 cuique
1788 812 1953 876 patet.

381 900 537 955 Libet
570 913 759 967 parum
792 898 858 952 de
908 906 1100 950 natura
1151 896 1405 949 aromatis
1438 896 1606 965 ipsius
1631 895 1845 965 ignaros
1873 895 1951 949 in-

383 1000 606 1045 struere.
653 990 829 1044 Arbor
867 997 944 1042 est
976 986 1210 1049 Arabize,
1237 987 1457 1050 cortice,
1491 994 1550 1040 ut
1572 987 1741 1050 aiunt,
1772 995 1827 1040 et
1874 984 1957 1039 fo-

384 1083 455 1136 lio
480 1082 615 1135 lauri
652 1081 864 1145 similis,
898 1096 1115 1134 succum
1175 1079 1471 1149 amygdalae
1498 1081 1655 1133 modo
1683 1080 1957 1143 emittens,

385 1175 476 1244 qui
500 1173 583 1227 bis
619 1188 758 1227 anno
799 1171 1071 1242 colligitur
1101 1211 1117 1233 ,
1163 1178 1422 1224 autumno
1452 1178 1505 1222 et
1530 1185 1685 1234 vere;
1716 1170 1811 1223 sed
1864 1185 1961 1222 au-

388 1264 611 1319 tumnali
638 1262 954 1318 collectione
980 1269 1353 1330 praeparantur
1378 1260 1601 1314 arbores
1629 1260 1812 1314 incisis
1834 1276 1957 1314 cor-

387 1352 581 1407 ticibus
609 1353 660 1406 in
686 1351 1098 1422 ﬂagrantissimo
1141 1350 1342 1404 aestatis
1373 1348 1581 1403 fervore
1609 1389 1622 1411 ,
1679 1364 1743 1403 ac
1788 1348 1962 1417 prosi—

384 1447 548 1501 liente
570 1461 754 1514 spuma
779 1445 982 1514 pingui,
1014 1459 1132 1513 qua:
1164 1452 1413 1498 concreta
1448 1442 1707 1498 densatur
1731 1444 1818 1498 ubi
1856 1443 1959 1497 loci

385 1545 577 1590 natura
610 1543 791 1604 poscat
818 1542 991 1605 tegete
1019 1534 1223 1604 palmea
1246 1534 1577 1603 excipiente;
1614 1533 1755 1603 quod
1792 1533 1845 1587 in
1874 1549 1963 1587 ar-

387 1628 516 1679 bore
560 1625 717 1678 baasit
764 1623 904 1678 ferro
946 1624 1273 1694 depectitur;
1332 1624 1452 1677 ideo
1496 1623 1826 1677 corticosum
1877 1623 1960 1676 vi-

290 1698 303 1705 -
386 1716 545 1770 detur
570 1715 956 1785 purissimum;
1009 1716 1113 1768 hoe
1138 1724 1192 1768 et
1231 1714 1517 1767 candidum
1548 1714 1671 1766 thus
1714 1719 1813 1767 est.
1859 1711 1959 1767 Se-

2056 546 2217 602 gnum
2245 529 2370 598 ejus‘
2406 529 2830 601 xylobalsamum
2866 529 3090 594 dicitur;
3142 529 3350 585 fructus
3400 531 3518 587 sive
3555 547 3640 587 se-

2056 637 2179 675 men
2228 619 2691 688 carpobalsamum
2714 658 2729 682 ,
2780 633 2976 672 succus
3012 617 3461 688 opobalsamum:
3495 622 3641 690 quod

2058 712 2177 766 ideo
2214 726 2336 765 cum
2371 708 2672 778 adjectione
2695 708 3047 779 significatur,
3072 725 3138 763 eo
3171 711 3313 779 quod
3342 727 3642 781 percussus

2057 801 2246 857 ferreis
2303 801 2530 856 vinculis
2584 809 2772 855 cortex
2826 800 2952 872 ligni
3017 816 3112 870 per
3144 818 3411 858 cavernas
3451 805 3641 859 eximii

2054 894 2238 948 odoris
2267 901 2416 965 gutta
2445 890 2688 945 distillat.
2718 889 2960 943 Caverna
2998 891 3141 944 enim
3163 890 3351 948 Graeco
3390 909 3646 949 sermone

2057 994 2159 1049 ope
2192 980 2408 1044 dicitur,
2443 977 2597 1047 cujus
2646 985 2853 1048 guttam
2908 978 3216 1033 adulterant
3263 981 3506 1035 admixto
3543 998 3637 1054 cy-

2059 1071 2215 1141 prino
2267 1070 2387 1125 oleo
2441 1069 2523 1123 vel
2578 1069 2768 1134 melle;
2833 1070 2925 1124 sed
2990 1070 3233 1131 sincerus
3288 1073 3553 1141 probatur
3610 1091 3643 1129 a

2061 1161 2239 1226 melle,
2264 1161 2306 1215 si
2353 1176 2474 1215 cum
2505 1159 2641 1214 lacte
2678 1160 3073 1230 coagulaverit;
3106 1161 3173 1214 ab
3199 1164 3341 1225 oleo,
3383 1164 3429 1217 si
3468 1164 3637 1219 instil-

2061 1252 2200 1303 latus
2244 1264 2396 1318 aqute
2452 1255 2544 1302 aut
2593 1249 2863 1304 admixtus
2924 1248 3079 1305 facile
3123 1251 3285 1305 fuerit
3334 1253 3640 1316 resolutus;

2060 1349 2319 1409 praeterea
2345 1348 2400 1394 et
2426 1340 2472 1395 si
2498 1340 2666 1395 lanea:
2689 1351 2867 1396 vestes
2901 1358 2966 1397 ex
2998 1343 3113 1412 ipso
3134 1343 3348 1414 polluto
3392 1362 3499 1399 non
3524 1362 3642 1399 ma-

2062 1434 2326 1489 culantur.
2369 1433 2712 1490 Adulteratus
2737 1436 2951 1504 quidem
3003 1452 3178 1505 neque
3209 1453 3329 1491 cum
3363 1438 3503 1493 laete
3549 1456 3643 1493 co-

2063 1524 2262 1595 agulat.
2289 1533 2343 1579 et
2372 1532 2427 1578 ut
2452 1524 2629 1580 oleum
2683 1527 2735 1580 in
2774 1542 2916 1597 aqua
2963 1537 3298 1597 supernatat,
3328 1539 3384 1583 et
3434 1539 3641 1586 vestem

2063 1615 2318 1670 maculat.
2347 1616 2590 1671 Balsama
2617 1625 2795 1672 autem
2816 1619 2857 1671 si
2882 1633 3013 1686 pura
3041 1618 3255 1681 fuerint,
3299 1628 3507 1673 tantam
3533 1622 3641 1675 vim

2065 1704 2281 1769 habent,
2310 1714 2371 1759 ut
2392 1704 2435 1759 si
2468 1704 2546 1760 sol
2573 1706 2940 1766 excanduerit,
2970 1707 3219 1761 sustineri
3251 1708 3301 1761 in
3334 1725 3499 1762 manu
3530 1726 3636 1763 non

386 1806 558 1860 cunda
584 1804 849 1859 vindemia
881 1818 1036 1869 vere;
1080 1804 1265 1859 eadem
1300 1803 1478 1857 hieme
1497 1803 1791 1857 corticibus
1829 1802 1957 1857 inei-

2064 1794 2287 1863 possint.
2329 1794 2498 1864 Hujus
2522 1809 2650 1865 ergo
2676 1795 2920 1865 liquoris,
2952 1795 3052 1850 hoc
3102 1804 3203 1857 est,
3249 1797 3475 1851 balsami
3527 1814 3643 1868 my-

387 1896 463 1950 sis
482 1896 705 1949 rubrum
733 1893 835 1949 hoc
862 1893 993 1956 exit,
1022 1908 1122 1947 nec
1145 1894 1562 1961 comparandum
1606 1891 1791 1961 priori.
1835 1890 1962 1946 Cre-

387 1984 533 2037 ditur
565 1991 619 2037 et
652 1981 872 2036 novellae.
898 1982 1106 2036 arboris
1136 1981 1417 2036 candidius
1464 1995 1602 2043 esse,
1642 1980 1735 2033 sed
1765 1980 1962 2035 veteris

387 2072 701 2126 odoratius:
743 2071 883 2140 quod
911 2085 978 2125 ex
1025 2085 1088 2124 eo
1134 2070 1468 2124 rotunditate
1508 2077 1671 2140 gnum
1711 2065 1964 2139 pependit

388 2164 684 2219 masculum
723 2178 997 2217 vocamus.
1029 2161 1197 2232 Regio
1238 2160 1498 2215 thurifera
1528 2159 1718 2214 Sarvia
1749 2174 1961 2213 nuncu-

386 2266 544 2327 patur
568 2275 580 2311 :
609 2253 749 2325 quod
773 2253 1076 2326 significare
1098 2252 1269 2308 Graeci
1297 2251 1608 2323 mysterium
1629 2250 1835 2312 dicunt,
1863 2267 1963 2305 un-

387 2349 548 2418 dique
574 2347 797 2417 rupibus
824 2346 964 2400 invia
990 2353 1044 2398 et
1082 2360 1112 2398 a
1155 2344 1343 2397 dextra
1380 2341 1613 2412 scopulis
1640 2341 1773 2395 mari
1816 2342 1962 2396 inac-

388 2452 560 2492 cessa.
583 2436 841 2491 Evehitur
877 2450 986 2489 uno
1008 2433 1223 2489 tramite
1244 2440 1473 2504 angusto
1496 2448 1511 2496 ;
1561 2431 1817 2486 silvarum
1851 2430 1962 2485 lon-

388 2528 571 2599 gitudo
592 2538 676 2583 est
699 2534 915 2582 centum
931 2526 1095 2581 millia
1111 2541 1385 2596 passuum,
1404 2524 1537 2588 sive,
1550 2532 1613 2579 ut
1626 2524 1847 2579 tradunt
1866 2524 1962 2578 ali-

389 2619 503 2686 qui,
533 2617 806 2687 octoginta
850 2614 1074 2670 latitudo
1114 2614 1414 2669 dimidium.
1444 2614 1774 2668 Attolluntur
1796 2614 1961 2669 colles

390 2708 506 2771 alti,
530 2707 928 2776 deeurruntque
954 2714 1006 2760 et
1038 2705 1091 2759 in
1120 2703 1275 2775 plana
1297 2705 1520 2759 arbores
1547 2712 1734 2776 sponte
1787 2713 1958 2764 natae:

392 2807 590 2852 terram
615 2796 915 2865 argillosam
949 2810 1066 2850 esse
1095 2796 1346 2850 convenit
1364 2797 1504 2851 raris
1531 2795 1767 2851 fontibus
1790 2813 1853 2852 ac
1881 2798 1963 2852 ni-

392 2886 572 2942 trosis.
623 2886 747 2940 Haec
800 2893 957 2954 prout
997 2885 1048 2938 in
1095 2885 1249 2941 libris
1292 2886 1632 2956 antiquorum
1665 2887 1962 2958 reperimus

388 2975 618 3031 strictim
653 2975 721 3029 de
772 2982 964 3028 natura
1021 2982 1076 3028 et
1131 2974 1248 3029 loco
1287 2975 1458 3028 thuris
1504 2983 1612 3029 smt
1656 2975 1815 3039 dicta,
1841 2992 1961 3046 quae

388 3083 525 3138 pene
549 3067 729 3122 omnia
755 3066 820 3138 (si
844 3066 966 3135 quis
987 3064 1270 3136 diligenter
1304 3064 1553 3134 attendit)
1582 3064 1804 3135 figurate
1835 3082 1960 3121 san-

390 3134 599 3214 ctorum
631 3134 922 3210 virtutibus
945 3134 1265 3225 congruunt,
1293 3152 1528 3207 maxime
1563 3134 1703 3223 quod
1734 3155 1881 3224 regio
1904 3154 1960 3209 in
1985 3134 2030 3195 (ἶ

389 3264 491 3319 qua
533 3247 774 3302 nascitur
816 3245 1131 3316 mysterium
1180 3244 1608 3316 cognominatur.
1660 3244 1791 3299 Nam
1817 3247 1960 3316 quod

389 3341 610 3394 arbores
637 3345 825 3407 sponte
850 3344 1164 3401 nascuntur,
1196 3344 1320 3404 apte
1344 3335 1601 3405 competit
1628 3338 1707 3390 eis
1732 3352 1960 3406 quorum

390 3442 598 3482 summa
628 3427 800 3479 virtus
831 3440 935 3480 non
964 3432 1151 3480 coacta
1170 3423 1433 3495 legalibus
1460 3425 1673 3492 edictis,
1694 3426 1787 3480 sed
1813 3426 1963 3480 obla—

391 3515 535 3571 tione
560 3515 859 3570 voluntaria
880 3514 1017 3570 solet
1041 3529 1160 3569 esse
1185 3515 1451 3579 miranda,
1475 3514 1686 3569 dicente
1702 3514 1958 3572 Domino:

393 3623 414 3658 ι
446 3604 504 3661 Si
533 3605 615 3659 vis
644 3604 910 3675 perfectus
954 3619 1096 3669 esse,
1121 3606 1278 3669 vade,
1305 3606 1477 3660 vende
1497 3645 1512 3670 ,
1546 3625 1566 3657 ι
1611 3616 1715 3660 etc.
1745 3603 1957 3675 (Matth.

391 3695 529 3767 xu).
559 3694 710 3762 Quod
741 3695 926 3749 incisis
951 3694 1233 3749 arboribus
1266 3694 1440 3749 thuris
1462 3694 1695 3765 lacryma
1725 3692 1958 3762 proﬂuit,

388 3784 515 3854 quid
557 3784 659 3839 nisi
701 3784 1165 3854 eompunetionem
1193 3782 1476 3838 humilium
1506 3783 1705 3843 corde,
1749 3783 1816 3838 de
1854 3798 1959 3852 qua

387 3891 520 3946 pura
542 3877 714 3931 oratio
738 3892 802 3932 ac
831 3875 1042 3932 ﬂetibus
1060 3877 1337 3932 dulcorata
1362 3879 1608 3948 generari
1636 3878 1790 3943 solet,
1819 3878 1959 3933 indi-

390 3967 509 4022 cat?
533 3966 680 4034 Quod
703 3967 865 4023 habet
897 3966 1071 4022 fontes
1097 3982 1248 4023 raros
1273 3969 1366 4022 sed
1398 3967 1636 4022 nitrosos
1655 4008 1670 4033 ,
1711 3970 1962 4023 convenit

386 4056 466 4111 eis
492 4057 556 4111 de
576 4072 804 4127 quorum
831 4064 1020 4113 ventre
1048 4059 1219 4111 fluunt
1240 4099 1254 4122 ,
1276 4057 1443 4113 sicut
1475 4058 1608 4112 dicit
1654 4057 1957 4128 Scriptura,

389 4148 606 4211 ﬂumina
636 4163 789 4220 aqum
810 4148 1139 4219 viv:e(Joan.
1168 4148 1287 4220 vn),
1305 4150 1407 4203 hoc
1436 4157 1519 4203 est
1541 4149 1682 4204 dona
1703 4149 1961 4204 doctrinae

386 4238 644 4309 spiritalis
690 4246 939 4303 emanat,
1000 4239 1162 4293 etiam
1214 4238 1537 4293 mundandis
1589 4239 1956 4308 proximorum

387 4329 657 4385 mentibus
684 4331 1046 4385 accommoda.
1097 4329 1305 4384 Nitrum
1336 4343 1566 4400 namque
1590 4340 1645 4387 et
1682 4330 1960 4387 medendis

387 4418 812 4483 infirmitatibus,
835 4427 889 4491 et
913 4418 1188 4474 abluendis
1211 4419 1458 4474 sordibus
1479 4435 1599 4475 esse
1629 4419 1766 4475 solet
1789 4422 1955 4490 aptis-

384 4509 612 4573 simum;
641 4509 783 4578 quod
805 4510 1039 4577 undique
1059 4509 1271 4577 rupium
1305 4518 1360 4564 et
1385 4509 1724 4580 scopulorum
1760 4519 1843 4565 est
1878 4525 1960 4565 rc-

385 4598 473 4668 gio
507 4600 868 4668 circumsepta
899 4598 1213 4660 munimine,
1247 4601 1498 4669 congruit
1545 4601 1752 4654 meritis
1773 4615 1958 4655 eorum

385 4691 451 4745 de
471 4692 666 4761 quibus
688 4689 923 4759 loquitur
952 4704 1048 4759 per
1068 4688 1379 4758 parabolam
1402 4688 1657 4743 Dominus
1683 4706 1696 4742 :
1735 4708 1753 4739 ι
1792 4689 1959 4743 Homo

381 4792 500 4837 erat
532 4781 944 4853 paterfamilias,
986 4782 1079 4851 qui
1119 4781 1382 4851 plantavit
1421 4782 1655 4848 vineam,
1686 4792 1742 4837 et
1777 4798 1957 4853 sepem

382 4873 728 4928 circumdedit
758 4872 807 4928 ei
841 4871 1055 4942 (Matth.
1087 4871 1221 4945 XXI).
1255 4892 1273 4925 ι
1307 4871 1579 4927 Plantavit
1605 4888 1835 4941 namque
1861 4872 1959 4927 Ec-

384 4962 601 5019 clesiam
651 4963 911 5018 Dominus
959 4964 1245 5033 prmceptis
1270 4964 1393 5017 vita:
1435 4964 1792 5027 instituendo;
1828 4973 1883 5016 et
1906 4964 1954 5016 ei

384 5067 566 5123 sepem
615 5054 986 5117 circumdedit,
1014 5054 1257 5109 custodia
1307 5069 1416 5108 sua:
1467 5053 1814 5121 protectionis
1838 5068 1955 5107 eam

384 5143 639 5212 undique,
659 5157 727 5197 ne
759 5159 786 5196 a
811 5145 992 5212 pravis
1018 5145 1099 5198 vel
1123 5144 1400 5212 spiritibus
1421 5143 1503 5197 vel
1538 5144 1839 5198 hominibus
1866 5158 1953 5196 ex-

386 5233 658 5289 terminari
681 5243 883 5302 posset,
907 5237 1147 5289 tutando.

460 5344 476 5377 t
513 5325 583 5379 Et
620 5325 772 5394 quasi
809 5324 1103 5378 balsamum
1155 5339 1260 5377 non
1308 5325 1532 5379 mixtum
1566 5326 1700 5381 odor
1728 5341 1897 5380 meus.
1933 5344 1950 5375 ι

383 5413 611 5471 Balsami
633 5416 794 5471 arbor
814 5413 1059 5469 inJudtea
1085 5414 1225 5468 intra
1251 5415 1510 5470 terminos
1537 5423 1742 5470 tantum
1766 5415 1953 5487 viginti

375 5509 623 5580 jugerum
665 5516 799 5564 erat.
830 5508 1182 5575 Posteaquam
1230 5506 1417 5579 eadem
1470 5508 1683 5576 regione
1729 5506 1953 5562 Romani

382 5599 536 5667 potiti
569 5609 713 5664 sunt,
744 5601 906 5655 etiam
959 5597 1235 5651 latissimis
1263 5596 1487 5651 collibus
1520 5606 1808 5665 propagata
1849 5604 1949 5649 cst.

385 5690 562 5752 Stirpe
596 5691 920 5762 similisviti,
955 5689 1095 5743 foliis
1122 5688 1311 5743 similis
1347 5695 1481 5740 ruta‘
1509 5686 1602 5740 sed
1637 5686 1930 5740 albioribus

2065 1885 2196 1939 stiee
2244 1886 2444 1938 mentio
2491 1884 2551 1938 fit
2607 1885 2658 1938 in
2710 1884 2933 1939 Cantico
2985 1886 3364 1951 canticorum,
3424 1887 3646 1942 dicente

2062 1990 2258 2045 sponsa
2289 1976 2354 2030 de
2378 1991 2573 2045 sponso
2598 1991 2612 2028 :
2651 1993 2668 2025 ι
2701 1975 2836 2030 Dum
2869 1984 3012 2030 esset
3040 1991 3132 2030 rex
3163 1977 3213 2030 in
3242 1978 3492 2032 accubitu
3520 1995 3641 2041 suo,

2063 2066 2262 2119 nardus
2292 2078 2410 2118 mea
2436 2064 2582 2119 dedit
2607 2065 2826 2119 odorem
2856 2080 3030 2119 suum.
3062 2065 3371 2120 Fasciculus
3408 2069 3647 2138 myrrhae

2062 2154 2288 2208 dilectus
2311 2167 2464 2207 meus
2492 2153 2646 2218 mihi,
2671 2153 2814 2209 inter
2839 2154 3002 2208 ubera
3049 2170 3164 2209 mea
3193 2158 3641 2212 commorabitur.

2062 2239 2255 2296 Botrus
2294 2239 2455 2313 Cypri
2499 2241 2724 2295 dilectus
2752 2256 2903 2296 meus
2934 2243 3086 2305 mihi,
3119 2243 3171 2296 in
3202 2243 3376 2298 vineis
3398 2244 3642 2317 Eugadtli

2064 2328 2237 2400 (Cant.
2269 2329 2331 2402 ι).
2357 2349 2375 2382 ι
2406 2330 2697 2400 thuidem
2722 2330 2878 2399 hujus
2904 2331 3076 2386 ultimi
3093 2332 3338 2387 versiculi
3365 2333 3524 2402 juxta
3552 2353 3645 2389 su-

2063 2429 2332 2500 perficiem
2361 2430 2553 2486 littera:
2578 2431 2666 2485 hic
2692 2445 2881 2486 sensus
2908 2440 3023 2486 est:
3063 2431 3214 2487 Sicut
3243 2432 3295 2486 in
3336 2433 3512 2488 insula
3536 2435 3646 2505 Cy-

2059 2535 2189 2590 prus
2221 2519 2449 2589 majores
2484 2521 2692 2575 caeteris
2734 2521 2891 2575 terris
2914 2522 3096 2576 botros
3125 2522 3345 2592 gignere
3397 2524 3557 2585 solet,
3589 2535 3647 2578 et

2061 2611 2201 2666 sicut
2227 2611 2278 2665 in
2319 2612 2535 2666 civitate
2562 2610 2759 2667 ,Ιιιιίτθω
2804 2626 2923 2681 qua:
2967 2622 3189 2668 vocatur
3219 2612 3458 2685 Engaddi
3490 2615 3648 2669 nobi-

2061 2698 2221 2754 liores
2246 2700 2455 2754 czeteris
2480 2699 2652 2753 vineae
2686 2708 3001 2765 nascuntur,
3035 2711 3093 2754 ut
3146 2710 3267 2769 pote
3326 2701 3393 2756 de
3442 2703 3649 2772 quibus

2058 2785 2238 2855 liquor
2266 2803 2369 2840 non
2390 2787 2523 2851 vini,
2564 2788 2657 2841 sed
2689 2787 3017 2856 opobalsami
3062 2788 3263 2852 deﬂuit,
3299 2790 3370 2843 ita
3408 2790 3647 2844 dilectus

2062 2893 2214 2932 meus
2242 2878 2371 2932 mihi
2417 2878 2665 2949 specialis
2693 2885 2776 2932 est
2802 2890 2913 2947 prze
2937 2879 3183 2932 omnibus
3212 2880 3476 2934 cbaritate
3517 2896 3649 2933 con-

2063 2983 2254 3032 nexus,
2283 2969 2414 3023 atleo
2450 2978 2513 3024 ut
2552 2969 2695 3023 nulla
2752 2985 2840 3024 me
2872 2980 3115 3024 creatura
3167 2972 3235 3024 ab
3283 2969 3399 3039 ejus
3442 2971 3645 3027 affectu

2061 3057 2314 3112 divellere
2371 3059 2558 3128 possit.
2611 3058 2812 3129 'l‘ypice
2862 3069 3041 3114 autem
3091 3061 3356 3128 quomodo
3411 3063 3639 3132 myrrha

2061 3159 2282 3220 prepter
2307 3150 2739 3205 amartitutlinem
2776 3150 2881 3222 (est
2928 3150 3071 3204 enim
3101 3161 3355 3220 quantum
3407 3153 3643 3207 meden-

2062 3240 2145 3294 dis
2175 3239 2573 3294 iufirmitatibus
2599 3240 2852 3303 salubris,
2883 3247 3086 3294 tantum
3116 3253 3268 3312 gustu
3303 3245 3507 3301 amara)
3534 3245 3643 3298 tri-

2062 3329 2264 3382 stitiam
2312 3330 2601 3385 Dominiea'
2650 3332 2915 3401 passionis
2963 3334 3253 3407 significat;
3308 3335 3396 3388 ubi
3432 3335 3548 3402 ipse
3585 3343 3653 3389 et

2061 3421 2401 3490 myrrhatum
2426 3421 2609 3475 vinum
2639 3437 2668 3475 a
2700 3423 2958 3479 militibus
2985 3426 3191 3494 accepit
3220 3425 3530 3487 bibendum,
3586 3435 3650 3478 et

2063 3513 2402 3581 sepeliendus
2428 3529 2457 3567 a
2487 3514 2764 3585 discipulis
2796 3517 3009 3587 myrrha
3061 3525 3348 3588 perunctus
3399 3524 3484 3569 est
3511 3557 3527 3579 ,
3582 3528 3654 3570 ut

2062 3603 2428 3670 pnediximus,
2461 3603 2533 3657 ita
2563 3606 2752 3659 botros
2774 3622 2880 3660 non
2905 3608 3195 3676 incongrue
3225 3607 3652 3662 resurrectionis

2061 3692 2309 3761 gaudium
2339 3692 2634 3748 denuntiat.
2674 3695 2870 3750 Vinum
2892 3698 3033 3751 enim
3063 3697 3296 3752 ltrtificat
3321 3713 3415 3752 cor
3453 3698 3652 3752 homi-

2062 3782 2163 3836 nis.
2192 3780 2536 3870 Botrus‘ergo
2565 3783 2726 3855 Cypri
2760 3785 2933 3842 factus
2953 3797 3035 3843 est
3061 3788 3317 3842 Dominus
3346 3789 3396 3842 in
3435 3803 3645 3844 resur-

2061 3872 2317 3937 rectione,
2342 3874 2432 3942 qui
2465 3873 2640 3928 fuerat
2684 3874 2967 3932 fasciculus
3007 3880 3239 3949 myrrha!
3280 3880 3332 3933 in
3360 3881 3651 3948 p=ssione.

2063 3960 2255 4016 Merito
2296 3962 2437 4017 inter
2458 3963 2623 4018 ubera
2649 3975 3016 4020 commoratur
3066 3982 3293 4037 sponsas,
3319 3971 3437 4038 quia
3492 3971 3654 4026 idem

2062 4051 2115 4105 in
2138 4053 2347 4107 botrum
2373 4068 2562 4109 versus
2587 4062 2669 4110 est
2699 4056 2886 4111 vincar.
2913 4057 3035 4111 Ideo
3059 4068 3242 4114 sancta
3270 4060 3506 4115 Ecclesia
3532 4080 3657 4119 tne-

2062 4144 2288 4197 moriam
2315 4143 2608 4200 Dominicae
2642 4147 2831 4202 mortis
2858 4162 3128 4217 nunquam
3154 4165 3250 4203 suo
3276 4151 3339 4205 de
3359 4152 3527 4206 corde
3552 4155 3654 4209 de—

2063 4232 2232 4301 ponit,
2262 4231 2386 4301 quia
2426 4233 2539 4303 ipse
2584 4234 2673 4303 qui
2721 4245 2940 4305 propter
2982 4238 3169 4292 delicta
3227 4239 3343 4311 ejus
3384 4248 3653 4297 mortuus

2063 4330 2166 4385 est,
2201 4330 2419 4392 propter
2444 4322 2559 4391 ejus
2586 4339 2796 4394 quoque
2819 4326 3256 4396 justificationem
3284 4345 3314 4384 a
3345 4338 3523 4384 morte
3556 4348 3653 4388 re-

2063 4411 2318 4475 surrexit,
2347 4420 2510 4481 atque
2537 4414 2585 4467 ei
2617 4415 2841 4486 vestigia
2891 4417 3060 4486 ipsius
3091 4420 3350 4489 sequenti,
3393 4429 3523 4489 post
3560 4438 3653 4476 an.

2062 4516 2245 4571 gorem
2278 4503 2465 4557 mortis
2500 4507 2809 4574 resurgendi
2837 4508 3140 4578 exemplum
3168 4510 3370 4564 tribuit.
3401 4511 3507 4576 Qui
3564 4515 3661 4569 be-

2063 4606 2128 4642 ne
2155 4591 2318 4644 etiam
2364 4592 2416 4644 in
2464 4593 2633 4649 vineis
2667 4595 2902 4665 Engaddi
2937 4613 3058 4653 esse
3092 4609 3429 4654 memoratur.
3468 4601 3655 4657 Nam-

2060 4694 2164 4748 que
2194 4680 2248 4734 in
2283 4680 2455 4735 vineis
2473 4682 2735 4753 Engazldi,
2768 4695 2829 4740 ut
2872 4687 3080 4755 prtefati
3107 4703 3310 4752 sumus,
3335 4689 3653 4747 balsamum

2059 4772 2315 4842 gignitur,
2346 4774 2488 4841 quod
2533 4774 2585 4827 in
2622 4775 2871 4831 chrisma:
2902 4779 3238 4835 confectione
3266 4780 3450 4851 liquori
3480 4783 3656 4839 oliva:

2062 4859 2368 4925 admisceri,
2389 4876 2418 4914 a
2441 4861 2728 4928 pontificali
2750 4864 3122 4921 benedictione
3147 4867 3283 4922 solet
3302 4881 3652 4935 consecrari,

2059 4958 2324 5017 quatenus
2378 4950 2561 5007 ﬁdeles
2585 4968 2773 5008 omnes
2810 4970 2936 5009 cum
2970 4957 3306 5026 impositione
3334 4972 3534 5013 manus
3564 4975 3657 5015 sa-

2059 5040 2345 5095 cerdotalis
2385 5058 2489 5111 qua
2543 5042 2776 5113 Spiritus
2801 5056 3021 5101 sanctus
3047 5050 3308 5117 accipitur
3335 5089 3349 5111 ,
3399 5049 3507 5104 hac
3548 5068 3654 5106 un.

2059 5130 2236 5185 ctione
2261 5132 2560 5203 signentur,
2588 5148 2692 5203 qua
2723 5135 2886 5189 etiam
2913 5136 3083 5192 altare
3112 5138 3438 5193 Dominieum
3483 5140 3651 5196 dedi-

2059 5229 2233 5280 catur,
2268 5231 2323 5274 et
2349 5230 2543 5277 caetera
2593 5238 2712 5291 qua:
2759 5236 3100 5279 sacrosancta
3134 5240 3255 5281 esse
3286 5226 3479 5281 debent
3513 5243 3651 5296 per-

2065 5318 2353 5379 unguntur.
2387 5311 2536 5367 Unde
2583 5315 2880 5369 rectissime
2905 5331 3002 5384 per
3038 5317 3224 5370 vineas
3245 5316 3479 5385 Engaddi
3507 5320 3651 5374 cha-

2065 5398 2287 5453 rismata
2317 5399 2494 5455 divina
2526 5401 2854 5473 figurantur;
2883 5414 2937 5458 et
2982 5419 3212 5474 sponsus
3260 5407 3313 5460 in
3353 5407 3529 5462 vineis
3559 5418 3650 5463 est

2067 5489 2324 5559 Engaddi,
2349 5491 2473 5559 quia
2502 5502 2556 5546 et
2604 5494 2718 5562 ipse
2744 5494 3001 5549 Dominus
3058 5496 3110 5548 in
3155 5511 3322 5551 carne
3369 5511 3647 5566 apparens

2066 5579 2254 5648 plenus
2283 5591 2366 5634 cst
2395 5580 2595 5650 Spiritu
2626 5595 2835 5645 sancto,
2857 5595 2911 5638 et
2960 5586 3077 5655 ejus
3101 5587 3240 5642 dona
3266 5586 3497 5657 Spiritus
3520 5603 3645 5642 cre-

2066 5670 2314 5723 dentibus
2345 5670 2458 5738 ipse
2505 5671 2747 5742 largitur.
2784 5674 2902 5727 l-teo
2951 5686 3123 5729 autem
3157 5680 3375 5733 arbores
3406 5676 3642 5731 balsami
