3902 6162
342 225 455 283 939

999 216 1055 272 Β.
1098 213 1351 271 ΒΑΒΑΝΙ
1392 212 1611 269 MAURI
1654 209 1956 266 ARCIIZEP

2074 207 2335 265 OGUNT.
2373 205 2659 262 OPERUM
2698 202 2881 260 PARS
2920 201 2961 259 ι.

3532 203 3633 261 θίθ

350 355 430 398 tes
457 341 675 395 laudant
723 332 1107 405 redemptionis
1151 348 1262 387 suae
1296 331 1606 386 venerabile
1632 337 1947 387 sacramen-
1977 332 2025 390 Α
2054 328 2313 399 parabilis
2341 335 2425 382 est
2467 325 2800 389 dulcedinis;
2842 332 2900 378 ct
2932 321 3226 378 ltmrezlitas
3259 336 3496 394 superna
3523 338 3643 393 qua

348 445 483 489 tum.
519 429 643 484 llaec
666 427 797 481 vitis
826 423 1115 479 fructificat
1145 422 1465 477 suavitatem
1499 423 1703 488 odoris,
1728 422 1944 491 quando

348 540 449 593 per
476 529 645 577 totum
674 518 860 573 orbem
892 513 1035 568 fama
1064 512 1341 584 spargitur
1380 512 1708 583 evangelica:
1744 511 1944 581 praedi-

351 612 601 677 cationis,
632 608 901 677 ﬂoresque
927 605 1097 676 ipsius
1125 604 1333 659 fructus
1365 612 1493 659 sunt
1517 605 1740 660 honoris
1766 611 1822 659 et
1850 604 1947 658 ho—

351 704 601 768 aestatis,
630 701 757 773 quia
786 698 1105 771 iucunditas
1133 704 1188 751 et
1212 697 1376 750 decor
1409 696 1653 763 omnium
1682 695 1944 749 virtutum

352 796 593 867 quotidie
621 792 739 863 ejus
787 793 929 847 dono
974 787 1213 845 ﬂorescit
1257 796 1420 857 atque
1454 786 1706 842 clarescit
1737 785 1789 840 in
1821 801 1946 841 cre-

355 887 599 945 dentium
630 884 826 940 turbis.

430 1000 449 1031 ‹
486 981 595 1050 Ego
640 984 813 1032 mater
842 973 1082 1045 pulchrae
1128 971 1468 1035 dilectionis,
1517 976 1574 1024 et
1604 967 1853 1032 timoris,
1892 952 2011 1022 et“

361 1092 379 1121 ‹
408 1069 792 1142 agnitionis,et
810 1073 1013 1121 sanctze
1035 1064 1171 1134 spei.
1204 1083 1222 1115 ι
1256 1060 1531 1132 Sapientia
1547 1075 1676 1130 ergo
1694 1059 1810 1123 Dei,
1828 1072 1951 1128 quin

354 1172 442 1220 est
464 1163 742 1224 Christus,
778 1165 953 1212 mater
976 1164 1058 1210 est
1090 1155 1330 1225 pulchra:
1358 1151 1685 1214 dilectionis,
1717 1158 1772 1205 et
1793 1150 1950 1220 origo

359 1255 602 1310 omnium
646 1252 935 1314 virtutum,
965 1248 1092 1318 quia
1134 1245 1306 1316 ipsius
1341 1246 1515 1315 gratia
1554 1249 1846 1313 generatur
1894 1240 1951 1295 in

350 1345 615 1402 cordibus
643 1342 942 1397 electorum
978 1337 1207 1393 affectus
1248 1350 1391 1390 verae
1435 1333 1751 1398 ebaritatis,
1791 1332 1955 1387 timor

363 1434 614 1499 salubris,
645 1431 953 1486 intellectus
988 1427 1232 1483 scientia:
1264 1424 1548 1496 spiritalis,
1572 1438 1802 1495 spesque
1829 1422 1955 1477 vita:

363 1532 598 1585 aeternas,
628 1529 683 1575 et
710 1520 889 1591 gaudii
930 1518 1133 1583 futuri;
1173 1517 1290 1573 sine
1312 1530 1380 1570 eo
1404 1529 1619 1585 quoque
1649 1512 1783 1569 nihil
1825 1511 1954 1568 boni

364 1618 648 1678 habemus,
676 1613 935 1683 quoniam
967 1615 1184 1685 Romae
1223 1608 1410 1662 datum
1449 1607 1739 1677 optimum,
1761 1613 1820 1659 et
1840 1620 1955 1658 om-

365 1721 434 1759 ne
457 1705 656 1763 donum
687 1681 987 1773 perl‘ectum
1031 1682 1099 1755 de
1132 1712 1348 1754 sursum
1390 1706 1507 1762 est,
1561 1696 1894 1751 descendens
1922 1712 1952 1750 a
1986 1681 2035 1741 Β

365 1794 527 1850 Patre
566 1794 861 1857 luminum,
920 1792 1039 1861 ipse
1072 1799 1156 1844 est
1194 1789 1313 1845 fons
1339 1789 1499 1854 vitta;
1535 1796 1592 1842 et
1645 1788 1698 1841 in
1752 1786 1955 1843 lumine

364 1887 483 1959 ejus
518 1885 818 1941 videbimus
846 1884 1030 1939 lumen
1063 1882 1270 1953 (Iacob.
1299 1882 1361 1954 ι).
1394 1901 1414 1934 ι
1448 1882 1526 1936 De
1550 1895 1658 1951 quo
1682 1889 1737 1935 et
1757 1879 1954 1935 Paulus

366 1978 442 2032 ait
470 1995 484 2032 :
521 1995 541 2030 ι
581 1975 770 2032 Gratia
795 1975 914 2043 Dei,
948 1974 1144 2046 inquit,
1176 1989 1295 2030 sum
1325 1974 1380 2029 id
1401 1972 1545 2043 quod
1566 1988 1690 2029 sum
1717 1972 1769 2045 (I
1824 1971 1951 2028 Cor.

369 2068 478 2141 av).
514 2088 534 2121 ›
572 2068 721 2126 Unde
742 2075 799 2123 et
831 2066 1096 2135 sequitur.

1005 2155 1233 2213 CAPUT
1263 2155 1323 2210 ll.

365 2250 638 2321 Sapientia
663 2251 908 2321 hortatur
949 2248 1126 2321 dicens
1151 2245 1301 2321 {Qui
1336 2246 1705 2321 concupifcitia
1757 2262 1866 2312 me,
1919 2264 1954 2301 α

432 2315 854 2393 generationibus
895 2317 1386 2393 nteit__implentini;
1442 2315 1771 2393 et‘_S_piritus_
1809 2334 1955 2373 meus

432 2385 591 2461 super
633 2390 732 2461 mel
761 2390 965 2454 dulcis;
1014 2387 1104 2461 ille
1139 2385 1391 2461 nimirum
1431 2385 1953 2461 _Spiritus,~d_eAquo

432 2456 600 2515 dicit:
633 2460 802 2528 Quem
828 2461 991 2514 Pater
1012 2459 1194 2513 mittet
1217 2458 1270 2511 in
1302 2456 1666 2528 nominemeo
1692 2456 1954 2527 Spiritum

430 2526 681 2587 veritatis
709 2548 723 2584 :
761 2540 819 2586 et
845 2530 937 2601 qui
974 2529 1043 2586 de
1073 2543 1195 2597 meo
1240 2526 1488 2597 accipiet,
1523 2527 1641 2598 ipse
1670 2526 1767 2584 vos
1790 2529 1957 2584 doce-

434 2602 749 2665 bit.omnia,
773 2609 881 2657 etc.
1151 2625 1162 2641 -

440 2716 460 2750 ι
497 2697 557 2752 In
585 2710 675 2751 me
700 2695 874 2767 gratia
897 2694 1074 2750 omnis
1097 2693 1221 2749 vita:
1246 2702 1302 2748 et
1329 2693 1595 2758 veritatis,
1624 2694 1679 2749 in
1718 2708 1806 2748 me
1830 2707 1951 2753 om-

368 2808 393 2843 ι
421 2788 507 2845 uis
527 2801 655 2858 spes
676 2787 801 2842 vita:
824 2793 881 2842 et
899 2785 1134 2841 virtutis.
1159 2805 1182 2838 ι
1207 2783 1312 2841 Per
1330 2784 1505 2855 ipsum
1528 2784 1793 2841 habemus
1818 2799 1969 2853 pm.

365 2886 575 2937 sentem
597 2878 787 2945 vitam,
814 2877 939 2948 quia
974 2896 994 2929 ι
1039 2876 1094 2931 in
1126 2877 1245 2947 ipso
1270 2876 1526 2943 vivimus,
1565 2890 1874 2941 movemur,
1898 2884 1955 2931 et

366 2988 575 3039 sumus,
606 2989 626 3025 ι
660 2985 761 3042 per
809 2969 985 3041 ipsum
1014 2968 1335 3024 habebimus
1382 2966 1437 3022 in
1480 2966 1661 3022 futuro
1687 2982 1875 3022 veram
1899 2975 1956 3021 et

2045 420 2098 475 in
2154 420 2431 491 agnitione
2495 428 2553 473 et
2604 418 2893 473 dilectione
2947 415 3042 469 Dei
3093 415 3366 469 tribuetur
3419 416 3643 480 sanctis,

2044 512 2260 583 quando
2289 526 2414 566 eum
2463 504 2728 564 videbunt
2772 507 2913 562 facie
2960 506 3028 561 ad
3060 506 3282 571 faciem,
3312 517 3368 560 et
3407 506 3645 562 delecta-

2044 604 2247 657 buntur
2271 602 2326 655 in
2349 601 2573 656 dextera
2597 599 2717 670 ejus
2734 614 2912 669 usque
2941 597 2995 652 in
3019 598 3203 661 linem,
3236 613 3342 652 non
3373 607 3460 653 est
3486 615 3649 655 enar-

2046 693 2252 759 rabilis,
2285 692 2383 747 sed
2404 690 2629 747 omnino
2662 698 2751 745 est
2788 689 3205 755 intestimahilis,
3232 690 3360 759 quia
3383 690 3648 759 scriptum

2045 794 2169 839 est:
2207 802 2227 834 ι
2263 782 2467 839 Oculus
2509 797 2619 837 non
2650 780 2806 846 vidit,
2858 795 2961 835 nec
3002 780 3152 835 auris
3199 780 3426 845 audivit,
3462 795 3566 835 nec
3596 781 3651 835 iu

2046 894 2142 934 cor
2169 877 2409 934 hominis
2438 874 2708 941 ascendit,
2738 890 2858 945 qua:
2901 876 3230 945 prmparavit
3275 873 3419 930 Deus
3445 875 3532 931 his
3556 875 3653 948 qui

2048 968 2278 1040 diligunt
2306 968 2458 1022 illum
2497 964 2550 1038 (Ι
2583 964 2713 1021 Cor.
2745 963 2862 1035 11).:

2125 1079 2146 1113 σ
2177 1059 2438 1115 Memoria
2491 1073 2614 1112 mea
2669 1058 2724 1111 in
2777 1055 3181 1128 generationem
3241 1053 3588 1110 saeculorum.
3622 1076 3645 1109 ι

2051 1150 2308 1208 Memoria
2335 1150 2482 1205 enim
2511 1148 2792 1219 sapientia:
2836 1147 2934 1202 Dei
2984 1146 3037 1202 in
3088 1146 3489 1216 generationem
3523 1160 3649 1200 om-

2051 1247 2202 1302 nium
2251 1243 2573 1300 saaculorum
2629 1239 2990 1312 permanebit,
3049 1239 3175 1307 quia
3226 1238 3393 1307 ipsam
3428 1237 3654 1293 laudant

2053 1336 2251 1409 angeli,
2284 1335 2595 1391 collaudant
2615 1331 2948 1403 archangeli,
2966 1330 3333 1384 vaticinantur
3355 1331 3651 1400 propheta},

2052 1429 2351 1501 praedicant
2374 1426 2627 1498 apostoli,
2662 1425 2949 1494 omnisque
2984 1424 3172 1478 militia
3216 1422 3515 1478 calestium
3546 1424 3657 1477 vir-

2057 1530 2253 1586 tutnm,
2305 1529 2361 1576 et
2403 1519 2613 1574 inﬁnita
2662 1515 2953 1572 multitudo
2997 1522 3307 1571 sanctarum
3344 1515 3654 1569 animarum

2057 1605 2289 1660 adorant
2324 1613 2380 1659 et
2406 1603 2714 1676 gloriﬁcant
2739 1603 2793 1657 in
2825 1610 3112 1657 aeternum.

2139 1714 2158 1747 ι
2187 1696 2289 1764 Qui
2334 1696 2503 1752 edunt
2541 1708 2649 1761 me,
2705 1693 2884 1749 adhuc
2918 1695 3163 1748 esurient
3188 1710 3202 1746 :
3231 1700 3286 1745 et
3319 1691 3413 1761 qui
3460 1691 3658 1746 bibunt

2060 1807 2080 1840 ι
2104 1803 2215 1855 me,
2243 1788 2419 1844 adhuc
2436 1787 2640 1843 sitient.
2666 1806 2685 1839 ι
2719 1786 2910 1854 Magna
2939 1787 3084 1841 enim
3098 1785 3353 1841 distantia
3383 1791 3465 1839 est
3511 1785 3658 1839 inter

2054 1879 2370 1951 corporales
2393 1878 2619 1934 delicias
2640 1887 2696 1934 et
2719 1877 3010 1949 spiritales,
3040 1878 3167 1947 quia
3194 1876 3506 1947 corporales
3529 1876 3659 1931 deli-

2058 1974 2158 2030 ciae
2171 1988 2296 2028 cum
2309 1986 2417 2027 non
2439 1971 2730 2037 habentur,
2753 1985 2916 2043 grave
2944 1970 2998 2025 in
3026 1986 3085 2025 se
3107 1969 3432 2025 desiderium
3456 1984 3658 2023 accen-

2059 2065 2220 2129 dunt;
2250 2078 2374 2119 cum
2417 2076 2549 2117 vero
2576 2062 2736 2118 avide
2776 2062 3033 2127 eduntur,
3064 2060 3437 2116 eomedentem
3479 2060 3658 2130 proti-

2056 2170 2161 2210 nus
2190 2155 2245 2209 in
2276 2152 2552 2209 fastidium
2580 2167 2680 2223 per
2714 2153 3024 2209 satietatem
3060 2159 3297 2206 vertunt.
3336 2150 3423 2203 At-
3457 2158 3653 2204 contra

2056 2244 2330 2318 spiritales
2371 2244 2579 2301 delicia:
2631 2260 2755 2300 cum
2808 2260 2916 2299 non
2972 2245 3267 2308 habentur,
3335 2244 3390 2297 in
3434 2241 3659 2297 fastidio

2055 2345 2212 2404 sunt;
2242 2352 2366 2392 cum
2396 2352 2528 2392 vero
2554 2337 2844 2403 habentur,
2887 2336 2942 2389 in
2987 2335 3291 2401 desiderio;
3334 2343 3599 2405 tantoque
3628 2349 3658 2388 a

2055 2430 2371 2485 comedente
2414 2427 2646 2498 amplius
2691 2427 3021 2490 esuriuntur,
3066 2434 3272 2496 quanto
3317 2435 3373 2481 et
3416 2426 3483 2481 ab
3534 2441 3662 2481 esu-

2055 2523 2231 2579 riente
2257 2522 2489 2592 amplius
2520 2521 2899 2578 eomeduntur.
2929 2520 2988 2574 In
3019 2519 3131 2575 illis
3154 2519 3426 2589 appetitus
3450 2517 3660 2587 placet,

2056 2614 2392 2684 experientia
2421 2612 2671 2683 diSplicet
2695 2627 2712 2666 :
2744 2612 2799 2665 in
2838 2611 2957 2666 istis
2985 2612 3263 2682 appetitus
3293 2610 3416 2665 vilis
3459 2621 3580 2674 est,
3606 2617 3662 2665 et

2057 2706 2391 2777 experientia
2423 2703 2596 2775 magis
2624 2702 2840 2773 placet;
2869 2702 2922 2756 in
2955 2702 3063 2757 illis
3099 2702 3370 2772 appetitus
3394 2702 3662 2756 saturita-

2065 2806 2195 2862 tem,
2238 2795 2499 2851 saturitas
2523 2794 2800 2849 fastidium
2828 2800 3089 2864 generat:
3126 2794 3179 2846 in
3208 2792 3329 2847 istis
3348 2801 3531 2847 autem
3573 2807 3667 2860 ap-

2053 2889 2255 2959 petitus
2280 2888 2640 2951 saturitatem,
2664 2887 2919 2941 saturitas
2940 2886 3232 2956 appetitum
3262 2885 3420 2955 parit.
3446 2884 3665 2956 Augeat

2060 2982 2204 3036 enim
2229 2979 2501 3051 spiritales
2534 2978 2743 3034 delicia:
2774 2977 3101 3032 desiderium
3135 2976 3188 3031 in
3214 2985 3393 3030 mente
3424 2977 3553 3029 dum
3583 2992 3671 3030 sa-

365 3073 682 3138 Pcl‘Pemam
716 3062 903 3127 Vitam:
933 3077 1032 3132 Pe"
1053 3061 1230 3132 ipsum
1256 3074 1539 3130 speramus
1570 3058 1951 3114 ίηῖωοηθηιλ·
1982 3040 2027 3102 C
2067 3073 2203 3129 tiant
2232 3040 2485 3143 {quanto
2510 3071 2683 3141 magis
2711 3085 2898 3125 earum
2924 3084 3086 3139 sapor
3116 3060 3527 3139 percipitur,co
3550 3085 3667 3124 am-

368 3166 478 3213 tem
498 3155 654 3212 nobis
680 3153 936 3218 conferri,
959 3160 1121 3223 atque
1149 3166 1408 3207 coronam
1434 3150 1621 3222 gloria:
1645 3166 1958 3220 supernam.

374 3248 529 3306 Unde
579 3246 698 3317 ipso
746 3247 1019 3303 tribuente
1060 3254 1336 3301 certamus
1368 3259 1470 3314 pro
1517 3242 1733 3300 modulo
1776 3252 1963 3299 nostro

372 3340 508 3397 calle
533 3340 795 3395 virtutum
815 3333 1111 3410 gradiendo
1130 3337 1413 3410 pervenire
1432 3338 1502 3394 ad
1516 3337 1757 3410 quietem
1773 3337 1964 3407 patriae

372 3429 633 3487 ctelestis.
885 3434 899 3446 '

450 3539 470 3573 ι
498 3519 748 3576 Transite
781 3521 847 3575 ad
882 3534 970 3576 me
994 3534 1186 3576 omnes
1215 3520 1308 3591 qui
1336 3519 1726 3590 concupiscitis
1771 3534 1879 3585 me,
1908 3529 1965 3576 et

379 3628 400 3659 ο
430 3624 461 3664 a
482 3608 922 3681 generationibus
948 3610 1083 3665 meis
1104 3608 1425 3678 implemini.
1455 3630 1475 3661 ι
1503 3610 1748 3681 Materno
1771 3610 1966 3666 all‘ectu

374 3701 634 3757 admonet
660 3701 926 3772 sapientia
968 3700 1109 3756 ﬁlios
1134 3715 1284 3766 suos,
1327 3709 1390 3756 ut
1429 3701 1498 3757 ad
1542 3692 1714 3771 ipsam
1745 3716 1970 3758 concur-

377 3800 519 3857 rant,
549 3790 667 3861 ejus
705 3806 930 3847 munere
960 3792 1221 3856 ditentur,
1251 3806 1316 3848 ac
1344 3807 1446 3863 ope
1468 3792 1801 3848 reficiantur.
1839 3791 1969 3848 Tale

373 3892 458 3939 est
481 3882 686 3939 etillud
716 3882 989 3953 Evangelii
1018 3883 1407 3950 testimonium,
1438 3899 1545 3953 quo
1577 3883 1830 3941 Salvator
1860 3884 1967 3938 mi-

376 3973 727 4030 sericorditer
791 3974 1103 4030 laborantes
1152 3973 1403 4028 hortatur
1453 3974 1521 4028 ad
1595 3990 1655 4029 se
1717 3973 1907 4029 venire
1953 3992 1965 4027 :

371 4083 402 4117 ί
436 4066 650 4131 Venite,
678 4065 879 4136 inquit,
899 4066 967 4121 ad
996 4079 1101 4132 me,
1117 4081 1309 4121 omnes
1337 4066 1428 4136 qui
1467 4066 1729 4121 laboratis
1760 4074 1817 4121 et
1840 4080 1975 4121 one-

370 4160 481 4215 rati
524 4159 685 4223 estis,
725 4166 782 4213 et
826 4172 928 4228 ego
972 4157 1215 4213 reficiam
1265 4173 1363 4213 vos
1408 4157 1630 4230 (Matth.
1683 4158 1792 4230 xt)..
1831 4178 1850 4210 ι
1903 4158 1973 4213 Et

377 4251 551 4307 item:
582 4269 603 4302 ι
634 4249 736 4317 Qui
764 4249 881 4303 sitit
906 4249 1091 4304 veniat
1117 4249 1185 4305 ad
1221 4264 1331 4315 me,
1364 4259 1421 4306 et
1453 4250 1632 4317 bibat;
1662 4260 1716 4308 et
1747 4252 1814 4308 de
1842 4267 1974 4307 ven-

361 4354 460 4396 .tre
474 4341 603 4410 ejus
626 4340 793 4395 liuent
822 4355 976 4410 aqua:
1002 4339 1138 4396 viva:
1165 4338 1492 4413 (JOan.;vn).
1523 4360 1543 4394 ι

437 4451 479 4483 -4
509 4432 746 4502 Spiritus
770 4431 917 4487 enim
950 4445 1105 4487 meus
1141 4447 1305 4501 super
1343 4432 1449 4487 mel
1492 4432 1687 4498 dulcis,
1715 4441 1772 4488 et
1798 4433 1971 4489 hatre-

2065 3163 2210 3235 plius
2234 3162 2577 3233 cognoscitur
2605 3161 2748 3231 quod
2765 3159 2976 3215 avidius
2997 3168 3231 3225 ametur,
3263 3160 3539 3214 etidcirco
3560 3177 3665 3215 non

2072 3254 2272 3308 habitre
2299 3253 2469 3307 amari
2494 3267 2600 3307 non
2622 3259 2874 3321 possunt,
2895 3250 3022 3321 quia
3046 3264 3234 3305 carum
3256 3265 3418 3320 sapor
3444 3250 3669 3320 ignora-

2078 3351 2185 3399 tur.
2219 3343 2352 3411 Quis
2384 3344 2526 3398 enim
2556 3358 2743 3399 amare
2766 3342 2942 3397 valeat
2967 3342 3108 3411 quod
3136 3342 3389 3412 ignorat?
3428 3340 3671 3396 Proinde

2028 3485 2041 3493 .
2076 3434 2362 3491 Psalmista
2392 3450 2493 3491 nos
2515 3436 2769 3490 admonet
2788 3449 2910 3489 cum
2937 3432 3148 3489 dicebat
3174 3450 3189 3487 :
3219 3452 3236 3483 ι
3266 3430 3489 3487 Gustate
3512 3444 3575 3488 et
3594 3433 3673 3487 vi-

2075 3526 2215 3590 dete,
2244 3526 2501 3596 quoniam
2524 3513 2723 3580 ‘suavis
2765 3531 2849 3579 est
2880 3523 3139 3578 Dominus
3164 3521 3337 3594 (Psal.
3379 3521 3603 3593 XXXI“).
3642 3542 3663 3574 ι

2071 3616 2152 3672 Ac
2181 3617 2227 3672 si
2253 3632 2285 3671 a
2314 3625 2467 3687 parte
2492 3616 2657 3682 dicat,
2685 3615 3017 3670 Suavitatcm
3043 3615 3162 3684 ejus
3187 3629 3294 3669 non
3316 3614 3672 3684 cognoscitis,

2072 3707 2116 3763 si
2154 3708 2295 3763 hanc
2325 3708 2548 3763 minime
2584 3707 2847 3778 gustatis;
2899 3706 2991 3761 sed
3023 3706 3204 3760 cibum
3231 3705 3359 3760 vita:
3385 3720 3451 3760 ex
3477 3706 3672 3775 palato

2072 3799 2253 3853 cordis
2282 3799 2504 3870 tangite,
2551 3805 2611 3852 ut
2636 3798 2929 3869 probantes
2955 3794 3073 3863 ejus
3106 3795 3442 3850 dulcedinem
3475 3810 3675 3851 amare

2072 3889 2315 3945 valeatis.
2346 3889 2454 3944 llas
2482 3897 2665 3944 autem
2700 3890 2861 3943 homo
2892 3887 3117 3943 delicias
3143 3894 3269 3941 tunc
3302 3886 3509 3949 amisit,
3538 3902 3669 3941 cum

2074 3984 2128 4038 in
2153 3984 2409 4054 paradiso
2436 3982 2711 4052 peccavit;
2746 3988 3025 4036 extractus
3056 3980 3200 4035 enim
3230 3996 3259 4032 a
3286 3980 3412 4034 cibo
3444 3989 3675 4034 aeterna:

2074 4074 2375 4132 dulcedinis
2399 4090 2461 4129 os
2489 4072 2701 4128 clausit.
2737 4070 2890 4127 Unde
2918 4085 3017 4125 nos
3046 4086 3260 4140 quoque
3285 4069 3395 4123 nati
3425 4071 3476 4123 in
3502 4071 3678 4139 hujus

2073 4164 2523 4238 peregrinationis
2558 4178 2800 4218 aerumna
2831 4163 2920 4219 hic
2960 4160 3222 4216 fastidiosi
3256 4159 3370 4228 jam
3397 4160 3672 4224 venimus,

2075 4260 2348 4316 nescimus
2370 4258 2499 4328 quid
2534 4256 2846 4311 desiderare
2868 4255 3158 4319 debemus;
3184 4263 3444 4321 tantoque
3468 4267 3533 4307 se
3558 4267 3678 4307 ani-

2075 4347 2435 4419 pliusfastidii
2463 4347 2635 4402 nostri
2661 4345 2883 4401 morbus
2917 4352 3231 4416 exaggerat,
3258 4353 3464 4413 quanto
3493 4343 3678 4414 magis

2073 4442 2142 4496 ab
2167 4456 2265 4496 esu
2309 4440 2452 4495 illius
2484 4437 2797 4494 dulcedinis.
2826 4437 3039 4491 animus
3082 4436 3316 4507 clmngat,
3356 4445 3413 4491 et
3458 4451 3529 4491 eo
3552 4435 3675 4504 jam

366 4542 403 4572 «ο
433 4523 577 4578 ditas
605 4537 722 4579 mea
747 4536 909 4592 super
933 4522 1039 4577 mel
1066 4531 1122 4578 et
1150 4521 1352 4579 favum.
1391 4543 1410 4577 ι
1444 4524 1678 4593 Spiritus
1700 4525 1843 4585 enim
1874 4526 1976 4582 iste
2072 4531 2311 4587 internas
2336 4529 2558 4585 delicias
2603 4543 2710 4582 non
2739 4528 2975 4599 appetit,.
2995 4542 3105 4598 quo
3136 4542 3230 4581 eas
3258 4526 3550 4582 comedere
3579 4527 3689 4581 diu-

380 4631 488 4670 non
516 4614 654 4670 alius
677 4630 840 4684 quam
873 4613 1106 4684 Spiritus
1141 4624 1226 4671 est
1262 4626 1506 4681 sanctus,
1546 4617 1639 4685 qui
1673 4617 1977 4673 communis
2070 4623 2338 4694 longeque
2362 4610 2626 4679 desuevit.
2670 4620 2912 4678 Fastidio
2942 4634 3081 4691 ergo
3102 4626 3292 4673 nostro
3314 4617 3671 4681 tabescimus,

379 4719 464 4765 est
490 4709 639 4763 Patri
671 4717 727 4764 et
752 4707 907 4774 Filio,
942 4707 1069 4778 quia
1106 4708 1349 4778 procedit
1380 4722 1410 4762 a
1440 4707 1624 4774 Patre,
1647 4709 1891 4778 procedit
1919 4718 1977 4763 et
2071 4725 2127 4771 (ιι
2147 4717 2305 4788 long.
2333 4716 2529 4771 inedia,
2551 4723 2705 4785 peste
2730 4713 3056 4786 fatigati“;
3080 4720 3139 4769 ει
3168 4712 3557 4783 (Immensum
3590 4714 3681 4766 ευ..

373 4816 413 4854 a
438 4799 576 4854 Filio
605 4816 621 4865 ;
658 4797 892 4853 mittitur
925 4813 954 4851 a
1000 4796 1181 4863 Patre,
1228 4796 1462 4852 mittitur
1490 4804 1546 4852 et
1572 4812 1601 4851 a
1645 4797 1802 4863 Filio,
1836 4798 1976 4853 sicut
1999 4861 2054 4878 Δ
2075 4821 2158 4864 ωε
2188 4809 2436 4863 nolumus
2460 4816 2706 4878 paratam
2737 4806 3097 4871 dulcedinem,
3125 4819 3371 4859 amamus
3403 4801 3537 4858 foris
3569 4804 3685 4858 mi-

372 4890 499 4960 ipsa
531 4861 743 4953 Veritas
772 4887 825 4942 in
862 4861 1441 4959 Evangeliolestatur,
1488 4888 1675 4944 dicens
1706 4907 1719 4942 :
1758 4861 1961 4943 «Para-

2076 4900 2183 4954 scri
2229 4900 2427 4954 famem
2480 4908 2755 4962 nostram;
2791 4897 2883 4952 sel
2920 4912 3153 4966 superna
3203 4911 3303 4950 nos
3350 4896 3524 4966 pietas
3573 4910 3679 4951 nec

378 4981 556 5037 cletus
578 4988 757 5035 autem
786 4977 1021 5048 Spiritus
1056 4989 1277 5037 sanctus
1320 4997 1482 5051 quem
1510 4983 1689 5039 mittet
1728 4983 1891 5040 Pater
1917 4984 1971 5038 in

385 5071 604 5129 nomine
635 5085 776 5136 meo,
808 5070 897 5125 ille
927 5086 1021 5126 vos
1047 5072 1261 5127 docebit
1285 5075 1491 5139 omnia,
1516 5081 1571 5127 et
1606 5083 1858 5145 suggeret
1877 5091 1972 5131 vo-

387 5162 471 5218 bis
499 5159 680 5216 omnia
709 5174 1044 5230 quazcunque
1068 5161 1257 5218 dixero
1285 5164 1439 5219 vobis
1470 5163 1652 5235 (Joan.
1680 5165 1814 5237 xw).
1853 5186 1870 5217 ι
1909 5166 1974 5220 Ει

387 5257 556 5312 item:
590 5272 609 5305 ι
641 5253 776 5325 Ego,
807 5252 1004 5324 inquit,
1048 5255 1259 5310 mittam
1296 5258 1622 5327 promissum
1660 5259 1839 5315 Patris
1867 5261 1970 5316 mei

387 5350 443 5404 in
474 5361 600 5413 vos;
630 5360 727 5401 vos
751 5354 933 5400 autem
965 5348 1149 5403 sedete
1171 5348 1225 5402 in
1250 5349 1493 5414 civitate,
1524 5350 1875 5419 quoadusque
1897 5351 1978 5405 in—

389 5440 630 5497 duamini
656 5439 912 5495 virtutem
960 5453 1027 5493 ex
1076 5440 1188 5497 alto
1228 5440 1385 5513 (Luc.
1440 5443 1610 5516 xxiv).
1643 5463 1661 5494 ι
1694 5442 1801 5499 iste
1828 5443 1972 5501 enim

391 5532 627 5600 Spiritus
652 5547 817 5602 super
840 5531 945 5588 mel
975 5541 1058 5589 est
1088 5532 1279 5600 dulcis,
1306 5536 1431 5605 quia
1453 5536 1693 5592 cbaritas
1715 5536 1830 5600 Dei,
1857 5555 1977 5609 qua:

376 5639 490 5696 per
525 5624 699 5698 ipsum
725 5623 1031 5683 infunditur
1054 5627 1112 5684 in
1140 5628 1394 5686 cordibus
1422 5629 1739 5697 electorum,
1771 5630 1979 5689 incom-

2077 4990 2388 5045 deserentcs
2416 5005 2476 5044 se
2517 4990 2736 5053 deserit,
2766 4996 3105 5058 contemptus
3127 4988 3268 5043 enim
3300 4987 3419 5042 illas
3447 4987 3677 5042 delicias

2077 5080 2145 5136 ad
2188 5080 2461 5139 memorim
2510 5088 2708 5134 nostrae
2757 5080 2945 5135 oculos
2990 5088 3230 5144 revocat,
3277 5094 3478 5149 easque
3506 5077 3672 5133 nobis

2076 5185 2381 5239 proponens
2413 5170 2468 5225 in
2519 5170 2955 5239 promissionem,
2998 5179 3267 5240 torporem
3303 5171 3528 5235 excutit,
3580 5178 3670 5223 at-

2078 5276 2183 5328 que
2214 5268 2272 5313 ut
2303 5259 2577 5315 fastidiunt
2613 5269 2859 5315 nostrum
2891 5261 3154 5331 repellere
3193 5262 3487 5317 debeamus
3527 5261 3673 5314 invi-

2080 5363 2173 5409 tat.
2211 5352 2316 5409 Sed
2343 5354 2470 5422 quid
2499 5353 2823 5423 spiritalium
2855 5354 3171 5408 deliciarum
3199 5363 3393 5424 gustus
3419 5353 3675 5409 utilitatis

2080 5448 2296 5512 habeat,
2324 5463 2557 5517 sequens
2585 5447 2856 5503 sententia
2884 5445 3191 5501 manifestat
3216 5458 3232 5500 :

2157 5558 2175 5592 ι
2209 5540 2309 5606 Qui
2335 5540 2484 5593 audit
2514 5554 2599 5594 me
2628 5553 2733 5593 non
2760 5536 3142 5602 confundetur,
3170 5544 3226 5592 et
3248 5536 3343 5606 qui
3372 5544 3668 5605 operantur

2088 5650 2107 5684 ι
2136 5631 2189 5686 in
2232 5647 2318 5689 me
2343 5648 2446 5687 non
2488 5630 2809 5701 peccabunt.
2847 5649 2865 5684 ι
2898 5627 3037 5696 Quid
3074 5638 3155 5687 est
3195 5628 3346 5686 enim
3395 5626 3581 5683 audin:
3603 5630 3668 5683 et
