3902 6162
310 272 410 328 ΘΜ

1186 273 1533 330 COMMENT.
1578 272 1643 327 IN
1683 268 2291 331 ECTILESIASTIGUM.
2332 294 2401 315 —'-
2440 272 2569 330 LIB.
2614 273 2701 330 Vl.

3462 275 3569 337 9-Ξὲ

306 386 536 456 diligere
563 382 872 444 Dominum,
899 382 1001 438 nisi
1024 381 1139 453 ejus
1164 384 1433 438 mandatis
1454 381 1716 437 obedire?
1739 366 1881 436 sicut
1907 387 1955 444 Α
1981 383 2071 451 gni
2106 398 2210 436 non
2240 384 2347 436 erit
2377 383 2515 437 linis.
2560 402 2578 435 ι
2613 382 2710 438 ilic
2742 398 2873 455 ergo
2907 398 2973 438 ex
3019 386 3223 440 semine
3268 386 3436 443 David
3481 406 3565 445 se-

306 477 426 545 ipse
452 477 504 529 in
535 473 825 544 Evangelia
857 471 977 529 ait:
1013 493 1033 526 ι
1078 474 1139 531 Si
1179 475 1299 545 quis
1339 475 1514 545 diligit
1541 490 1646 539 me,
1677 481 1875 529 sermo-

305 580 434 619 nem
464 579 647 618 meum
686 564 921 621 servabit
950 563 1129 635 (Jan.
1159 565 1290 636 xiv).
1330 584 1348 618 ι
1384 564 1481 620 Hic
1506 563 1746 633 profecto
1772 579 1879 618 non

303 653 686 719 ctnfundctur,
730 653 854 723 quia
895 669 993 724 pro
1020 654 1322 709 obedientia
1364 663 1751 724 praeceptorum
1784 655 1877 709 Dei

301 755 506 797 aeterna
537 744 787 798 mercede
826 742 1192 807 coronabitur,
1232 743 1322 812 qui
1351 758 1482 797 vero
1504 751 1798 811 operantur
1824 743 1877 797 iu

302 834 570 906 sapientia
597 846 653 890 et
687 834 974 889 dilectione
1009 835 1102 888 Dei
1129 849 1233 890 non
1270 834 1590 903 peccabunt,
1626 834 1717 888 sed
1749 849 1880 902 pec-

300 936 552 981 catorum
605 924 868 980 maculam
926 925 1146 979 omnino
1195 923 1438 995 fugiunt;
1486 926 1744 996 scriptum
1797 935 1879 981 est

299 1017 488 1071 enim:
528 1034 547 1067 ‹
575 1015 841 1077 Charitas,
885 1016 1079 1087 inquit,
1123 1030 1229 1069 non
1264 1016 1375 1086 agit
1422 1031 1723 1085 perperam,
1771 1032 1876 1071 non

302 1107 572 1171 irritatur,
599 1121 705 1160 non
728 1106 925 1178 cogitat
960 1106 1183 1170 malum,
1227 1120 1333 1160 non
1367 1106 1564 1175 gaudet
1592 1121 1752 1176 super
1778 1107 1879 1159 ini-

300 1199 584 1265 quitatem,
611 1197 905 1267 congaudet
931 1205 1111 1250 autem
1133 1196 1342 1250 veritati
1371 1195 1423 1267 (Ι
1447 1195 1569 1252 Cor.
1592 1197 1734 1269 xm).
1767 1218 1784 1248 ι
1813 1199 1881 1252 Et

299 1286 537 1342 Joannes
565 1286 875 1357 apostolus:
906 1304 924 1338 ι
977 1286 1185 1352 Omnis,
1222 1286 1414 1357 inquit,
1456 1286 1546 1357 qui
1596 1297 1778 1342 manet
1819 1288 1877 1341 in

300 1395 388 1442 eo,
421 1394 522 1431 non
547 1386 739 1448 peccat
767 1376 815 1449 (Ι
846 1377 1006 1431 Joan.
1041 1380 1143 1447 ιιι).
1178 1396 1196 1428 ι

377 1489 395 1519 ‹
429 1469 529 1534 Qui
564 1470 799 1523 lucidant
849 1483 957 1535 mc,
998 1469 1161 1523 vitam
1213 1478 1472 1523 mternam
1522 1468 1812 1522 habebunt.
1852 1489 1869 1520 ι

299 1561 438 1626 Quid
477 1571 554 1615 est
583 1576 713 1631 ergo
737 1559 1053 1629 sapientiam
1074 1558 1365 1623 elucidare,
1397 1559 1498 1613 nisi
1527 1561 1643 1629 ejus
1661 1560 1876 1628 plenam

297 1660 353 1708 et
385 1650 678 1719 perfectam
710 1650 1033 1720 agnitionem
1070 1650 1383 1718 percipere?
1417 1649 1517 1716 Qui
1539 1665 1668 1719 ergo
1699 1650 1877 1721 perfe-

1985 470 2215 525 cundum
2243 486 2461 526 carnem
2485 482 2664 549 natus,
2697 487 2801 525 non
2828 472 3002 527 solum
3028 472 3224 529 Iudam
3257 478 3351 530 sed
3395 486 3450 530 et
3475 486 3563 531 to-

1985 561 2089 642 tius
2107 563 2275 625 orbis,
2303 562 2414 617 imo
2439 562 2559 616 ρωΙὶ
2598 571 2860 632 terraeque
2901 564 3288 633 perpetualiter
3323 569 3565 637 possidet

1982 665 2225 719 regnum.

1956 762 1985 800 φ
2058 758 2075 789 ι
2104 740 2207 805 Qui
2254 740 2438 808 implet
2483 742 2637 809 quasi
2686 740 2884 797 Phison
2934 744 3278 813 sapientiam,
3312 753 3368 801 et
3421 749 3562 802 sicut

1986 848 2005 879 ‹
2036 828 2213 899 Tigris
2242 830 2295 883 in
2321 829 2513 884 diebus
2550 847 2836 897 novorum,
2860 836 2953 905 qui
2979 835 3236 905 adimplet
3272 839 3426 906 quasi
3456 841 3565 894 En-

1986 939 2004 969 ι
2032 922 2252 991 phrates
2286 938 2526 986 sensum,
2569 924 2660 992 qui
2689 925 3009 995 multiplicat
3035 928 3191 998 quasi
3219 928 3472 988 Iordanis
3505 934 3556 987 in

1985 1032 2003 1063 ι
2033 1020 2275 1082 tempore
2294 1015 2505 1079 messis,
2527 1016 2620 1085 qui
2645 1017 2809 1072 mittit
2834 1018 3171 1088 disciplinam
3197 1022 3337 1077 sicut
3361 1024 3559 1091 lucem,

1985 1125 2003 1155 ‹
2031 1115 2088 1162 et
2115 1108 2376 1162 assistens
2396 1110 2549 1177 quasi
2592 1108 2801 1181 Gehon,
2831 1110 2885 1165 in
2926 1119 3166 1181 tempore
3191 1115 3493 1173 vindemias
3531 1138 3550 1171 ι

1980 1196 2232 1251 Dicamus
2270 1198 2502 1267 primum
2531 1201 2597 1255 de
2624 1200 2755 1270 ipsis
2795 1203 3005 1259 naturis
3034 1203 3333 1272 ﬂuminum,
3376 1223 3497 1278 qua:
3525 1224 3557 1264 a

1979 1288 2334 1357 scriptoribus
2376 1291 2705 1345 naturalium
2754 1307 2938 1348 rerum
2977 1296 3338 1367 percepimus,
3383 1308 3439 1353 et
3478 1300 3560 1355 sic

1894 1418 1897 1421 ς
1979 1377 2290 1448 allegoriam
2332 1394 2519 1435 eorum
2566 1391 2966 1452 consequenter
2995 1393 3320 1441 retexemus.
3361 1387 3558 1443 Phison

1979 1466 2169 1522 ﬂuvius
2190 1475 2290 1533 est,
2316 1469 2405 1538 qui
2437 1471 2543 1524 alio
2564 1471 2780 1527 nomine
2807 1473 3019 1545 Ganges
3046 1476 3265 1542 dicitur,
3297 1487 3353 1534 et
3371 1480 3560 1534 exiens

1979 1558 2046 1611 de
2075 1558 2324 1627 paradiso
2349 1561 2524 1629 pergit
2554 1560 2621 1614 ad
2649 1560 2815 1616 India:
2841 1564 3109 1633 regiones.
3160 1567 3346 1623 Dictus
3372 1576 3557 1623 autem

1982 1647 2198 1707 Phison.
2243 1650 2295 1704 id
2336 1658 2421 1704 est
2454 1660 2691 1713 caterva,
2729 1653 2853 1721 quia
2884 1653 3068 1710 decem
3098 1655 3407 1713 ﬂuminibus
3441 1676 3556 1713 ina-

297 1751 440 1794 ctam
476 1741 693 1795 habebit
718 1741 963 1796 notitiam
992 1741 1101 1804 Dei,
1131 1741 1220 1808 ille
1245 1741 1496 1795 nimirum
1520 1742 1683 1796 vitam
1712 1748 1873 1797 teter-
1904 1727 1948 1785 Β
1976 1739 2095 1809 guis
2119 1740 2223 1794 sibi
2267 1738 2538 1808 adjunctis
2578 1742 2848 1811 impletur,
2881 1753 2937 1799 et
2969 1744 3197 1801 efﬁcitur
3224 1765 3381 1804 unus.
3409 1750 3557 1806 Gan-

297 1846 423 1884 nam
445 1841 496 1887 et
520 1830 712 1901 gaudia
741 1832 1035 1901 possidebit
1062 1832 1298 1887 etnlestis
1325 1833 1491 1903 regni.
1527 1832 1599 1886 De
1623 1847 1731 1901 quo
1757 1833 1870 1902 ipsa

297 1912 513 1975 Veritas
538 1921 590 1975 in
627 1921 915 1992 Evangelia
940 1923 1006 1975 ad
1036 1922 1249 1977 Patrem
1276 1923 1351 1977 ait
1379 1936 1395 1976 :
1444 1941 1463 1973 ι
1498 1922 1626 1978 Η.υο
1667 1930 1753 1978 est
1777 1938 1872 1977 au-

296 2020 405 2067 tem
429 2013 539 2067 vita
579 2022 803 2077 mterna,
832 2021 891 2067 ut
934 2023 1264 2084 cognoscant
1286 2022 1338 2069 te
1380 2029 1543 2068 unum
1578 2014 1764 2078 Deum,
1793 2023 1868 2078 et,

293 2121 456 2175 quem
488 2104 895 2169 misisti,Iesum
915 2106 1187 2162 Christqu
1207 2106 1387 2176 (Joan.
1410 2105 1564 2177 xvu).
1578 2124 1597 2157 ι
1617 2105 1724 2159 Sed
1743 2106 1870 2176 quia

294 2211 455 2251 nemo
478 2196 529 2249 in
554 2196 654 2251 hac
684 2196 793 2250 vita
816 2195 1053 2265 perfecte
1077 2197 1284 2251 visione
1312 2195 1407 2251 Dei
1431 2195 1537 2249 frui
1559 2196 1871 2265 potest,sic-

293 2300 356 2340 ut
380 2287 493 2355 ipse
520 2294 766 2350 testatur,
800 2288 1022 2343 dicens:
1058 2305 1075 2336 ι
1112 2286 1229 2341 Νοιι
1262 2286 1409 2341 enim
1436 2286 1639 2341 videbit
1683 2285 1866 2350 homo,

290 2387 351 2431 et
383 2378 562 2433 vivere
613 2386 790 2447 potest
828 2377 1023 2450 (Exod.
1072 2377 1265 2448 xxxui)
1301 2397 1318 2429 ι
1372 2376 1567 2431 fu:ur.e
1605 2376 1728 2430 vit'e
1753 2366 1869 2430 lucc

289 2469 785 2538 gratiareservatur
825 2487 839 2523 :
876 2488 895 2522 ι
932 2469 1083 2526 Nunc
1120 2471 1264 2526 enim
1317 2470 1561 2525 videmus
1604 2484 1701 2538 per
1739 2482 1864 2537 spe-

289 2557 472 2611 culum
496 2567 550 2613 et
574 2560 631 2613 in
651 2560 952 2630 aenigmate,
987 2569 1111 2616 tunc
1136 2571 1315 2615 autem
1343 2559 1481 2616 facie
1509 2559 1579 2615 ad
1612 2558 1863 2615 faciema

288 2643 446 2705 Nunc
471 2652 844 2720 cognoscimus
878 2666 943 2707 ex
972 2661 1147 2722 parte,
1188 2663 1316 2709 tunc
1352 2660 1535 2710 autem
1580 2667 1868 2724 cognosce-

287 2756 414 2795 mus
435 2741 578 2797 sicut
610 2750 666 2797 et
698 2743 901 2813 cogniti
920 2758 1125 2798 sumus.
1153 2759 1174 2795 ι

370 2849 388 2881 ι
429 2830 554 2887 llaec
597 2834 778 2888 omnia
807 2834 945 2889 liber
986 2833 1133 2900 vitae,
1170 2853 1190 2887 ι
1240 2834 1558 2891 subauditur
1606 2835 1864 2893 ccutinet.

286 2925 359 2979 Et
385 2926 506 2995 quis
528 2926 597 2981 sit
627 2926 714 2982 ille
743 2927 899 2993 liber,
915 2927 1097 2984 statim
1125 2926 1439 2999 subjungit:

370 3033 388 3064 ι
441 3014 840 3071 Testamentum
882 3016 1144 3072 Altissimi
1186 3026 1242 3071 et
1284 3017 1486 3086 agnitio
1535 3017 1803 3073 veritatis.
1838 3037 1881 3068 ι·

284 3104 454 3159 l.iber
482 3106 578 3159 iste
616 3107 1110 3167 continetNovum
1142 3117 1197 3162 et
1239 3107 1405 3163 Vetus
1433 3107 1865 3175 Testamentum,

284 3199 342 3249 in
384 3211 491 3266 quo
522 3206 603 3252 est
626 3198 828 3268 agnitio
856 3199 1123 3263 veritatis,
1165 3200 1290 3268 quia
1319 3214 1416 3268 per
1444 3199 1620 3268 ipsum
1648 3199 1869 3254 demon-

282 3294 498 3339 stratur
537 3285 668 3341 fides
695 3303 761 3342 ac
808 3288 1050 3343 doctrina
1092 3287 1412 3342 Salvatoris.
1462 3289 1684 3353 De_hoc
1730 3288 1868 3345 libro

282 3375 537 3431 Ezechiel
562 3379 823 3447 propheta
844 3388 1232 3435 commemorat
1266 3379 1484 3450 (Ezecli.
1515 3379 1599 3452 ιι),
1628 3389 1686 3436 et
1709 3379 1869 3440 Joan-

282 3482 388 3521 nes
413 3467 685 3538 apostolus
711 3469 765 3523 in
789 3468 1107 3540 Apocalypsi
1147 3485 1244 3525 sua
1278 3484 1384 3525 non
1411 3479 1554 3525 tacet
1575 3471 1756 3541 (Apoc.
1785 3470 1863 3541 χ).

368 3578 386 3610 ‹
417 3559 612 3631 Legem
642 3561 917 3615 mandavit
956 3561 1165 3633 Moyses
1204 3563 1261 3617 in
1300 3564 1587 3633 praeceptis
1623 3562 1864 3631 justitia-

288 3669 309 3701 ε
349 3666 493 3715 rum,
523 3660 580 3706 et
622 3652 992 3709 haereditatem
1019 3652 1200 3709 domui
1240 3651 1430 3720 Iacob,
1452 3664 1507 3708 et
1545 3653 1714 3727 lsrael
1741 3668 1865 3723 pro-

287 3770 309 3802 ε
344 3751 655 3806 missiones.
689 3771 708 3803 ›
758 3744 1096 3807 Manifestum
1138 3759 1222 3807 est
1275 3752 1419 3822 quod
1462 3750 1720 3805 Dominus
1769 3764 1867 3820 per

280 3844 510 3914 Moysen
555 3842 724 3914 legem
767 3843 913 3898 dedit
960 3843 1142 3899 domui
1181 3841 1369 3908 Iacob,
1408 3844 1517 3898 hoc
1548 3850 1632 3897 est
1670 3840 1865 3911 populo

276 3934 481 4004 priori,
515 3934 566 3987 in
606 3949 712 4003 quo
737 3942 1004 4005 prrecepta
1048 3930 1530 4001 fueruntjustitite,
1568 3931 1773 3988 scilicet
1806 3940 1866 3986 ut

281 4035 511 4098 peccata
537 4033 809 4092 caverent,
842 4034 898 4081 et
922 4025 1213 4080 virtutibus
1260 4024 1435 4079 sacris
1478 4025 1587 4079 Deo
1626 4022 1865 4079 deservi-

284 4125 446 4178 rent;
497 4115 550 4168 in
581 4115 685 4169 hac
733 4114 1119 4184 promissiones
1163 4112 1258 4166 Dei
1305 4112 1374 4168 ad
1411 4111 1575 4167 Israel
1626 4111 1860 4175 fuerunt,

281 4206 422 4278 quia
467 4220 562 4276 per
601 4206 892 4261 adventum
948 4204 1247 4259 Salvatoris
1300 4203 1595 4273 redemptio
1642 4202 1863 4257 humani

280 4299 508 4369 generis
534 4299 586 4352 in
629 4312 691 4352 ea
722 4297 1135 4367 priedicebatur,
1179 4303 1239 4350 ut
1272 4306 1357 4350 est
1398 4294 1525 4349 illud
1569 4294 1861 4350 Mosaicum

1973 1842 2067 1898 ges
2095 1837 2275 1883 autem
2306 1838 2530 1885 vocatus
2562 1846 2591 1884 a
2621 1846 2745 1902 rege
2766 1831 3022 1904 Gangaro
3041 1834 3233 1901 Indiae;
3268 1837 3440 1895 fertur
3461 1856 3557 1893 au-

1974 1927 2083 1972 tem
2127 1917 2229 1974 Nili
2264 1921 2424 1974 modo
2467 1920 2720 1987 exaltari,
2770 1930 2825 1977 et
2877 1938 3041 1993 super
3090 1925 3327 1984 Orientis
3380 1936 3558 1985 terms

1970 2024 2272 2079 erumpere.
2319 2011 2496 2081 Tigris
2525 2010 2718 2067 ﬂuvius
2746 2013 3147 2083 Mesopotamia:
3189 2017 3259 2072 de
3305 2020 3556 2088 paradiso

1970 2099 2241 2162 exoriens,
2285 2110 2340 2155 et
2372 2116 2603 2173 pergens
2626 2111 2820 2159 contra
2861 2104 3132 2175 Assyrios,
3162 2115 3217 2162 et
3260 2118 3384 2178 post
3411 2110 3554 2164 mul-

1970 2197 2053 2244 tos
2099 2190 2357 2247 circuitus
2407 2192 2458 2245 in
2511 2208 2659 2248 mare
2705 2193 2973 2250 Mortuum
3020 2195 3280 2264 inﬂuens;
3320 2209 3545 2256 vocatus

1969 2286 2148 2334 autem
2179 2280 2280 2335 hoc
2303 2281 2521 2336 nomine
2544 2291 2764 2353 prepter
2786 2284 3147 2352 velocitatem,
3173 2287 3342 2343 instar
3362 2290 3551 2348 bestiae

1969 2368 2177 2439 tigridis
2216 2370 2380 2425 nimia
2422 2373 2745 2441 pernicitate
2784 2374 3072 2430 currentis.
3121 2376 3424 2446 Euphrates
3452 2378 3553 2435 ﬂu-

1966 2460 2090 2517 vius
2120 2461 2537 2533 Mesopotamia),
2568 2464 2634 2520 de
2674 2466 2927 2535 paradiso
2946 2467 3218 2532 exoriens,
3241 2470 3552 2540 copiosissi-

1967 2566 2090 2607 mus
2113 2554 2363 2624 gemmis,
2388 2555 2479 2624 qui
2518 2570 2617 2625 per
2667 2557 2898 2611 mediam
2942 2556 3293 2629 Babyloniam
3332 2561 3546 2627 inﬂuit;

1970 2640 2061 2698 hic
2092 2658 2125 2696 a
2170 2643 2413 2712 frugibus
2441 2644 2523 2699 vel
2551 2646 2619 2700 ah
2644 2645 2894 2704 ubertate
2922 2663 3119 2703 nomen
3157 2650 3389 2720 accepit,
3420 2667 3548 2715 nam

1865 2781 1871 2789 .
1971 2732 2233 2791 Hebraice
2281 2738 2543 2807 euphrata
2592 2737 2846 2797 fertilitas
2894 2740 3326 2810 interpretatur:
3379 2743 3556 2801 Mesoo

1967 2828 2261 2895 potamiam
2286 2829 2485 2884 etenim
2512 2829 2566 2885 in
2604 2830 2924 2899 quibusdam
2960 2832 3093 2889 locis
3126 2834 3202 2889 ita
3225 2835 3556 2906 irrigat-sic-

1965 2926 2026 2973 ut
2075 2918 2225 2976 Nilus
2283 2920 2684 2977 Alexandriam.
2753 2922 3041 2980 Sallustius
3108 2935 3291 2981 autem
3360 2937 3555 2982 auctor

1966 3010 2301 3066 certissimus
2328 3012 2544 3075 asserit,
2590 3012 2775 3084 Tigrin
2819 3022 2871 3071 et
2918 3015 3225 3084 Euphraten
3256 3033 3364 3072 uno
3403 3018 3556 3073 fonte

1892 3076 1937 3138 Ο
1969 3116 2191 3157 manare
2217 3102 2273 3158 in
2310 3102 2590 3167 Armenia,
2615 3118 2709 3173 qu.
2745 3117 2842 3175 per
2864 3105 3074 3161 diversa
3114 3115 3306 3162 euntes
3338 3108 3553 3179 longius

1967 3193 2280 3249 dividuntur
2309 3193 2485 3263 spatio
2530 3195 2707 3251 medio
2737 3194 2923 3251 relicto
2952 3196 3242 3252 multorum
3281 3198 3508 3255 millium
3533 3213 3549 3252 ε

1967 3299 2089 3354 quae
2119 3292 2298 3340 tamen
2343 3294 2507 3349 terra,
2549 3302 2671 3356 qua:
2700 3289 2768 3343 ab
2810 3288 2940 3357 ipsis
2970 3289 3231 3356 ambitur,
3254 3290 3552 3361 Mesopota-

1966 3375 2076 3430 mia
2108 3376 2322 3431 dicitur.
2351 3373 2621 3443 Iordanis,
2653 3376 2853 3434 Iudicas
2882 3376 3078 3435 ﬂuvius
3108 3394 3139 3433 a
3182 3379 3395 3435 duobus
3441 3381 3553 3436 fon-

1967 3466 2112 3522 tibus
2150 3467 2496 3522 nominatus:
2542 3482 2776 3537 quorum
2824 3467 2963 3523 alter
2999 3464 3227 3523 vocatur
3270 3468 3384 3535 Ior,
3417 3470 3553 3526 alter

1965 3556 2114 3623 Dan;
2151 3557 2237 3612 his
2267 3558 2429 3628 igitur
2449 3557 2635 3628 procul
2660 3574 2691 3612 a
2734 3574 2793 3614 se
2832 3558 3159 3619 distantibus
3189 3560 3241 3614 in
3274 3576 3440 3615 unum
3469 3561 3546 3616 al-

1964 3658 2124 3703 veum
2153 3646 2451 3713 fmderatis,
2480 3647 2731 3703 Iordanis
2774 3649 3027 3718 deinceps
3068 3650 3384 3720 appellatur.
3439 3651 3550 3706 Na-

1966 3738 2135 3794 scitur
2163 3747 2343 3793 autem
2372 3739 2473 3794 sub
2504 3738 2725 3794 Libano
2768 3747 2971 3803 monte,
3001 3746 3055 3793 et
3086 3740 3280 3794 dividit
3305 3738 3548 3795 Iudzenm

1964 3835 2020 3882 et
2050 3827 2329 3893 Arabiam,
2359 3828 2451 3898 qui
2494 3843 2592 3898 per
2620 3828 2817 3883 multos
2853 3828 3117 3884 circuitus
3140 3829 3297 3898 juxta
3325 3830 3547 3887 Iericho

1965 3922 2018 3976 in
2060 3938 2209 3979 mare
2255 3923 2523 3979 Mortuum
2571 3924 2764 3980 inﬂuit.
2801 3924 2937 3980 Gion
2966 3925 3161 3982 ﬂuvius
3196 3928 3261 3983 de
3298 3930 3552 3997 paradiso

1964 4012 2152 4068 exiens
2197 4021 2359 4083 atque
2411 4013 2715 4070 universam
2758 4014 3090 4084 [Ethiopiam
3150 4016 3408 4087 cingens,
3454 4034 3553 4073 vo-

1965 4111 2120 4159 catus
2160 4102 2265 4159 hoc
2310 4104 2550 4169 nomine,
2605 4106 2748 4175 quod
2800 4106 3134 4162 incremento
3180 4111 3550 4164 suinexunda-

1966 4195 2126 4250 tionis
2156 4205 2353 4251 terram
2381 4196 2598 4267 .Egypti
2626 4197 2832 4268 irriget.
2856 4196 2935 4253 Ge
2955 4199 3100 4254 enim
3121 4198 3330 4265 Griece,
3364 4200 3554 4257 Latine

1965 4292 2167 4338 terram
2207 4284 2489 4355 signiﬁcat.
2539 4286 2636 4343 llic
2660 4289 2800 4358 apud
2841 4287 3125 4360 Egyptios
3183 4290 3336 4347 Nilus
3383 4307 3553 4347 voea-

283 4395 343 4448 in
378 4391 827 4449 Deutcroaomio:
866 4411 883 4442 ι
910 4389 1256 4460 Prophetam,
1285 4387 1479 4458 inquit,
1503 4388 1656 4443 vobis
1695 4387 1864 4442 susci-

1971 4382 2075 4438 tur,
2118 4384 2336 4443 propter
2362 4375 2546 4430 limum
2573 4393 2733 4448 quem
2779 4380 2963 4443 trahit,
3004 4381 3095 4448 qui
3125 4379 3285 4435 eﬂicit
3314 4381 3556 4441 fecundi-

284 4486 431 4540 tabit
478 4483 735 4539 Dominus
782 4484 850 4538 de
900 4482 1160 4538 fratribus
1185 4480 1399 4545 vestris,
1445 4487 1703 4549 tanquam
1756 4493 1861 4542 me,

281 4577 471 4645 ipsum
499 4574 730 4629 audietis
757 4572 935 4644 (Deut.
961 4570 1136 4642 xvni).
1164 4591 1181 4621 ι
1216 4570 1284 4624 Ει
1308 4584 1421 4623 ιιοιι
1449 4567 1623 4623 solum
1648 4568 1697 4622 in
1725 4565 1862 4639 lege,

281 4669 389 4724 sed
424 4668 586 4722 etiam
618 4668 671 4720 in
702 4666 977 4736 prophetis
1005 4666 1191 4719 eadem
1224 4661 1441 4732 sponsio
1466 4660 1608 4716 facta
1636 4669 1741 4725 est,
1757 4662 1864 4715 sic—

281 4768 351 4813 ut
409 4758 667 4826 scriptum
692 4765 815 4812 est:
855 4774 872 4806 ι
915 4754 1129 4809 Iuravit
1175 4753 1434 4809 Dominus
1464 4750 1630 4806 David
1671 4752 1867 4806 verita-

283 4857 424 4913 tem,
468 4857 522 4901 et
550 4861 656 4900 non
686 4845 1036 4900 frustrabitur
1057 4859 1179 4899 eum
1203 4858 1218 4895 :
1245 4844 1312 4898 de
1340 4841 1518 4897 fructu
1550 4842 1755 4897 ventris
1791 4841 1868 4896 tui

278 4955 492 5011 ponam
520 4952 681 5007 super
716 4937 900 4992 sedem
929 4950 1100 4991 meam
1133 4933 1305 5005 (Psal.
1340 4932 1556 5004 cum).
1591 4953 1610 4983 ι
1646 4932 1796 4988 Unde
1818 4940 1873 4989 et

276 5030 567 5099 seqllillll'.

366 5140 390 5170 ε
420 5118 609 5173 Posuit
648 5116 815 5173 David
844 5132 1012 5187 puero
1047 5131 1144 5172 suo
1168 5116 1407 5186 excitare
1446 5128 1627 5184 regem
1655 5128 1720 5168 ex
1754 5113 1872 5182 ipso

282 5234 306 5266 ι
344 5210 728 5275 fortissimum,
779 5219 831 5265 et
885 5209 936 5262 in
984 5210 1180 5262 throno
1222 5206 1445 5261 honoris
1495 5205 1775 5261 sedentem
1817 5204 1871 5257 in

282 5321 307 5354 ι
345 5300 762 5370 sempiternum.
802 5318 819 5349 ι
862 5296 987 5353 Haec
1011 5298 1228 5367 quidem
1257 5296 1520 5351 sententia
1557 5310 1667 5350 non
1696 5293 1762 5347 ad
1790 5293 1872 5348 hi-

271 5392 556 5451 storicum
587 5389 925 5446 Salomonem
953 5390 1203 5460 pertinet,
1234 5390 1327 5459 qni
1351 5398 1568 5458 propter
1590 5394 1870 5457 peccatum

269 5480 534 5556 perdidit
562 5496 804 5553 regnum,
835 5481 929 5536 sed
952 5481 1021 5535 ad
1042 5495 1227 5535 verum
1257 5478 1563 5549 pacificum,
1585 5476 1871 5531 Dominum

270 5568 549 5627 vnlclicet
582 5580 845 5634 nostrum,
895 5571 986 5640 qui
1027 5568 1182 5624 fortis
1210 5570 1263 5624 in
1305 5568 1490 5638 pnelio
1521 5567 1715 5621 fortem
1742 5566 1874 5620 vicit

252 5650 610 5725 diabolum;
651 5679 668 5712 ι
697 5660 849 5727 cujus
884 5669 963 5714 est
989 5669 1226 5729 potestas
1254 5668 1480 5719 aeterna,
1510 5666 1566 5712 et
1591 5658 1747 5727 cujus
1784 5672 1871 5711 re-

1968 4473 2158 4530 tatem,
2186 4467 2325 4522 unde
2367 4476 2423 4521 et
2445 4467 2595 4524 Nilus
2639 4470 2814 4525 dictus
2852 4478 2935 4525 cst
2969 4471 3125 4539 quasi
3171 4470 3321 4526 Niam
3362 4474 3549 4539 ciaon;

1968 4570 2095 4609 nam
2140 4557 2295 4610 antea
2335 4554 2484 4611 Nilus
2531 4555 2720 4611 Latine
2774 4558 2914 4613 melo
2976 4559 3276 4614 dicebatur.
3318 4566 3556 4631 Apparet

1969 4652 2146 4699 autem
2192 4646 2246 4700 in
2279 4644 2454 4702 Nilide
2499 4644 2639 4711 lacu,
2674 4647 2740 4702 de
2775 4663 2883 4718 quo
2918 4648 2971 4702 in
3025 4649 3310 4705 meridiem
3363 4667 3556 4708 versus

1967 4734 2234 4803 excipitur
2272 4733 2528 4806 AZgypto,
2574 4736 2666 4789 ubi
2712 4738 2981 4806 aquilonis
3014 4737 3227 4794 ﬂatibus
3272 4757 3552 4811 repercus-

1970 4840 2082 4891 sus,
2113 4826 2267 4894 aquis
2294 4835 2438 4880 retro
2466 4825 2824 4886 luctantihus,
2865 4828 3201 4896 intumescit,
3228 4840 3282 4886 et
3305 4832 3555 4886 nudatio-

1976 4932 2096 4972 nem
2152 4916 2370 4988 Egypti
2426 4916 2575 4972 facit.
2627 4916 2778 4984 Quod
2833 4928 3016 4974 autem
3058 4931 3297 4991 quatuor
3334 4923 3556 4980 ﬂumina

1973 5013 2208 5082 paradisi
2237 5018 2440 5067 ex‘uno
2479 5011 2626 5069 fonte
2652 5014 3012 5086 procedentia
3037 5018 3305 5072 assimilat
3343 5018 3557 5089 sapien-

1977 5104 2049 5156 tia
2081 5102 2328 5173 regi,qui
2355 5118 2421 5157 ex
2465 5102 2635 5156 David
2676 5112 2797 5156 ortu
2868 5112 2968 5165 est,
3014 5104 3289 5178 significat
3331 5124 3396 5162 ex
3452 5109 3558 5163 Do-

1974 5195 2123 5250 mino
2164 5204 2348 5249 nostro
2391 5193 2515 5249 Iesu
2562 5194 2777 5249 Christo
2817 5210 2946 5249 vero
2978 5200 3116 5254 Filio
3146 5201 3263 5262 Dei,
3303 5214 3401 5255 nec
3448 5214 3554 5253 non

1974 5298 2028 5343 et
2050 5304 2177 5343 vero
2223 5288 2331 5342 lilio
2376 5288 2628 5352 hominis,
2678 5287 2780 5342 hoc
2808 5295 2890 5342 est
2942 5292 3132 5358 David,
3178 5292 3302 5361 quia
3329 5306 3394 5344 ex
3440 5287 3556 5354 ejus

1974 5380 2180 5436 semine
2205 5380 2495 5435 secundum
2531 5395 2752 5435 carnem
2799 5389 2965 5438 natus
2989 5392 3090 5446 est,
3120 5390 3350 5450 quatuor
3377 5380 3552 5431 Evan-

1976 5473 2110 5544 gelia
2140 5472 2434 5542 procedere
2460 5487 2474 5525 :
2523 5487 2643 5541 quae
2678 5480 2786 5526 tota
2799 5489 2849 5527 ιιι
2880 5486 3082 5529 terram
3116 5471 3389 5525 nationum
3412 5483 3552 5537 pra:-

1976 5565 2244 5619 dicatione
2290 5580 2384 5619 sua
2423 5564 2669 5633 irrigant,
2703 5571 2761 5617 ut
2797 5567 3078 5623 credentes
3116 5561 3333 5615 Christo
3374 5558 3555 5612 multi-

1976 5656 2140 5725 plices
2162 5656 2417 5709 virtutum
2459 5654 2668 5709 fructus
2706 5658 3012 5722 germinare
3045 5652 3263 5708 faciunt.
3306 5649 3389 5705 Ab
3413 5665 3478 5707 eo
3498 5658 3557 5704 et
