3902 6162
442 251 563 307 "953

453 367 707 423 Iordanis
735 369 921 421 alveus
960 364 1222 434 procedit,
1268 365 1395 433 quia
1436 363 1687 432 baptismi
1736 376 2047 417 sacramen-

458 469 570 514 tum
594 458 658 513 ad
687 456 949 510 abluenda
994 454 1222 509 crimina
1250 455 1466 525 generis
1486 454 1707 508 humani
1737 452 1897 522 hujus
1926 453 2041 508 dis-

452 548 773 618 pensatione
816 546 872 600 in
911 546 1172 600 mundum
1219 545 1367 600 venit
1402 560 1417 599 :
1467 545 1559 615 qui
1607 544 1774 599 mittit
1811 544 2043 614 discipli-

455 657 581 695 nam
618 641 758 694 sicut
807 638 1005 703 lucem,
1049 638 1177 708 quia
1233 637 1352 707 ejus
1393 646 1664 710 praecepta
1714 638 1890 693 lucem
1918 638 2043 692 vitae

455 742 670 786 tutorum
702 729 823 783 ﬂdts
844 728 1219 798 operatoribus
1260 730 1374 785 suis
1406 730 1671 785 tribuunt.
1721 728 1875 786 Unde
1928 729 2043 800 ipse

454 820 668 890 quando
706 827 831 891 post
884 821 1337 876 resurrectionem
1385 836 1541 876 suam
1578 821 1870 892 discipulos
1914 835 2043 877 suos

454 915 526 969 ad
557 913 830 969 docendas
857 920 912 968 et
954 914 1307 983 baptizandus
1344 921 1536 985 gentes
1565 914 1737 981 misit,
1778 914 1833 969 in
1861 913 2024 968 Evan-

454 1004 594 1075 gelio
614 1004 682 1057 ad
708 1002 855 1073 ipsos
878 1003 991 1057 ait:
1031 1021 1051 1055 ί
1080 1002 1179 1069 lte,
1202 1003 1394 1059 docete
1421 1018 1611 1059 omnes
1631 1011 1840 1074 gentes,
1867 1002 2045 1073 bapti-

457 1101 647 1148 zantes
668 1107 766 1148 eos
792 1093 845 1146 in
878 1093 1095 1148 nomine
1116 1092 1296 1148 Patris
1324 1101 1380 1149 et
1422 1091 1545 1148 Filii
1567 1101 1623 1149 et
1651 1092 1886 1164 Spiritus
1921 1106 2046 1147 san-

454 1186 527 1241 cti
561 1202 575 1239 :
605 1185 863 1243 docentes
903 1199 998 1240 eos
1046 1199 1265 1240 servare
1293 1185 1473 1242 omnia
1505 1199 1838 1255 quaecunque
1887 1199 2042 1239 man-

454 1275 576 1331 davi
611 1273 786 1329 vobis.
821 1272 889 1328 Et
912 1287 1041 1329 ecce
1068 1288 1168 1345 ego
1199 1272 1478 1329 vobiscum
1514 1287 1633 1329 sum
1659 1274 1910 1330 omnibus
1932 1272 2046 1329 die—

450 1369 574 1433 bus,
621 1379 794 1435 nsque
854 1367 922 1420 ad
985 1367 1508 1422 consummationem
1577 1366 1760 1423 steculi
1821 1366 2042 1440 (Matth.

454 1460 668 1527 xxvut).
696 1474 716 1509 ι

530 1576 553 1601 τ
577 1550 677 1618 Qui
700 1549 914 1623 perﬁcit
931 1550 1165 1620 primum
1192 1548 1333 1604 scire
1357 1547 1550 1619 ipsam,
1569 1557 1625 1604 et
1647 1548 1917 1604 infirmior
1939 1563 2044 1603 non

462 1660 479 1691 I
511 1642 854 1714 investigabit
886 1657 1027 1696 eam.
1051 1640 1097 1693 A
1132 1640 1266 1694 mari
1302 1640 1445 1693 enim
1471 1639 1763 1694 abundavit
1789 1639 2047 1711 cogitatio

460 1752 477 1784 ι
506 1734 671 1799 illius,
695 1742 752 1788 et
772 1732 1055 1788 consilium
1078 1731 1248 1801 ipsius
1278 1731 1346 1784 ab
1372 1732 1570 1801 abysso
1596 1746 1806 1801 magna.
1838 1749 1857 1783 ο
1903 1732 2044 1786 Vere

453 1824 599 1878 enim
629 1823 890 1878 Dominus
933 1827 1119 1876 noster
1153 1827 1344 1874 auctor
1393 1828 1475 1875 est
1513 1820 1752 1874 scientia:
1786 1820 2047 1890 spiritalis

454 1924 513 1969 et
540 1912 772 1968 salubris
807 1912 1089 1977 doctrinm,
1140 1911 1264 1980 quia
1304 1910 1417 1980 ipse
1441 1923 1540 1979 per
1563 1909 1777 1981 Moysen
1804 1910 2040 1981 primum

456 2002 696 2059 condidit
719 2002 913 2073 legem,
952 2000 1066 2070 ipse
1097 2000 1381 2071 inspiravit
1421 1999 1734 2070 prophetas,
1781 2000 1892 2070 ipse
1943 2000 2043 2055 do—

452 2094 566 2149 cuit
601 2092 894 2163 apostolos,
926 2091 1040 2162 ipse
1066 2090 1342 2145 ordinavit
1389 2090 1771 2161 evangelistas,
1810 2098 1866 2146 et
1899 2105 2042 2162 prae-

453 2189 719 2244 dicatores
750 2185 882 2241 Novi
929 2184 1281 2251 Testamenti,
1332 2200 1432 2240 nec
1482 2184 1618 2240 alius
1658 2193 1743 2240 est
1772 2183 1963 2253 plenus
1989 2194 2043 2239 et

453 2280 724 2352 perfectus
748 2277 1103 2349 investigator
1142 2284 1192 2333 et
1232 2278 1447 2349 agaitor
1472 2276 1756 2348 sapientiae
1784 2277 1901 2344 Dei,
1936 2277 2039 2332 nisi

452 2373 501 2426 is
523 2371 613 2440 qui
643 2385 765 2425 cum
787 2368 950 2424 Patre
980 2375 1035 2423 et
1069 2366 1273 2437 Spiritu
1323 2374 1514 2422 sancto
1560 2383 1701 2422 unus
1747 2374 1831 2423 est
1873 2367 2038 2434 Deus,

453 2464 520 2517 de
546 2474 654 2533 quo
682 2461 945 2530 scriptum
981 2466 1063 2514 est
1089 2476 1102 2512 :
1142 2477 1160 2510 ι
1194 2457 1367 2512 Nemo
1389 2459 1540 2513 novit
1569 2457 1767 2513 Filium
1796 2458 1901 2515 nisi
1941 2457 2041 2514 Pa-

455 2561 553 2617 ter,
597 2564 773 2621 neque
800 2548 1017 2603 Patrem
1055 2548 1180 2618 quis
1207 2547 1353 2603 novit
1386 2548 1489 2602 nisi
1531 2547 1722 2613 Filius,
1750 2555 1806 2603 et
1826 2549 1912 2603 cui
1946 2561 2041 2604 vo-

456 2640 619 2696 luerit
641 2638 815 2695 Filius
860 2636 1102 2693 revelare
1142 2635 1356 2709 (Matth.
1402 2653 1486 2704 x1;
1538 2636 1668 2692 Luc.
1711 2638 1788 2709 ι).
1827 2656 1847 2691 ι
1886 2636 2041 2705 Quod

455 2739 636 2786 autem
670 2728 869 2784 dicitur
902 2746 917 2782 :
950 2744 968 2779 ι
998 2726 1045 2783 Α
1089 2727 1224 2782 mari
1256 2726 1547 2783 abundavit
1572 2727 1832 2798 cogitatio
1873 2727 2036 2795 illius,

454 2829 510 2877 et
538 2818 822 2877 consilium
848 2817 1015 2890 ipsius
1046 2817 1114 2872 ab
1140 2817 1340 2889 abysso
1363 2832 1581 2888 magna,
1612 2835 1632 2868 ι
1658 2817 1894 2873 ostendit
1917 2830 2042 2888 pro-

454 2910 773 2966 funditatem
798 2908 1078 2979 sapientiae
1124 2907 1319 2963 divina:
1369 2905 1803 2963 inasstimabilem
1860 2918 1915 2963 et
1959 2906 2041 2962 in-

454 3002 990 3076 comprehensibilem
1015 3016 1155 3067 esse,
1186 3001 1313 3072 quia
1347 3016 1508 3057 nemo
1534 3010 1743 3057 secreta
1770 3001 1913 3057 illius
1943 3017 2043 3073 per

455 3095 638 3151 omnia
663 3102 951 3165 penetrare
979 3098 1179 3162 petest,
1203 3090 1306 3145 nisi
1336 3091 1451 3161 ipse
1474 3106 1614 3146 unus
1643 3098 1698 3145 et
1727 3091 1874 3146 solus
1898 3092 2041 3147 Deus

455 3185 617 3241 Pater
645 3194 701 3241 et
727 3183 894 3239 Filius
916 3190 973 3237 et
997 3181 1234 3253 Spiritus
1272 3189 1514 3247 sanctus,
1561 3182 1653 3252 qui
1692 3182 2040 3252 semetipsum

456 3294 553 3351 per
591 3278 772 3333 omnia
819 3275 985 3340 novit,
1017 3283 1075 3329 et
1116 3273 1330 3330 consilii
1370 3276 1450 3330 sui
1479 3290 1644 3330 verus
1686 3276 1904 3344 agnitor
1933 3285 2036 3331 est.

458 3370 561 3425 Dat
609 3375 871 3424 creaturae
914 3379 1026 3420 suat
1071 3372 1279 3418 tantum
1328 3365 1395 3420 de
1435 3380 1496 3420 se
1548 3379 1724 3429 nosse,
1779 3372 2040 3435 quantum

458 3459 608 3516 novit
649 3457 726 3514 illi
769 3455 1055 3528 expedire;
1105 3463 1160 3510 et
1192 3455 1450 3511 doctrinae
1489 3469 1600 3510 suae
1646 3453 1893 3511 ﬁdelibus
1928 3456 2042 3512 suis

455 3549 754 3607 secundum
787 3546 1005 3604 modum
1046 3545 1464 3617 dispensationis
1505 3559 1615 3601 suae
1661 3546 1849 3603 tribuit
1891 3548 2043 3603 intel-

459 3642 681 3698 lectum.

531 3751 551 3786 ‹
583 3733 693 3805 Ego
722 3728 982 3802 sapientia
1029 3725 1191 3783 effudi
1226 3725 1468 3793 ﬂumina,
1500 3743 1602 3799 ego
1639 3729 1794 3799 quasi
1841 3737 2043 3787 trames

464 3845 482 3876 ι
514 3838 668 3894 aqua:
695 3821 971 3876 immensre
996 3817 1064 3874 de
1098 3815 1279 3873 ﬂuvio.
1319 3837 1337 3870 ›
1374 3818 1515 3890 Ergo
1541 3819 1792 3876 Christus
1824 3821 2040 3892 sapien-

459 3918 533 3970 tia
562 3912 657 3968 Dei
681 3910 869 3968 eﬂ‘udit
900 3909 956 3963 in
987 3909 1244 3963 mundum
1279 3908 1508 3963 ﬂumina-
1527 3910 1788 3966 doctrinae
1810 3925 2043 3983 evange-

456 4006 598 4070 licze,
626 4018 745 4074 qua:
763 3998 1224 4058 abundantissime
1265 4000 1519 4056 reﬁciunt
1543 4008 1600 4056 et
1622 4001 1829 4057 satiant
1854 4002 2043 4058 avidas

459 4103 669 4151 mentes
694 4093 1010 4148 electorum.
1054 4088 1174 4159 ipse
1200 4098 1283 4146 est
1327 4100 1528 4147 trames
1569 4106 1724 4162 aqua;
1764 4093 2042 4148 immensae

462 4188 528 4242 de
563 4185 741 4249 ﬂuvio,
766 4188 892 4259 quia
917 4189 1060 4243 sicut
1086 4188 1230 4242 Deus
1253 4185 1318 4240 de
1345 4185 1473 4251 Deo,
1503 4184 1683 4240 lumen
1712 4185 1781 4240 de
1816 4184 2037 4251 lumine,

460 4277 534 4331 ita
563 4276 676 4346 ipse
704 4290 842 4347 aqua
886 4277 1148 4333 immensa
1190 4275 1260 4332 de
1310 4274 1460 4331 fonte
1502 4275 1662 4331 Patre
1705 4276 1820 4332 sive
1855 4275 2038 4343 ﬂuvio,

462 4368 672 4439 tropice
714 4369 822 4424 dici
861 4377 1059 4439 potest,
1097 4368 1350 4438 quoniam
1380 4369 1544 4423 Pater
1563 4368 1715 4438 origo
1738 4376 1824 4423 est
1850 4368 2042 4424 divini—

462 4458 614 4524 tatis,
637 4461 852 4529 quando
884 4458 1024 4513 sieut
1047 4458 1115 4514 de
1137 4458 1298 4512 Patre
1328 4456 1542 4527 genitus
1566 4466 1649 4512 est
1671 4457 1860 4524 Filius,
1890 4459 1961 4512 ita
1987 4468 2043 4513 et

461 4549 697 4619 Spiritus
727 4557 947 4605 sanctus
991 4549 1235 4619 procedit
1283 4563 1313 4601 a
1359 4548 1558 4602 Patre:
1600 4561 1762 4616 quem
1790 4549 1843 4602 in
1872 4548 2043 4604 Evan-

462 4641 601 4712 gelio
643 4655 796 4711 aqua;
839 4641 1055 4695 nomine
1108 4640 1365 4695 Dominus
1415 4639 2038 4707 nuncupavit,'dicens:

468 4753 487 4784 ι
515 4733 619 4801 Qui
661 4733 859 4788 biberit
903 4747 1098 4803 aquam
1140 4747 1303 4801 quam
1351 4744 1453 4801 ego
1497 4730 1637 4802 dabo
1663 4730 1735 4796 ei,
1769 4730 1860 4786 ﬂet
1887 4731 1942 4786 iu
1977 4746 2043 4788 eo

465 4826 584 4881 lous
611 4841 761 4896 aqua:
800 4825 1042 4882 salientis
1078 4825 1133 4879 in
1158 4825 1325 4879 vitam
1355 4832 1614 4879 aeternam
1658 4821 1841 4895 (Joan.
1884 4823 1981 4896 tv).
2018 4843 2037 4876 ι

465 4919 533 4973 Et
562 4919 730 4973 item:
766 4935 787 4970 ι
824 4918 926 4985 Qui
971 4918 1087 4972 sitit
1119 4918 1301 4972 veniat
1337 4916 1405 4971 ad
1450 4929 1556 4981 me,
1599 4923 1654 4971 et
1682 4915 1857 4982 bibat,
1898 4915 2046 4971 etde

465 5016 653 5062 ventre
675 5007 793 5076 ejus
818 5006 984 5061 ﬂuent
1029 5023 1181 5077 aqme
1220 5008 1353 5063 vivae
1386 5007 1568 5079 (Joan.
1601 5007 1722 5077 vn).
1763 5027 1782 5060 ι
1815 5007 1881 5061 Ει
1918 5006 2075 5068 alibi.

467 5098 700 5168 tegitur:
766 5115 784 5148 ι
832 5097 984 5166 Aqua
1038 5098 1314 5166 sapientiae
1362 5098 1614 5157 salutaris
1672 5099 1878 5167 potavit
1921 5113 2044 5154 eum

468 5188 658 5260 (Eccli.
686 5186 798 5258 xv).
831 5205 850 5239 ι

542 5300 560 5331 ι
590 5281 703 5351 Ego
745 5279 899 5349 quasi
946 5278 1139 5333 ﬂuvius
1180 5279 1365 5344 Dorix,
1399 5288 1455 5335 et
1507 5281 1649 5336 sicut
1692 5281 2042 5350 aqumductus

471 5392 489 5423 σ
522 5373 658 5426 exivi
694 5373 761 5428 de
803 5372 1074 5443 paradiso.
1110 5391 1128 5422 ι
1176 5369 1327 5425 Hunc
1356 5370 1573 5426 ﬂuvium
1618 5373 1836 5441 quidam
1880 5372 2042 5427 histo-

468 5464 675 5518 rialiter
707 5462 930 5517 Araxim
962 5475 1175 5515 amnem
1215 5460 1483 5515 Armenia:
1525 5477 1647 5517 esse
1692 5471 1902 5531 putant,
1948 5465 2041 5534 qui

464 5552 538 5605 ab
564 5567 672 5606 uno
700 5560 884 5605 monte
904 5566 1026 5605 cum
1064 5549 1335 5618 Euphrate
1367 5549 1578 5604 diversa
1616 5552 1796 5620 specie
1834 5554 2036 5618 oritur;

468 5639 645 5695 dictus
688 5652 866 5694 autem
914 5643 1055 5708 quoi
1125 5641 1405 5693 velocitate
1463 5649 1655 5695 cuncta
1708 5652 2035 5712 prosternat,

1104 247 1162 299 Β.
1205 245 1458 300 ΒΛΒΛΝΙ
1501 245 1720 299 MACPJ
1761 243 2042 297 ARClllEl

2140 242 2428 300 llOGUNT.
2470 243 2752 300 OPiillUil
2793 246 2972 302 PARS
3010 246 3050 300 ι.
3586 260 3670 314 9t.

2075 365 2121 422 Α
2150 361 2290 415 unde
2317 370 2372 415 et
2400 377 2525 416 eum
2555 361 2864 417 Alexander
2888 377 3013 417 eum
3045 367 3336 437 transgredi
3365 368 3509 425 vellet
3542 387 3675 444 ponte

2144 452 2429 521 fabricato,
2460 462 2609 509 tanta
2645 455 2698 509 vi
2740 455 3044 521 inundavit,
3088 465 3148 512 ut
3191 470 3402 529 pontem
3446 461 3666 521 dilueret.

2148 547 2249 601 llic
2268 547 2523 602 brevibus
2549 547 2849 603 intervallis
2879 550 2948 603 ab
2976 550 3265 620 Euphratis
3287 562 3403 607 ortu
3431 566 3575 627 caput
3597 566 3673 612 tot-

2142 640 2221 705 lit,
2255 655 2321 696 ae
2342 640 2535 696 deinde
2562 640 2816 712 Caspium
2844 643 3020 698 fertur
3057 646 3111 700 in
3147 662 3313 702 mare.
3343 649 3569 707 Doricum
3596 671 3674 709 au-

2144 739 2251 785 tem
2280 746 2310 784 a
2335 729 2541 785 Graceis
2580 731 2723 787 hunc
2758 734 3030 788 aestimant
3062 746 3456 808 nuncupatum;
3492 751 3566 797 est
3601 760 3676 799 δας

2144 832 2251 878 tem
2287 838 2416 893 pars
2462 821 2687 878 Graeciae
2728 825 2906 894 gentis
2950 825 3111 904 Doris
3157 839 3473 900 nuncupata,
3501 848 3558 888 ex
3591 851 3672 904 qua

2143 918 2300 970 tertia
2358 916 2537 988 lingua
2583 916 2895 974 Graecorum
2945 900 3141 975 Dorica
3188 922 3443 992 appellata
3469 934 3559 980 est.
3582 900 3671 1000 ily-

2142 1009 2280 1064 stice
2308 1019 2491 1064 autem
2524 1010 2790 1080 sapientia
2826 1022 3104 1082 comparat
3136 1029 3193 1069 se
3246 1013 3405 1070 ﬂuvio
3445 1018 3676 1088 rapidissi-

2142 1115 2262 1166 mo,
2304 1110 2358 1154 et
2383 1116 2537 1171 aqua:
2580 1104 2879 1170 egredienti
2923 1119 2988 1159 oe
3016 1106 3292 1175 paradiso,
3329 1108 3448 1177 quia
3474 1110 3672 1167 doctrina

2146 1189 2441 1247 Salvatoris
2473 1192 2540 1247 de
2559 1193 2768 1248 cmlesti
2795 1195 3049 1262 prodiens
3070 1198 3330 1254 thesauro
3350 1202 3517 1255 omnia
3535 1203 3673 1257 obsta-

2143 1280 2265 1336 cula
2317 1295 2565 1336 errorum
2610 1291 2773 1353 atque
2819 1287 3255 1355 persecutionum
3298 1304 3392 1344 sua
3440 1291 3672 1347 velocitate

2144 1378 2306 1439 atque
2354 1370 2668 1428 fortitudine
2705 1375 2995 1446 disrumpit
3034 1391 3098 1432 ac
3143 1376 3362 1450 frangit,
3412 1381 3481 1435 ita
3526 1391 3577 1436 ut
3602 1399 3674 1454 per

2144 1478 2239 1517 ora
2261 1464 2673 1533 praedicatorum
2714 1470 2764 1521 in
2791 1477 2962 1523 totum
2994 1472 3181 1549 orbem
3214 1471 3509 1544 longissima
3544 1484 3669 1545 atque

2147 1553 2410 1609 latissima
2444 1556 2669 1613 diﬂlnat.
2714 1558 2866 1615 Unde
2911 1560 3174 1631 scriptum
3202 1573 3288 1618 est
3317 1581 3331 1617 :
3366 1582 3384 1615 ι
3418 1564 3471 1619 lu
3499 1582 3670 1621 omnem

2150 1652 2352 1698 terram
2393 1646 2562 1701 exivit
2605 1664 2770 1705 sonus
2795 1665 3004 1716 eorum,
3049 1659 3104 1707 ct
3146 1652 3200 1708 in
3233 1652 3367 1710 ﬁnes
3393 1656 3527 1711 orbis
3549 1665 3672 1711 teme

2073 1707 2119 1766 Β
2147 1734 2312 1788 verba
2358 1749 2546 1790 eorum
2588 1736 2764 1808 (Psal.
2797 1707 3033 1813 Xi‘lil).')

2218 1843 2237 1876 ‹
2269 1825 2427 1879 Dixi:
2479 1826 2685 1898 Rigabo
2736 1844 2914 1885 meum
2962 1832 3179 1889 hortum
3233 1834 3593 1906 plautatioaum
3629 1849 3673 1892 ct

2149 1933 2166 1966 ι
2200 1914 2478 1971 inebriabo
2507 1918 2648 1987 prati
2694 1921 2800 1975 mei
2849 1920 3104 1978 fructum.
3161 1925 3230 1981 Et
3273 1943 3398 1985 ecce
3444 1927 3591 1986 factus
3613 1941 3676 1985 est

2147 2026 2166 2058 ε
2198 2007 2330 2062 mihi
2364 2015 2570 2064 trames
2607 2011 2911 2078 abundans,
2938 2022 2993 2068 et
3037 2013 3235 2072 ﬂuvius
3266 2035 3412 2074 meus
3445 2022 3674 2093 appropin-

2147 2115 2166 2149 ‹
2195 2098 2382 2168 quavit
2422 2098 2491 2153 ad
2541 2115 2712 2167 mare,
2756 2104 3011 2173 quoniam
3048 2104 3354 2162 doctrinam
3386 2111 3525 2178 quasi
3549 2119 3669 2166 ante-

2146 2208 2164 2241 ‹
2200 2190 2450 2246 incanum
2502 2191 2816 2250 illuminabo
2860 2197 3131 2262 omnibus,
3181 2207 3239 2254 et
3267 2202 3518 2257 euarrabo
3555 2204 3668 2257 illam

2145 2298 2164 2332 ι
2194 2294 2367 2352 usque
2403 2281 2472 2336 ad
2516 2270 2890 2356 longinquhm.
2941 2285 3249 2344 Penetrabo
3289 2306 3469 2347 omnes
3498 2289 3673 2347 inferio.

2146 2395 2164 2428 ι
2195 2392 2282 2432 res
2310 2385 2497 2449 partes
2548 2385 2728 2445 terrm,
2778 2390 2832 2435 et
2877 2381 3161 2453 inspiciam
3189 2400 3378 2441 omnes
3404 2386 3677 2442 dormientes

2146 2485 2165 2518 ι
2193 2476 2250 2523 et
2296 2467 2617 2524 illuminabo
2659 2483 2849 2526 omnes
2889 2482 3176 2542 Sperantes
3214 2474 3268 2530 in
3319 2475 3443 2531 Deo.
3478 2496 3494 2528 ι
3522 2475 3677 2531 llortus

2139 2561 2282 2616 enim
2313 2562 2710 2633 plantationum
2759 2565 3039 2635 sapientia:
3085 2577 3280 2623 sancta
3333 2579 3414 2624 est
3454 2568 3671 2631 Ecclesia,

2139 2669 2305 2725 quam
2337 2654 2452 2726 ipsa
2495 2654 2709 2712 Veritas
2757 2672 2856 2712 suo
2901 2658 3149 2730 dogmate
3196 2674 3406 2731 semper
3449 2659 3608 2730 irrigat
3636 2666 3676 2710 ct

2170 2738 2423 2807 inebriat,
2443 2748 2497 2795 ut
2538 2740 2767 2797 fructum
2798 2752 2984 2812 partus
3008 2746 3270 2813 spiritalis
3290 2749 3513 2819 quotidie
3533 2746 3675 2817 profc-

2165 2839 2271 2893 rat,
2304 2831 2358 2885 in
2387 2831 2633 2888 doctrina
2666 2834 2917 2890 videlicet
2948 2838 3216 2894 catholica
3243 2850 3297 2894 et
3319 2839 3479 2896 sacris
3508 2840 3673 2894 virtuti-

2163 2921 2302 2988 bus;
2333 2932 2388 2977 et
2419 2923 2632 2986 merito.
2654 2924 2777 2996 quia
2797 2927 3099 2984 illuminata
3120 2945 3149 2985 a
3178 2947 3304 2987 veru
3326 2933 3452 2988 luce.
3478 2951 3495 2984 ι
3515 2930 3671 3002 qumil-

2066 3051 2112 3115 Ο
2159 3013 2387 3115 luminat
2400 3029 2615 3073 omnem
2629 3016 2901 3074 hominem
2916 3022 3226 3079 venientem
3244 3025 3298 3079 in
3314 3024 3449 3080 hunc
3461 3022 3668 3079 mundum

2162 3105 2349 3174 (loco.
2388 3107 2452 3178 t),
2484 3127 2503 3162 ι
2547 3125 2574 3164 a
2609 3110 2720 3166 sole
2748 3111 2972 3182 iustitiae
3004 3114 3235 3187 ipsoque
3262 3119 3478 3180 oriente,
3509 3117 3565 3171 de
3591 3129 3671 3184 quo

2159 3196 2425 3269 scriptum
2447 3209 2526 3254 est
2549 3216 2564 3256 :
2593 3221 2612 3254 ι
2636 3203 2882 3260 Visitavit
2900 3218 2999 3259 nos
3015 3204 3203 3262 oriens
3221 3220 3287 3263 ex
3306 3208 3411 3263 alto
3429 3207 3562 3276 (Lac.
3580 3205 3627 3275 ι).
3650 3220 3667 3254 ι

2139 3288 2207 3344 Et
2252 3288 2379 3344 alibi
2428 3305 2442 3343 :
2481 3305 2501 3339 ι
2552 3287 2697 3344 Ecce
2745 3288 2830 3344 vir
2880 3289 3064 3345 oriens
3110 3305 3316 3347 nomen
3361 3289 3473 3360 ejus
3523 3286 3671 3362 (ludi.

2139 3377 2239 3449 vt).
2291 3395 2310 3431 ι
2352 3377 2509 3434 Facit
2536 3392 2690 3434 suam
2717 3380 3019 3435 doctrinam
3059 3382 3312 3437 enarrari
3339 3381 3673 3453 inlongiuquo,

2141 3470 2245 3527 hoc
2259 3477 2361 3538 est,
2386 3472 2442 3526 in
2472 3470 2671 3527 ﬁnibus
2694 3471 2865 3539 orbis,
2910 3479 2970 3528 ut
2994 3488 3185 3530 omnes
3213 3482 3498 3546 agnoscant
3516 3472 3677 3526 verita-

2143 3573 2249 3620 tem
2277 3563 2343 3618 ad
2375 3563 2727 3619 salvationem
2768 3564 2989 3620 humani
3031 3566 3250 3636 generis
3288 3568 3503 3622 venisse.
3533 3564 3671 3619 Pene-

2145 3660 2249 3708 irat
2274 3660 2454 3708 autem
2485 3650 2771 3709 inferiores
2800 3662 2981 3725 partes
3011 3662 3192 3721 terrm,
3228 3658 3477 3728 quoniam
3517 3668 3667 3710 carna-

2141 3743 2271 3797 lium
2300 3742 2463 3799 corda
2494 3750 2550 3798 et
2587 3745 2945 3814 cogitationes
2974 3754 3278 3803 scrutatur.
3305 3747 3679 3820 lnspicitomnes

2140 3835 2471 3891 dormientes
2493 3836 2582 3906 qui
2601 3836 2684 3891 vel
2706 3836 3023 3908 ignorantiae
3053 3854 3247 3895 somno
3271 3840 3351 3896 vel
3397 3851 3588 3912 torpore
3611 3852 3681 3892 ne-

2141 3927 2408 4000 gligentiae
2434 3929 2750 3994 dormitant,
2774 3936 2829 3984 et
2853 3929 3120 3986 illuminat
3167 3940 3316 3988 recta
3344 3930 3443 3987 fide
3475 3940 3524 3986 et
3558 3929 3678 3996 agni-

2143 4018 2289 4073 tione
2313 4027 2594 4088 sperantes
2632 4018 2685 4072 in
2712 4020 2846 4084 Deo,
2876 4021 3131 4090 quoniam
3166 4022 3263 4091 qui
3307 4030 3483 4092 sperat
3524 4019 3571 4073 in
3592 4017 3679 4071 Deo

2141 4111 2333 4166 beatus
2358 4118 2459 4165 est.
2495 4129 2514 4162 ς
2559 4110 2961 4182 Beneplacitum
2992 4114 3137 4168 enim
3163 4121 3251 4167 est
3305 4112 3516 4168 Domino
3549 4122 3680 4179 super

2142 4203 2393 4258 timentes
2417 4218 2564 4268 cum,
2592 4211 2648 4257 et
2682 4202 2737 4256 in
2765 4217 2860 4258 eos
2884 4203 2976 4274 qui
3018 4213 3240 4275 sperant
3266 4206 3321 4260 in
3360 4198 3678 4259 misericordia

2142 4295 2261 4367 ejus
2284 4291 2457 4366 (Psal.
2500 4294 2703 4365 CXLVI).
2739 4313 2758 4347 ι

2064 4416 2119 4477 D
2219 4408 2237 4440 ί
2264 4387 2456 4443 Adhuc
2502 4386 2805 4477 doctrinam
2855 4386 3010 4457 quasi
3053 4390 3393 4462 prophetiam
3428 4384 3677 4443 cﬂ‘undam.

2148 4506 2167 4540 ι
2196 4489 2253 4536 et
2307 4478 2609 4548 relinquam
2673 4476 2822 4531 illam
2852 4477 3242 4548 ’qmcrentibus
3282 4477 3599 4550 sapientiam,
3637 4479 3680 4526 et

2148 4596 2166 4630 σ
2192 4588 2298 4629 non
2326 4568 2569 4625 desinam
2598 4568 2652 4623 in
2683 4569 2972 4640 progenies
3000 4569 3216 4625 illorum
3252 4585 3420 4631 usque
3455 4568 3503 4622 in
3537 4576 3677 4620 arvum

2148 4684 2166 4717 ι
2197 4669 2463 4719 sanctum.
2500 4678 2519 4712 ι
2553 4658 2798 4714 insinuat
2838 4661 3034 4731 quippe
3077 4662 3314 4732 scriptor
3354 4658 3578 4717 historia:
3600 4656 3680 4710 hac

2142 4751 2430 4815 sententia,
2459 4749 2601 4819 quod
2624 4750 2887 4820 mysticus
2916 4751 3017 4806 iste
3039 4750 3176 4807 liber
3214 4753 3302 4815 sit,
3344 4759 3397 4807 ct
3421 4746 3677 4821 spiritalem

2142 4848 2347 4913 quaerat
2376 4839 2813 4910 intelligentiam,
2864 4848 2918 4895 et
2960 4842 3105 4910 quod
3149 4841 3303 4897 valde
3351 4840 3491 4896 utilis
3530 4837 3592 4893 sit
3624 4835 3678 4891 ad

2150 4932 2453 5002 legendum,
2482 4929 2607 4999 quia
2629 4927 2783 4998 juxta
2828 4930 3109 4985 historiam
3139 4931 3493 4987 moralitatem
3530 4926 3673 4984 docti.

2146 5038 2211 5078 ac
2238 5021 2391 5091 juxta
2431 5019 2742 5090 allegoriam
2780 5020 2902 5075 ﬂdei
2952 5022 3144 5078 imbuit
3195 5028 3556 5077 sacramento:
3585 5037 3600 5068 ‹
3626 5013 3675 5067 Et

2145 5127 2250 5167 non
2275 5110 2541 5175 desinam,
2588 5110 2787 5180 inquit,
2814 5112 2869 5165 in
2898 5113 3181 5182 progenies
3223 5112 3431 5166 illorum
3461 5121 3610 5178 usque
3633 5105 3673 5156 in

2100 5256 2107 5265 ,
2144 5220 2316 5259 mvum
2347 5211 2612 5267 sanctum,
2648 5223 2667 5255 ι
2700 5205 2954 5273 quoniam
2987 5220 3092 5259 non
3122 5212 3301 5259 cessat
3326 5182 3580 5272 Scriptura
3607 5211 3675 5251 εει

2145 5308 2235 5347 cra
2261 5292 2329 5346 ab
2358 5306 2473 5347 aevo
2507 5306 2677 5361 usque
2702 5292 2756 5346 in
2779 5307 2953 5347 aevum
2982 5292 3175 5348 docere
3204 5307 3375 5363 genus
3404 5292 3670 5346 humanum.

2143 5390 2409 5451 quatenus
2456 5380 2722 5452 intelligat
2778 5396 2842 5437 ex
2892 5384 3173 5453 praeceptis
3228 5382 3323 5438 Dei
3372 5380 3493 5452 quid
3533 5376 3673 5431 vitare

2142 5472 2335 5526 debeat
2358 5473 2553 5541 quidve
2580 5487 2763 5543 agere,
2793 5482 2852 5527 ut
2896 5487 3054 5529 nemo
3092 5475 3161 5528 sit
3199 5475 3293 5543 qui
3324 5474 3424 5527 rite
3461 5484 3515 5525 se
3539 5463 3669 5537 possit

2140 5576 2421 5625 excusare,
2452 5563 2605 5631 quasi
2643 5564 2897 5618 nescierit
2923 5566 3051 5633 quid
3078 5574 3399 5635 praeceptum
3431 5561 3495 5617 sit
3517 5559 3561 5614 in
3580 5555 3667 5621 lege

2142 5650 2345 5713 divina,
2375 5668 2496 5706 cum
2542 5654 2803 5721 sapientia
2839 5654 2976 5707 viam
2999 5655 3242 5709 veritatis
3276 5665 3329 5711 et
3365 5642 3668 5710 normamlu‘
