3926 6168
291 347 397 406 945

1176 342 1528 399 COMMENT.
1571 341 1638 397 ΙΝ
1677 339 2283 398 ECCLESIASTICUM.
2313 369 2384 378 ——
2419 337 2545 393 LIB.
2584 336 2669 392 Vl.

3448 341 3553 392 (iiii

291 464 454 518 stitim
496 459 676 532 palam
718 457 970 514 omnibus
1018 455 1367 511 demonstret.
1419 457 1492 511 De
1543 471 1650 525 quo
1694 455 1868 510 adhuc
1900 455 1939 512 Α
1977 468 1996 498 ι
2038 449 2193 503 valde
2231 449 2424 502 anima:
2473 447 2718 501 illorum:
2750 461 3041 515 pauperem
3081 447 3392 516 superbum,
3425 450 3552 503 divi-

290 551 542 608 subditur
571 567 586 602 :

362 663 382 696 ι
409 641 603 697 Videte
636 639 890 709 quoniam
940 653 1045 691 non
1089 638 1264 692 solum
1311 637 1441 691 mihi
1490 637 1748 695 laboravi,
1783 638 1875 690 sel

292 753 311 783 ο
341 732 594 789 omnibus
635 729 1046 799 exquirentibus
1084 729 1390 783 veritatem.
1440 747 1456 778 ι
1505 727 1703 781 Doctor
1747 742 1875 795 ergo

283 821 690 880 ecclesiasticus
715 817 878 874 verba
919 818 1012 872 Dei
1062 818 1350 872 scribendo
1381 825 1436 871 et
1485 817 1725 870 docendo
1769 831 1873 869 non

283 915 460 970 solum
485 911 587 966 sibi
615 911 826 964 laborat
862 909 953 964 sed
988 916 1042 962 ct
1070 907 1221 970 aliis;
1253 907 1376 974 quia
1408 906 1509 960 sibi
1546 905 1754 958 laborat
1777 918 1875 972 pro

282 1015 488 1060 acterna
520 1000 768 1058 mercede
805 1008 859 1055 et
885 1000 1090 1070 quiete,
1120 998 1242 1053 aliis
1285 1006 1463 1051 autem
1495 1011 1593 1066 pro
1625 1009 1751 1049 vera
1794 1009 1874 1050 sa-

282 1101 397 1154 lute
427 1112 492 1151 ac
533 1101 793 1165 perpetua
836 1091 1043 1160 requie.
1081 1089 1232 1144 Unde
1265 1089 1317 1142 in
1362 1086 1582 1142 Daniele
1611 1087 1869 1156 scriptum

280 1199 367 1243 est
391 1165 430 1242 ἶ
449 1206 468 1239 t
497 1185 599 1254 Qui
628 1183 768 1239 docti
794 1182 996 1235 fuerint
1024 1179 1302 1249 fulgebunt
1330 1179 1468 1232 sicut
1492 1177 1747 1246 splendor
1771 1176 1866 1229 lir-

281 1277 567 1342 mamenti,
623 1283 678 1330 et
725 1275 816 1345 qui
883 1273 951 1327 ad
1007 1270 1269 1339 iustitiam
1331 1269 1583 1323 erudiunt
1648 1267 1867 1330 multos,

277 1369 438 1439 quasi
466 1351 635 1422 stella:
660 1366 713 1420 in
758 1372 1047 1435 perpetuas
1092 1361 1422 1416 aeternitates
1470 1359 1632 1429 (Dan.
1685 1358 1804 1429 xu).
1845 1377 1862 1409 ι

281 1459 420 1513 Hinc
441 1466 497 1513 et
517 1457 752 1513 Iacobus
774 1457 882 1510 ait:
923 1472 941 1505 ι
985 1453 1086 1521 Qui
1119 1452 1357 1508 converti
1401 1450 1590 1506 fecerit
1617 1459 1870 1519 peccato-

277 1563 398 1602 rem
438 1548 510 1603 ab
553 1560 740 1602 errore
787 1546 888 1600 vice
930 1559 1062 1607 sum,
1111 1543 1339 1598 salvabit
1389 1543 1624 1596 animam
1675 1544 1791 1612 ejus
1837 1557 1867 1596 a

277 1649 478 1703 morte,
503 1647 560 1692 et
599 1633 810 1707 aperiet
826 1633 1224 1691 multitudinem
1275 1642 1620 1703 peccatorum
1659 1632 1864 1700 (Iacob.

275 1731 354 1799 ν).
397 1751 414 1781 ι
445 1730 522 1784 De
548 1744 656 1798 quo
678 1736 732 1781 et
755 1725 953 1780 Paulus
979 1725 1046 1779 ad
1067 1724 1410 1778 Timotheum
1444 1723 1710 1786 scribens,
1741 1722 1816 1776 ait
1849 1740 1862 1775 :

1981 559 1999 590 ι
2037 550 2144 596 tem
2172 540 2485 594 mendacem
2512 578 2526 602 ,
2571 552 2753 592 senem
2803 536 3006 590 fatuum
3052 546 3107 592 et
3155 539 3502 594 insensatum.
3532 562 3548 591 ι

1977 631 2114 699 Ergo
2155 629 2438 697 sapientia,
2468 645 2587 697 qua:
2615 636 2807 683 cuncta
2838 629 2951 682 odit
2986 629 3112 682 vitia
3139 669 3153 695 ,
3189 639 3299 684 tres
3347 633 3560 700 species

1974 721 2074 775 sibi
2107 720 2236 776 dicit
2261 736 2384 775 esse
2405 719 2652 785 odibiies;
2682 727 2736 773 et
2757 730 3103 788 aggravatam
3133 736 3192 776 se
3215 723 3410 778 asserit
3433 725 3551 777 ani~

1976 812 2077 865 mis
2113 825 2510 880 perversurum,
2553 825 2618 864 eo
2653 810 2794 878 quod
2840 811 3112 864 contraria
3149 811 3249 866 sibi
3285 814 3549 870 sentiant.

1973 918 2263 973 pauperem
2294 902 2541 959 videlicet
2571 904 2844 958 detestans
2883 904 3194 972 superbum,
3239 907 3330 974 qui
3365 915 3549 962 contra

1971 991 2336 1046 conditionem
2376 994 2706 1062 paupertatis
2745 1009 2853 1048 suae
2892 995 3072 1049 animo
3107 995 3248 1049 elato
3276 998 3547 1066 superbit;

1970 1091 2026 1135 et
2055 1081 2277 1136 divitem
2326 1082 2672 1147 mendacem,
2700 1083 2792 1152 qui
2837 1083 3107 1139 concessis
3134 1084 3290 1140 bonis
3324 1101 3429 1140 non
3470 1102 3553 1141 se-

1970 1172 2206 1227 cundum
2241 1172 2414 1244 legem
2444 1173 2538 1228 Dei
2578 1175 2630 1228 iu
2663 1175 2889 1230 veritate
2935 1175 3149 1240 fruitur,
3181 1178 3275 1232 sed
3313 1179 3552 1234 abutitur

1971 1262 2025 1316 in
2052 1263 2374 1330 mendacio;
2414 1271 2468 1318 et
2499 1280 2684 1319 senem
2729 1266 2930 1320 fatuum
2981 1275 3035 1321 et
3072 1267 3426 1336 insensatum,
3458 1272 3549 1340 qui

1971 1351 2195 1422 longaevi
2238 1355 2496 1423 temporis
2529 1354 2860 1426 negligenter
2898 1358 3086 1426 .perdit
3113 1359 3303 1424 Otium,
3337 1361 3550 1428 quando

1969 1441 2207 1498 discendi
2237 1444 2557 1514 sapientiam
2587 1445 2792 1500 nullum
2839 1445 3002 1500 habet
3041 1447 3297 1502 studium.
3331 1449 3551 1521 Mystice

1969 1539 2149 1587 autem
2180 1533 2272 1589 ille
2319 1548 2446 1590 vere
2487 1549 2692 1605 pauper
2716 1543 2818 1601 est,
2849 1537 2938 1605 qui
2962 1537 3252 1592 virtutibus
3287 1539 3440 1608 inops
3467 1539 3548 1604 fit,

1968 1631 2025 1676 et
2058 1628 2239 1678 tamen
2261 1624 2328 1679 ad
2360 1625 2677 1680 exercitium
2707 1626 2967 1680 virtutum
2994 1642 3099 1680 non
3128 1627 3240 1681 vult
3260 1630 3548 1698 superbum

1970 1711 2234 1768 inclinare
2257 1715 2519 1769 animum.
2550 1714 2710 1770 Dives
2738 1715 2966 1773 mendax
3011 1727 3094 1770 est
3122 1717 3426 1783 hmreticus,
3457 1720 3549 1788 qui

278 1796 691 1873 «Attende—tibi
719 1825 774 1871 et
813 1815 1074 1870 doctrina:
1117 1829 1286 1878 same,
1321 1814 1460 1868 insta
1494 1813 1550 1867 in
1589 1812 1723 1879 illis;
1762 1813 1866 1867 hoc
1893 1796 1938 1854 Β
1966 1803 2206 1859 abun-dat
2250 1820 2412 1862 sensu
2439 1816 2496 1862 et
2520 1821 2772 1863 sermone
2796 1847 2811 1871 ,
2861 1807 2957 1862 sed
2982 1809 3160 1878 potius
3189 1809 3353 1880 elegit
3388 1811 3440 1864 in
3466 1810 3552 1865 his

273 1911 423 1964 enim
466 1907 690 1972 faciens,
732 1913 786 1961 et
817 1906 1046 1974 teipsum
1085 1905 1294 1959 salvum
1342 1904 1524 1968 facies,
1559 1912 1613 1958 et
1651 1919 1744 1959 eos
1771 1905 1863 1973 qui

273 2008 330 2054 te
372 1997 594 2053 audient
623 1995 711 2066 (11
755 1995 890 2048 Tim.
923 1993 1020 2064 ιν).
1059 2013 1076 2046 ι
1122 1993 1260 2049 Hinc
1301 2001 1354 2048 et
1386 1993 1500 2064 ipsa
1548 1993 1763 2050 Veritas
1809 1995 1864 2048 in

274 2087 568 2158 Evangelio
594 2087 668 2140 ait
694 2103 708 2140 :
739 2104 756 2136 ‹
784 2083 886 2151 Qui
917 2083 1139 2139 solverit
1163 2099 1330 2138 unum
1354 2084 1418 2138 de
1450 2084 1718 2139 mandatis
1746 2084 1866 2139 istis

273 2177 537 2240 minimis,
567 2184 623 2230 et
645 2175 890 2232 docuerit
927 2175 1007 2229 sic
1049 2174 1315 2237 homines,
1354 2173 1613 2237 minimus
1650 2173 1866 2228 vocabi-

273 2278 366 2324 tur
389 2270 443 2323 iu
471 2283 638 2340 regno
683 2267 974 2331 malorum;
1008 2265 1098 2335 qui
1129 2273 1311 2319 autem
1362 2263 1553 2319 fecerit
1589 2271 1644 2318 et
1673 2264 1868 2319 docue-

269 2361 368 2425 rit,
403 2374 635 2430 tnagnus
684 2357 966 2413 vocabitur
1021 2355 1074 2409 in
1123 2370 1288 2424 regno
1333 2354 1594 2410 cuclorum
1645 2353 1862 2424 (Matth.

266 2455 352 2524 v).
393 2473 412 2504 ι
443 2452 508 2506 Et
551 2452 719 2505 item:
756 2468 775 2502 ι
817 2450 944 2512 Vos,
991 2447 1190 2518 inquit,
1236 2447 1368 2502 estis
1397 2446 1488 2500 lux
1536 2447 1754 2512 mundi;
1788 2446 1868 2500 sic

270 2544 455 2598 luceat
483 2541 573 2595 lux
603 2549 784 2596 vestra
813 2554 994 2594 coram
1022 2537 1347 2602 hominibus,
1375 2545 1433 2592 ut
1464 2537 1680 2592 videant
1703 2551 1866 2606 opera

270 2643 458 2688 vestra
489 2635 651 2697 bona,
694 2639 750 2687 et
793 2631 1097 2703 gloriﬁcent
1143 2631 1360 2686 Patrem
1391 2640 1650 2693 vestrum,
1683 2630 1776 2701 qui
1810 2631 1865 2685 in

270 2725 431 2782 cmlis
460 2737 543 2783 est
573 2721 786 2795 (ibid)
809 2739 828 2773 ι

893 2831 1118 2890 CAPUT
1154 2833 1242 2888 ill.

274 2923 556 2996 Sapientia
604 2924 837 2995 loquitur
891 2925 945 2980 in
991 2925 1156 2979 tribus
1202 2925 1452 2996 placitum
1497 2941 1608 2979 esse
1661 2925 1876 2995 spiritui

341 2997 463 3065 ejus
492 3013 511 3050 :
531 2996 586 3049 ia
614 2996 893 3050 concordia
921 2996 1166 3065 fratrum,
1197 3006 1243 3049 et
1271 3011 1452 3049 amore
1483 2997 1866 3065 proximorum,

343 3077 396 3122 et
424 3067 483 3120 in
503 3066 614 3121 uiro
637 3083 756 3120 cum
782 3067 1001 3120 muliere
1025 3066 1151 3121 bene
1173 3066 1270 3120 sibi
1297 3066 1651 3122 .coauenienti.

1966 1896 2141 1950 errori
2168 1913 2330 1967 quam
2371 1898 2586 1953 veritati
2627 1898 2918 1954 deservire.
2949 1897 3136 1959 Senex
3163 1899 3343 1955 fatuus
3383 1909 3435 1955 et
3467 1901 3550 1955 in-

1967 1994 2220 2041 sensatus
2239 1995 2344 2053 est,
2377 1989 2468 2057 qui
2498 1987 2718 2058 praefert
2739 1989 3019 2059 praesentis
3040 1990 3163 2044 vitae
3188 1989 3409 2045 delicias
3430 1991 3551 2044 vitae

1965 2075 2162 2132 futurae
2186 2117 2201 2141 ,
2226 2086 2280 2132 et
2310 2079 2480 2149 magis
2528 2087 2671 2132 amat
2717 2079 2918 2133 caduca
2957 2093 3120 2147 quam
3151 2087 3382 2134 aeterna.
3413 2078 3548 2134 Cum

1968 2170 2252 2226 manifeste
2281 2171 2516 2228 Joannes
2553 2174 2828 2243 apostolus
2866 2175 2969 2228 hoc
2995 2175 3298 2244 prohibeat,
3325 2176 3508 2231 dicens
3533 2197 3544 2230 :

1972 2278 1993 2311 ι
2037 2259 2212 2316 Nolite
2241 2261 2460 2332 diligere
2497 2263 2773 2327 mundum,
2801 2277 2977 2333 neque
3013 2279 3076 2318 ea
3118 2279 3238 2334 quae
3265 2265 3317 2318 in
3348 2266 3548 2319 mundo

1965 2360 2129 2417 sunt;
2166 2352 2399 2406 mundus
2435 2353 2580 2408 enim
2617 2353 2813 2406 transit
2845 2362 2899 2406 et
2939 2352 3372 2422 concupiscentia
3398 2352 3545 2424 ejus:

1965 2442 2058 2510 qui
2091 2449 2274 2496 autem
2306 2442 2436 2497 facit
2460 2442 2791 2498 voluntatem
2821 2442 3064 2508 Domini,
3097 2450 3274 2497 manet
3314 2443 3366 2497 in
3393 2450 3550 2498 mter-

1965 2547 2095 2586 num
2121 2530 2171 2602 (l
2196 2530 2356 2585 Joan.
2385 2530 2470 2601 ιι).
2505 2551 2524 2583 ι
2554 2531 2788 2587 Possunt
2818 2531 2900 2586 has
2935 2539 3044 2586 tres
3073 2531 3282 2600 species
3321 2530 3550 2587 odibiies

1966 2621 2080 2676 Deo
2119 2622 2188 2676 ad
2217 2628 2518 2691 apostatam
2563 2621 2833 2691 angelum,
2863 2621 2967 2676 hoc
3005 2629 3092 2677 est
3127 2620 3418 2687 diabolum,
3451 2637 3550 2691 per

1967 2711 2412 2783 significationem
2461 2710 2778 2776 transferri,
2807 2711 2900 2780 qui
2948 2725 3152 2781 pauper
3187 2719 3243 2766 et
3288 2710 3549 2781 superbus

1966 2812 2069 2868 est,
2107 2801 2196 2871 qui
2231 2816 2352 2856 cum
2387 2816 2675 2872 supernam
2717 2799 2942 2870 gloriam
2985 2809 3206 2870 [totiter
3237 2799 3547 2870 superbiam

1967 2909 2120 2950 suam
2145 2893 2486 2964 perdidisset,
2513 2893 2688 2948 adhuc
2714 2890 2994 2963 superbire
3021 2905 3128 2946 non
3166 2900 3376 2958 cessat;
3400 2892 3549 2947 dives

1965 2992 2050 3040 est
2079 2994 2135 3038 et
2165 2984 2417 3050 mendax,
2448 2983 2575 3054 quia
2602 2997 2726 3038 cum
2769 2991 3010 3038 terrenas
3037 2983 3254 3038 divitias
3280 2983 3334 3037 in
3370 2981 3548 3037 avaris

1967 3082 2025 3130 et
2068 3074 2280 3144 cupidis
2326 3073 2730 3144 possessoribus
2777 3074 3046 3144 possidet,
3077 3081 3224 3130 totus
3267 3073 3549 3130 mendacio

347 3157 504 3230 (οη.
538 3158 691 3230 xxv.)
737 3177 754 3209 ι
784 3159 840 3212 In
879 3159 1053 3213 tribus
1078 3158 1334 3228 placitum
1365 3165 1452 3212 est
1477 3156 1694 3226 spiritui
1725 3171 1863 3220 meo,
1892 3155 1940 3218 C
1970 3162 2182 3218 deditus
2209 3171 2294 3218 est
2318 3202 2332 3227 ,
2378 3163 2530 3218 sicut
2563 3162 2680 3233 ipsa
2728 3162 2942 3218 Veritas
2971 3162 3023 3216 in
3070 3162 3359 3234 Evangelia
3385 3162 3451 3218 de
3483 3177 3549 3217 eo

277 3267 298 3299 ι
329 3264 458 3318 qua:
494 3255 623 3302 sunt
660 3247 889 3318 probata
914 3262 1099 3303 coram
1126 3247 1237 3301 Deo
1275 3255 1331 3301 et
1359 3245 1708 3302 hominibus:
1739 3261 1871 3302 con-

275 3360 298 3391 ι
328 3339 519 3396 cordia
564 3339 814 3404 fratrum,
847 3347 902 3396 et
933 3355 1088 3394 amor
1131 3340 1527 3411 proximorum,
1581 3349 1637 3395 et
1682 3341 1766 3394 vir
1813 3349 1869 3396 et

276 3447 298 3480 ι
332 3429 534 3484 mulier
576 3429 712 3484 bene
759 3428 861 3483 sibi
911 3429 1334 3485 consentientes.
1385 3448 1403 3479 ι
1436 3429 1622 3483 Placet
1667 3429 1867 3498 quippe

269 3521 561 3592 sapientia:
587 3521 784 3576 divinae
805 3535 925 3592 quae
967 3522 1028 3577 in.
1067 3521 1185 3593 lege
1223 3521 1317 3580 Dei
1364 3521 1664 3591 probabilia
1695 3528 1751 3576 et
1775 3537 1867 3576 ac-

269 3611 591 3680 ceptabilia,
619 3620 676 3666 et
720 3611 1031 3667 hominibus
1079 3612 1317 3667 salubria
1348 3628 1470 3667 esse
1512 3611 1864 3666 manifestan-

273 3709 369 3755 tur
392 3740 408 3765 ,
437 3701 544 3755 hoc
578 3711 663 3756 est
709 3702 1002 3757 concordia
1045 3702 1300 3768 fratrum,
1347 3704 1412 3758 de
1442 3719 1548 3773 qua
1580 3703 1868 3774 Apostolus

273 3800 467 3844 monet
492 3791 772 3859 Ephesios,
815 3801 876 3846 ut
910 3801 1290 3863 supportantes
1331 3794 1560 3849 invicem
1591 3794 1645 3847 in
1689 3793 1867 3848 chari-

275 3893 393 3937 tate
433 3883 650 3937 solliciti
697 3885 806 3938 sint
848 3900 1067 3939 servare
1110 3886 1370 3940 unitatem
1415 3886 1638 3955 spiritus
1665 3885 1718 3939 in
1751 3885 1866 3938 vin-

280 3965 410 4021 culo
438 3969 591 4034 pacis
616 3967 833 4038 (Ephes.
867 3971 964 4041 tv).
988 3970 1054 4025 Et
1077 3971 1205 4024 alibi
1239 3982 1393 4042 rogat
1418 3974 1691 4028 auditores
1737 3989 1867 4030 suos

285 4067 350 4113 ut
395 4059 536 4114 idem
584 4061 817 4127 sapiant,
847 4071 898 4114 et
933 4078 1098 4115 unum
1132 4061 1316 4117 dicant
1345 4079 1574 4131 omnes;
1610 4082 1868 4136 amorque

277 4153 685 4222 proximorum,
717 4155 781 4208 de
831 4169 938 4223 quo
987 4155 1126 4208 idem
1175 4155 1462 4224 Apestolus
1510 4157 1750 4226 scripsit,
1787 4160 1864 4215 ui-

274 4258 461 4300 cens:
501 4263 521 4297 ι
583 4244 811 4302 Dilectio
849 4247 1081 4314 proximi
1126 4247 1325 4300 malum
1373 4263 1478 4303 non
1513 4261 1789 4318 operatur.
1833 4269 1853 4304 ι

276 4334 578 4391 Plenitudo
604 4353 734 4405 ergo
765 4340 899 4407 legis
928 4349 1012 4394 est
1044 4340 1265 4394 dilectio
1298 4339 1477 4410 (Rom.
1506 4343 1648 4410 xm).

358 4442 376 4472 ι
425 4423 492 4476 Et
544 4424 627 4476 vir
672 4433 728 4479 et
778 4425 969 4480 mulier
1021 4427 1160 4482 bene
1203 4426 1306 4482 sibi
1365 4430 1802 4485 consentientes:
1839 4449 1858 4482 ι

270 4514 435 4580 Quod
457 4514 613 4583 juxta
635 4517 937 4584 historiam,
963 4528 1019 4573 et
1043 4518 1198 4588 juxta
1225 4519 1535 4591 allegoriam
1564 4522 1865 4594 intelligere
1890 4496 1943 4556 Ῐ)

271 4619 528 4674 possum,
554 4608 681 4676 quia
705 4609 999 4663 secundum
1017 4609 1300 4666 historiam
1326 4611 1545 4664 mandat
1568 4613 1862 4682 apostolica

269 4695 585 4750 auctoritas
611 4697 762 4764 viris,
793 4706 854 4752 ut
885 4698 1109 4769 diligant
1143 4715 1340 4756 uxores
1367 4716 1516 4766 suas,
1545 4702 1684 4758 sicut
1709 4701 1865 4758 Chri—

267 4801 404 4842 ssus
438 4786 628 4842 dilexit
665 4788 1003 4855 Ecclesium;
1053 4791 1304 4846 similiter
1341 4800 1398 4847 et
1436 4791 1772 4859 mulieribus,
1803 4802 1866 4848 ut

263 4875 543 4945 subjecta:
565 4878 678 4934 sint
709 4879 840 4935 viris
873 4881 1005 4946 suis,
1036 4882 1177 4937 sicut
1205 4881 1355 4940 Deo:
1384 4884 1637 4952 quoniam
1668 4884 1752 4938 vir
1773 4893 1866 4939 ca-

264 4977 382 5040 put
411 4976 498 5024 est
525 4968 788 5036 mulieris,
808 4971 946 5026 sicut
972 4981 1027 5027 et
1051 4971 1299 5029 Christus
1319 4983 1480 5044 caput
1501 4983 1586 5030 est
1614 4975 1871 5032 Ecclesia:

263 5058 510 5127 (Ephes.
544 5059 620 5130 γ).
647 5058 948 5132 Allegorice
967 5072 1146 5118 autem
1177 5079 1466 5133 possumus
1487 5065 1540 5118 in
1567 5065 1685 5120 viro
1709 5067 1868 5136 spiri-

266 5159 427 5216 tum,
451 5156 511 5205 et
536 5149 591 5204 in
626 5150 850 5206 muliere
876 5153 1116 5207 animam
1145 5154 1476 5223 intelligere;
1505 5169 1624 5224 quze
1650 5157 1694 5210 si
1728 5155 1780 5209 in
1806 5156 1867 5210 ti-

261 5258 443 5300 more
469 5250 525 5298 et
549 5242 836 5300 dilectione
867 5243 961 5300 Dei
988 5246 1391 5311 consenserint,
1420 5245 1681 5316 quidquid
1703 5247 1870 5316 petie-

260 5337 398 5392 rint
431 5335 731 5390 secundum
764 5336 1088 5392 voluntatem
1119 5337 1244 5403 Dei,
1290 5337 1674 5406 impetrabunt.
1715 5336 1868 5393 Unde

255 5429 402 5500 ipse
441 5428 700 5482 Dominus
733 5428 812 5482 ait
839 5429 893 5483 in
919 5430 1248 5500 Evangelio:
1284 5448 1303 5481 ι
1338 5430 1395 5486 Si
1435 5430 1540 5485 duo
1582 5445 1870 5487 consense-

250 5523 397 5580 rint
427 5534 494 5573 ex
524 5517 675 5574 vobis
708 5520 760 5574 in
789 5536 989 5585 unum,
1023 5522 1090 5576 de
1114 5522 1262 5577 omni
1292 5538 1350 5578 re
1372 5536 1751 5593 quamcunque
1776 5537 1868 5592 pe-

261 5611 477 5666 tierint
498 5651 513 5673 ,
549 5611 637 5664 fiet
667 5611 770 5668 illis
792 5627 823 5666 a
848 5612 1008 5668 Patre
1031 5630 1152 5670 meo
1175 5615 1388 5685 (Matth.
1417 5614 1590 5687 xvm).
1629 5632 1648 5665 ι

362 5719 381 5749 σ
423 5701 563 5754 Tres
598 5703 806 5770 sperics
849 5705 1016 5760 odivit
1063 5706 1240 5759 anima
1296 5722 1449 5765 mea,
1492 5714 1546 5759 et
1604 5721 1868 5773 aggravor

1972 3261 2239 3317 testatur,
2271 3253 2494 3309 dicens:
2536 3271 2554 3303 ι
2605 3253 2696 3308 Ille
2725 3253 2994 3308 homicida
3026 3261 3149 3308 erat
3176 3253 3244 3309 ab
3289 3253 3464 3318 initio,
3495 3262 3552 3308 et

1970 3343 2026 3398 in
2075 3347 2308 3401 veritate
2357 3359 2464 3399 non
2509 3344 2680 3406 stetit,
2727 3345 2852 3413 quia
2893 3344 3093 3400 veritas
3130 3343 3184 3398 in
3223 3359 3289 3400 eo
3325 3359 3434 3399 non
3467 3350 3552 3399 est

1969 3433 2153 3505 (Joan.
2185 3433 2342 3505 vui):
2381 3453 2401 3486 ι
2440 3449 2563 3490 cum
2600 3434 2742 3490 enim
2800 3434 3036 3504 loquitur
3071 3434 3408 3490 mendacium
3436 3474 3450 3498 ,
3482 3448 3547 3488 ex

1966 3525 2202 3594 propriis
2226 3525 2482 3594 loquitur,
2512 3525 2637 3593 quia
2669 3525 2898 3578 mendax
2921 3533 3084 3580 estet
3112 3534 3266 3594 pater
3287 3523 3435 3593 ejus;
3467 3541 3547 3582 se-

1967 3631 2071 3671 nex
2095 3616 2274 3672 fatuus
2299 3626 2385 3672 est
2419 3625 2474 3671 et
2502 3617 2806 3671 insensatus
2829 3656 2844 3679 ,
2874 3616 2998 3685 quia
3021 3631 3142 3669 cum
3165 3616 3307 3670 inter
3325 3625 3549 3670 caeteras

1967 3706 2236 3775 angelicas
2269 3707 2496 3761 virtutes
2545 3707 2598 3760 in
2633 3705 2819 3776 gloria!
2840 3706 3044 3760 caelesti
3077 3719 3174 3775 per
3221 3706 3542 3776 sapientiam

1967 3796 2062 3850 Dei
2092 3797 2146 3850 in
2180 3797 2335 3852 initio
2357 3805 2573 3851 creatus
2596 3807 2702 3863 est,
2737 3796 3058 3866 Sapientiam
3098 3797 3200 3852 sibi
3231 3799 3408 3852 datam
3439 3815 3544 3852 non

1968 3889 2352 3952 conservavit,
2379 3903 2445 3943 eo
2493 3889 2636 3957 quod
2679 3888 2944 3942 conditori
2980 3904 3077 3943 suo
3111 3885 3383 3955 subjectus
3425 3905 3546 3943 esse

1967 3981 2164 4034 noluit:
2189 3989 2243 4035 et
2256 3982 2515 4036 hactenus
2533 3980 2586 4034 in
2610 3981 2725 4051 ipsa
2745 3979 2968 4035 stultitia
2988 3988 3316 4051 perseverat,
3333 3983 3547 4050 quando

1965 4077 2154 4125 contra
2195 4071 2528 4124 conditorem
2569 4084 2728 4124 suum
2778 4069 3039 4125 rebellare
3082 4085 3187 4124 non
3235 4079 3430 4127 cessat.
3472 4072 3546 4126 De

1965 4177 2073 4233 quo
2097 4177 2226 4218 sene
2260 4163 2408 4218 fatuo
2455 4163 2508 4217 in
2541 4162 2868 4218 Ecclesiaste
2896 4178 2993 4232 per
3031 4161 3375 4220 Salomonem
3414 4163 3546 4219 diei—

1967 4260 2083 4308 tur:
2117 4275 2135 4307 ι
2171 4255 2358 4310 Melior
2377 4263 2462 4310 est
2492 4269 2625 4324 puer
2649 4269 2855 4324 pauper
2897 4262 2951 4308 et
2995 4255 3231 4324 sapiens,
3259 4271 3421 4325 quam
3450 4271 3544 4310 rex

1967 4362 2132 4404 senex
2160 4359 2216 4404 et
2259 4349 2476 4414 stultus,
2505 4349 2596 4418 qui
2624 4349 2795 4404 nescit
2833 4349 3128 4418 praevidere
3160 4349 3213 4403 in
3244 4359 3542 4420 posterum,

1967 4441 2182 4509 quando
2208 4440 2272 4495 de
2313 4441 2471 4494 domo
2498 4440 2893 4495 viuculatorum
2929 4440 3200 4510 egreditur
3239 4439 3291 4493 in
3320 4455 3543 4509 regnum

1971 4527 2166 4601 (Eccle.
2192 4528 2284 4599 tv).
2318 4549 2336 4581 ι
2393 4530 2564 4596 Quem
2612 4530 2787 4585 locum
2831 4529 3090 4601 Origenes
3135 4537 3190 4584 et
3237 4528 3547 4584 Victorinus

1969 4635 2133 4692 super
2163 4621 2382 4676 Christo
2405 4629 2460 4676 et
2495 4622 2707 4678 diabolo
2752 4620 3090 4693 interpretati
3130 4627 3279 4687 sunt,
3308 4621 3546 4676 volentes

1969 4725 2197 4780 puerum
2235 4726 2526 4781 pauperem
2557 4711 2831 4767 Christum
2864 4711 3116 4782 intelligi,
3157 4710 3249 4780 qui
3279 4718 3437 4766 natus
3462 4723 3546 4766 est

1970 4801 2026 4855 in
2051 4816 2216 4872 regno
2244 4802 2389 4857 senis
2417 4801 2655 4866 diaboli,
2702 4809 2757 4856 et
2792 4800 2991 4856 idcirco
3031 4802 3202 4856 dicit:
3239 4819 3260 4852 ε
3295 4801 3544 4871 Regnum

1972 4906 2149 4946 meum
2178 4910 2284 4948 non
2309 4903 2393 4948 est
2423 4894 2488 4948 de
2512 4894 2615 4948 hoc
2637 4893 2837 4947 mundo
2858 4893 3038 4960 (Joan.
3069 4893 3246 4964 xvm).
3279 4912 3299 4948 ι
3322 4891 3380 4948 ln
3402 4893 3546 4949 illius

1972 4981 2152 5052 itaque
2182 4984 2328 5039 senis
2357 4983 2506 5039 stulti
2554 4999 2737 5052 regno,
2770 4983 2862 5054 qui
2891 4985 3126 5038 ostendit
3161 4985 3208 5040 ei
3255 4987 3432 5041 omnia
3462 5003 3548 5042 re-

1969 5088 2074 5140 gna
2109 5074 2291 5128 mundi
2322 5083 2376 5127 et
2403 5073 2628 5142 gloriam
2653 5072 2792 5143 ejus,
2821 5083 2980 5130 natus
3007 5084 3084 5128 est
3116 5075 3350 5144 optimus
3389 5093 3543 5146 puer,

1969 5168 2027 5214 et
2072 5161 2138 5216 de
2184 5162 2344 5216 domo
2391 5161 2804 5218 vinculatorum.
2844 5164 2919 5220 De
2961 5164 3156 5234 quibus
3201 5161 3460 5220 Jeremias
3488 5164 3543 5216 in

1971 5247 2471 5306 Lamentationibus
2520 5251 2788 5323 loquitur,
2825 5253 3012 5310 dicens
3044 5271 3055 5307 :
3099 5271 3118 5303 ι
3156 5251 3222 5306 Et
3264 5251 3547 5307 humiliare

1972 5338 2073 5392 sub
2098 5339 2324 5408 pedibus
2348 5337 2466 5408 ejus
2497 5355 2685 5396 omnes
2718 5341 2927 5396 vinctos
2957 5349 3114 5396 terra:
3145 5337 3486 5410 (Thren.'m).
3515 5357 3535 5388 ι

1972 5425 2242 5484 Processit
2288 5430 2356 5484 ad
2392 5444 2635 5499 regnum,
2659 5439 2717 5483 ut
2746 5430 2845 5484 sub
2873 5446 2968 5484 sua
3005 5435 3271 5500 potestate
3319 5425 3545 5478 haberet

1974 5517 2213 5573 caelestia
2256 5519 2416 5572 simul
2449 5526 2504 5572 et
2536 5527 2766 5584 terrena,
2800 5520 2942 5572 unde
2983 5519 3093 5586 ipse
3130 5522 3254 5583 post
3301 5526 3544 5566 resurre-

1971 5609 2202 5664 ctionem
2233 5624 2384 5663 suam
2425 5609 2540 5661 ait:
2585 5627 2602 5660 ι
2642 5609 2769 5662 Data
2812 5616 2894 5662 est
2934 5606 3062 5660 mihi
3093 5619 3268 5658 omnis
3306 5610 3554 5672 potest-.5.

1973 5701 2025 5754 in
2057 5701 2193 5755 melo
2221 5709 2274 5754 et
2307 5701 2356 5753 in
2388 5709 2549 5754 terra.
2574 5719 2592 5750 ι
