3926 6168
477 352 580 408 9L7

481 576 502 609 ι
539 553 777 610 invenies
801 564 865 603 ea
894 548 947 601 in
971 553 1248 600 senectute
1280 545 1405 598 tua?
1427 566 1444 597 ι
1476 544 1700 613 Liquido
1727 554 1875 614 patet
1905 545 2050 614 quod

474 647 565 717 qui
602 647 658 698 in
696 643 975 712 iuventute
1020 636 1258 691 discendi
1298 636 1614 705 Sapientiam
1658 636 1894 690 studium
1942 652 2049 691 non

474 736 683 799 habuit,
716 734 768 787 in
802 737 1073 787 senectute
1104 728 1222 797 ejus
1273 728 1505 782 fructum
1545 728 1767 783 minime
1809 729 2046 782 habebit.

476 829 749 896 Scriptum
769 832 852 878 est
873 822 1015 876 enim
1048 822 1101 874 in
1118 819 1425 873 Proverbiis
1448 836 1463 873 :
1496 838 1513 869 ι
1542 819 1731 872 Anima
1757 817 2050 873 laborantis

472 917 690 971 laborat
716 911 837 976 sibi.
873 910 1178 979 Egestatem
1218 916 1436 977 operata
1466 918 1550 961 est
1582 922 1773 960 manus
1804 905 2049 968 remissa,
2095 970 2105 980 .

476 1019 671 1067 manus
715 1011 895 1056 autent
936 1000 1152 1054 fortium
1183 998 1399 1052 divitias
1427 1004 1599 1067 parat.
1632 995 1733 1061 Qui
1758 1002 2050 1064 congregat

473 1095 533 1149 in
559 1108 751 1156 messe,
778 1091 924 1145 ﬁlius
945 1091 1162 1159 sapiens
1180 1097 1290 1154 est;
1318 1089 1409 1157 qui
1436 1099 1613 1141 autem
1643 1086 1825 1140 stertit
1842 1094 2046 1148 testate,

472 1186 617 1240 titius
659 1183 985 1239 confusionis
1026 1181 1207 1250 (Prov.
1235 1180 1311 1251 χ).
1345 1199 1362 1232 ι
1429 1178 1567 1233 lline
1590 1179 1714 1232 item
1746 1177 1885 1232 ﬁlios
1926 1192 2052 1231 suos

475 1284 660 1331 mouet
686 1273 978 1345 Sapientia,
1010 1271 1232 1327 dicens:
1267 1288 1283 1322 ι
1313 1270 1472 1333 Audi,
1509 1268 1579 1323 ﬁli
1608 1268 1713 1333 mi,
1740 1276 1794 1322 et
1831 1277 1945 1323 esto
1966 1282 2053 1323 sa-

477 1365 653 1434 piens,
702 1374 755 1418 et
792 1363 962 1432 dirige
990 1363 1043 1416 in
1089 1362 1175 1414 via
1212 1360 1449 1416 animum
1491 1367 1660 1413 tuum.
1689 1357 1803 1412 Noli
1841 1373 1961 1413 esse
1995 1358 2050 1411 in

476 1455 740 1509 conviviis
761 1462 1067 1523 potatorum
1084 1492 1099 1517 ,
1129 1467 1226 1507 nec
1253 1452 1304 1505 in
1351 1450 1834 1507 comessationibus
1861 1465 2049 1505 eorum

477 1539 658 1610 (Prov.
691 1542 846 1613 χχιι).
878 1562 898 1595 ι
943 1540 1078 1595 llinc
1106 1541 1161 1595 in
1182 1540 1388 1610 psalmo
1417 1539 1633 1609 legitur,
1654 1540 1796 1607 quod
1829 1540 1921 1608 qui
1945 1553 2052 1593 me-

479 1633 684 1686 ditatur
710 1631 762 1686 in
797 1631 914 1702 lege
940 1630 1152 1685 Domini
1179 1630 1265 1685 die
1293 1645 1358 1685 ac
1394 1640 1572 1693 nocte,
1603 1630 1694 1684 det
1734 1630 1966 1687 fructum
1994 1631 2047 1685 in

478 1732 715 1791 tempore
749 1736 867 1784 suo,
894 1729 950 1775 et
989 1719 1174 1774 folium
1208 1718 1323 1787 ejus
1372 1734 1477 1774 non
1524 1720 1752 1784 decidat,
1786 1728 1841 1774 et
1868 1721 2047 1774 omnia

1114 344 1172 396 B.
1213 342 1465 395 “Ali-SM
1505 342 1718 397 MAUlll
1757 341 2074 403 AHCIIIEP.
2118 338 2426 398 BAOGU‘NT.
2467 339 2751 397 OPERUM
2788 336 2967 397 PARS
3005 341 3045 395 Ι.

550 484 571 517 ι
607 464 738 531 Qua:
764 461 815 514 in
837 460 1118 529 iuventute
1145 465 1234 508 tua
1262 470 1368 508 non
1406 455 2040 525 cungregasti,quemodo
2069 464 2117 521 Α

3610 343 3710 401 948

2220 474 2238 505 ι
2277 453 2477 516 Novem
2508 455 2906 525 inauspicabilia
2936 457 3120 512 cordis
3161 457 3533 528 magniﬁeavi,
3555 469 3609 513 et
3627 460 3713 515 de-

2154 563 2174 594 ι
2213 545 2411 598 cimum
2460 543 2633 598 dicam
2680 544 2732 597 in
2778 543 2958 614 lingua
3005 545 3309 601 hominibus
3349 563 3363 599 :
3420 546 3591 603 Homo
3629 549 3713 620 qui

2155 653 2175 684 ι
2203 633 2532 702 jucundatur
2556 634 2608 688 in
2637 632 2783 699 ﬁliis,
2814 635 2999 690 vivens
3026 643 3081 690 et
3106 635 3294 690 videns
3319 636 3715 692 subversioncm

2156 743 2176 776 ι
2214 724 2555 778 inimicorum
2616 738 2856 777 suorum.
2902 723 3103 779 Beatus
3148 725 3239 794 qui
3296 725 3566 781 inhabitat
3604 743 3714 782 cum

2156 832 2176 864 ι
2217 813 2444 868 muliere
2470 821 2715 880 seusata,
2734 823 2789 868 et
2808 814 2897 883 qui
2931 813 3110 884 lingua
3137 829 3232 868 sua
3268 830 3377 868 non
3404 827 3485 870 est
3524 816 3714 887 lapsus,

2154 923 2174 956 ι
2212 914 2267 960 et
2292 906 2384 974 qui
2408 921 2514 958 non
2544 905 2765 961 servivit
2800 905 3031 975 indignis
3063 920 3142 962 se.
3177 906 3375 961 Beatus
3400 905 3494 977 qui
3525 907 3717 963 invenit

2159 1015 2178 1047 ι
2219 998 2452 1052 amicum
2478 1012 2669 1051 verum
2696 1037 2711 1061 ,
2747 1004 2804 1051 et
2827 997 2920 1066 qui
2956 1006 3179 1051 enarrat
3204 997 3471 1067 justitiam
3502 998 3558 1051 in
3592 1013 3716 1053 aure

2156 1106 2175 1137 ι
2219 1086 2504 1142 audientis.
2546 1086 2719 1153 Quam
2761 1103 2990 1158 magnus
3018 1088 3109 1158 qui
3159 1088 3365 1143 invenit
3408 1089 3715 1158 sapientiam

2156 1196 2175 1229 ι
2211 1186 2267 1233 et
2293 1178 2619 1232 scientiam!
2659 1178 2752 1233 sed
2773 1193 2878 1233 non
2902 1192 2986 1233 erit
3026 1194 3190 1250 super
3218 1179 3495 1235 timentem
3536 1180 3712 1238 Deum.

2156 1286 2176 1319 ι
2219 1268 2408 1323 Timor
2437 1267 2650 1324 Domini
2694 1282 2857 1338 super
2891 1267 3074 1325 omnia
3103 1283 3162 1323 se
3195 1268 3581 1339 superposuit:
3606 1268 3716 1323 bea-

2155 1374 2175 1406 σ
2216 1364 2304 1413 tus
2348 1357 2434 1412 cui
2482 1357 2740 1413 donatum
2785 1367 2870 1412 est
2915 1356 3113 1412 habere
3160 1357 3411 1413 timorem
3460 1358 3557 1412 Dei
3592 1358 3719 1428 :qui

2157 1465 2175 1498 ι
2214 1455 2364 1502 tenet
2388 1446 2560 1513 illum,
2587 1446 2675 1501 cui
2699 1445 3122 1503 assimilabitur?
3150 1446 3337 1503 Timor
3378 1445 3474 1502 Dei
3518 1447 3715 1503 initium

2157 1554 2176 1587 ι
2219 1535 2522 1591 dilectionis
2562 1536 2717 1605 ejus:
2756 1535 2879 1595 ﬁdei
2920 1544 3099 1590 autem
3140 1536 3353 1591 initium
3391 1536 3715 1609 agglutinan-

2157 1643 2175 1676 ι
2212 1624 2341 1680 dum
2369 1633 2452 1681 est
2474 1624 2544 1678 ei.
2575 1645 2594 1676 ι
2629 1623 2767 1692 Quid
2811 1633 2894 1680 est
2918 1627 3065 1699 enim
3091 1625 3235 1696 quod
3277 1640 3473 1687 novem
3517 1625 3646 1684 dicit
3668 1641 3717 1682 se

2152 1715 2527 1786 magniﬁcasse
2574 1715 2975 1785 insuspicabilia
3005 1717 3183 1773 cordis
3207 1756 3224 1781 ,
3263 1726 3320 1773 et
3350 1715 3626 1784 decimum
3648 1716 3718 1773 di-

475 1828 808 1882 quzecuuquc
865 1811 1053 1866 fecerit
1117 1827 1429 1881 prosperum
1502 1823 1753 1867 eventum
1813 1812 2048 1868 habeant
2078 1796 2122 1856 Β
2153 1809 2294 1863 xisse
2320 1808 2371 1862 in
2393 1807 2572 1878 lingua
2601 1807 2932 1873 hominibus,
2958 1808 3061 1865 nisi
3080 1808 3222 1879 quod
3246 1826 3269 1860 ι
3299 1807 3462 1864 corde
3490 1810 3719 1863 creditur

476 1899 648 1973 (Paul.
682 1903 742 1971 1).

552 2012 570 2042 ι
606 1992 775 2058 Quam
801 1993 1101 2061 speciosum
1124 1992 1337 2047 canitiei
1354 1990 1615 2061 judicium
1642 2005 1698 2048 et
1721 1992 2049 2064 presbyteris

481 2100 500 2131 ι
537 2081 819 2136 consilium
868 2084 1220 2153 cognoscere!
1269 2083 1440 2150 Quam
1486 2084 1729 2152 speciosa
1778 2086 2048 2142 veteranis

481 2191 503 2231 ι
537 2172 819 2242 sapientia,
851 2181 907 2228 et
926 2172 1193 2243 gloriosus
1218 2172 1524 2228 intellectus
1541 2184 1596 2229 et
1615 2175 1928 2230 consilium!
1953 2175 2050 2233 Co-

482 2282 503 2314 ι
539 2278 671 2319 tona
700 2278 887 2319 senum
917 2262 1084 2323 multa
1116 2263 1334 2333 peritia,
1369 2272 1425 2318 et
1451 2265 1619 2334 gloria
1654 2266 1863 2321 illorum
1888 2268 2050 2322 timor

478 2373 498 2405 ι
536 2353 651 2408 Dei.
683 2373 700 2406 ι
731 2354 895 2415 Decet
924 2355 1066 2410 enim
1094 2370 1259 2410 canos
1285 2356 1459 2425 capite
1479 2357 1819 2426 prudentiam
1851 2360 2048 2416 habere

474 2462 688 2511 sensus,
720 2454 774 2500 et
796 2455 1009 2505 aetatem
1035 2446 1327 2517 longaevam
1358 2449 1645 2505 utilitatem
1668 2466 1893 2506 noscere
1913 2467 2045 2507 cou-

474 2536 582 2590 silii
609 2578 625 2603 ,
658 2545 718 2591 ut
755 2535 1048 2593 secundum
1094 2537 1342 2593 timorem
1385 2538 1477 2593 Dei
1521 2540 1699 2595 sciant
1742 2548 1797 2596 et
1836 2543 2049 2611 possint

471 2625 731 2695 iudicium
750 2628 952 2699 justum
988 2627 1186 2693 facere,
1216 2639 1271 2685 et
1298 2630 1573 2699 proximos
1598 2646 1725 2687 suos
1750 2634 2046 2688 secundum

474 2718 782 2787 aequitatem
809 2719 1032 2789 iustitia;
1071 2734 1256 2789 regere
1297 2735 1361 2775 ac
1390 2721 1684 2792 diiudicare
1715 2762 1730 2788 ,
1761 2710 1889 2792 quia
1923 2724 2047 2779 inde

472 2808 580 2863 illis
621 2824 816 2880 magna
844 2810 1109 2865 excrescit
1141 2811 1310 2882 gloria
1337 2853 1352 2878 ,
1379 2814 1437 2867 si‘
1458 2815 1750 2870 secundm
1779 2825 2046 2887 praecepta

470 2900 653 2954 divina
677 2899 810 2970 legis
836 2900 930 2955 Dei
960 2902 1060 2971 ipsi
1084 2911 1235 2958 recte
1258 2904 1462 2969 vivant,
1486 2913 1542 2960 et
1570 2906 1706 2961 alios
1730 2914 1839 2961 tam
1866 2908 2046 2963 verbis

470 3006 634 3060 quam
672 2991 838 3046 etiam
884 2993 1143 3062 exemplis
1189 2993 1327 3049 bene
1358 2994 1607 3051 doceant.
1654 2996 1890 3052 Audiant
1916 3012 2046 3068 ergo

467 3081 768 3151 presbyteri
821 3089 877 3136 et
914 3083 1186 3152 prrpositi
1229 3083 1581 3140 ecclesiarum
1608 3087 1743 3152 Dei,
1774 3088 1899 3157 quia
1936 3103 2041 3144 non

470 3171 600 3226 licet
626 3171 734 3226 illis
752 3172 1005 3240 ignorare
1046 3173 1180 3243 legis
1207 3174 1301 3228 Dei
1339 3175 1620 3229 scientiam
1668 3184 1723 3231 et
1768 3179 2044 3246 sapientia:

471 3262 799 3316 doctrinam.
837 3261 989 3317 Unde
1039 3262 1234 3319 Paulus
1270 3265 1514 3335 praecipit
1553 3266 1836 3322 Timotheo
1869 3276 1931 3322 ut
1960 3269 2044 3324 his

469 3350 810 3405 commendet
852 3351 1109 3407 doctrinae
1140 3353 1397 3422 cilicium,
1424 3357 1516 3425 qui
1558 3356 1738 3412 idonei
1774 3358 1886 3414 sint
1911 3360 2046 3415 alios

471 3440 669 3522 docere
708 3440 796 3511 (II
825 3441 958 3497 Tini.
989 3447 1072 3515 ιι).
1113 3444 1250 3500 Hinc
1294 3444 1414 3501 Tito
1455 3449 1700 3519 prtecipit
1736 3458 1797 3505 ut
1832 3451 2046 3522 dispen-

471 3520 705 3585 sat’orem
748 3532 1005 3589 Ecclesia:
1033 3534 1370 3592 Dci'ordinet
1396 3578 1411 3603 ,
1443 3554 1550 3594 non
1584 3540 1874 3611 superbum
1894 3520 2045 3607 ,‘non

471 3624 791 3678 iracundum
813 3665 829 3690 ,
868 3641 974 3680 non
1011 3627 1370 3689 vinolentum,
1396 3645 1500 3685 non
1526 3647 2041 3701 percussorem,non

469 3714 644 3782 turpis
678 3712 811 3769 lucri
838 3715 1113 3784 cupidum,
1134 3718 1228 3772 sed
1252 3718 1588 3789 hospitalem,
1617 3723 1927 3794 benignum,
1959 3739 2046 3780 so-

469 3799 666 3868 brium,
681 3800 908 3871 justum,
934 3814 1199 3873 sanctum,
1225 3810 1614 3874 continentem,
1634 3811 2043 3880 amplectentem

467 3907 591 3946 eum
621 3895 714 3962 qui
738 3894 1031 3961 secundum
1053 3896 1351 3951 doctrinam
1380 3907 1463 3953 est
1484 3898 1691 3955 ﬁdelem
1720 3917 2041 3966 sermonem,

469 3993 530 4038 ut
555 3993 748 4053 potens
788 3986 860 4041 sit
879 3987 1156 4042 exhortari
1188 3988 1241 4042 in
1268 3989 1508 4045 doctrina
1547 4006 1676 4046 suum
1706 4032 1720 4058 ,
1748 4000 1804 4048 et
1831 4008 1925 4048 eos
1951 3995 2044 4063 qui

469 4075 851 4131 contradicunt
897 4090 1125 4147 arguere
1166 4078 1409 4150 (Tim).
1460 4080 1739 4136 Pastorum
1777 4082 2042 4153 imperitia

468 4180 601 4221 voce
659 4167 905 4224 veritatis
954 4169 1281 4238 increpatur,
1316 4187 1437 4226 cum
1474 4189 1570 4243 per
1613 4176 1931 4245 prophetam
1963 4177 2046 4231 di-

469 4255 647 4311 citur:
706 4275 725 4307 ι
776 4256 881 4326 ipsi
922 4267 1166 4329 pastores
1211 4261 1594 4332 ignoraverunt
1636 4265 2043 4335 intelligentiam

467 4343 621 4415 (Esa.
649 4344 779 4411 Lvt).
815 4367 834 4397 ι
879 4346 1026 4414 Quos
1081 4364 1299 4411 rursum
1332 4351 1591 4412 Dominus
1613 4354 1928 4421 detestatur,
1958 4356 2043 4410 di-

465 4448 633 4501 cens:
666 4452 685 4485 ι
722 4435 785 4488 Ει
808 4444 1053 4492 tenentes
1078 4438 1250 4509 legem
1283 4442 1594 4502 nescierunt
1634 4457 1719 4497 me
1748 4441 1983 4515 (Jer.n).
2017 4465 2034 4496 ι

465 4521 677 4591 Nesciri
702 4537 832 4593 ergo
865 4539 923 4579 se
949 4526 1017 4580 ab
1041 4526 1122 4585 eis
1149 4528 1394 4596 queritur
1418 4530 1647 4596 Veritas,
1679 4541 1733 4585 et
1751 4532 1963 4591 nescire
1984 4548 2042 4588 se

464 4614 831 4684 principatum
859 4615 1213 4682 nescientium
1235 4626 1565 4686 prqtestatur
1586 4660 1603 4683 ,
1633 4624 1757 4689 quia
1800 4622 2042 4699 profecto

469 4707 521 4761 hi
544 4708 636 4777 qui
660 4722 723 4764 ea
766 4722 886 4777 qua:
914 4715 1043 4765 sunt
1080 4706 1294 4772 Domini
1321 4713 1570 4767 nesciunt
1590 4750 1607 4776 ,
1637 4727 1667 4766 a
1697 4713 1923 4771 Domino
1952 4729 2044 4771 ne-

466 4795 731 4863 sciuntur,
762 4795 930 4853 Paulo
957 4806 1280 4865 attestante,
1313 4801 1405 4870 qui
1434 4800 1550 4855 ait:
1581 4820 1597 4850 ι
1634 4799 1691 4856 Si
1719 4803 1840 4872 quis
1863 4812 2043 4864 autem

466 4884 709 4954 ignorat,
761 4887 1099 4958 ignorabitur
1145 4889 1194 4959 (1
1227 4890 1348 4945 Cor.
1381 4894 1514 4961 xw).
1547 4913 1566 4944 ι
1611 4892 1741 4959 Qua:
1785 4893 2041 4955 nimirum

465 4982 746 5041 pastorum
774 4993 919 5047 saepe
948 4980 1214 5054 imperitia
1241 4982 1447 5039 meritis
1490 4983 1734 5053 congruit
1778 4984 2046 5053 subjecto-

470 5079 610 5130 rum,
635 5067 727 5136 qui
750 5070 996 5135 quamvis
1019 5071 1197 5126 lumen
1223 5073 1467 5147 scientia:
1493 5089 1588 5141 sua
1620 5072 1774 5143 culpa
1797 5074 2046 5146 exigente

465 5168 574 5208 non
601 5153 857 5221 habeant,
886 5157 1135 5226 districto
1163 5168 1338 5225 tamen
1356 5160 1563 5230 iudicio
1599 5164 1777 5233 agitur
1799 5203 1815 5229 ,
1862 5173 1919 5221 ut
1947 5178 2045 5234 per

465 5259 654 5315 eorum
694 5246 1054 5314 ignorantiam
1095 5250 1150 5306 hi
1194 5251 1359 5319 etiam
1393 5251 1483 5321 qui
1522 5258 1829 5324 sequuntur.
1868 5255 2041 5313 oﬂ‘en-

464 5337 614 5391 dant.
662 5335 801 5394 Hinc
848 5353 1080 5409 namque
1125 5340 1177 5397 in
1222 5338 1511 5411 Evangelia
1558 5358 1653 5413 per
1697 5344 2042 5414 semetipsam

466 5428 677 5484 Veritas
722 5428 886 5485 dicit:
932 5447 957 5487 ι
1000 5428 1056 5483 Si
1098 5446 1273 5488 ca'cus
1322 5448 1466 5487 taceo
1504 5432 1757 5488 ducatum
1786 5436 2042 5503 praabeat,

466 5521 622 5575 antbo
664 5521 715 5576 in
762 5520 972 5580 foveam
1009 5521 1207 5579 cadunt
1237 5522 1451 5594 (Matth.
1483 5525 1593 5597 xv).
1631 5545 1649 5577 ι
1694 5524 1827 5579 Cum
1862 5534 2040 5579 autem

461 5610 540 5663 ait
566 5613 814 5673 timorem
842 5615 936 5671 Dei
966 5632 1085 5672 esse
1125 5616 1348 5687 gloriam
1394 5634 1616 5682 senum,
1655 5633 1776 5674 mox
1807 5618 2042 5674 subdidit

469 5700 650 5776 timens
672 5722 687 5757 :

2067 4483 2119 4543 Β

2148 1898 2518 1969 adjustitiam,
2548 1914 2644 1954 ore
2691 1906 2868 1957 autem
2903 1899 3172 1965 confessio
3209 1900 3268 1957 ﬁt
3300 1901 3369 1957 ad
3408 1902 3672 1958 salutem?
3695 1923 3713 1956 ι

2148 1988 2350 2045 Novem
2378 2004 2510 2061 ergo
2546 1998 2675 2045 sunt
2710 1991 3109 2061 insuspicahilia
3132 2031 3149 2058 ,
3193 1992 3296 2047 hoc
3339 2002 3464 2059 est,
3497 2002 3645 2048 certa
3671 2003 3721 2048 et

2147 2095 2296 2144 vera,
2340 2090 2397 2137 et
2425 2080 2495 2139 ab
2528 2082 2677 2137 omni
2715 2081 3021 2153 suspicione
3065 2081 3313 2145 falsitatis
3346 2082 3532 2139 aliena
3563 2085 3718 2138 virtu-

2149 2179 2263 2225 tum
2288 2168 2450 2236 dona,
2476 2185 2597 2240 qua:
2623 2169 2759 2226 ﬁdes
2786 2179 2931 2237 recta
2952 2172 3094 2241 parit
3124 2172 3179 2227 in
3200 2174 3420 2231 homine
3445 2190 3459 2226 :
3494 2174 3601 2230 hoc
3623 2184 3719 2239 est,

2148 2268 2210 2314 ut
2236 2259 2398 2315 homo
2422 2259 2748 2330 jucundetur
2781 2260 2835 2315 in
2867 2260 3025 2327 ﬁliis;
3055 2262 3110 2321 in
3141 2261 3320 2321 fructu
3356 2264 3717 2322 videlicetbo-

2148 2365 2343 2406 norum
2371 2364 2597 2419 operum
2627 2351 2791 2416 vivat,
2826 2350 3014 2407 videns
3039 2354 3449 2410 subversioncm
3476 2356 3717 2411 inimico-

2148 2457 2299 2508 rum;
2330 2442 2475 2497 vivat
2502 2441 2710 2497 scilicet
2736 2441 2846 2496 vita
2870 2442 3005 2510 Deo,
3032 2453 3089 2499 et
3115 2443 3296 2503 videat
3317 2446 3718 2501 subversioncm

2144 2532 2448 2592 daentonum
2484 2534 2603 2590 sive
2645 2534 2808 2593 etiam
2847 2534 3138 2601 vitiorum,
3191 2537 3331 2592 sicut
3368 2536 3577 2595 Paulus
3622 2539 3719 2595 ait:

2150 2646 2171 2678 ι
2211 2625 2344 2681 Vivo
2373 2635 2555 2684 autem
2576 2626 2691 2697 jam
2734 2644 2840 2686 non
2880 2643 3004 2700 ego,
3032 2631 3165 2685 vivit
3205 2646 3333 2687 vero
3372 2632 3429 2691 in
3454 2649 3550 2688 me
3577 2632 3724 2689 Chri—

2146 2725 2262 2771 stus
2286 2713 2485 2788 (Galat.
2518 2716 2602 2789 ιι).
2641 2737 2661 2771 ι
2694 2717 2762 2772 Ει
2790 2719 2954 2774 item:
2994 2739 3012 2770 ι
3050 2719 3221 2787 State,
3262 2722 3477 2792 inquit,
3521 2726 3723 2781 succin-

2147 2807 2218 2860 cti
2243 2805 2451 2862 lumbos
2478 2817 2685 2862 vestros
2712 2807 2766 2862 in
2789 2810 3040 2875 veritate,
3060 2819 3115 2865 et
3142 2811 3343 2867 induite
3371 2813 3603 2868 loricam
3618 2814 3723 2885 jus-

2146 2896 2295 2962 titiae,
2350 2906 2407 2952 et
2448 2896 2669 2952 calceati
2712 2899 2891 2971 pedes,
2922 2898 2977 2953 in
3023 2902 3416 2979 praeparatione
3465 2902 3722 2975 evangelii

2140 2986 2333 3059 pacis:
2366 2987 2422 3042 in
2455 2988 2706 3044 omnibus
2751 2999 3025 3045 sumentes
3064 3002 3275 3046 scutum
3326 2992 3448 3048 fidei
3477 3034 3495 3058 ,
3539 2995 3594 3049 in
3625 3008 3725 3065 quo

2145 3076 2367 3148 possitis
2412 3080 2592 3135 omnia
2622 3081 2725 3136 tela
2753 3083 3067 3153 nequissimi
3091 3086 3239 3155 ignea
3268 3088 3651 3158 exstinguere,
3674 3096 3725 3143 et

2070 3142 2115 3207 (ἶ
2145 3142 2352 3238 galeam
2376 3170 2567 3227 salutis
2590 3142 2868 3239 assumite,
2913 3183 2967 3229 et
2992 3142 3226 3246 gladium
3273 3142 3501 3249 spirituus
3525 3220 3544 3245 ,
3570 3142 3573 3143 ν
3592 3142 3727 3251 quod

2145 3269 2231 3314 est
2273 3260 2497 3316 verbum
2547 3260 2642 3317 Dei
2669 3261 2885 3333 (Epiros.
2912 3264 3008 3336 vi).
3038 3284 3059 3317 ι
3094 3266 3292 3322 Beata
3319 3276 3403 3323 est
3445 3270 3614 3324 homo
3640 3268 3727 3338 qui

2144 3349 2416 3404 inhabitat
2439 3364 2560 3404 cum
2592 3350 2819 3407 muliere
2847 3364 3087 3420 sensata,
3129 3357 3232 3411 hoc
3252 3368 3356 3423 est,
3388 3360 3660 3428 sapientia
3679 3368 3731 3413 et

2143 3443 2451 3510 prudentia.
2478 3444 2630 3501 Unde
2659 3447 2917 3517 scriptum
2938 3458 3023 3504 est
3047 3467 3063 3502 :
3094 3469 3111 3502 ι
3142 3449 3367 3508 Posside
3380 3456 3728 3524 sapientiam,

2143 3533 2359 3601 posside
2383 3535 2727 3605 prudentiam
2751 3537 2931 3608 (Prov.
2962 3539 3056 3611 ιτ).
3080 3559 3101 3592 ι
3122 3540 3178 3603 Si
3207 3543 3497 3599 intraverit
3522 3546 3733 3615 sapiet»

2146 3622 2220 3677 tia
2269 3622 2324 3677 in
2359 3639 2455 3679 cor
2495 3632 2645 3681 tuum
2666 3667 2683 3691 ,
2712 3634 2770 3681 et
2811 3628 3037 3684 orientia
3076 3633 3269 3687 animm
3300 3642 3415 3688 tua:
3442 3635 3731 3705 placuerit,

2144 3710 2427 3767 consilium
2454 3715 2715 3771 custodiet
2750 3724 2822 3781 te,
2853 3727 2910 3773 et
2933 3719 3217 3788 prudentia
3246 3722 3487 3777 servabit
3529 3735 3607 3780 te.
3648 3724 3730 3780 διο

2145 3804 2347 3860 militer
2364 3813 2422 3858 et
2449 3806 2641 3862 beatus
2656 3816 2743 3863 est
2766 3809 2858 3879 qui
2884 3810 2937 3865 in
2958 3811 3138 3882 lingua
3161 3827 3259 3867 sua
3282 3830 3386 3868 non
3410 3824 3501 3870 est
3532 3817 3735 3887 lapsus,

2144 3894 2400 3962 quoniam
2431 3895 2525 3964 qui
2565 3897 2617 3951 in
2641 3897 2809 3954 verbo
2836 3914 2941 3955 non
2968 3900 3209 3968 oti‘cndit,
3238 3904 3326 3958 hic
3353 3904 3737 3974 perfectusest

2146 3986 2248 4040 vir.
2278 3985 2380 4054 Qui
2403 3988 2638 4043 custodit
2663 4004 2725 4045 os
2756 4006 2933 4056 suum,
2963 3994 3198 4048 custodit
3230 3993 3299 4048 ab
3333 3998 3611 4066 angustiis
3632 3999 3740 4052 ani-

2143 4091 2288 4131 mam
2340 4091 2514 4132 suam.
2617 4078 2686 4133 Et
2717 4080 2809 4149 qui
2840 4097 2947 4136 non
2984 4084 3202 4138 servivit
3246 4085 3489 4156 indignis
3520 4103 3607 4154 se,
3640 4089 3740 4144 hoc

2143 4174 2229 4222 est
2268 4166 2519 4237 malignis
2558 4168 2833 4237 spiritibus
2883 4171 2996 4226 sive
3042 4174 3323 4241 peccatis;
3352 4191 3383 4227 a
3430 4191 3552 4245 quo
3594 4179 3739 4233 enim

2142 4256 2265 4325 quis
2294 4266 2598 4326 superatur,
2627 4257 2786 4327 hujus
2814 4269 2867 4315 et
2894 4277 3083 4316 servus
3108 4263 3355 4319 addictus
3381 4275 3489 4320 est.
3540 4267 3741 4322 Beatus

2144 4345 2234 4415 qui
2262 4345 2468 4400 invenit
2506 4348 2739 4403 amicum
2767 4364 2971 4414 verum,
3012 4352 3160 4408 illum
3201 4354 3454 4409 nimirum
3494 4360 3742 4414 amicust

2142 4437 2235 4506 qui
2275 4437 2330 4492 in
2377 4438 2669 4510 Evangelio
2702 4441 2977 4512 discipulis
3016 4445 3127 4500 suis
3172 4446 3281 4500 ait:
3332 4465 3352 4498 ι
3387 4449 3503 4504 Vos
3557 4462 3740 4506 autem

2145 4528 2255 4583 dixi
2304 4530 2530 4594 amicos,
2557 4532 2682 4602 quia
2719 4536 2898 4589 omnia
2926 4550 3258 4606 quaecunque
3299 4540 3481 4594 audivi
3514 4559 3547 4596 a
3582 4542 3743 4598 Patre

2142 4633 2288 4685 meo,
2319 4629 2446 4675 nota
2472 4620 2576 4676 feci
2604 4622 2757 4678 vobis
2784 4623 2967 4691 (Joan.
2997 4627 3141 4695 xv)»
3176 4628 3244 4682 Et
3276 4629 3369 4698 qui
3393 4643 3635 4687 enarrat
3655 4634 3741 4701 ju-

2143 4710 2348 4769 stitiam
2369 4711 2425 4766 in
2454 4727 2585 4768 auro
2611 4715 2899 4780 audientis,
2929 4717 3033 4773 hoc
3051 4726 3135 4772 est
3171 4719 3365 4776 devote
3394 4725 3637 4779 verbum
3654 4726 3743 4780 Dei

2136 4805 2527 4876 .percipientis,
2564 4819 2712 4863 recte
2743 4809 3093 4880 intelligentis
3114 4852 3128 4877 ,
3158 4822 3213 4866 et
3255 4808 3401 4868 bene
3427 4819 3739 4885 cperantis.

2149 4894 2319 4961 Quam
2349 4909 2574 4965 magnus
2598 4905 2706 4961 est,
2740 4899 2831 4968 qui
2874 4899 3075 4954 invenit
3118 4902 3439 4971 sapientiam
3469 4914 3528 4960 et
3565 4911 3745 4966 scien—

2153 4986 2320 5041 tiam!
2348 4986 2517 5058 Hujus
2561 4991 2840 5053 sententiae
2881 4991 3162 5063 integritas
3194 4996 3245 5048 in
3290 4997 3399 5052 duo
3438 5000 3741 5055 dividitur:

2148 5075 2253 5133 hoc
2274 5087 2380 5142 est,
2408 5078 2460 5132 in
2482 5079 2803 5150 sapientiam
2826 5091 2882 5136 et
2902 5085 3216 5151 scientiam;
3241 5088 3383 5144 hanc
3412 5091 3569 5145 enim
3601 5105 3747 5147 vete-

2149 5179 2238 5220 res
2264 5166 2545 5228 voluerunt
2590 5184 2710 5227 esse
2749 5169 3106 5227 diti‘crentiam
3157 5174 3297 5229 inter
3323 5178 3664 5246 sapientiam
3691 5190 3745 5236 et

2148 5257 2470 5324 scientiam;
2523 5261 2668 5331 quod
2718 5263 2997 5332 sapientia:
3062 5275 3209 5321 esset
3274 5268 3475 5324 bonum
3532 5274 3742 5341 facere,

2147 5351 2388 5406 scientia:
2412 5368 2542 5408 vero
2579 5354 2778 5418 malum
2805 5372 3015 5412 cavere.
3058 5357 3213 5414 Unde
3253 5360 3305 5414 in
3332 5357 3433 5417 Job
3465 5366 3744 5434 scriptum

2143 5451 2257 5496 est:
2288 5461 2307 5492 ι
2341 5443 2480 5498 Ecce
2503 5444 2665 5500 timor
2694 5446 2909 5512 Domini
2932 5449 3046 5518 ipse
3069 5461 3153 5503 est
3179 5451 3463 5520 sapientia,
3490 5462 3557 5510 et
3591 5471 3746 5511 rece-

2144 5532 2271 5590 dere
2295 5550 2325 5587 a
2350 5535 2492 5589 malo
2513 5536 2859 5604 intelligentia
2875 5540 3014 5609 (Job.
3040 5543 3255 5612 xxvm).
3278 5562 3296 5592 ι
3314 5540 3449 5598 Hinc
3472 5555 3566 5599 est
3594 5548 3746 5614 quod

2146 5623 2231 5678 his
2278 5640 2473 5680 novem
2523 5628 2808 5696 speciebus
2842 5631 3097 5686 virtutum
3139 5635 3521 5702 superadditur
3571 5643 3745 5691 ιιιιιυι·

2149 5716 2264 5785 Dei,
2295 5718 2549 5789 quidam
2578 5720 2716 5774 sicut
2746 5721 3069 5779 uuvcnorins
3090 5739 3343 5779 tunnerus
3379 5724 3747 5797 imperfeuua
