3926 6168
301 365 414 422 949

1187 361 1538 420 COMMENT.
1578 361 1642 416 lN
1682 359 2290 432 ECCLESIASTICUM.
2326 394 2368 402 -η
2419 363 2546 417 LIB.
2588 361 2666 417 VI.

3457 367 3560 421 930

298 495 390 538 est
415 523 430 546 ,
467 495 746 550 quousque
787 480 1008 535 denario
1055 481 1394 549 suppleatur,
1437 481 1508 534 ita
1535 479 1710 534 omnis
1755 494 1882 549 ope—
1910 479 1957 538 Α
1991 494 2010 526 α
2051 485 2106 531 ct
2132 493 2344 531 omnem
2367 477 2658 531 obductum
2687 484 2740 532 et
2779 493 2883 531 non
2913 477 3200 534 obductum
3236 479 3564 546 odieutium;

296 571 444 624 ratio
472 569 730 622 virtutum
784 568 1070 622 mediocris
1111 579 1194 622 est
1229 569 1344 623 sine
1391 569 1600 622 timoris
1641 569 1732 622 Dei
1763 585 1883 639 per-

297 661 557 716 fectione.
619 660 845 714 «'Iitnor
871 659 1014 714 enim
1057 659 1266 714 Domini
1311 668 1529 714 sanctus
1563 674 1885 730 permanens

301 753 362 807 in
397 751 653 806 sarculum
697 749 899 804 surculi.
932 770 949 800 ι
995 749 1114 819 Ipse
1157 757 1241 804 est
1279 749 1399 804 ﬁdei
1455 749 1883 814 fundamentum,

301 843 423 911 ipse
449 841 734 896 cbaritatis
776 840 956 910 origo;
1008 855 1104 908 per
1137 839 1310 910 ipsum
1362 849 1618 910 operatur
1665 853 1884 903 Dorium,

303 948 408 1000 per
455 931 631 1002 ipsum
679 929 992 1000 pervenitur
1039 928 1105 982 ad
1151 928 1446 998 praemium.
1479 927 1586 982 Sed
1633 928 1888 996 quoniam

303 1025 571 1094 scriptum
617 1030 741 1093 est:
783 1039 802 1071 ί
849 1019 1064 1074 Initium
1125 1019 1399 1088 sapientia:
1458 1018 1618 1072 timor
1675 1017 1886 1074 Domini

233 1118 243 1125 “
305 1111 514 1186 (Prov.
560 1130 612 1179 ι,
662 1129 766 1178 nt;
824 1109 988 1164 Eccli.
1023 1108 1114 1182 1);
1171 1117 1226 1164 et
1277 1107 1330 1163 in
1377 1108 1616 1178 Epistola
1667 1105 1890 1165 Joannis

306 1197 542 1276 legitur:
577 1224 596 1256 ι
631 1204 816 1259 Timor
843 1218 948 1257 non
984 1202 1150 1256 estin
1185 1201 1451 1256 charitate
1476 1241 1490 1266 ,
1521 1199 1614 1256 sed
1651 1201 1890 1273 perfecta

307 1285 566 1352 charitas'
581 1293 722 1349 foras
745 1291 912 1346 mittit
934 1291 1207 1356 timorem,
1226 1289 1353 1361 quia
1378 1289 1540 1344 timor
1562 1305 1778 1362 pmnam
1803 1292 1891 1346 ha-

305 1386 409 1442 bet
441 1383 494 1456 (I
525 1389 692 1444 Joan.
729 1382 842 1454 iv);
893 1389 947 1438 et
986 1381 1040 1436 in
1092 1381 1299 1452 psalmo
1345 1381 1419 1436 ita
1461 1382 1721 1454 scriptum
1767 1390 1888 1437 est:

314 1495 334 1526 ι
374 1472 899 1536 TimeteDominum,
917 1487 1106 1528 omnes
1121 1471 1293 1526 sancti
1319 1465 1456 1540 ejus,
1482 1472 1734 1540 quoniam
1760 1471 1893 1527 nihil

308 1565 466 1620 deest
511 1561 824 1618 timentibus
881 1557 1004 1618 eum
1059 1559 1244 1632 (Ptol.
1277 1561 1517 1633 xxxiii):
1557 1582 1576 1614 ›
1633 1560 1894 1632 quaeritur

309 1654 586 1725 quomodo
621 1653 802 1720 timor,
829 1653 874 1708 si
899 1653 1110 1708 initium
1139 1657 1226 1708 est
1268 1652 1547 1722 sapientia:
1575 1661 1630 1708 et
1679 1649 1893 1706 initium

309 1744 620 1799 dilectionis
645 1742 762 1808 Dei,
786 1759 890 1798 non
913 1743 984 1798 sit
1013 1743 1066 1798 in
1089 1743 1352 1797 charitate
1375 1761 1389 1809 ;
1413 1751 1470 1798 et
1491 1743 1761 1824 quomodo
1782 1757 1896 1796 om—

1995 585 2014 616 ι
2053 575 2106 620 et
2123 582 2336 620 onmem
2351 567 2640 621 vindictam
2659 575 2712 622 et
2727 583 2831 620 non
2850 567 3136 623 vindictam
3159 568 3517 624 inimicorum.
3544 591 3564 624 υ

1989 653 2146 710 Videt
2175 657 2318 709 enim
2349 657 2558 726 plagam
2599 657 2776 710 cordis
2809 671 2928 709 Cllll]
2973 655 3222 727 intelligit
3251 657 3568 726 injustitiam

1987 762 2097 800 sua:
2122 747 2422 816 pravitatis.
2447 747 2552 802 Sed
2575 757 2872 802 tamennon
2897 747 3116 812 videbit,
3137 748 3262 817 quia
3283 763 3383 818 per
3400 751 3571 819 poeni-

1989 837 2210 892 tentiam
2241 848 2294 893 et
2315 839 2705 894 correctionem
2735 837 2952 894 sceleris
2984 839 3086 893 sibi
3117 839 3182 893 ad
3205 838 3432 894 salutem
3462 857 3570 896 non

1989 927 2308 1000 providebit.
2345 928 2648 1000 Nequitiam
2671 927 2876 985 erroris
2904 931 3090 994 sentit,
3117 930 3214 988 sed
3244 941 3420 986 tamen
3451 949 3570 1002 pa.-

1992 1033 2116 1070 nam
2146 1014 2307 1071 futuri
2332 1018 2585 1074 tormenti
2608 1036 2715 1074 non
2735 1019 2961 1076 cavebit.
2991 1017 3260 1074 Justitiam
3276 1023 3573 1092 mquissimi

1985 1105 2212 1180 judicis,‘
2233 1107 2321 1176 qui
2342 1125 2440 1178 per
2469 1109 2762 1165 vindictam
2787 1109 3019 1164 futuram
3053 1127 3259 1188 nomen
3277 1113 3572 1188 odientium

1991 1213 2050 1252 se
2087 1195 2247 1262 delet,
2271 1207 2327 1252 et
2349 1194 2594 1252 inimicos
2617 1215 2742 1254 suos
2791 1199 2912 1270 igne
2939 1201 3195 1270 gehenna:
3223 1183 3432 1271 puniet,
3463 1183 3571 1259 non

1993 1287 2238 1359 ignorat;
2269 1289 2364 1344 sed
2394 1299 2570 1343 tamen
2594 1291 2900 1345 evasionem
2925 1290 3187 1346 malorum
3216 1293 3428 1350 illorum
3457 1297 3576 1350 nuis

1993 1377 2099 1432 lam
2127 1379 2227 1452 sibi
2269 1388 2558 1450 przeparat.
2593 1377 2748 1435 Unde
2793 1381 3044 1451 impletur
3077 1381 3130 1435 in
3173 1397 3238 1438 ea
3276 1381 3402 1438 illud
3435 1383 3576 1455 Apo-

1994 1465 2139 1530 sloli,
2167 1467 2308 1536 quod
2340 1467 2406 1522 de
2435 1469 2897 1539 contemptoribus
2935 1470 3030 1524 Dei
3073 1478 3128 1526 et
3162 1471 3386 1542 ingratis
3412 1475 3577 1530 bene-

1997 1555 2239 1612 ficiorum
2278 1557 2420 1626 illius
2465 1560 2532 1614 ad
2569 1559 2844 1616 Romanos
2878 1561 3116 1631 scripsit,
3153 1563 3374 1618 dicens:
3403 1582 3441 1634 ι
3477 1565 3578 1634 Qui

1999 1663 2119 1702 cum
2137 1648 2540 1719 justitiamDei
2583 1651 2992 1720 cognovissent,
3026 1669 3133 1708 non
3178 1643 3576 1723 iutclleiterunt,

2001 1737 2253 1807 quoniam
2287 1737 2378 1807 qui
2419 1737 2548 1792 talia
2593 1749 2760 1812 agunt
2799 1742 2942 1813 digni
2977 1753 3102 1798 sunt
3129 1753 3330 1802 morte:
3363 1763 3468 1802 non
3497 1763 3584 1804 so-

314 1851 418 1889 nes
445 1833 615 1890 sancti
645 1833 868 1904 diligant
889 1832 1198 1898 Dominum,
1225 1843 1280 1888 et
1315 1834 1449 1888 nihil
1486 1835 1624 1890 desit
1653 1835 1892 1912 timenti-
1927 1827 1969 1886 Β
1999 1827 2108 1881 lum
2139 1829 2227 1897 qui
2253 1827 2493 1897 faciunt,
2519 1831 2610 1886 sed
2639 1831 2804 1887 etiam
2831 1835 2922 1904 qui
2957 1836 3304 1892 consentiunt
3340 1837 3584 1896 facienti.

311 1926 419 1982 bus
443 1941 564 1980 eum
589 1943 603 1992 ;
633 1933 685 1980 et
711 1923 943 1995 qualiter
969 1923 1100 1979 illud
1146 1924 1241 1979 fiat
1269 1926 1410 1994 quod
1459 1926 1619 1982 timor
1651 1926 1742 1982 Dei
1775 1943 1898 1982 san-

314 2024 440 2071 ctus
466 2025 747 2088 permanet
778 2017 832 2072 in
861 2019 1116 2074 saaculum
1139 2021 1340 2075 saeculi.
1383 2021 1489 2077 Sed
1535 2022 1650 2077 Ιιίυο
1674 2023 1900 2092 quaestio

317 2108 398 2162 ita
440 2107 712 2161 solvitur:
765 2107 912 2162 illum
967 2109 1172 2164 scilicet
1214 2113 1462 2166 timorem
1507 2111 1750 2178 Domini,
1792 2129 1901 2182 quo

314 2197 474 2254 timet
503 2196 732 2268 quisque
776 2189 1040 2270 incipiens
1085 2215 1250 2270 opera
1287 2199 1514 2270 justitiae
1540 2241 1556 2268 ,
1618 2217 1686 2256 ne
1722 2203 1905 2257 veniat

322 2290 610 2345 districtus
633 2287 800 2358 judex
829 2298 886 2346 et
933 2307 990 2346 se
1039 2291 1218 2348 minus
1258 2293 1576 2365 castigatum
1624 2294 1904 2349 inveniens

313 2382 563 2447 damnet,
590 2381 736 2436 illum
775 2382 1012 2438 Charitas
1037 2383 1189 2453 pellit
1215 2383 1358 2440 foras
1381 2427 1396 2451 ,
1422 2402 1542 2456 qua:
1587 2401 1686 2455 pro
1709 2385 1904 2440 merito

304 2471 539 2541 iustitia:
569 2471 817 2526 fiduciam
845 2473 1006 2527 habet
1033 2473 1086 2528 in
1115 2473 1200 2530 die
1225 2473 1436 2542 judicii.
1457 2475 1563 2530 Sed
1586 2484 1641 2530 et
1668 2490 1905 2544 prazsen-

317 2567 460 2620 tium
490 2565 876 2620 adversitatum
911 2566 1158 2622 timorem
1206 2567 1446 2638 perfecta
1492 2569 1732 2624 charilas
1759 2568 1906 2639 ejicit

315 2671 388 2711 ex
410 2655 610 2720 animo,
640 2671 800 2725 quam
841 2656 1042 2711 habere
1070 2660 1366 2728 quaerebat,
1397 2659 1488 2730 qui
1511 2659 1735 2714 Domino
1780 2673 1904 2728 sup-

315 2746 540 2816 plicans
561 2745 672 2800 ait:
709 2763 728 2796 (
763 2745 804 2799 Α
833 2746 1024 2800 timore
1055 2747 1258 2803 inimici
1285 2748 1434 2818 eripe
1463 2748 1698 2802 animam
1725 2763 1903 2802 meam

319 2835 695 2912 (Panhum);
723 2858 741 2889 ι
785 2853 946 2907 quam
980 2838 1213 2894 habebat
1245 2841 1335 2911 qui
1383 2840 1554 2895 dixit:
1599 2859 1616 2891 ι
1649 2839 1780 2909 Quis
1807 2855 1906 2896 nos

321 2927 606 2996 separabit
651 2944 680 2982 a
711 2928 976 2983 charitatc
1005 2927 1244 2984 Christi?
1269 2921 1580 2986 tribulatio?
1621 2947 1688 2986 an
1737 2945 1905 3002 angu-

321 3015 471 3070 stia?
504 3031 574 3070 an
603 3018 954 3086 persecutio?
981 3034 1050 3072 an
1091 3019 1348 3076 nuditas?
1377 3038 1443 3076 an
1474 3021 1680 3077 fames?
1708 3038 1774 3076 an
1813 3037 1903 3092 pe-

317 3105 553 3162 riculum
573 3106 600 3160 ?
625 3123 691 3160 an
721 3106 966 3179 gladius?
1000 3129 1018 3160 ι
1045 3117 1150 3164 etc.
1193 3100 1370 3183 (Rom.
1404 3109 1547 3181 vm.)
1587 3109 1696 3166 Nec
1725 3110 1904 3180 putari

2001 1919 2101 1974 bus
2123 1918 2292 1991 (Rom.
2318 1919 2423 1988 1):)
2459 1921 2698 1976 scierunt
2726 1923 2868 1978 enim
2890 1925 3004 1980 haec
3028 1925 3138 1981 Deo
3163 1927 3466 1998 displicere,
3487 1931 3583 1988 sed

2001 2012 2117 2067 haec
2141 2013 2193 2066 in
2225 2013 2403 2068 animo
2424 2029 2627 2084 ponere
2655 2013 2968 2082 noluerunt,
3003 2034 3023 2067 ι
3050 2018 3304 2086 quoniam
3343 2021 3434 2089 qui
3468 2021 3582 2077 hazc

2004 2114 2193 2176 agunt,
2224 2105 2519 2177 dignisunt
2549 2116 2745 2174 morte,
2766 2129 2784 2160 ι
2828 2117 2882 2163 et
2919 2124 3024 2164 non
3059 2110 3232 2166 solum
3263 2113 3353 2182 qui
3376 2113 3584 2170 faciunt

2002 2209 2065 2249 ea
2083 2235 2098 2260 ,
2126 2197 2218 2250 sed
2242 2197 2404 2250 etiam
2445 2198 2537 2266 qui
2567 2199 2908 2254 consentiunt
2945 2199 3289 2276 facientibus.
3313 2203 3583 2262 Assensus

2003 2286 2146 2340 enim
2186 2287 2530 2358 participatio
2559 2299 2660 2343 est.
2704 2287 2842 2344 Sunt
2866 2291 3082 2360 quidam
3109 2292 3198 2362 qui
3228 2308 3289 2348 se
3327 2307 3448 2348 reos
3475 2310 3581 2350 non

2000 2386 2210 2448 putant,
2237 2379 2280 2432 si
2312 2395 2417 2433 non
2447 2389 2741 2450 operentur
2764 2397 2884 2450 qua:
2922 2382 3060 2436 mala
3102 2391 3256 2450 sunt,
3285 2385 3586 2440 assentiunt

2003 2477 2180 2524 autem
2205 2469 2544 2540 facientibus.
2569 2470 2848 2528 Assentire
2867 2482 2955 2528 est
2975 2483 3152 2528 autem
3173 2477 3256 2536 ,εἰ
3277 2492 3398 2531 cum
3414 2477 3588 2546 possit

2004 2561 2400 2630 reprehendere
2427 2571 2619 2626 taceat,
2645 2572 2739 2618 aut
2761 2565 2984 2620 audiens
3014 2581 3179 2621 vanas
3214 2565 3421 2622 fabulas
3455 2566 3586 2621 adu-

2006 2637 2175 2717 letur;
2206 2652 2384 2707 sciens
2411 2653 2552 2708 enim
2584 2653 2829 2724 impurus
2845 2665 2900 2709 et
2923 2655 3188 2727 malignus
3216 2673 3321 2712 non
3349 2659 3587 2730 ignorari

2005 2757 2126 2811 qua:
2155 2743 2302 2814 agit,
2350 2755 2408 2797 et
2441 2743 2662 2818 minime
2708 2759 2767 2800 se
2815 2745 2998 2811 vitari,
3037 2747 3130 2802 sed
3155 2755 3210 2802 et
3237 2749 3430 2806 honori
3467 2765 3590 2806 esse

2005 2833 2268 2904 gloriatur
2297 2833 2410 2888 fore
2431 2849 2490 2888 se
2533 2835 2726 2902 talem;
2756 2851 2856 2896 nec
2893 2835 3145 2892 confundi
3189 2847 3368 2908 potest
3395 2840 3450 2895 in
3479 2841 3586 2904 his,

2006 2927 2224 3000 quando
2258 2927 2403 2983 videt
2426 2925 2594 2982 faveri
2636 2928 2738 2984 sibi
2768 2937 2824 2984 et
2867 2929 3238 2986 obsecundare
3285 2931 3355 2987 ab
3387 2933 3471 2990 his
3496 2935 3589 3003 qui

2007 3033 2114 3072 non
2141 3026 2268 3072 sunt
2297 3017 2429 3072 tales
2453 3058 2467 3084 ,
2498 3025 2554 3071 et
2597 3017 2669 3072 ita
2709 3027 2794 3074 est
2819 3028 2876 3074 ut
2903 3021 2993 3090 qui
3041 3019 3285 3076 fomitem
3315 3023 3590 3092 przeheant

2009 3106 2219 3162 delictis
2262 3107 2494 3174 illorum,
2537 3107 2638 3176 ipsi
2682 3109 2826 3179 digni
2871 3110 3063 3166 sintut
3102 3111 3218 3180 pari
3255 3111 3484 3167 crimine
3513 3115 3590 3170 rei

319 3199 487 3256 debet
549 3201 690 3256 beati
733 3177 968 3260 iioaanis
1029 3177 1364 3258 sermonibus
1409 3177 1538 3259 esset
1573 3177 1905 3258 contrarium
1934 3177 1978 3240 ί)
2011 3196 2332 3254 habeantur.
2375 3197 2514 3252 Sunt
2543 3197 2738 3254 iterum
2770 3199 2861 3280 alii
2891 3201 2982 3269 qui
3023 3217 3132 3256 non
3179 3202 3350 3258 solum
3387 3201 3593 3258 faciunt

319 3291 470 3362 quod
495 3291 778 3348 Psalmista
801 3295 930 3348 dicit
955 3313 968 3348 :
1017 3314 1036 3346 ι
1071 3293 1254 3350 Timor
1281 3293 1490 3348 Domini
1531 3304 1748 3353 sanctus
1779 3303 1906 3364 per-

321 3399 554 3439 manens
579 3385 632 3438 in
660 3385 916 3442 smculum
948 3381 1126 3442 saeculi
1157 3381 1330 3464 (Paul.
1355 3380 1528 3456 xviii).
1565 3405 1582 3436 ι
1611 3385 1726 3439 Duo
1756 3401 1909 3439 nam-

324 3490 434 3548 que
463 3484 589 3530 sunt
625 3477 881 3533 timores:
913 3494 1051 3534 unus
1077 3493 1184 3548 quo
1215 3477 1406 3532 timent
1457 3477 1620 3532 Deum
1664 3477 1909 3532 homines

324 3580 397 3619 ne
427 3565 710 3620 mittantur
743 3566 795 3621 in
823 3566 1121 3636 gehennam
1150 3585 1166 3621 :
1193 3565 1306 3636 ipse
1349 3573 1434 3620 est
1473 3566 1637 3621 timor
1666 3565 1752 3620 ille
1775 3607 1789 3631 ,
1817 3555 1908 3634 qui

324 3653 636 3710 iutreduet-t
683 3655 1032 3721 charitatem;
1063 3656 1157 3711 sed
1210 3655 1292 3710 sic
1316 3655 1500 3721 venit,
1551 3663 1607 3710 ut
1639 3663 1814 3710 exeat.
1852 3654 1910 3709 Si

325 3745 478 3801 enim
509 3745 690 3800 adhuc
714 3755 933 3816 propter
975 3762 1165 3817 ptenas
1210 3745 1404 3801 timens
1456 3747 1624 3806 Deum
1673 3745 1909 3800 nondum

325 3849 484 3890 amas
515 3851 675 3904 quem
707 3835 784 3891 sic
817 3837 992 3900 times,
1015 3853 1122 3891 non
1149 3838 1288 3893 bona
1321 3837 1619 3902 desideras,
1651 3835 1746 3890 sed
1771 3833 1911 3890 mala

325 3941 516 3987 caves.
549 3927 644 3981 sed
670 3942 734 3982 ex
765 3942 830 3984 eo
856 3927 982 3997 quia
1015 3927 1152 3982 mala
1185 3943 1360 3992 caves,
1385 3927 1618 4000 corrigis
1647 3935 1721 3990 te,
1751 3936 1805 3983 et
1831 3929 1913 3982 in-

327 4018 466 4088 cipis
491 4019 630 4072 hona
657 4019 988 4074 desiderare.
1004 4019 1138 4075 Cum
1167 4021 1304 4074 bona
1333 4021 1640 4077 desiderare
1659 4023 1911 4094 coeperis,

329 4110 437 4162 erit
466 4108 522 4162 in
565 4117 618 4164 te
668 4109 831 4164 timor
875 4121 1115 4177 sanctus,
1162 4111 1249 4167 ille
1297 4112 1503 4168 scilicet
1530 4130 1597 4194 ne
1635 4115 1746 4184 ipsa
1773 4116 1913 4170 bona

329 4201 587 4265 amittas;
616 4215 723 4254 non
753 4201 843 4256 ille
864 4217 970 4271 quo
991 4202 1148 4258 times
1164 4219 1232 4257 ne
1261 4204 1494 4259 mittaris
1516 4205 1567 4258 in
1591 4206 1911 4276 gehennam,

331 4290 430 4344 sed
463 4306 533 4345 ne
563 4298 616 4346 te
652 4291 865 4346 deserat
899 4293 1187 4363 praesentia
1237 4292 1484 4360 Domini,
1525 4311 1684 4366 quem
1714 4297 1915 4368 ample-

331 4381 523 4448 cteris,
555 4397 662 4451 quo
689 4390 950 4438 mternum
978 4383 1081 4438 frui
1113 4382 1406 4440 desideras.

949 4513 1176 4570 CAPUT
1215 4513 1300 4569 IV.

331 4621 414 4678 De
436 4624 665 4696 nequitia
706 4623 961 4688 mulieris,
980 4624 1046 4696 in
1081 4624 1233 4696 cujus
1269 4626 1526 4679 consortio
1555 4636 1752 4682 castum
1779 4637 1912 4684 vetat

679 4695 1009 4759 commorari,
1033 4696 1076 4748 si
1105 4694 1210 4748 vult
1235 4705 1412 4750 castus
1445 4713 1574 4751 esse.

414 4843 434 4874 ι
468 4823 658 4878 Omnis
679 4823 832 4893 plaga
865 4823 1086 4879 tristitia
1109 4826 1290 4882 cordis
1327 4835 1434 4892 est,
1473 4836 1528 4882 et
1557 4830 1731 4885 omnis
1759 4831 1915 4886 mali-

339 4931 364 4966 «ι
397 4913 472 4966 tia
499 4915 735 4982 nequitia
759 4913 1021 4968 mulieris.
1057 4935 1074 4967 ι
1105 4916 1253 4970 Sicut
1275 4917 1446 4986 major
1477 4920 1648 4990 gratia
1673 4921 1776 4975 alia
1805 4938 1913 4978 non

331 5013 426 5060 est
463 5017 623 5072 quam
651 5003 890 5058 cbaritas
917 5020 1045 5059 vera
1083 5006 1138 5060 in
1186 5006 1370 5062 laetitia
1413 5009 1566 5064 bonze
1599 5012 1811 5077 mentis,
1846 5013 1920 5068 ita

288 5104 302 5115 ‘
337 5091 516 5160 major
539 5109 550 5159 ι
573 5092 690 5162 laga
726 5109 831 5148 non
857 5103 940 5148 est
972 5111 1137 5165 quam
1171 5097 1390 5152 tristitia
1431 5100 1600 5154 dolosi
1643 5103 1823 5159 cordis
1865 5104 1920 5158 in

336 5179 646 5234 idololatria
667 5195 761 5236 seu
779 5197 964 5237 errore
977 5183 1244 5239 haeretica:
1265 5187 1412 5255 pravi
1421 5187 1624 5242 tatisln
1645 5189 1759 5260 ejus
1777 5193 1922 5246 enim

337 5268 582 5338 nequitia
623 5270 804 5339 omnis
833 5279 917 5326 est
951 5273 1192 5340 malitia;
1231 5277 1324 5330 sed
1359 5275 1488 5346 quia
1518 5277 1572 5332 in
1613 5279 1805 5333 duritia
1831 5297 1924 5352 per

335 5376 586 5417 errorem
615 5363 848 5418 seducta:
879 5365 1075 5419 anima:
1099 5366 1252 5438 plaga
1299 5369 1439 5422 inest
1478 5369 1794 5439 iniquitatis,
1825 5388 1925 5427 nec

337 5457 524 5507 tamen
553 5451 666 5520 ipsa
689 5455 852 5508 sentit
881 5455 1092 5510 ruinam
1119 5473 1229 5511 sua:
1255 5457 1584 5528 deceptionis
1612 5500 1627 5526 ,
1650 5461 1771 5516 ideo
1797 5463 1926 5518 sub-

329 5541 586 5614 iungitur
609 5562 626 5599 :

417 5651 438 5686 ι
477 5633 544 5688 Et
571 5651 784 5692 omnem
811 5638 1026 5709 plagam
1049 5647 1104 5696 et
1129 5655 1231 5695 non
1255 5641 1464 5712 plagam
1487 5641 1690 5696 videbit
1713 5644 1920 5712 cordis;

346 5740 372 5777 ι
404 5732 462 5780 et
487 5741 704 5782 onmem
745 5730 1038 5801 nequitiam
1066 5743 1121 5788 et
1161 5749 1267 5787 non
1316 5733 1606 5804 nequitiam
1649 5731 1920 5802 ntulit-ris;

2011 3285 2173 3354 mala,
2207 3285 2300 3360 sed
2323 3285 2486 3342 etiam
2527 3287 2619 3358 qui
2645 3285 2990 3344 consentiunt
3015 3281 3358 3356 facientibus,
3389 3301 3450 3348 ut
3486 3310 3592 3348 non

2011 3375 2184 3432 solum
2226 3373 2472 3442 faciant,’
2513 3377 2608 3434 sed
2646 3386 2702 3433 et
2750 3378 2945 3435 talibus
2983 3381 3342 3438 consentiant.
3391 3372 3593 3452 Duplex

2010 3483 2138 3539 ergo
2177 3469 2368 3524 horum
2413 3477 2495 3524 est
2548 3469 2818 3540 nequitia;
2847 3485 2954 3525 non
2989 3471 3133 3527 enim
3161 3479 3272 3526 tam
3301 3472 3429 3526 mali
3469 3483 3588 3528 sum

2011 3561 2104 3630 qui
2147 3559 2351 3614 faciunt
2377 3601 2393 3627 ,
2433 3569 2488 3616 et
2539 3559 2862 3618 facientibus
2899 3563 3314 3619 contradicunt:
3365 3565 3593 3620 scientes

2011 3654 2155 3708 enim
2185 3653 2414 3719 nefaria,
2461 3670 2565 3710 uon
2611 3653 2699 3708 illa
2738 3654 3030 3710 vindicant.
3070 3655 3148 3710 illi
3190 3655 3337 3710 enim
3365 3664 3474 3711 tam
3496 3674 3593 3712 nr-

2012 3743 2258 3813 quissimi
2303 3752 2450 3810 sunt,
2483 3743 2608 3814 quia
2654 3741 2862 3798 faciunt
2898 3751 2953 3800 et
2988 3733 3337 3800 consentiun'i
3389 3745 3587 3801 facien-

2014 3835 2175 3902 tibus,
2227 3845 2416 3891 utnec
2465 3835 2632 3890 Deum
2665 3835 2910 3900 timeant,
2961 3835 3269 3891 increscere
3317 3837 3592 3908 cupientes

2013 3927 2182 3991 mala;
2209 3925 2330 3982 ideo
2362 3926 2479 3982 lucc
2505 3941 2612 3983 non
2643 3925 2948 3992 vindicant,
2991 3933 3052 3982 ut
3079 3927 3345 3984 suadeant
3365 3928 3453 3983 illa
3486 3945 3592 3983 non

2013 4031 2132 4072 esse
2161 4016 2404 4071 vitanda.

2090 4127 2108 4159 σ
2149 4107 2267 4162 Non
2313 4117 2396 4163 est
2437 4115 2597 4178 caput
2632 4107 2860 4180 nequius
2893 4123 3056 4178 super
3089 4117 3250 4180 caput
3279 4108 3505 4174 colubri,
3539 4121 3595 4164 et

2021 4217 2039 4248 ι
2081 4213 2188 4253 non
2221 4205 2306 4252 est
2331 4198 2408 4252 ira
2438 4212 2600 4266 super
2628 4197 2766 4252 iram
2795 4198 3056 4253 mulieris.
3085 4197 3420 4254 Commorari
3451 4197 3594 4254 leoni

2021 4310 2040 4342 ι
2078 4301 2132 4346 et
2177 4291 2397 4347 draconi
2435 4283 2676 4360 placebit
2701 4305 2864 4360 quam
2891 4289 3152 4354 habitare
3197 4305 3320 4346 cum
3369 4291 3596 4346 muliere

2021 4401 2040 4434 ι
2078 4397 2330 4452 nequam.
2362 4401 2382 4435 ι
2417 4380 2668 4451 Nequitia
2717 4397 2846 4452 ergo
2874 4380 3252 4436 hzei'eticorum
3283 4394 3592 4452 comparata

2019 4475 2298 4530 venenatis
2335 4473 2697 4544 serpentibus,
2751 4483 2806 4528 et
2841 4474 2997 4529 saevis
3031 4481 3188 4530 terrm
3230 4475 3596 4532 animantibus

2030 4521 2296 4530 .--.-.._---
2335 4521 2697 4544 mrum“,
2841 4521 2995 4529 -.νη
3033 4521 3188 4530 --.ην
3230 4521 3596 4532 -..ηπ---.ην

1946 4521 1994 4581 D
2019 4561 2250 4618 ferocior
2278 4561 2550 4618 invenitur
2575 4563 2853 4633 magisque
2888 4562 3048 4618 noxia
3081 4580 3094 4616 :
3121 4563 3246 4632 quia
3280 4563 3368 4618 illa
3399 4579 3596 4635 corpus

2019 4658 2237 4724 lzetlunt,
2262 4657 2377 4712 hmc
2396 4657 2630 4711 animam
2656 4656 2946 4721 interimit;
2989 4655 3077 4710 illa
3127 4663 3354 4712 mortem
3382 4666 3594 4728 tempo-

2022 4748 2188 4802 ralem
2216 4749 2520 4813 conferunt,
2555 4747 2672 4802 haec
2709 4756 3049 4817 perpetuam.
3076 4746 3200 4802 Ideo
3232 4748 3347 4819 ejus
3375 4750 3597 4806 cohabi—

2020 4839 2152 4894 tatio
2180 4839 2432 4897 omnibus
2477 4837 2637 4893 noxia
2662 4845 2787 4904 est,
2815 4837 3054 4908 nullique
3085 4838 3338 4898 salubris.
3367 4839 3519 4899 Unde
3543 4855 3609 4900 et-

2017 4929 2286 4998 sequitur:

2095 5035 2115 5068 t
2157 5015 2404 5088 Nequitia
2431 5017 2676 5074 mulieris
2705 5017 2954 5096 immutat
2976 5017 3167 5076 faciem
3184 5019 3318 5090 ejus,
3347 5030 3404 5078 et
3423 5023 3595 5079 obcae-

2026 5125 2046 5158 ι
2081 5114 2171 5164 cat
2204 5107 2408 5162 vultum
2435 5123 2592 5164 suum
2622 5116 2877 5179 tanquam
2913 5126 3094 5178 ursus,
3131 5120 3186 5168 et
3209 5113 3592 5184 quasisaccum

2027 5216 2046 5250 ‹
2083 5198 2342 5254 ostendit.
2377 5197 2433 5252 In
2465 5199 2644 5254 medio
2671 5199 3040 5268 proximorum
3084 5199 3201 5270 ejus
3228 5201 3488 5274 ingemuit
3513 5203 3592 5256 vir

2028 5307 2046 5338 ε
2091 5285 2206 5356 ejus
2230 5299 2285 5342 et
2309 5287 2532 5344 audiens
2557 5290 2851 5360 suspiravit
2878 5291 3171 5346 modicum.
3203 5312 3223 5345 ι
3261 5291 3594 5346 Perversitas

2023 5393 2152 5450 ergo
2191 5379 2458 5434 hairetica:
2497 5377 2747 5438 factionis
2780 5381 3031 5437 immutat
3070 5382 3262 5436 faciem
3285 5379 3402 5446 ejus
3425 5417 3440 5444 ,
3467 5395 3591 5434 cum

2020 5482 2120 5536 per
2143 5467 2451 5538 hypocrisin
2493 5467 2734 5539 loquitur
2767 5471 3124 5533 mendacium,
3171 5466 3405 5522 etﬁetas
3425 5466 3594 5521 simu-

2022 5557 2182 5613 lando
2206 5557 2440 5614 ostendit
2480 5559 2689 5628 species
2731 5559 3008 5614 virtutum.
3047 5557 3174 5623 Qua:
3217 5563 3470 5626 tanquam
3503 5571 3596 5610 ιιι·-

2023 5663 2114 5702 sus
2134 5648 2368 5703 obcaecat
2398 5649 2602 5703 vultum
2643 5665 2820 5710 suum,
2851 5663 2972 5701 eum
2999 5662 3095 5716 per
3127 5645 3379 5700 duritiam
3409 5645 3594 5702 cordis

2025 5737 2217 5791 mentis
2245 5745 2476 5793 excaecat
2501 5737 2692 5802 visum,
2723 5751 2820 5790 nec
2843 5736 3078 5787 futurum
3104 5733 3461 5793 damnationis
3483 5751 3604 5793 sua:
