3902 6162
366 266 465 324 951

999 264 1061 317 B.
1103 258 1353 319 RABANI
1392 263 1609 320 MAUDI
1648 265 1964 322 ARCHIEP.
2007 267 2313 324 MOGUNT.
2354 270 2638 327 OPERUM
2681 273 2861 330 PARS
2898 277 2939 333 l.

3507 292 3617 347 93?.

363 379 623 453 prospicit
645 379 928 452 judicium.
956 378 1118 445 Quasi
1165 395 1376 433 saccum
1415 382 1647 435 ostenlit
1671 381 1721 434 in
1754 381 1930 436 medio
1960 386 2003 445 Α
2033 384 2119 439 lici
2148 386 2247 441 viri
2276 388 2541 457 superﬂua
2571 389 2869 459 loquacitas
2906 393 3178 464 haeretici;
3206 399 3348 455 unde
3375 399 3492 468 ejus
3527 418 3611 457 so-

360 476 730 547 proximorum
763 470 900 540 ejus,
948 486 1070 525 cum
1121 471 1330 540 ineptas
1377 487 1558 525 coram
1607 473 1940 528 auditoribus

363 569 475 624 suis
502 570 708 635 protert
754 563 1123 617 doctrinarum
1155 564 1413 616 novitates
1432 605 1444 626 ,
1475 572 1528 617 et
1557 564 1938 633 turpitudinem

361 674 553 715 sensus
582 656 665 709 sui
706 654 938 710 nefando
984 656 1112 727 tegit
1145 656 1445 731 velamento
1492 658 1798 711 verborum.
1832 655 1939 713 Nec

359 751 502 806 illius
532 749 771 805 mulieris
800 747 1109 803 fortissima:
1134 757 1295 817 atque
1338 749 1746 818 sapientissime
1785 760 1938 805 actus

358 841 621 907 imitatur,
668 839 734 895 de
778 854 884 910 qua
927 841 979 893 in
1023 838 1330 894 Proverbiis
1374 839 1602 910 legitur:
1638 859 1656 890 ι
1685 839 1939 907 Quaesivit

356 931 535 985 lanam
566 939 620 985 et
644 929 837 995 linum,
860 939 915 984 et
939 937 1159 1001 operata
1181 937 1265 984 est
1293 928 1519 985 consilio
1540 944 1795 986 manuum
1815 945 1934 985 sua-

357 1037 498 1075 rum.
530 1040 548 1072 ι
587 1019 789 1089 Quaerit
815 1035 943 1090 ergo
974 1020 1165 1075 mulier
1195 1019 1348 1075 fortis
1375 1020 1550 1075 lanam
1580 1030 1636 1076 et
1667 1020 1855 1083 linum,
1882 1030 1931 1075 et

354 1120 613 1181 operatur
654 1110 876 1165 cons‘lio
918 1125 1170 1164 manuum
1222 1125 1477 1173 suarum,
1524 1125 1646 1165 cum
1695 1110 1932 1165 Ecclesia

355 1210 543 1256 sancta
574 1199 798 1256 sollicite
823 1200 1088 1271 perquirit
1114 1200 1308 1270 quibus
1341 1216 1400 1255 se
1430 1200 1644 1269 pietatis
1671 1198 1933 1256 fructibus

354 1297 627 1356 exerceat,
659 1289 924 1359 quomodo
953 1305 981 1344 a
1027 1288 1333 1344 carnalibus
1354 1290 1610 1344 emundct
1632 1289 1925 1357 illecebris:

353 1387 410 1433 et
449 1378 554 1436 hoc
580 1386 869 1449 utrumque
916 1379 1138 1434 consilio
1181 1379 1618 1449 prudentissimo,
1667 1380 1770 1436 hoc
1822 1391 1928 1449 est,

352 1483 600 1540 supernae
638 1467 973 1525 solummodo
1012 1469 1381 1527 retributionis
1425 1468 1556 1526 facit
1588 1471 1804 1528 intuitu.
1854 1473 1929 1529 De

352 1573 458 1629 qua
501 1573 716 1613 rursum
757 1573 802 1615 st
819 1558 1017 1628 riptum
1065 1566 1187 1615 est:
1240 1579 1260 1610 ί
1312 1560 1676 1631 Stragulatam
1720 1571 1926 1618 vestem

351 1649 482 1705 fecit
507 1649 628 1715 sibi,
645 1648 836 1721 byssus
862 1658 915 1704 et
943 1665 1179 1721 purpura
1203 1650 1571 1705 indumentum
1595 1652 1711 1723 ejus
1736 1652 1920 1724 (Prov.

2041 479 2287 534 cietatem
2318 482 2532 535 noxiam
2562 485 2871 550 ostendens,
2913 499 3305 558 consequenter
3340 491 3442 546 illis
3472 508 3619 548 com-

2040 572 2346 624 munionem
2374 581 2519 627 velat
2546 575 2730 630 dicens
2759 590 2773 627 :

2114 682 2131 712 ι
2173 660 2250 715 Ne
2282 663 2540 732 respicias
2566 664 2619 718 in
2647 665 2890 721 mulieris
2911 657 3165 737 speciem:
3191 678 3245 724 et
3273 688 3378 726 non
3409 689 3582 729 concu
3600 705 3621 715 ο

2043 772 2060 802 ι
2098 752 2273 822 piscas
2314 754 2631 809 mulierem:
2672 756 2724 809 in
2756 759 2933 827 specie
2976 760 3216 816 mulieris
3264 761 3365 828 ira,
3413 764 3622 819 irrevcv

2041 862 2060 894 ‹
2103 844 2296 909 rentia,
2327 852 2383 900 et
2414 844 2656 901 confusio
2682 861 2895 919 magna.
2930 869 2948 902 ο
2980 848 3201 921 Species
3238 853 3481 911 mulieris
3515 857 3627 913 hu-

2028 931 2119 1004 jus
2166 941 2250 990 est
2281 944 2498 990 versuta
2535 936 2781 991 doctrina
2832 940 3225 1006 haereticorum,
3254 942 3377 1000 fuco
3414 947 3621 1003 verbo-

2038 1040 2152 1078 rum
2179 1027 2457 1082 adornata.
2484 1026 2649 1095 Cujus
2671 1030 2911 1085 dolosam
2933 1031 3296 1102 eloquentiam
3324 1035 3371 1091 si
3394 1053 3622 1094 aurave-

2034 1117 2131 1179 ris,
2177 1133 2391 1188 paruam
2446 1131 2500 1175 et
2550 1120 2920 1178 confusionem
2974 1135 3231 1184 aeternam
3293 1128 3618 1185 sustinebis.

2031 1206 2216 1276 Qualis
2243 1218 2421 1265 autem
2452 1210 2524 1266 sit
2551 1213 2761 1284 species
2791 1212 2949 1282 hujus
2975 1215 3240 1283 mulieris,
3267 1216 3520 1274 Salomon
3552 1220 3622 1275 in

2029 1299 2333 1357 Proverbiis
2365 1303 2621 1370 ostendit,
2652 1304 2874 1360 dicens:
2911 1325 2929 1358 ι
2967 1305 3144 1363 Favus
3170 1308 3312 1363 enim
3342 1309 3623 1369 distillans

2028 1386 2170 1444 labia
2191 1391 2514 1457 meretricis,
2553 1403 2610 1449 et
2644 1394 2865 1452 nitidius
2897 1396 3017 1452 oleo
3038 1406 3222 1469 guttur
3244 1398 3397 1468 ejus:
3424 1402 3622 1457 novis-

2027 1477 2164 1533 sima
2206 1478 2350 1536 illius
2389 1495 2573 1536 amara
2603 1481 2757 1553 quasi
2785 1483 3137 1551 absinthium,
3162 1494 3217 1542 et
3259 1495 3414 1542 acuta
3446 1490 3621 1559 quasi

2026 1566 2235 1638 gladius
2260 1567 2444 1640 biceps
2474 1567 2654 1643 (Prov.
2679 1571 2756 1644 v).
2790 1592 2809 1624 ι
2842 1571 2976 1629 Cum
3003 1574 3056 1629 in
3084 1591 3181 1631 ore
3205 1575 3456 1634 hteretico
3487 1577 3623 1633 dul-

2025 1657 2158 1711 cedo
2197 1656 2515 1729 eloquentia:
2559 1677 2665 1735 non
2712 1662 2781 1717 ad
2826 1662 3199 1721 sufficientiam
3242 1668 3619 1735 solummodo,

350 1737 526 1809 xm).
556 1757 575 1791 ι
630 1736 935 1806 Stragulata
992 1738 1156 1792 vestis
1181 1778 1196 1804 ,
1247 1753 1365 1807 quae
1418 1740 1661 1796 variante
1713 1748 1925 1796 textura
1956 1731 2001 1790 Β
2029 1761 2213 1801 verum
2247 1745 2313 1801 ad
2346 1730 2767 1820 superﬂuitaan
2815 1763 3051 1819 resonat,
3093 1765 3149 1811 et
3180 1758 3247 1812 ob
3280 1758 3333 1813 id
3369 1730 3619 1820 falsitas,

349 1829 485 1886 solet
529 1827 837 1884 ﬁrmissima
877 1827 1090 1893 conﬁci,
1132 1828 1290 1883 fortia
1332 1827 1587 1884 Ecclesiae
1625 1845 1820 1901 opera,
1869 1842 1925 1889 et

350 1921 562 1977 diversa
601 1919 859 1974 virtutum
886 1919 1004 1989 ejus
1031 1927 1346 1973 ornamenta
1392 1919 1679 1991 signiﬁcat,
1703 1923 1769 1978 de
1805 1924 1924 1994 qui-

345 2013 449 2071 bus
469 2011 734 2083 Propheta
762 2012 813 2066 in
830 2011 1029 2067 ‘summi
1048 2012 1191 2082 regis
1212 2011 1313 2066 viri
1336 2012 1582 2068 videlicet
1608 2014 1749 2070 illius
1768 2015 1923 2072 laude

344 2103 543 2159 cecinit
570 2121 582 2156 :
617 2119 636 2154 ‹
668 2101 857 2157 Astitit
882 2101 1067 2173 regina
1097 2118 1125 2157 a
1154 2103 1358 2158 dextris
1381 2103 1487 2157 tuis
1523 2104 1576 2158 in
1604 2107 1799 2160 vestitu
1831 2108 1924 2163 de-

344 2205 556 2269 aurato,
582 2194 983 2250 circumamicta
1015 2194 1271 2248 varietate
1294 2191 1463 2265 (Psal.
1489 2196 1685 2267 xuv)»
1725 2197 1923 2269 Byssus

344 2302 560 2360 quoque
587 2295 642 2343 et
670 2301 906 2358 purpura
953 2287 1322 2342 indumentum
1350 2286 1485 2357 ejus.
1514 2288 1578 2359 Β)
1594 2305 1713 2345 ssus
1748 2291 1800 2343 in
1828 2306 1919 2345 ca-

343 2381 528 2436 stitate
571 2393 820 2448 purpura:
846 2377 1287 2442 conversationis,
1315 2392 1549 2448 purpura
1580 2379 1633 2433 in
1662 2378 1921 2435 cﬁ‘usione

344 2470 566 2544 pretiosi
614 2468 908 2539 sanguinis.
950 2467 1149 2540 Byssus
1193 2484 1425 2540 namque
1476 2470 1689 2525 candidi
1727 2471 1921 2527 coloris

342 2571 458 2627 est;
490 2572 790 2632 purpureus
819 2568 997 2614 autem
1036 2558 1182 2613 color
1219 2567 1275 2614 et
1300 2558 1366 2614 de
1396 2560 1654 2631 sanguine
1679 2560 1920 2616 animan-

346 2650 439 2712 tis,
493 2650 636 2720 quod
677 2661 915 2719 purpura
946 2658 1198 2713 vocatur,
1222 2648 1526 2717 conﬁcitur,
1559 2658 1613 2704 et
1656 2650 1769 2720 ipse
1796 2666 1920 2721 san-

344 2735 522 2810 guinis
563 2736 723 2791 habet
766 2734 1031 2806 speciem;
1073 2736 1215 2791 unde.
1261 2735 1483 2806 pulchre
1533 2737 1736 2794 dictum
1776 2747 1860 2795 est
1886 2754 1918 2794 a

342 2827 594 2889 Patribus
619 2868 634 2894 ,
676 2828 800 2898 quia
843 2835 1027 2882 sancta
1077 2824 1313 2883 Ecclesia
1360 2828 1651 2884 electorum
1698 2828 1920 2887 floribus

343 2936 575 2977 vernans
599 2920 653 2975 in
679 2933 809 2990 pace
834 2919 993 2974 habet
1017 2918 1148 2983 lilia,
1181 2919 1235 2973 in
1263 2918 1403 2975 bello
1437 2935 1608 2977 rosas.
1649 2921 1801 2990 Quod
1823 2938 1918 2979 au-

343 3022 450 3069 tem
499 3010 873 3081 subiungitur:
918 3028 936 3061 ι
967 3010 1206 3066 Audiens
1249 3011 1539 3082 suspiravit
1568 3013 1859 3081 modicum,
1887 3032 1907 3067 ι

341 3078 610 3177 signiﬁcat
659 3078 800 3174 quod
835 3115 1089 3171 perversa
1136 3117 1290 3158 mens
1329 3078 1703 3160 haereticorum
1728 3078 1854 3162 licet
1882 3122 1912 3162 a
1940 3078 1986 3141 Ο

342 3194 623 3256 catholicis
660 3196 970 3254 doctoribus
1015 3195 1118 3252 rite
1149 3196 1495 3266 corripiatur,
1529 3198 1810 3256 dilliculter
1831 3209 1912 3255 ta-

341 3307 464 3347 men
484 3290 552 3346 ad
573 3303 754 3345 veram
779 3287 1153 3359 ptenitentiam
1183 3286 1447 3356 ﬂectitur;
1478 3297 1534 3345 et
1553 3290 1599 3346 si
1628 3290 1916 3362 aliquando

340 3383 495 3458 ﬁngit
519 3397 579 3440 se
604 3382 889 3454 poenitere,
924 3389 1103 3438 tamen
1126 3382 1251 3452 quia
1272 3397 1380 3437 non
1403 3382 1624 3454 corrigit
1649 3398 1912 3453 errorem,

338 3474 652 3533 manifestat
678 3489 738 3531 se
769 3474 822 3529 in
853 3482 1028 3546 empta
1057 3471 1257 3529 malitia
1280 3488 1647 3545 perseverare.

415 3586 432 3618 ι
468 3551 656 3621 Brevis
691 3564 868 3620 omnis
897 3563 1099 3619 malitia
1139 3579 1301 3635 super
1348 3564 1606 3620 malitiam
1649 3565 1911 3634 mulieris,

343 3681 360 3711 ι
398 3675 516 3715 sors
542 3667 887 3730 peccatorum
913 3658 1067 3713 cadet
1089 3673 1248 3727 super
1276 3657 1441 3713 illam.
1476 3678 1494 3710 ι
1530 3656 1643 3715 Hoc
1664 3668 1747 3715 est
1770 3659 1913 3730 quod

334 3761 464 3807 ante
488 3752 642 3817 dixit,
676 3766 779 3805 non
809 3757 892 3805 est
918 3757 1081 3819 caput
1125 3750 1352 3820 nequius
1386 3764 1550 3819 super
1573 3757 1733 3820 caput
1765 3751 1914 3808 colu-

335 3842 442 3906 bri,
469 3850 526 3897 et
561 3857 666 3897 non
698 3850 781 3897 est
815 3842 894 3896 ira
929 3856 1089 3912 super
1127 3839 1264 3894 iram
1302 3840 1563 3896 mulieris.
1609 3840 1780 3896 Parva
1828 3850 1911 3898 est

336 3936 482 3991 enim
526 3935 703 3990 omnis
732 3933 936 3988 malitia
979 3933 1034 3988 in
1077 3933 1473 4004 comparatione
1515 3933 1830 3991 idololatria:
1856 3943 1913 3991 et

334 4025 605 4080 lucretio-.e
627 4023 928 4093 pravitatis,
956 4021 1079 4093 quia
1112 4022 1164 4077 in
1198 4022 1282 4077 bis
1310 4038 1414 4077 non
1443 4038 1540 4092 per
1567 4021 1909 4094 fragilitatem

335 4114 515 4169 carnis
561 4121 834 4184 peccatur,
880 4113 970 4167 sed
1007 4128 1104 4182 per
1143 4113 1445 4183 superbiam
1488 4112 1701 4169 mentis.
1741 4113 1911 4170 Omne

334 4206 477 4259 enim
507 4203 646 4277 quod
690 4204 743 4257 in
789 4204 868 4258 eis
893 4205 1086 4274 agitur,
1118 4204 1168 4257 in
1198 4211 1563 4273 contemptum
1598 4203 1694 4259 Dei
1728 4204 1816 4273 ﬁt;
1857 4215 1912 4262 et

335 4298 457 4352 ideo
486 4296 731 4366 impietas
758 4295 977 4360 dictitas,
1007 4311 1168 4365 quam
1213 4294 1317 4350 alio
1342 4296 1553 4350 nomine
1575 4298 1907 4369 negationem

339 4388 428 4443 Dei
477 4402 764 4458 possumus
806 4387 1093 4458 appellare,
1123 4402 1242 4455 qua:
1284 4388 1579 4442 incorrecta
1608 4404 1710 4444 non
1747 4390 1910 4447 habet

328 4479 561 4544 veniam,
588 4478 681 4534 sed
708 4492 922 4548 poenam
964 4477 1364 4546 sempiternam.
1409 4478 1529 4532 Ideo
1557 4478 1610 4531 in
1642 4479 1902 4536 Zacharia

329 4571 589 4641 propheta
617 4570 830 4626 mulieri
863 4568 1066 4623 sedenti
1112 4569 1164 4622 in
1197 4568 1370 4623 medio
1403 4570 1695 4638 amphorae,
1727 4588 1903 4629 massa

327 4662 578 4733 plumbea
625 4657 905 4734 projicitur
942 4659 994 4712 in
1029 4672 1113 4724 os,
1140 4668 1194 4712 et
1232 4657 1469 4713 defertur
1496 4659 1548 4713 in
1577 4660 1901 4732 Babylonem

331 4753 510 4825 (Zach.
580 4754 634 4827 v)
660 4773 673 4807 :
703 4753 829 4826 quia
852 4751 1097 4822 impietas
1124 4765 1243 4820 qua:
1263 4750 1479 4806 sedebat
1499 4766 1658 4821 super
1684 4766 1900 4824 peccata

332 4842 514 4909 Israel,
545 4840 600 4899 et
638 4843 690 4897 in
719 4846 817 4897 suo
839 4841 1041 4897 scelere
1071 4839 1419 4912 gloriabatur,
1454 4850 1640 4911 postea
1671 4845 1903 4901 mittitur

336 4933 389 4988 in
417 4933 649 4986 medium
678 4930 985 5001 Babylonis,
1015 4939 1072 4984 et
1098 4930 1425 4998 captivitatis
1453 4930 1591 4985 malo
1618 4933 1901 5000 premitur,

331 5033 386 5079 ut
439 5023 759 5077 obduratum
796 5036 857 5074 os
900 5020 1115 5084 habeat,
1156 5029 1211 5073 et
1253 5020 1392 5074 ultra
1436 5036 1494 5075 se
1535 5019 1743 5089 jactare
1796 5038 1901 5077 non

326 5112 529 5186 possit;
579 5112 661 5166 vel
705 5119 851 5166 certe
877 5110 943 5163 ab
971 5108 1173 5180 angelis
1204 5108 1298 5164 Dei
1333 5110 1669 5181 opprimitur,
1702 5121 1759 5165 ut
1783 5127 1913 5183 quae

328 5208 478 5281 prius
506 5204 704 5260 latebat
738 5205 789 5261 in
822 5201 1044 5267 scelere,
1073 5212 1274 5257 aeterno
1310 5201 1524 5257 silentio
1549 5202 1896 5257 conticescat.

402 5315 421 5350 α
460 5297 612 5353 Sicut
638 5309 894 5352 ascensus
917 5308 1177 5349 arenosus
1206 5292 1259 5347 in
1279 5293 1505 5362 pedibus
1533 5292 1790 5358 veterani,
1819 5293 1898 5348 sic

328 5408 354 5447 ι
389 5390 584 5447 mulier
605 5388 843 5461 linguata
863 5384 1065 5441 homini
1087 5386 1287 5456 quieto.
1324 5405 1341 5436 ι
1375 5383 1659 5440 Pulchram
1689 5400 1899 5463 compa-

325 5482 589 5540 rationem
634 5479 780 5543 facit,
811 5480 935 5549 quia
975 5478 1115 5534 sicut
1158 5492 1320 5531 arena
1355 5474 1514 5531 lluida
1550 5483 1607 5529 et
1633 5475 1897 5531 instabilis

328 5573 506 5643 gravis
535 5580 619 5627 est
655 5572 721 5625 ad
753 5569 1103 5625 incedendum
1133 5565 1361 5621 inﬁrmis
1385 5567 1608 5639 pedibus
1634 5567 1895 5632 veterani,

328 5664 405 5717 sic
432 5662 590 5717 etiam
617 5662 683 5717 ad
714 5659 1033 5717 audiendum
1063 5674 1286 5713 onerosa
1320 5667 1396 5713 est
1425 5658 1697 5714 modestim
1716 5659 1897 5715 catho-

1932 4426 1986 4484 D

2027 1839 2153 1909 quia
2191 1849 2314 1910 apte
2361 1841 2587 1911 proferri
2626 1844 2884 1910 cernitur,
2918 1847 3114 1902 veritas
3164 1864 3194 1903 a
3241 1850 3415 1905 stultis
3455 1852 3621 1906 testi—

2023 1941 2221 1987 matur.
2259 1931 2388 1988 Oleo
2428 1943 2605 1991 autem
2655 1935 2887 2006 Spiritus
2935 1938 3106 1993 sancti
3158 1938 3288 1995 ﬁdes
3335 1940 3621 1996 catholica

2023 2033 2390 2088 consecratur,
2418 2040 2524 2093 quo
2552 2025 2790 2081 haeretici
2840 2028 3061 2082 nitidius
3099 2044 3252 2084 suum
3284 2039 3469 2101 guttur
3506 2048 3617 2088 os-

2023 2122 2255 2177 tentant,
2282 2115 2373 2185 qui
2402 2132 2497 2171 sua
2539 2132 2695 2173 sensa
2723 2127 2932 2188 patrum
2961 2119 3080 2175 ﬁdei
3112 2130 3465 2192 anteponunt.
3494 2125 3619 2181 Pa-

2022 2214 2098 2261 tct
2143 2208 2208 2261 de
2253 2208 2559 2273 meretrice,
2597 2210 2723 2279 quia
2768 2218 2822 2266 et
2866 2213 3130 2267 sermonis
3183 2216 3501 2271 suavitatem
3547 2229 3618 2273 et

2022 2298 2413 2353 lormositatem
2442 2300 2683 2369 corporis
2709 2302 2776 2357 ad
2804 2305 3095 2372 captandos
3130 2305 3354 2361 miseros
3375 2309 3613 2376 quaerit.

2026 2409 2043 2440 ι
2078 2389 2395 2455 Novissima,
2430 2391 2622 2461 inquit,
2667 2390 2808 2447 illius
2849 2409 3029 2448 amara
3059 2396 3211 2464 quasi
3242 2397 3615 2466 absinthium,

2020 2490 2074 2537 ct
2108 2490 2263 2537 acuta
2284 2482 2438 2552 quasi
2471 2484 2680 2554 gladius
2702 2484 2901 2557 biceps.
2937 2506 2956 2537 ι
2990 2485 3143 2542 Potio
3169 2489 3420 2545 absinthii
3450 2491 3618 2549 intus

2019 2573 2307 2628 amarescit
2331 2574 2384 2627 in
2415 2575 2728 2636 visceribus,
2760 2575 2936 2644 gladio
2964 2575 3096 2634 foris
3123 2581 3359 2636 membra
3385 2579 3618 2637 feriun-

2020 2675 2128 2720 tur.
2157 2665 2227 2721 Ut
2252 2665 2416 2737 igitur
2440 2666 2687 2722 ostendat
2728 2667 2942 2740 iniquos
2965 2670 3019 2724 in
3046 2671 3334 2726 novissima
3364 2671 3615 2739 ultione,

2017 2763 2072 2809 et
2110 2755 2335 2811 interius
2362 2755 2573 2827 impleri
2613 2764 2670 2813 et
2706 2758 3045 2815 extrinsecus
3067 2761 3243 2829 pomis
3268 2761 3615 2820 circumdari

2015 2846 2312 2918 perpetuis,
2347 2856 2403 2904 et
2432 2850 2790 2907 amaritudine
2814 2851 2935 2906 illos
2957 2852 3215 2909 absinthii
3245 2853 3608 2924 torquendus,

2016 2946 2071 2992 et
2097 2934 2277 3010 gladio
2312 2949 2588 2998 asseverat
2660 2955 2781 2997 esse
2819 2943 3166 3009 truncaudos,
3202 2958 3369 3014 quare
3407 2952 3610 3000 autem

2016 2996 2160 3082 idem
2195 3027 2403 3099 gladius
2426 2996 2610 3099 biceps
2638 2996 2709 3086 sit
2735 3029 2934 3096 dictus,
2962 2996 3239 3090 (Dominus
3676 2996 3743 3105 ,1“

2015 3117 2131 3171 ait:
2163 3134 2183 3169 ι
2220 3114 2326 3173 Sed
2373 3134 2496 3174 eum
2543 3119 2746 3184 timete,
2783 3121 2877 3191 qui
2920 3131 3098 3191 potest
3144 3138 3200 3179 et
3249 3124 3491 3180 animam
3543 3132 3667 3189 at;

2016 3221 2215 3279 corpus
2238 3208 2467 3279 perdere
2494 3209 2547 3264 in
2576 3210 2872 3282 gehennam
2903 3208 3117 3281 (Matth.
3147 3213 3224 3283 x).
3257 3233 3276 3266 ι
3610 3198 3639 3259 ι’

2091 3317 2111 3351 ι
2148 3297 2339 3354 Mulier
2366 3300 2412 3355 si
2452 3299 2739 3368 primatum
2778 3301 2995 3368 habeat,
3041 3303 3312 3359 contraria
3348 3314 3439 3360 est
3474 3305 3612 3362 viro

2021 3405 2040 3440 ‹
2076 3403 2196 3445 suo.
2233 3386 2340 3444 Cor
2373 3388 2597 3456 humile,
2627 3398 2683 3445 et
2711 3390 2878 3447 facies
2917 3388 3113 3459 tristis,
3140 3401 3195 3449 et
3225 3393 3379 3465 plaga
3411 3396 3613 3453 cordis

2020 3494 2041 3528 ι
2074 3475 2270 3533 mulier
2294 3492 2548 3548 nequam,
2569 3494 2760 3534 manus
2778 3479 3002 3547 debiles,
3026 3488 3082 3551 et
3107 3497 3277 3553 genua
3303 3482 3609 3551 dissoluta,

2020 3584 2039 3617 ι
2074 3565 2269 3621 mulier
2293 3580 2413 3637 qua:
2438 3585 2545 3624 non
2582 3568 2851 3625 beatiﬁcat
2886 3571 3059 3627 virum
3086 3588 3260 3627 suum.
3291 3574 3337 3627 Α
3364 3574 3614 3635 muliere

2018 3673 2038 3708 ι
2074 3656 2285 3711 initium
2312 3655 2513 3713 factum
2537 3667 2621 3714 est
2637 3661 2860 3729 peccati,
2894 3669 2949 3715 et
2980 3678 3077 3732 per
3101 3661 3245 3717 illam
3266 3676 3455 3720 omnes
3479 3682 3612 3722 mo-

2019 3762 2039 3796 σ
2076 3745 2265 3800 ritnur.
2309 3766 2328 3798 ι
2375 3742 2501 3802 Hec
2538 3745 2708 3816 juxta
2748 3747 3030 3805 historiam
3074 3751 3385 3817 ostendunt,
3444 3757 3611 3824 quod

2013 3836 2254 3892 mulieris
2284 3837 2546 3906 primatus
2574 3839 2743 3910 magis
2769 3839 2964 3895 noxius
2985 3841 3055 3895 sit
3074 3856 3234 3911 quam
3264 3842 3436 3908 utilis,
3465 3845 3613 3912 quia

2013 3926 2278 3984 inﬁrmior
2324 3944 2507 3993 sexus,
2548 3927 2758 3984 fortiori
2807 3930 2959 3984 sexui
3010 3930 3203 4001 subjici
3246 3930 3428 3995 debet,
3480 3949 3611 3988 non

2010 4018 2269 4088 praep-ani.
2319 4019 2471 4075 Unde
2514 4020 2566 4074 in
2614 4020 2766 4074 initio
2803 4019 3013 4075 mulieri
3053 4021 3299 4089 peccanti
3328 4029 3383 4075 et
3411 4022 3607 4077 virum

2012 4112 2288 4167 seducenti
2331 4113 2590 4167 Dominus
2624 4112 2758 4168 dixit
2794 4129 2809 4167 :
2853 4132 2870 4163 ι
2911 4112 3272 4182 Mnltiplieabo
3316 4126 3612 4171 aerumnas

2014 4213 2133 4260 tuas
2173 4212 2226 4260 et
2263 4213 2555 4275 conceptus
2601 4214 2761 4259 tuos:
2802 4204 2855 4259 in
2885 4203 3069 4261 dolore
3114 4205 3292 4274 paries
3341 4204 3502 4269 ﬁlios,
3546 4217 3615 4260 ct

2013 4296 2112 4350 sub
2138 4295 2238 4349 viri
2261 4303 2527 4365 potestate
2559 4295 2687 4360 eris,
2713 4303 2768 4350 et
2801 4295 2916 4364 ipse
2943 4294 3305 4350 dominabitur
3328 4296 3402 4348 tui
3429 4293 3604 4365 (Cen.

2014 4384 2117 4456 ιιι).
2156 4404 2173 4436 ι
2203 4384 2342 4439 Hinc
2361 4394 2411 4439 et
2438 4383 2722 4454 Apostolus
2746 4384 2812 4439 ad
2841 4384 3181 4439 Timotheum
3204 4385 3449 4439 scribens
3469 4385 3560 4439 ait
3585 4405 3603 4443 :

2015 4495 2033 4527 ι
2068 4474 2257 4530 Mulier
2303 4474 2355 4529 in
2401 4474 2613 4529 silentio
2660 4475 2832 4530 discat
2871 4490 2993 4530 cum
3038 4475 3182 4528 omni
3224 4474 3601 4545 subjectionc.

2012 4565 2211 4621 Docere
2235 4576 2415 4620 autem
2447 4550 2654 4620 mulieri
2682 4582 2788 4621 non
2813 4565 3087 4635 permitto,
3115 4580 3291 4633 neque
3320 4565 3599 4620 dominari

2008 4656 2061 4710 in
2092 4655 2285 4720 virum,
2317 4655 2410 4711 sed
2449 4669 2571 4710 esse
2618 4654 2674 4708 in
2718 4654 2933 4709 silentio
2956 4654 3007 4725 (I
3037 4654 3079 4708 Τ
3080 4656 3171 4708 int.
3224 4654 3308 4725 ιι).
3343 4674 3363 4706 ι
3395 4655 3462 4708 Et
3488 4673 3603 4711 cur

2007 4748 2109 4804 hoc
2126 4747 2370 4818 jusserit,
2416 4762 2539 4802 mox
2576 4762 2794 4802 causam
2824 4746 3076 4809 reddidit,
3101 4746 3326 4801 dicens:
3362 4766 3381 4797 ι
3411 4747 3597 4802 Adam

2006 4839 2148 4894 enim
2190 4839 2399 4911 primus
2446 4838 2706 4894 formatus
2750 4847 2854 4905 est,
2903 4838 3092 4894 deinde
3136 4838 3286 4903 Eva;
3314 4847 3368 4893 et
3406 4838 3595 4895 Adam

2007 4945 2109 4982 non
2134 4939 2216 4983 cst
2242 4928 2512 4991 seductus,
2545 4928 2739 4984 mulier
2767 4941 2943 4982 autem
2983 4927 3205 4982 seducta
3248 4928 3300 4981 in
3329 4944 3605 4998 praevar-

2004 5020 2217 5073 catione
2242 5018 2338 5071 fuit
2364 5017 2414 5090 (I
2446 5017 2579 5072 Tim.
2604 5016 2687 5086 ιι).
2726 5039 2743 5070 ι
2779 5017 2998 5088 ilystice
3024 5028 3205 5072 autem
3226 5018 3365 5072 hanc
3387 5019 3588 5074 mulie~

2003 5123 2115 5163 rem
2163 5124 2486 5182 synagogam
2534 5124 2818 5179 possumus
2863 5109 3241 5164 haereticorum
3284 5110 3593 5180 accipere:

2000 5218 2138 5273 quae,
2176 5203 2332 5270 juxta
2393 5202 2521 5257 illud
2559 5201 2997 5266 Proverbiorum,
3051 5222 3069 5252 ι
3103 5200 3339 5271 Reliquit
3386 5204 3600 5259 ducem

2000 5294 2303 5364 pubertatis
2326 5310 2454 5358 suae,
2480 5302 2535 5348 et
2553 5294 2694 5364 pacti
2717 5294 2812 5351 Dei
2830 5294 2912 5351 sui
2933 5294 3098 5349 oblita
3120 5303 3200 5349 est
3230 5291 3414 5366 (Prov.
3444 5298 3534 5361 tt),
3564 5322 3585 5349 ι

1999 5385 2126 5455 quia
2156 5383 2374 5455 reliquit
2402 5386 2675 5440 doctorem
2703 5400 2732 5437 a
2763 5399 2870 5452 quo
2910 5384 3068 5438 ﬁdem
3097 5382 3350 5439 Ecclesia:
3376 5384 3593 5439 didice—

2001 5484 2115 5538 rat;
2149 5484 2205 5530 et
2226 5476 2391 5530 oblita
2416 5485 2495 5531 est
2518 5477 2658 5545 pacti
2687 5476 2779 5530 Dei
2809 5475 2913 5539 sui,
2940 5474 3041 5529 hoc
3064 5485 3163 5538 est,
3195 5474 3314 5529 tidci
3342 5476 3589 5529 sanctio-

2000 5567 2085 5621 nis
2117 5567 2426 5631 Dominicae,
2457 5582 2575 5636 qua:
2617 5566 2668 5619 in
2712 5564 2954 5635 symbolo
2981 5564 3311 5630 continetur,
3336 5580 3501 5633 quam
3524 5580 3585 5617 se

2002 5657 2087 5714 die
2130 5657 2467 5727 baptismatis
2510 5665 2841 5712 servaturum
2887 5671 3006 5709 esse
3059 5655 3399 5726 promiserat.
3452 5651 3585 5711 "23.0
