3902 6162
278 341 388 397 953

277 465 495 525 quoque
519 449 569 505 si
606 445 896 516 primatum
934 440 1131 497 habeat
1163 439 1435 496 contraria
1468 438 1574 492 erit
1596 436 1713 491 viro
1732 450 1852 500 suo,
1884 438 1934 497 Α

275 545 489 598 doctori
533 535 784 593 videlicet
831 532 1129 597 catholico,
1173 545 1427 601 perversa
1477 528 1760 585 sentiendo
1802 536 1859 582 et

276 647 448 703 prava
492 627 755 686 docendo.
786 625 958 696 llujus
996 639 1124 690 cor,
1168 624 1423 695 cogitatio
1457 623 1709 679 videlicet
1736 621 1858 676 vilis

276 730 364 777 est
388 728 552 791 atque
582 719 873 787 despecta;
903 725 961 772 et
1001 713 1168 771 iacies
1212 714 1404 780 tristis,
1445 714 1575 784 quia
1617 713 1857 769 laetitiam

279 811 521 882 Spiritus
542 807 716 865 sancti
742 821 851 863 non
874 806 1058 868 habet.
1082 820 1202 876 Quae
1223 814 1279 861 et
1299 805 1511 861 confert
1526 805 1860 861 amatoribus

276 902 398 958 suis
420 900 636 972 piam
664 897 858 954 mortis
899 906 1132 952 eterna.
1183 886 1353 967 Hujtis
1388 898 1587 967 quippe
1617 896 1859 968 operatio

277 998 364 1047 est
381 989 576 1045 manu
596 996 657 1044 et
683 999 901 1057 gressus
943 984 1232 1050 instabilis,
1262 986 1518 1056 quoniam
1542 1000 1649 1042 non
1682 985 1858 1043 beati-

282 1079 466 1137 ﬁcavit
493 1079 669 1134 virum
712 1091 869 1133 suum
901 1074 1158 1146 priorem;
1188 1090 1313 1133 eum
1344 1090 1457 1148 quo
1479 1077 1712 1148 primum
1741 1076 1863 1133 iniit

279 1167 708 1246 μοι-ιιμιιόω
738 1167 984 1225 obediret
1020 1175 1077 1227 et
1121 1166 1285 1223 ﬁdem
1319 1168 1438 1239 ejus
1462 1176 1736 1233 servaret,
1765 1167 1862 1224 sed

282 1262 608 1320 uitiiset-iam
627 1259 959 1331 perpetravit
980 1274 1102 1316 eum
1122 1259 1242 1317 viro
1257 1258 1465 1325 alieno;
1486 1260 1557 1317 ab
1574 1260 1693 1331 ipsa
1715 1260 1861 1316 enim

281 1360 499 1416 initium
541 1357 742 1414 factum
783 1364 868 1413 est
907 1355 1137 1427 peccati.
1170 1355 1439 1423 (yroniam
1470 1356 1724 1427 super-lita
1753 1354 1864 1411 eia-

284 1451 450 1508 tionis
472 1447 610 1519 ejus,
635 1462 742 1518 qua
763 1446 905 1502 viain
933 1445 1180 1504 veritatis
1206 1447 1478 1513 duaere,
1497 1455 1557 1504 et
1577 1448 1636 1503 in
1656 1446 1864 1503 erroris

282 1541 440 1598 devia
485 1538 759 1596 declinare
806 1536 1173 1608 presumpsit,
1227 1537 1380 1609 origo
1432 1545 1490 1593 et
1530 1551 1694 1594 causa
1749 1545 1863 1593 tam

281 1630 603 1701 sibimetipsi
637 1643 799 1700 quam
836 1627 1002 1683 etiam
1026 1627 1278 1689 omnibus
1318 1627 1421 1685 sibi
1445 1627 1865 1699 obaequentibus

282 1721 387 1776 fuit
410 1728 627 1776 atteram
648 1718 988 1789 perditionis.
1006 1774 1009 1777 λ

1163 324 1515 382 COMMENT.
1556 322 1624 379 IN
1661 322 2268 380 ECCLESIASTICUM.
2300 353 2371 364 --
2404 322 2531 379 LIB.
2575 322 2662 378 Vl.

3425 330 3529 384 954

2573 433 2801 491 CAPUT
2840 433 2903 491 Υ.

1955 544 2033 599 De
2060 543 2291 625 “muliere
2341 545 2525 625 bona;
2551 544 2689 625 quod
2749 544 2936 600 mulier
2978 544 3114 625 bona
3164 558 3240 625 est
3297 545 3533 625 Ecclesia

2025 616 2189 686 virgo,
2237 631 2394 686 quam
2441 613 2676 686 Christus
2719 630 2815 667 me
2862 616 3114 686 sanguine
3157 616 3343 671 bonum
3389 616 3535 685 fecit.

2026 683 2286 738 mundana
2308 700 2423 738 eum
2444 701 2537 755 per
2562 683 2826 737 lavacrum
2857 683 3280 755 regenerationis.

2027 796 2176 870 (CAP.
2205 796 2376 869 xxvi.)
2415 817 2434 850 ι
2470 796 2709 853 Mulieris
2730 796 2885 851 bona:
2912 799 3103 854 beatus
3126 800 3209 854 vir
3234 818 3246 854 :
3277 815 3535 858 numerus

1963 907 1982 942 ι
2022 891 2168 946 enim
2212 906 2473 947 annorum
2503 889 2645 946 illius
2687 889 2902 960 duplex.
2933 910 2953 947 ι
2991 888 3142 946 Sient
3180 892 3331 962 prius
3368 892 3422 948 in
3450 895 3540 949 vl-

1957 982 2297 1053 tuperatione
2336 979 2577 1037 mulieris
2611 995 2842 1051 nequam
2877 996 2940 1037 os
2981 981 3211 1052 aperuit.
3251 982 3330 1038 sic
3374 983 3539 1039 etiam

1958 1086 2101 1129 nunc
2149 1070 2217 1127 ad
2266 1070 2704 1140 praedicationem
2754 1069 2996 1131 mulieris
3040 1070 3194 1150 honre
3235 1087 3538 1129 sermonem

1958 1165 2245 1221 convertit.
2287 1164 2478 1221 Iulier
2503 1165 2649 1223 enim
2677 1165 2819 1221 bona
2866 1175 2964 1223 aut
2997 1167 3303 1237 specialiter
3317 1170 3450 1239 justi
3477 1186 3541 1227 ac

1959 1256 2085 1312 boni
2119 1255 2354 1312 hominis
2387 1264 2471 1312 est
2496 1256 2698 1323 artiora,
2725 1257 3166 1328 autgeneraliter
3194 1267 3301 1314 tota
3334 1260 3509 1316 electo
3527 1289 3543 1303 ο

1962 1363 2080 1402 rum
2108 1347 2372 1412 Ecclesia,
2403 1346 2557 1418 cujus
2582 1348 2666 1403 vir
2689 1349 2882 1405 beatus
2907 1363 3030 1405 esse
3054 1350 3393 1417 describitur.
3416 1352 3541 1420 quia

1961 1435 2227 1502 Christus,
2266 1437 2357 1506 qui
2387 1435 2504 1506 q'us
2557 1437 2641 1492 vir
2679 1446 2784 1505 est,
2814 1437 3047 1494 beatitas
3092 1447 3148 1495 et
3191 1440 3455 1496 celsitudo
3490 1442 3541 1501 in

1962 1529 2215 1584 universo
2240 1529 2441 1585 mundo
2466 1528 2811 1601 przedicatur.
2846 1547 2864 1579 ι
2899 1524 3168 1586 Numerus
3201 1530 3343 1593 enim
3372 1547 3543 1586 anno—

1963 1636 2084 1677 rum
2132 1620 2346 1677 illorum
2389 1620 2605 1690 duplex,
2641 1641 2659 1674 ι
2690 1620 2816 1690 quia
2857 1620 2947 1676 hic
2993 1621 3126 1676 vivit
3163 1620 3404 1679 Ecclesia
3445 1622 3544 1677 sub

1965 1712 2208 1769 custodia
2252 1713 2627 1769 mandatorum
2667 1712 2763 1768 Dei
2793 1728 2917 1770 cum
2944 1713 3226 1771 honestate
3263 1716 3540 1779 virtutum,

365 1829 383 1863 ι
414 1809 531 1866 Non
575 1784 670 1865 des
696 1823 851 1879 aqua
897 1815 1007 1864 tua
1044 1808 1249 1864 exitum
1291 1822 1394 1864 nec
1432 1808 1724 1875 modicum,
1766 1825 1869 1866 nec
1895 1784 1941 1845 Β
1968 1811 2023 1856 et
2046 1803 2098 1857 in
2136 1800 2316 1858 futuro
2336 1803 2600 1859 veraciter
2627 1804 2881 1873 gaudebit
2917 1804 2969 1859 in
3005 1807 3348 1877 perceptione
3378 1807 3543 1862 coele-

290 1919 310 1953 ι
348 1898 557 1955 mulieri
591 1912 824 1969 nequam
849 1897 1062 1952 veniam
1100 1896 1399 1967 prodeundi
1457 1894 1516 1952 Si
1542 1912 1648 1953 non
1675 1899 1865 1955 ambu-

290 2011 312 2044 ι
349 1991 541 2047 laverit
559 1990 627 2046 ad
648 2004 866 2045 manum
904 1998 1073 2055 tuam,
1100 1988 1393 2045 confundet
1416 1997 1472 2045 te
1490 1989 1553 2044 in
1572 1997 1867 2060 conspectu

292 2104 314 2137 ι
350 2083 713 2141 inimicorum.
745 2082 785 2135 Α
824 2082 1080 2137 carnibus
1125 2082 1234 2137 tuis
1282 2080 1537 2136 abscinde
1586 2080 1753 2145 illam,
1799 2097 1867 2137 ne

292 2195 313 2227 ι
352 2187 563 2243 semper
590 2180 644 2227 te
671 2170 943 2229 abutatur.
982 2191 1000 2222 ι
1030 2170 1179 2241 Aqua
1217 2172 1307 2227 hic
1344 2171 1620 2240 sapientiae
1664 2171 1867 2227 doctri-

287 2280 417 2320 nam
444 2261 729 2333 signiﬁcat.
761 2262 929 2319 Docet
951 2278 1081 2333 ergo
1103 2272 1161 2319 ut
1183 2274 1338 2318 extra
1366 2272 1565 2320 statum
1592 2264 1870 2321 rectitudi-

289 2358 387 2412 nis
411 2356 700 2416 eruditioni
740 2364 845 2412 tum
868 2356 1164 2427 prodeundi
1192 2373 1299 2413 non
1322 2358 1418 2413 des
1441 2357 1734 2424 licentiam,
1768 2374 1870 2417 nec

285 2451 454 2505 etiam
483 2450 680 2505 animat
702 2463 800 2520 per
825 2448 1129 2504 haereticam
1164 2448 1480 2518 pravitatem
1524 2449 1719 2505 diaboli
1753 2458 1869 2507 arte

285 2543 491 2600 delusa:
507 2542 834 2608 consentias,
855 2555 1029 2610 neque
1052 2539 1353 2597 libertatem
1378 2540 1584 2597 tribuas
1609 2541 1866 2607 docendi;

285 2632 388 2689 sed
411 2632 457 2688 si
479 2632 573 2688 tibi
602 2618 670 2688 ab
684 2645 878 2687 errore
899 2628 1201 2687 recedendo
1216 2629 1370 2685 subdi
1392 2629 1641 2694 noluerit,
1664 2638 1720 2685 et
1743 2644 1873 2689 οω-

290 2724 566 2779 tentiones
591 2730 649 2778 et
676 2720 797 2778 lites
825 2729 1011 2777 contra
1038 2728 1090 2779 te
1111 2735 1295 2777 coram
1321 2720 1500 2779 attritis
1534 2729 1590 2778 et
1616 2721 1874 2791 insipien-

1967 1893 2131 1951 stium
2154 1893 2518 1963 prmmiorum.

2044 2003 2063 2035 ι
2097 1984 2283 2040 Mulier
2330 1983 2486 2040 fortis
2536 1985 2774 2042 oblectat
2816 1987 2991 2045 virum
3045 2001 3224 2047 suum.
3259 1996 3330 2067 et
3375 1984 3546 2045 annos

1973 2092 1992 2126 α
2025 2075 2148 2130 vita:
2174 2075 2317 2129 illius
2347 2074 2401 2129 in
2429 2090 2561 2146 pace
2598 2075 2859 2146 implebit.
2898 2097 2917 2129 ι
2948 2076 3243 2132 Delectatio
3281 2087 3360 2132 est
3402 2080 3546 2137 enim

1967 2166 2167 2223 Christi
2192 2165 2452 2220 fortitudo
2487 2166 2763 2233 Ecclesiae,
2791 2182 2955 2238 quam
2985 2167 3076 2222 illa
3102 2184 3209 2223 non
3237 2183 3309 2224 ex
3346 2180 3547 2225 semet-

1969 2257 2105 2328 ipsa,
2146 2256 2241 2311 sed
2260 2273 2325 2310 ex
2357 2255 2474 2325 ejus
2524 2257 2664 2311 dono
2695 2256 2877 2321 habet,
2906 2257 2998 2327 qui
3035 2264 3090 2312 et
3119 2271 3291 2313 annos
3320 2258 3463 2313 illius
3491 2260 3546 2314 in

1967 2363 2101 2420 pace
2135 2346 2467 2419 adimplebit,
2505 2362 2629 2403 cum
2657 2347 2709 2400 in
2740 2347 2987 2416 praesenti
3014 2342 3162 2416 pacis
3187 2362 3299 2403 sua:
3325 2363 3549 2407 munere

1967 2453 2087 2493 eam
2111 2436 2324 2501 ditabit,
2353 2444 2549 2505 etpost
2572 2436 2711 2491 hanc
2730 2437 2896 2491 vitam
2920 2437 2974 2490 in
2994 2444 3197 2491 interna
3221 2436 3401 2506 quiete
3423 2455 3549 2494 san-

1968 2527 2071 2583 ctis
2093 2526 2294 2599 angelis
2325 2525 2653 2596 adaequando
2694 2525 2930 2598 perfecta
2972 2541 3104 2596 pace
3127 2529 3549 2598 consummabit,

1963 2617 2118 2688 juxta
2164 2617 2291 2674 illud
2326 2617 2468 2687 quod
2511 2616 2626 2687 ipse
2664 2617 2719 2673 in
2761 2616 3050 2690 Evangelia
3098 2616 3373 2689 discipulis
3422 2618 3547 2675 ait:

1977 2727 1994 2759 ι
2025 2708 2218 2765 Pacem
2240 2707 2485 2776 relinquo
2503 2706 2672 2771 vobis,
2697 2722 2883 2778 pacem
2905 2718 3080 2763 meam
3101 2705 3171 2761 do
3195 2707 3344 2762 vobis
3365 2704 3544 2779 (Joan.

289 2814 440 2869 tibus
478 2813 781 2884 agitaverit,
821 2813 890 2868 ab
928 2811 1182 2867 Ecclesizn
1212 2812 1587 2868 communione
1617 2812 1761 2868 illam
1790 2828 1875 2871 se-

1974 2809 2085 2871 nv)
2111 2817 2126 2855 :
2162 2820 2183 2852 ι
2213 2814 2280 2854 ac
2303 2798 2351 2853 si
2369 2796 2607 2853 diceret:
2641 2796 2740 2853 llic
2760 2797 3031 2868 relinquo,
3058 2795 3166 2850 illic
3189 2795 3288 2863 do;
3321 2812 3551 2869 sequen-

286 2919 472 2974 pares,
500 2921 568 2959 ne
593 2904 731 2959 ultra
763 2904 830 2958 ad
858 2903 1038 2958 luxum
1068 2917 1179 2958 sua-
1214 2903 1500 2973 pravitatis
1523 2912 1578 2960 te
1595 2905 1868 2959 abutatur.

288 2993 433 3051 Hinc
456 3009 670 3066 quoque
695 2994 970 3064 apostolus
1000 2992 1122 3049 Tito
1142 2994 1317 3064 jubet,
1341 3002 1402 3049 ut
1434 2994 1745 3051 beretieum
1770 2994 1871 3051 ho-

441 3266 522 3322 uit
559 3266 779 3340 proprio
818 3266 1022 3337 judicio
1055 3266 1441 3327 condemnatus
1476 3267 1606 3339 (Tit.
1656 3269 1763 3340 in).
1805 3270 1875 3326 Et

280 3356 530 3413 Joannes
551 3358 603 3411 in
623 3357 847 3427 epistola
881 3372 979 3413 sua
1005 3366 1208 3422 monet,
1235 3367 1295 3413 ut
1322 3374 1422 3416 nec
1446 3375 1547 3415 ave
1570 3360 1873 3429 huiusmodi

289 3446 606 3503 hominibus
632 3447 895 3513 dicamus,
928 3463 1027 3504 nec
1054 3464 1147 3505 eos
1187 3449 1243 3504 in
1271 3450 1488 3505 domum
1530 3451 1868 3523 recipiamus.

287 3534 414 3590 Non
460 3545 545 3593 est
580 3552 709 3608 ergo
752 3538 878 3594 huic
926 3537 1045 3595 loco
1086 3540 1416 3596 contrarium
1463 3541 1594 3597 illud
1636 3544 1779 3613 quod
1818 3544 1872 3598 in

286 3614 619 3684 Proverbiis
633 3629 892 3701 scriptum
919 3638 1003 3687 est
1035 3649 1050 3687 :
1091 3650 1111 3684 ί
1151 3631 1281 3687 Bibe
1318 3646 1515 3702 aquam
1546 3634 1613 3690 de
1638 3635 1874 3692 cisterna

288 3728 411 3785 tua,
436 3727 493 3773 et
514 3718 710 3776 ﬂuenta
738 3722 887 3794 putei
917 3721 1028 3789 tui;
1068 3722 1377 3780 deriventur
1401 3723 1582 3781 fontes
1604 3727 1677 3783 tui
1705 3726 1872 3794 foras,

286 3816 350 3863 et
376 3808 430 3862 in
467 3809 661 3878 plateis
687 3826 855 3881 aquas
885 3820 1005 3868 tuas
1030 3811 1233 3879 divide;
1269 3814 1467 3871 habeto
1489 3829 1581 3870 eas
1609 3816 1775 3882 solus,
1807 3832 1876 3875 ne

286 3900 410 3953 sint
437 3898 596 3955 alieni
621 3901 910 3972 participes
937 3902 1011 3958 tui
1039 3901 1220 3972 (Prov.
1248 3903 1323 3973 v).
1363 3924 1383 3954 ι
1414 3905 1583 3961 Docet
1604 3906 1674 3960 ab
1702 3907 1872 3963 haere-

290 3988 425 4044 ticis
448 3990 766 4057 cavendum,
788 4000 844 4046 et
867 3991 1123 4048 custodiae
1143 3991 1546 4063 Scripturarum
1569 4010 1634 4050 ac
1660 3996 1876 4052 lectioni

288 4081 705 4137 attendendum.
741 4080 1057 4148 Scientiam,
1102 4084 1295 4154 inquit,
1324 4100 1429 4156 qua
1456 4087 1719 4156 praedicas
1756 4088 1877 4145 aliis

289 4169 416 4245 ipse
446 4190 623 4242 serva,
652 4185 708 4231 et
737 4175 811 4232 tui
838 4177 1151 4248 irrigatione
1194 4180 1457 4235 sermonis
1500 4180 1738 4236 fundere.
1778 4181 1878 4236 De-

289 4268 543 4321 riventur
590 4266 766 4324 fontes
814 4269 887 4323 tui
935 4267 1101 4335 foras,
1144 4278 1200 4325 et
1246 4270 1299 4329 in
1329 4270 1519 4340 plateis
1554 4288 1722 4344 aquas
1758 4281 1876 4329 tuas

290 4358 498 4415 divide.
524 4357 656 4414 Cum
693 4359 807 4429 ipse
839 4362 1160 4425 servaveris,
1211 4371 1336 4418 tunc
1373 4371 1427 4417 et
1477 4363 1596 4418 aliis
1620 4365 1870 4435 praedico,

285 4465 350 4510 et
382 4454 437 4508 in
461 4471 652 4526 magna
695 4456 996 4511 auditorum
1027 4456 1393 4525 amplitudine,
1440 4457 1619 4512 divina
1663 4458 1871 4527 eloquia
1898 4474 1951 4532 υ

274 4546 450 4617 juxta
480 4546 895 4616 uniuscujusque
934 4546 1249 4616 qualitatem
1296 4547 1565 4616 dispenso.
1606 4567 1624 4598 ‹
1669 4546 1874 4604 Habeto

280 4652 393 4692 eas
418 4637 585 4692 solus.
618 4657 636 4690 ι
665 4637 845 4708 Aquas
883 4646 939 4694 et
970 4638 1022 4692 in
1052 4637 1242 4707 plateis
1276 4638 1585 4704 dividimus,
1615 4649 1670 4696 et
1694 4648 1870 4697 tamen

278 4728 397 4787 soli
427 4730 785 4800 possidemus,
814 4731 1028 4801 quando
1051 4736 1106 4785 et
1133 4730 1371 4784 exterius
1398 4730 1503 4785 late
1532 4731 1868 4801 pnedicatio-

276 4836 423 4878 noun
466 4818 763 4885 fundimus,
808 4828 864 4876 et
893 4828 1071 4875 tamen
1118 4834 1214 4891 per
1248 4834 1365 4875 eam
1389 4819 1575 4876 laudes
1608 4821 1869 4877 humanas

274 4910 556 4979 consequi
587 4910 806 4965 minime
830 4909 1110 4966 ambimus.
1143 4928 1164 4962 ‹
1194 4909 1304 4966 Nec
1325 4910 1434 4965 sint
1458 4910 1618 4966 alieni
1644 4911 1863 4981 partici-

271 5018 395 5077 pes
423 4999 520 5055 tui.
555 5020 576 5054 ι
602 5001 866 5056 lmmundi
897 5001 1117 5070 spiritus
1141 5001 1434 5070 participes
1459 5000 1593 5054 ﬁunt
1618 5001 1873 5067 doctoris,

266 5094 336 5153 si
369 5090 492 5163 ejus
523 5101 754 5147 mentem
784 5091 865 5147 vel
898 5090 1038 5146 fastu
1064 5090 1311 5146 elationis
1335 5091 1461 5145 dum
1491 5090 1767 5159 praedicat,
1792 5090 1875 5145 vel

264 5183 514 5248 hmresi,
546 5181 632 5238 vel
655 5181 758 5237 alio
788 5180 1025 5252 quolibet
1050 5179 1181 5235 vitio
1204 5188 1571 5250 corrumpunt.
1600 5179 1757 5235 Solus
1782 5195 1877 5235 au-

268 5286 410 5337 tem
437 5288 607 5345 aquas
638 5273 891 5343 possidet,
920 5288 1041 5327 cum
1082 5270 1337 5326 membris
1366 5269 1615 5326 Ecclesia
1646 5271 1876 5325 ﬁdeliter

263 5379 575 5423 connexus
597 5364 663 5419 ab
689 5370 1065 5419 extraneorum
1111 5374 1169 5416 se
1209 5358 1481 5415 consortio
1505 5358 1730 5415 liberum
1758 5376 1874 5417 ser-

266 5464 416 5515 \"il.

1973 2893 2114 2950 tibus
2162 2892 2427 2964 relinquo,
2455 2892 2891 2963 pervenientibus
2926 2893 3016 2949 do.
3057 2893 3134 2951 De
3175 2894 3279 2951 hac
3324 2892 3551 2951 muliere

1972 2982 2098 3038 torti
2121 2991 2179 3038 et
2214 2983 2270 3037 in
2311 2981 2619 3039 Proverbiis
2648 2983 2725 3038 ita
2763 2984 3022 3055 scriptum
3059 2993 3183 3040 est:
3218 3003 3237 3037 ι
3274 2983 3548 3040 Mulierem

350 3085 496 3141 iurem
525 3092 647 3156 post
677 3100 839 3139 unam
864 3092 938 3138 ,οι
982 3084 1270 3140 secundum
1292 3084 1687 3153 eorreptionem
1721 3085 1871 3141 devi-
1897 3134 1942 3156 η
1973 3074 2170 3131 fortem
2209 3073 2332 3144 quis
2366 3073 2635 3129 inveniet?
2674 3073 2861 3144 procul
2908 3082 2963 3129 et
3002 3075 3068 3131 de
3115 3075 3317 3132 ultimis
3356 3074 3552 3130 ﬁnibus

378 3134 1787 3246 Ismene
1805 3134 1871 3232 et
1896 3134 1942 3198 ο
1969 3164 2204 3235 pretium
2226 3134 2367 3235 ejus.
2415 3163 2650 3220 Conﬁdit
2674 3134 2735 3219 in
2788 3179 2852 3220 ea
2877 3179 2973 3221 cor
3004 3165 3108 3220 viri
3147 3166 3253 3231 sui,
3285 3174 3340 3222 et
3366 3165 3553 3237 spoliis

1972 3271 2079 3312 non
2108 3255 2368 3325 indigebit
2407 3253 2590 3327 (Prov.
2630 3254 2805 3327 xm).
2850 3274 2869 3308 ι
2905 3254 3095 3310 Mulier
3129 3253 3285 3310 fortis
3315 3254 3552 3310 Ecclesia

1973 3346 2237 3405 catholica
2272 3354 2518 3403 vocatur.
2563 3343 2753 3401 Mulier
2802 3344 3068 3412 videlicet,
3112 3345 3237 3416 quia
3282 3345 3556 3421 spiritales

1973 3436 2085 3493 Deo
2114 3436 2253 3493 ﬁlios
2279 3451 2345 3493 ex
2370 3450 2509 3506 aqua
2539 3444 2594 3492 et
2623 3435 2826 3500 Spiritu
2864 3446 3051 3490 sancto
3077 3435 3299 3507 gignere
3326 3452 3554 3492 consue-

1970 3526 2070 3582 vit.
2097 3524 2301 3591 Fortis,
2330 3525 2456 3595 quia
2484 3533 2676 3581 cuncta
2704 3524 2885 3579 sacculi
2911 3524 3137 3580 adversa
3162 3523 3321 3579 simul
3344 3532 3396 3580 et
3424 3540 3553 3594 pro-

1974 3631 2130 3688 spera
2168 3631 2264 3686 pro
2307 3614 2603 3671 conditoris
2642 3615 2725 3669 sui
2765 3613 2869 3669 ﬁde
2912 3614 3249 3673 contemnit:
3280 3615 3406 3683 quia
3437 3616 3553 3685 ipse

1975 3708 2029 3763 in
2057 3721 2219 3762 carne
2244 3721 2509 3778 apparens
2532 3706 2796 3761 inﬁrmam
2827 3705 3044 3775 quidem
3089 3706 3314 3773 invenit,
3342 3703 3432 3763 sed
3464 3706 3550 3760 in-

1972 3797 2221 3853 ventione
2263 3813 2380 3862 sua,
2421 3798 2523 3852 hoc
2552 3804 2653 3862 est,
2685 3797 2771 3867 pia
2810 3797 3119 3853 vrsitatione
3152 3798 3347 3853 fortem
3377 3799 3555 3853 reddi-

1974 3888 2070 3943 dit.
2103 3887 2254 3943 Unde
2289 3897 2409 3958 post
2435 3886 2550 3955 ejus
2584 3888 3006 3957 redemptionem
3035 3891 3102 3945 ad
3131 3892 3298 3948 caelos
3337 3892 3551 3947 rediens

1974 3978 2221 4048 supernis
2269 3978 2475 4033 civibus
2521 3978 2760 4049 gaudens
2789 3979 3002 4034 aiebat:
3035 3998 3053 4031 ι
3091 3980 3548 4052 Congratulamini

1975 4067 2128 4133 mihi,
2172 4069 2295 4138 quia
2337 4066 2516 4123 inveni
2556 4084 2712 4124 ovem
2756 4085 2875 4139 quae
2914 4071 3151 4140 perierat
3190 4071 3339 4144 (Luc.
3388 4076 3497 4145 xv).
3531 4094 3549 4128 ι

1975 4153 2171 4211 Videns
2218 4172 2347 4228 ergo
2395 4157 2646 4213 Salomon
2694 4174 2864 4228 genus
2912 4159 3207 4214 humanum
3260 4163 3557 4218 innumeris

1975 4247 2303 4317 implicatum
2334 4249 2629 4315 erroribus,
2671 4252 2923 4319 quodque
2960 4252 3028 4306 ad
3057 4249 3174 4321 ejus
3204 4252 3555 4308 salvationem

1974 4337 2152 4392 nullus
2197 4337 2524 4407 patriarcha,
2576 4338 2750 4394 nullus
2792 4341 3080 4410 propheta,
3123 4342 3299 4398 nullus
3335 4345 3556 4399 omnino

1975 4430 2267 4485 electorum
2317 4412 2715 4499 praetersolum
2766 4431 3114 4486 mediatorem
3156 4433 3251 4488 Dei
3295 4444 3350 4489 et
3377 4435 3555 4489 homi-

1979 4536 2108 4574 num
2147 4516 2432 4583 suﬁiccret,
2479 4518 2592 4573 ait:
2625 4539 2643 4571 ‹
2680 4518 2954 4575 Mulierem
3003 4522 3195 4578 fortem
3237 4524 3359 4592 quis
3408 4524 3558 4579 inve-

1978 4606 2122 4664 niet?
2150 4608 2334 4679 procul
2361 4618 2414 4664 et
2439 4609 2506 4664 de
2537 4607 2739 4664 ultimis
2768 4610 2962 4665 ﬁnibus
2989 4611 3219 4682 pretium
3244 4611 3359 4681 ejus
3395 4632 3411 4667 ν
3436 4629 3451 4679 ;
3494 4628 3557 4665 ac

1976 4702 2023 4757 si
2068 4711 2252 4772 aperte
2294 4700 2529 4759 futuram
2557 4701 2769 4756 Domini
2812 4702 3037 4772 gratiam
3072 4702 3386 4758 admirando
3425 4716 3556 4772 pro-

1978 4803 2245 4851 testetur:
2296 4792 2427 4860 Quis
2477 4801 2640 4849 tenue
2686 4795 2922 4861 virtutis,
2965 4795 3088 4865 quis
3135 4796 3259 4850 talis
3307 4807 3390 4852 est
3438 4811 3550 4851 mc-

1973 4887 2087 4952 riti,
2134 4887 2226 4956 qui
2267 4886 2334 4941 de
2366 4894 2444 4940 tot
2494 4884 2782 4940 incredulis
2832 4901 2896 4942 ac
2940 4887 3184 4942 scelestis
3216 4887 3404 4945 mundi
3455 4905 3553 4943 na-

1978 4977 2242 5041 tionibus,
2273 4993 2434 5031 unam
2463 4977 2565 5032 sibi
2587 4976 2879 5034 electorum
2901 4978 3197 5034 Ecclesiam
3228 4983 3557 5053 congreget‘.’

1976 5083 2137 5137 quam
2165 5084 2263 5123 sua
2298 5068 2473 5138 gratia
2505 5066 2699 5123 fortem
2734 5077 2894 5138 atque
2932 5070 3347 5141 insuperabilem
3374 5073 3558 5131 adver—

1975 5158 2217 5213 santibus
2257 5159 2466 5214 cunctis
2486 5157 2716 5219 eﬁiciat?
2752 5158 2905 5227 Quod
2936 5177 3064 5231 ergo
3088 5161 3242 5227 dicit,
3275 5180 3295 5213 ‹
3334 5161 3555 5217 conﬁdit

1976 5247 2030 5302 in
2055 5263 2118 5305 ea
2147 5264 2243 5304 cor
2264 5246 2369 5302 viri
2398 5248 2505 5313 sui,
2544 5268 2561 5300 ι
2593 5247 2661 5303 ab
2700 5247 2934 5303 humana
2976 5248 3228 5302 nimirum
3270 5255 3552 5302 corisuetu—

1976 5337 2099 5393 dine
2124 5346 2354 5393 tractum
2382 5346 2485 5394 est.
2521 5336 2675 5393 Sicut
2715 5339 2859 5399 enim
2895 5338 2942 5393 is
2969 5339 3059 5409 qui
3096 5337 3286 5393 fortem
3311 5336 3549 5390 ﬁdelem,

1976 5443 2080 5500 que
2100 5436 2155 5485 et
2184 5438 2387 5485 castam
2415 5430 2580 5485 habet
2619 5428 2919 5502 conjugem,
2951 5428 3171 5485 conﬁdit
3197 5428 3248 5481 in
3275 5441 3339 5480 ea
3365 5426 3555 5481 certis:

1977 5523 2129 5587 sime,
2162 5522 2287 5591 quia
2322 5520 2397 5576 nil
2426 5529 2613 5578 contra
2648 5536 2801 5576 suam
2830 5519 3155 5576 voluntatem
3190 5532 3366 5587 agere,
3404 5515 3551 5581 nulla

1978 5612 2275 5668 adulterina
2303 5611 2489 5667 saltem
2517 5612 2842 5682 cogitatione
2871 5611 3040 5681 possit
3063 5606 3390 5672 attaminari,
3415 5624 3553 5664 cun-

1981 5713 2067 5758 cta
2112 5720 2209 5772 pro
2238 5717 2334 5757 suo
2365 5718 2547 5756 arnore
2595 5701 2757 5761 etiam
2794 5700 3014 5755 adversa
3047 5698 3275 5753 libenter
3318 5697 3552 5767 tolleret,
