3902 6162
478 344 585 410 955

1119 345 1180 400 Β.
1221 342 1475 400 MBAN!
1515 340 1732 398 MAURI
1769 337 2085 397 ARCIllEP.
2129 335 2437 393 MOGUNT.
2478 334 2766 394 OPERUM
2808 334 2990 393 PARS
3026 335 3070 392 ι.

3641 335 3740 394 πθ

472 475 530 521 ct
556 474 902 533 quoscunque
937 456 1098 521 valet,
1136 457 1203 511 ad
1242 468 1394 510 suam
1424 454 1715 509 amicitiam
1742 460 2060 507 convertere
2087 452 2137 512 Α
2163 447 2469 518 persecutio
2500 446 2836 519 intelligitur,
2863 456 2920 503 et
2948 449 3003 502 in
3037 424 3309 502 caldmnia
3341 446 3587 504 mendaci
3610 447 3736 503 blas-

473 555 762 617 desideret,
808 550 889 606 sic
932 549 1189 602 nimirum
1236 548 1317 602 sic
1358 546 1619 601 Dominus
1641 553 1698 599 et
1734 544 2062 614 Redemptor

473 656 659 703 noster
702 644 754 697 in
804 642 1044 697 Ecclesia
1095 639 1359 705 conlidit;
1408 638 1558 693 novit
1612 638 1756 691 enim
1812 634 2060 706 spiritum

473 737 659 808 gratiae
699 749 862 805 quem
906 732 1069 796 dedit,
1099 730 1249 785 novit
1288 730 1544 784 virtutem
1566 725 1867 789 charitatis,
1898 741 2061 796 quam

471 830 586 902 ejus
635 826 948 898 praecordiis
996 823 1207 879 infudit.
1258 822 1490 890 Ideoque
1531 834 1640 874 non
1689 816 1900 874 dubitat
1940 832 2061 871 eam

470 936 577 975 non
617 917 789 972 solum
818 934 847 970 a
881 930 991 971 suae
1021 914 1146 969 ﬁdei
1175 912 1485 983 integritate
1530 921 1872 980 nequaquam
1902 912 2062 977 posse

468 1010 769 1081 corrumpi,
798 1006 895 1064 sed
936 1015 994 1063 et
1034 1008 1448 1081 perseveranter
1491 1001 1760 1064 insistere,
1790 1007 1851 1087 ut
1874 998 2062 1070 plures

468 1105 536 1159 ad
565 1103 805 1175 ejusdem
851 1092 975 1157 ﬁdei
1020 1094 1310 1170 congreget
1345 1097 1631 1152 unitatem.
1673 1090 2062 1149 Hoc'éstcniiu

468 1196 613 1265 quod
651 1192 936 1263 sequitur:
972 1209 992 1242 1
1030 1190 1098 1245 Et
1124 1188 1310 1260 spoliis
1341 1202 1447 1244 non
1486 1182 1825 1255 ittdigebit.‘t
1857 1180 2065 1252 Spoﬁat

467 1284 616 1339 enim
646 1282 918 1339 diabolum
938 1278 1200 1345 Ecclesia,
1231 1292 1353 1333 cum
1380 1288 1481 1347 per
1502 1275 1883 1346 praedicatores
1911 1268 2058 1336 suos,

469 1392 565 1432 eos
593 1390 730 1446 quos
766 1374 879 1443 ipse
913 1373 1222 1443 deceperat,
1269 1366 1626 1423 ad‘veritntis
1668 1365 1776 1421 iter
1820 1368 2058 1419 revocat.

470 1465 540 1522 Et
573 1466 713 1522 bene
750 1464 968 1528 dicitur,
1005 1480 1024 1514 1
1063 1460 1248 1534 Spoliis
1271 1474 1379 1514 non
1400 1457 1691 1529 indigebit,
1724 1474 1742 1507 δ
1772 1455 1899 1526 quia
1923 1466 2065 1509 nun-

469 1573 637 1628 quam
663 1554 898 1612 cessabit
939 1552 1181 1608 Ecclesia
1223 1550 1481 1607 liberatas
1511 1566 1540 1605 a
1568 1547 1834 1604 diabolica
1872 1544 2063 1602 fraude

467 1650 682 1704 animas
733 1646 937 1703 Christi
991 1645 1117 1700 fidei
1170 1644 1456 1700 restituere
1483 1684 1499 1709 ,
1548 1643 1739 1709 dunec,
1790 1639 2064 1711 ‘completo

469 1740 656 1796 mundi
700 1754 884 1805 cursu,
911 1753 1132 1793 suorum
1160 1751 1375 1808 quoque
1413 1733 1682 1806 pratiinita
1730 1732 2064 1803 compleatur

471 1846 683 1887 summa
715 1830 1110 1885 membrorum.

548 1941 565 1973 ε
597 1920 731 1975 Pars
773 1921 913 1974 bona
962 1916 1158 1972 mulier
1196 1917 1372 1981 bona;
1411 1914 1465 1969 in
1507 1920 1663 1983 parte
1682 1913 1836 1968 ‘bona
1866 1912 2063 1966 timen-

477 2030 498 2063 1
535 2011 666 2065 tium
700 2010 869 2068 Deum
917 2007 1135 2063 dabitur
1162 2006 1282 2061 viro
1321 2019 1418 2075 pro
1461 2001 1619 2058 factis
1664 2001 1841 2057 bonis.
1880 2018 1898 2053 ι
1932 2000 2067 2056 Pars

469 2103 613 2158 bona
637 2108 693 2156 et
714 2098 911 2154 mulier
936 2098 1077 2152 bona
1117 2104 1204 2152 est
1236 2093 1477 2150 Ecclesia
1513 2092 1798 2158 catholica,
1844 2106 1965 2161 qttte
2009 2090 2066 2145 in

471 2203 618 2247 sorte
646 2189 953 2245 timentium
983 2187 1150 2242 Deum
1184 2193 1594 2249 annumeratur,
1634 2184 1760 2254 quia
1792 2183 1861 2238 ad
1894 2183 2066 2237 luere-

470 2283 696 2338 ditatem
722 2277 839 2350 ejus
875 2278 1131 2351 pertinet.
1159 2275 1239 2331 De
1264 2289 1372 2345 quo
1400 2275 1455 2330 in
1487 2274 1703 2330 cantico
1732 2273 2068 2328 Deuterono-

470 2373 566 2428 mii
596 2372 858 2442 scriptum
888 2376 972 2425 est
1005 2387 1017 2422 :
1058 2367 1244 2423 (Pars
1290 2366 1503 2422 Domini
1550 2364 1780 2436 populus
1826 2364 1942 2435 ejus
1983 2361 2070 2418 Ja.

472 2465 598 2531 cob,
618 2462 890 2519 funiculus
916 2460 1248 2516 haereditatis
1279 2459 1398 2530 ejus
1422 2457 1587 2513 lsrael
1611 2457 1789 2529 (Deut.
1813 2455 2009 2529 χχχιι).
2040 2475 2060 2510 ι

467 2555 575 2612 Cui
610 2555 777 2611 etiam
809 2553 877 2608 ad
905 2551 1187 2607 dexteram
1216 2549 1331 2620 ejus
1358 2550 1684 2615 constitutas,
1731 2548 1847 2619 ipse
1885 2548 1939 2603 in
1980 2545 2068 2617 ju—

473 2650 615 2706 dicio
644 2648 887 2703 dicturus
911 2654 995 2701 est
1028 2643 1211 2700 futuro
1242 2662 1254 2698 :
1286 2661 1304 2695 1
1332 2642 1548 2709 ’Venite,
1579 2640 1850 2698 benedicti
1886 2639 2068 2696 Patris

473 2742 609 2807 mei,
650 2738 911 2811 percipite
955 2750 1204 2808 regnum,
1232 2731 1570 2804 quod‘vobis
1593 2739 1844 2803 paratum
1886 2738 1970 2786 est
1998 2731 2068 2787 ab

472 2832 685 2907 origine
707 2828 889 2885 mundi
921 2826 1134 2905 (Matth.
1165 2824 1317 2898 xxv).
1361 2845 1380 2879 ι
1410 2823 1536 2879 Haec
1564 2825 1686 2880 data
1714 2829 1799 2878 est
1822 2822 1939 2877 viro
1964 2835 2067 2877 suo

470 2916 690 2980 Christo
724 2936 834 2995 pro
882 2918 1039 2975 factis
1074 2917 1255 2984 bonis,
1286 2931 1385 2989 pro
1414 2908 1784 2997 redemptione
1816 2913 2070 2969 videlicet

472 3015 688 3087 generis
737 3004 982 3080 humani,
1022 3004 1164 3067 sieu't
1208 3009 1376 3065 isaias
1405 3015 1654 3073 testatur,
1682 3006 1923 3062 ‘diccns‘:
1962 3021 1980 3058 1
2007 2996 2069 3060 Si

472 3106 716 3176 posuerit
752 3117 851 3174 pro
886 3100 1121 3174 'peccato
1156 3100 1397 3156 animam
1431 3114 1610 3167 suam,
1634 3098 1853 3155 “videbit
1882 3104 2066 3155 semen

472 3197 794 3268 longaevum,
821 3203 877 3251 et
897 3194 1149 3249 voluntas
1177 3192 1392 3248 Domini
1436 3193 1489 3248 in
1536 3207 1699 3246 manu
1729 3190 1847 3261 ejus
1871 3191 2070 3262 dirige-

474 3297 565 3340 tur
592 3285 726 3358 (Isa.
774 3276 947 3355 1.111).»
976 3283 1112 3339 illnc
1148 3288 1367 3354 quoque
1411 3284 1523 3355 ipse
1552 3284 1691 3353 posti
1714 3282 2071 3337 resurrectio—

474 3393 601 3433 nem
630 3393 781 3432 suam
815 3392 1079 3447 apparens
1126 3366 1405 3448 discipulis
1444 3377 1521 3431 ait
1545 3390 1558 3432 τ
1586 3386 1615 3427 ’1
1652 3375 1785 3430 Data
1815 3382 1899 3431 est
1936 3374 2071 3429 mihi

473 3469 653 3525 omnis
694 3477 937 3540 potestas
977 3468 1029 3523 in
1071 3467 1209 3524 ccclo
1247 3476 1303 3525 et
1347 3466 1402 3523 in
1442 3466 1842 3523 terra.‘Euntes
1880 3466 2072 3547 docete

474 3574 663 3614 omnes
711 3567 918 3631 gentes,
948 3558 1283 3630 baptizantcs
1308 3573 1401 3615 eos
1446 3559 1501 3615 in
1540 3556 1759 3614 nomine
1787 3556 1983 3625 Patris,
2016 3565 2072 3613 et
2146 3564 2157 3589 ‘

474 3648 621 3713 Filii,
651 3659 704 3704 et
730 3648 964 3719 Spiritus
1009 3648 1182 3704 sancti
1219 3647 1434 3722 (Matth.
1480 3644 1703 3723 xxvm).
1738 3652 1757 3701 ι
1786 3647 1927 3716 Quid
1967 3663 2069 3702 au-

478 3748 585 3794 tem
632 3739 764 3795 tides
793 3739 997 3795 Christi
1040 3748 1095 3794 et
1140 3739 1482 3810 baptismatis
1529 3746 1928 3795 sacramentum
1960 3738 2068 3795 hu-

476 3846 638 3887 mano
664 3832 846 3903 generi
873 3831 1136 3897 conferat,
1163 3826 1396 3901 sequens
1424 3831 1692 3886 sententia
1723 3828 2067 3885 manifestat:

554 3947 573 3978 1
608 3924 800 3982 Divitis
837 3935 1019 3981 autem
1048 3933 1104 3979 et
1136 3923 1386 3995 pauperis
1433 3938 1529 3979 cor
1565 3922 1788 3987 bonum,
1826 3922 1880 3977 in
1922 3921 2070 3977 omni

482 4038 505 4085 1
541 4027 782 4089 tempore
802 4017 981 4072 vultus
1006 4016 1216 4072 illorum
1254 4016 1473 4071 hilares.
1510 4036 1529 4069 ι
1559 4015 1676 4072 Non
1702 4020 1789 4071 'cst
1815 4022 2072 4087 persona-

475 4126 598 4167 rum
630 4116 883 4178 acceptor
910 4108 1090 4163 Deus:
1127 4106 1242 4163 sive
1284 4106 1456 4171 dives,
1483 4106 1598 4162 sive
1624 4120 1831 4177 pauper
1855 4105 1921 4160 ad
1944 4120 2071 4177 gra~

476 4202 611 4257 tiam
652 4199 854 4255 Christi
904 4199 1206 4269 perveniat,
1250 4198 1296 4255 si
1341 4199 1531 4254 devota
1558 4205 1738 4252 mente
1775 4196 1827 4251 in
1858 4211 1922 4252 ea
1948 4211 2071 4266 per-

477 4291 832 4357 severaverit,
877 4289 1056 4345 vultus
1080 4289 1220 4345 illius
1250 4289 1586 4345 laatabundus
1617 4287 2071 4358 contemplatione

476 4382 575 4438 Dei
617 4381 826 4437 fruetur
859 4388 1139 4451 perpetua.
1186 4380 1326 4448 Quid
1376 4389 1557 4434 autem
1594 4394 1661 4434 ex
1698 4379 1804 4433 illis
1834 4378 1944 4444 fiat,
1977 4378 2070 4448 qui

2165 539 2380 609 phemia
2397 537 2726 593 Judacorum.
2753 538 2817 593 In
2836 539 3064 593 muliere
3090 553 3305 608 quoque
3324 538 3571 611 zelotypa
3585 538 3736 593 lucre-

2165 628 2280 694 tici,
2322 627 2414 698 qui
2457 627 2573 683 zelo
2600 635 2658 682 et
2695 628 2897 683 invidia
2936 636 3129 683 contra
3159 628 3448 683 veritatem
3496 638 3731 698 pugnam,

2161 728 2217 773 et
2238 718 2480 773 dolorem
2515 717 3005 788 cordi'luc'tumque
3034 718 3335 772 maximum
3362 716 3618 772 Ecclesia:
3639 731 3743 773 ma-

2163 809 2234 863 tri
2270 810 2543 878 ingerunt.
2576 805 2703 862 Haec
2728 808 2916 863 omnia
2938 820 3107 877 super
3141 814 3528 862 mortuum
3553 805 3733 877 gravia,

2162 898 2291 969 quia
2338 896 2683 953 tolerabilius
2737 902 2824 952 est
2867 902 3099 951 mortem
3150 896 3336 951 subire
3376 895 3736 966 mpm-altat,

2147 1002 2325 1061 quam
2357 987 2722 1044 'azternatmin
2760 988 3007 1059 gehenna
3059 1001 3159 1057 pro
3206 987 3448 1057 peccatis
3488 986 3739 1042 sustinere

2152 1080 2619 1140 'eontbustimem.
2874 1100 2895 1115 υ·
3236 1100 3281 1118 -ε
3358 1094 3405 1113 ·’

2148 1192 2167 1209 ι·
2202 1192 2258 1227 --1
2288 1172 2349 1227 In
2372 1170 2879 1227 imaliere'inﬂd'eli
2922 1170 3195 1242 ﬂagellum
3228 1173 3458 1242 ﬁngunt,
3505 1172 3740 1227 omnibus

2148 1278 2193 1316 ιτ
2222 1263 2649 1319 comnInnicans.
2697 1262 2717 1316 ἱ
2767 1262 2881 1318 Hoc
2906 1271 3027 1329 est,
3052 1262 3132 1316 ain
3184 1263 3371 1319 anima
3398 1263 3740 1334 ιςεπιίιὶτςίτε

2163 1353 2422 1409 haeretica
2444 1352 2983 1424 pravitate'decepta,
3018 1353 3371 1424 'bhsphemia
3410 1362 3649 1409 mtuet
3668 1354 3737 1408 ls-

2156 1446 2312 1502 eutio
2335 1447 2931 1516 perversaywiajsive
2977 1447 3141 1502 curm
3164 1448 3386 1519 cogitet
3428 1448 3598 1514 ninia,
3641 1451 3740 1504 site

2161 1550 2259 1591 ore
2304 1535 2545 1608 proferat
2590 1538 2771 1593 verba
2802 1536 3059 1605 nefanda,
3103 1550 3320 1610 semper
3346 1539 3417 1596 ad
3456 1543 3740 1597 nocendum

2162 1626 2253 1684 e'st-
2292 1637 2519 1699 parata,
2568 1628 2803 1699 indeque
2840 1630 3096 1686 omnibus
3142 1630 3246 1686 sibi
3294 1633 3742 1688 consentientibus

2167 1720 2273 1776 erit
2298 1721 2481 1776 noxia.

2093 1805 2140 1867 Β
2244 1828 2264 1863 1
2303 1809 2456 1866 Sicut
2494 1810 2663 1867 boum
2695 1810 2908 1884 iugum,
2951 1813 3099 1883 quod
3135 1822 3405 1879 movetur,
3432 1815 3511 1869 ita
3552 1824 3608 1869 et
3644 1831 3746 1870 mu-

2171 1921 2192 1955 1
2227 1902 2331 1958 iier
2378 1912 2635 1974 nequam.
2668 1902 2905 1975 iJugum
2952 1905 3041 1959 hie
3084 1906 3250 1961 boum
3294 1906 3449 1977 ponit
3494 1922 3593 1978 pro
3633 1907 3747 1961 insi-

2164 1994 2370 2064 pientia
2414 1993 2723 2050 stultorum.
2773 1995 2926 2050 Sicut
2968 1996 3114 2051 enim
3164 1997 3322 2051 bruta
3363 1997 3621 2052 animalia
3661 2014 3745 2053 ne-

2166 2085 2346 2141 sciunt
2369 2084 2680 2141 discernere
2726 2085 2873 2141 inter
2909 2085 3144 2141 amicum
3183 2094 3239 2142 et
3281 2086 3585 2151 inimicum,
3624 2088 3747 2141 inter

2165 2190 2418 2232 veracem
2443 2183 2500 2231 et
2524 2175 2794 2242 fallacem,
2830 2176 2971 2231 inter
3002 2177 3205 2231 bonum
3239 2185 3297 2232 et
3320 2177 3553 2243 malum,
3582 2178 3651 2233 ita
3680 2179 3749 2231 in-

2164 2269 2425 2340 sipientes
2462 2269 2716 2340 ignorant
2743 2268 3055 2323 distantiam
3097 2269 3381 2324 catholicae
3415 2269 3676 2324 doctrina:
3703 2278 3750 2323 et

2168 2362 2458 2428 hatreticaz,
2476 2361 2723 2417 veritatis
2743 2369 2798 2417 et
2819 2360 3093 2425 falsitatis,
3109 2360 3334 2432 iustitia:
3352 2368 3409 2415 et
3427 2360 3755 2431 iniquitatis;

2167 2452 2263 2510 sed
2290 2452 2574 2523 aequaliter
2598 2450 2753 2507 falsis
2784 2459 2840 2507 et
2866 2452 3013 2508 veris
3041 2451 3353 2508 doeton‘bus
3380 2454 3617 2523 prompti
3643 2462 3755 2507 sunt

2168 2543 2410 2601 obedire.
2448 2543 2651 2601 Contra
2699 2544 2831 2599 illud
2857 2543 3127 2615 Apostoli,
3162 2561 3181 2595 1
3214 2543 3393 2600 Nolite
3432 2546 3587 2600 etnni
3610 2546 3756 2615 spiri.

2166 2635 2247 2690 tui
2292 2635 2557 2702 credere,
2600 2635 2695 2691 sed
2734 2634 2961 2704 probate
3010 2634 3232 2706 spiritus
3284 2635 3331 2690 si
3385 2648 3455 2695 ex
3510 2635 3622 2690 Deo
3660 2636 3758 2689 sint

2169 2725 2224 2799 (I
2255 2724 2419 2782 Joan.
2455 2726 2554 2799 1v).
2593 2746 2614 2780 ι
2648 2726 2786 2783 Huic
2813 2725 2990 2782 simile
3015 2734 3100 2782 est
3126 2725 3255 2781 iliud
3277 2727 3425 2797 quod
3451 2725 3508 2780 in
3534 2725 3760 2783 Prover—

2168 2817 2389 2873 biisubi
2428 2818 2495 2874 de
2526 2819 2860 2890 procacitate
2898 2819 3202 2875 meretricis
3236 2830 3517 2886 narratur,
3547 2818 3762 2890 quaein-

2166 2922 2364 2964 venem
2404 2909 2589 2966 multis
2616 2912 2959 2967 sermonibus
2999 2911 3251 2977 irrctivit,
3294 2916 3353 2966 et
3387 2912 3669 2968 blanditiis
3692 2912 3759 2967 la-

2148 3000 2713 3074 biorum‘protraxit,
2758 3004 3024 3075 scriptum
3064 3014 3148 3059 est
3179 3021 3192 3059 :
3231 3020 3251 3057 1
3287 3002 3489 3060 Statim
3530 3020 3649 3061 eam
3685 3020 3759 3060 sc-

2168 3094 2356 3167 qnitur
2383 3094 2538 3165 quasi
2575 3095 2683 3152 bos’
2699 3094 2769 3151 ad
2792 3094 3093 3163 victimam,
3116 3103 3182 3150 et
3218 3097 3376 3166 quasi
3405 3109 3578 3168 agnus
3614 3096 3757 3153 lasci-

2170 3189 2354 3254 viens;
2386 3195 2447 3243 et
2467 3188 2684 3259 ignorat
2703 3191 2845 3259 quod
2868 3189 2937 3244 ad
2966 3189 3243 3244 victimam
3265 3190 3467 3246 stultus
3487 3192 3757 3263 pretraha.

2150 3282 2280 3345 'tur,
2306 3281 2477 3337 donec
2515 3281 2801 3354 transﬁgat
2818 3281 3027 3354 sagitta
3047 3279 3206 3351 jecur
3231 3280 3351 3351 ejus
3372 3280 3557 3355 (Prov.
3584 3282 3701 3354 v11).
3730 3304 3749 3336 ο

2168 3368 2354 3427 Nescit
2382 3372 2532 3428 enim
2574 3371 2875 3443 periculum
2906 3373 3268 3430 suum’donec
3293 3374 3457 3430 cadat
3492 3375 3546 3430 in
3598 3376 3756 3432 inte:-

2150 3465 2308 3521 -itum
2336 3465 2705 3523 manifestum.

2242 3574 2266 3609 ι
2301 3557 2404 3626 Qui
2445 3557 2787 3627 tenetiillam,
2826 3560 2979 3635 quasi
3009 3563 3098 3633 qui
3129 3562 3501 3635 apprehendat
3531 3566 3758 3638 scorpio-

2176 3668 2197 3703 1
2230 3662 2379 3706 nem.
2416 3669 2435 3704 ι
2468 3648 2701 3708 Pulchre
2746 3666 2963 3724 quoque
3011 3640 3261 3711 haeresim
3296 3655 3577 3713 assimulat
3618 3673 3755 3713 scor-

2148 3736 2335 3815 pioni,
2362 3736 2492 3815 q'uia
2522 3745 2663 3801 sicut
2692 3746 2905 3816 scorpio
2935 3756 3041 3802 non
3073 3760 3186 3814 ore,
3228 3748 3323 3804 sed
3370 3750 3544 3805 cauda
3574 3749 3760 3805 feriens

2168 3850 2438 3892 venenum
2476 3835 2713 3892 infundit
2753 3857 2767 3893 :
2814 3837 2893 3893 sic
2920 3847 2975 3894 et
3001 3840 3384 3896 haereticorum
3433 3842 3633 3896 astutia
3663 3854 3761 3896 non

2170 3926 2355 3997 aperta
2406 3929 2605 3996 fronte,
2649 3929 2745 3985 sed
2780 3929 2962 3985 dolosa
2999 3931 3238 4001 nequitia
3265 3932 3519 3988 incautos
3545 3932 3757 4005 decipit.

2220 4033 2264 4070 '1
2297 4018 2489 4075 Mulier
2515 4020 2728 4076 ebriosa
2757 4021 2838 4077 ira
2871 4037 3061 4093 magna
3092 4036 3108 4077 :
3132 4030 3190 4078 et
3219 4024 3548 4079 contumelia
3574 4032 3633 4080 et
3657 4035 3762 4080 tur-

2175 4129 2195 4162 1
2230 4110 2421 4183 pitudo
2453 4110 2598 4168 illius
2622 4127 2729 4167 non
2763 4122 3099 4184 contegetur.
3140 4133 3160 4166 ι
3192 4112 3386 4169 Mulier
3407 4114 3625 4171 ebriosa
3653 4114 3759 4169 ha:-

2169 4204 2465 4259 reticorum
2505 4214 2588 4260 est
2628 4214 2919 4277 synagOga,
2967 4222 3088 4276 qua:
3132 4205 3255 4262 dolo
3298 4216 3355 4262 et
3398 4209 3644 4278 nequitia
3685 4218 3763 4263 est

2166 4294 2512 4365 plenissima;
2549 4312 2711 4367 quam
2733 4300 2897 4354 etiam
2920 4300 3163 4370 sequitur
3186 4300 3267 4354 ira
3294 4316 3496 4374 magna
3514 4311 3764 4358 etcentu-

2169 4387 2351 4451 melia,
2380 4388 2597 4457 quando
2618 4387 2734 4459 ejus
2777 4389 3048 4461 iniquitati
3090 4391 3344 4448 succedet
3380 4395 3563 4470 gravis
3609 4410 3762 4468 pmna

477 4474 548 4528 ab
571 4474 671 4527 hoc
694 4486 917 4527 munere
939 4471 1100 4527 alieni
1122 4472 1385 4536 existunt,
1403 4469 1772 4541 subjungendo
1797 4469 2062 4524 insinuat:
2092 4512 2144 4571 Β
2170 4486 2225 4533 ει
2251 4479 2527 4535 damnatio
2564 4492 2846 4553 perpetua,
2898 4484 2989 4539 ubi
3038 4486 3314 4559 turpitudo
3363 4488 3571 4543 erroris
3630 4487 3763 4543 illius

554 4583 573 4613 1
609 4564 654 4617 A
688 4564 860 4618 tribus
897 4562 1074 4617 timuit
1116 4578 1213 4617 cor
1248 4576 1450 4625 meum,
1493 4568 1547 4614 et
1587 4561 1642 4615 in
1677 4570 1871 4630 quarto
1899 4560 2068 4617 facies

488 4672 507 4706 1
544 4669 662 4709 mea
695 4654 903 4708 metuit.
946 4652 1253 4707 Delaturam
1290 4651 1547 4716 civitatis,
1592 4658 1648 4704 et
1694 4650 2064 4707 collectionem

487 4763 508 4797 1
542 4743 740 4815 pepuli,
779 4752 834 4798 et
869 4741 1193 4798 calumniam
1241 4741 1577 4807 mendacem,
1621 4756 1786 4812 super
1835 4750 2067 4797 mortem

476 4823 506 4885 ἰ
539 4833 721 4889 omnia
747 4831 958 4904 gravia;
995 4831 1147 4886 dolor
1174 4832 1352 4888 cordis
1383 4841 1438 4886 et
1463 4832 1657 4900 luctus,
1687 4831 1883 4888 mulier
1925 4833 2067 4891 zelo-

488 4946 508 4978 1
545 4934 690 4997 typa.
724 4945 742 4976 1
772 4924 871 4978 llis
890 4940 1019 4994 ergo
1048 4923 1327 4993 speciebus
1365 4924 1809 4979 demonstrantur
1834 4923 1933 4989 illi,
1973 4924 2064 4998 qui

482 5027 639 5073 extra
669 5014 965 5069 Ecclesium
994 5022 1137 5078 Sunt,
1170 5022 1226 5069 et
1270 5015 1325 5069 in
1374 5016 1581 5071 unitate
1619 5031 1763 5072 vera:
1790 5017 2066 5088 religionis

483 5124 589 5163 non
636 5105 958 5169 consistunt,
997 5104 1099 5158 hoc
1127 5114 1230 5171 est,
1261 5104 1450 5172 Judtei,
1486 5107 1681 5178 pagani
1720 5116 1776 5163 et.
1803 5109 2063 5175 lncretici,

480 5214 585 5255 nec
622 5211 730 5252 non
771 5203 826 5252 et
861 5194 978 5251 falsi
1009 5195 1321 5253 Christiani.
1353 5197 1594 5267 Namque
1640 5199 1693 5253 in
1737 5198 2069 5255 delatoribus

482 5289 761 5354 civitatis,
806 5286 913 5343 hoc
960 5295 1082 5353 est,
1122 5288 1489 5358 proditoribus
1534 5288 1831 5356 Ecclesiaz,
1878 5284 2069 5360 possu-

483 5399 605 5438 mus
643 5382 889 5453 accipere
930 5380 1094 5437 falsos
1133 5382 1488 5450 Christianos,
1519 5383 1612 5453 qui
1650 5383 1978 5439 confitentur
2011 5400 2070 5441 se

483 5492 644 5532 nosse
686 5472 875 5541 Deum,
906 5473 1062 5530 factis
1096 5484 1275 5529 autem
1318 5483 1542 5546 negant;
1594 5489 1695 5532 nec
1725 5477 2067 5544 charitatem,

484 5585 605 5639 quae
634 5568 1028 5624 munimentum
1057 5567 1351 5621 maximum
1377 5576 1598 5637 praestat
1616 5567 1781 5623 αωιυί
1813 5566 2067 5633 fidelium,

485 5662 588 5723 ipsi
620 5663 821 5717 habere
865 5662 1072 5727 volunt,
1107 5661 1200 5716 sed
1239 5664 1419 5718 omnia
1461 5663 1584 5718 ﬁcte
1614 5670 1799 5734 agunt.
1832 5662 1887 5716 In
1912 5662 2073 5718 colle-

487 5752 666 5806 Ctionc
722 5769 850 5807 vero
906 5754 1086 5822 populi
1139 5767 1244 5809 non
1294 5755 1738 5811 iuconvcuicntcr
1792 5756 2068 5828 gentilium

2173 4569 2608 4627 manifestabitur
2630 4574 2682 4627 in
2713 4581 2955 4629 extrema
2983 4576 3272 4632 sententia.

2245 4677 2271 4716 1
2306 4660 2617 4717 Fornicatio
2664 4663 2905 4719 mulieris
2941 4665 2996 4719 in
3036 4664 3345 4723 extollentia
3378 4667 3685 4729 oculorum,
3713 4673 3761 4718 ct

2179 4771 2198 4805 1
2233 4755 2286 4809 in
2326 4753 2602 4824 palpebris
2629 4754 2770 4810 illius
2795 4766 3134 4831 agnoscetur.
3169 4776 3188 4808 ι
3223 4756 3377 4811 Licet
3413 4757 3761 4813 historialitcr

2174 4846 2442 4902 describat
2484 4848 2726 4903 habitum
2769 4848 3013 4906 mulieris
3045 4849 3365 4913 meretricis,
3401 4867 3525 4921 quae
3551 4849 3760 4905 lascivis

2172 4938 2408 4995 motibus
2448 4938 2691 5011 corporis
2726 4948 2780 4996 et
2809 4939 3029 4995 nutibus
3057 4940 3331 4997 oculorum
3369 4952 3615 4998 ostentat
3652 4940 3762 4995 libi-

2172 5026 2353 5084 dinem
2379 5028 2579 5095 carnis,
2616 5030 2842 5100 mystice
2873 5037 3053 5084 tamen
3080 5030 3317 5085 ostendit
3350 5047 3560 5087 morem
3596 5031 3758 5087 hatre-

2172 5118 2293 5176 tica:
2313 5121 2615 5192 pravitatis,
2646 5138 2768 5192 qute
2789 5122 3205 5181 fornicationem
3241 5138 3403 5179 suam
3427 5123 3483 5179 in
3512 5121 3765 5195 superbia

2172 5227 2383 5279 sensus,
2414 5218 2470 5269 et
2513 5212 2568 5267 in
2594 5211 2846 5273 facundia
2890 5213 3177 5269 verborum
3215 5211 3451 5281 iactitat,
3485 5231 3597 5287 quo
3646 5211 3769 5269 faci-

2173 5300 2279 5358 lius
2325 5301 2569 5359 curiosos
2612 5310 2666 5358 et
2706 5303 3005 5360 novitatum
3050 5312 3320 5359 amatores
3367 5303 3425 5363 in
3479 5311 3766 5360 ascensum

2175 5406 2330 5447 suum
2369 5394 2636 5459 attrahat;
2678 5394 2743 5450 de
2779 5393 2977 5465 quibus
3016 5393 3142 5449 alibi
3181 5393 3399 5465 legitur,
3450 5394 3596 5464 quod
3640 5406 3769 5465 prn-

2172 5485 2375 5542 rientes
2403 5487 2622 5542 auribus
2654 5504 2684 5542 a
2714 5490 2945 5544 veritate
2975 5489 3218 5544 auditum
3259 5496 3531 5555 avertant,
3568 5485 3641 5543 ad
3677 5482 3765 5539 fa—

2173 5574 2330 5630 bulas
2364 5584 2543 5630 autem
2571 5586 2957 5632 convertantur
2987 5577 3074 5649 (ΙΙ
3106 5578 3240 5633 Tim.
3273 5578 3371 5650 1v).

2251 5682 2269 5715 1
2304 5663 2362 5719 In
2400 5664 2505 5719 lilia
2529 5681 2634 5720 non
2663 5675 2942 5722 avertente
2968 5684 3027 5723 se
3056 5668 3207 5722 firma
3233 5670 3550 5732 custodiam,
3585 5681 3657 5721 ne
3679 5663 3763 5717 ia-

2181 5773 2199 5808 1
2238 5765 2395 5812 venta
2425 5758 2710 5813 occasione
2744 5760 2999 5815 abutatur
3032 5776 3113 5827 se,
3140 5762 3209 5818 ab
3233 5762 3382 5817 omni
3412 5755 3761 5817 irreverentia
