3926 6168
298 351 407 406 957

1202 344 1553 403 COMMENT.
1596 344 1661 399 IN
1703 340 2311 401 ECCLESlAS‘l‘lCUM.
2351 370 2420 382 —-
2456 341 2583 396 LIB.
2629 339 2741 397 νιν

3468 340 3573 400 958

294 480 325 515 τι
363 463 646 518 oculorum
673 455 794 531 ejus
818 464 968 513 eave.
1001 475 1021 509 υ
1060 453 1383 511 Hoc-monet
1407 464 1467 509 ut
1492 453 1609 523 ejus
1646 468 1891 524 personae
1920 456 1965 515 Α
1994 453 2211 517 ἀίεοεῐο,
2241 451 2618 523 pinguedinem
2645 449 2929 506 cbaritatis
2956 449 3074 519 eius
3109 449 3166 506 in
3194 449 3427 507 medulla
3454 467 3576 509 cor-

296 568 424 624 qme
451 551 557 607 sibi
599 548 975 605 commendata
1013 555 1118 612 est,
1162 546 1355 601 doctor
1393 555 1671 601 strenuam
1703 557 1889 599 curam

297 646 520 708 habeat,
571 656 673 697 nec
717 654 838 697 eam
884 637 1139 708 negligat,
1187 636 1282 691 sed
1333 630 1619 705 diligenter
1664 633 1886 696 nutriat,

297 729 874 803 disciplinabiliterque
918 727 1110 784 vivere
1136 726 1345 788 doceat,
1375 738 1444 777 ne
1485 723 1700 781 iuventa
1722 735 1892 775 ncca-

294 828 456 882 sione
482 836 579 894 per
600 818 872 876 carnalem
912 814 1409 884 concupiscentiam
1424 814 1485 866 in
1510 811 1728 880 aliquod
1754 808 1889 864 faci-

292 931 404 972 nus
429 918 676 984 proruet.
706 908 909 965 Sensus
929 906 1076 962 cutim
1092 903 1443 973 eteogitatio
1467 900 1687 956 humani
1710 899 1889 954 cordis

293 1009 371 1062 ad
390 1007 596 1061 malum
626 1003 836 1058 intenta
867 1005 951 1055 est
974 997 1128 1052 enini
1158 994 1499 1065 temporeab
1525 991 1888 1049 adolescentia

292 1115 417 1155 sua.
442 1097 598 1153 Unde
626 1099 1021 1161 consequenter
1048 1085 1322 1156 subiungit
1341 1102 1371 1138 :~
1828 1122 1829 1125 η

378 1206 399 1241 ι
422 1188 495 1243 Et
516 1201 588 1242 ne
614 1183 834 1239 mireris
856 1182 908 1236 si
940 1187 1017 1236 te,
1034 1178 1337 1250 neglexerit
1361 1194 1376 1230 :
1403 1176 1545 1232 sicut
1584 1175 1762 1230 viator
1807 1173 1887 1230 si-

298 1296 321 1331 ι
363 1280 501 1334 tiens
555 1274 879 1333 ad‘fontem
923 1286 988 1330 os
1035 1269 1284 1341 aperiet,
1326 1276 1385 1323 et
1430 1268 1505 1322 ab
1551 1266 1699 1323 omni
1750 1279 1889 1336 aqua

300 1391 322 1424 ι
362 1366 825 1440 proxima-bibet,
848 1372 905 1421 et
949 1373 1139 1417 contra
1172 1374 1393 1415 omnem
1429 1358 1615 1430 palum
1656 1357 1886 1422 sedebit,

298 1479 320 1512 ο
365 1469 423 1514 et
448 1464 637 1515 contra
656 1468 876 1511 omnem
922 1451 1173 1522 sagittam
1202 1449 1412 1521 aperiet
1444 1450 1762 1519 pharetram
1791 1446 1888 1501 do.-

292 1564 402 1605 nec
427 1547 661 1603 deﬁciat.
694 1564 714 1597 ι
741 1543 846 1598 Per
869 1544 987 1599 hrec
1006 1541 1225 1612 quidem
1268 1538 1372 1595 tria
1399 1537 1643 1608 exempla
1662 1537 1890 1603 curiosi-

294 1651 467 1698 tatem
506 1637 744 1695 oetendit
785 1637 1038 1691 humana:
1071 1632 1297 1698 mentis,
1336 1647 1458 1703 qua:
1500 1630 1672 1688 facilis
1701 1639 1806 1694 est,
1833 1636 1889 1684 et

292 1748 513 1804 semper
558 1738 707 1802 patet
751 1728 823 1783 ad
868 1726 1053 1781 mundi
1095 1724 1399 1781 illecebras.
1453 1721 1607 1778 Unde
1650 1720 1887 1776 Joannes

1986 545 2075 600 dis
2115 560 2175 601 se
2217 544 2420 600 habere
2462 544 2717 599 ostendit.
2767 543 2920 599 Unde
2964 543 3129 598 etiam
3173 558 3416 599 amarent
3457 541 3576 610 eius

1991 637 2104 705 ipsc
2133 635 2471 705 impetrabit;
2503 635 2643 690 sicut
2668 635 2782 703 ipsa
2810 632 3023 689 Veritas
3048 634 3101 687 in
3127 632 3419 705 Evangelia
3449 635 3527 688 ait
3552 651 3569 688 :

1995 743 2015 778 ε
2052 727 2150 794 Qui
2180 733 2328 780 autat
2368 725 2622 780 mandata
2651 739 2768 779 mea
2794 733 2847 779 et
2888 731 3073 779 servat
3110 738 3200 789 ea,
3230 723 3320 779 ille
3362 734 3446 780 est
3479 725 3574 795 qui

1988 817 2163 889 diligit
2206 830 2311 871 me.
2361 815 2485 883 Qui
2510 824 2694 869 autem
2721 813 2897 884 diligit
2925 828 3041 880 me,
3083 814 3327 885 diligitur
3352 829 3384 869 a
3412 814 3575 871 Patre

1982 923 2132 974 meo,
2163 914 2218 963 et
2239 920 2341 978 ego
2364 907 2733 977 diligameum
2767 913 2823 959 et
2848 903 3206 960 manifestabo
3232 905 3283 959 ei
3310 904 3573 975 meipsnm

1982 998 2173 1071 (10m.
2198 998 2332 1071 xiv).
2371 1017 2390 1050 ι
2426 997 2683 1067 ὃθὰηυίπ
2708 1011 2868 1053 nemo
2891 992 3040 1067 prius
3060 1012 3191 1053 eum
3210 994 3385 1068 diligit
3410 1008 3575 1068 quam

1976 1089 2327 1163 ejus'gratia
2362 1088 2431 1143 ad
2472 1088 2567 1143 sui.
2585 1100 2826 1142 canerem
2871 1087 3017 1142 illum
3044 1085 3457 1159 provocaverit,
3487 1100 3574 1142 se-

1987 1195 2160 1250 quens
2188 1178 2451 1234 scntentia
2482 1176 2755 1231 declarat:

2062 1291 2081 1324 ι
2112 1269 2410 1341 Disciplina
2444 1268 2810 1324 illiusdatum
2848 1267 2944 1323 Dei
2980 1274 3084 1323 est.
3120 1285 3140 1320 ι
3175 1267 3348 1325 Omne
3376 1267 3573 1339 quippe

1986 1361 2189 1418 bonum
2219 1360 2506 1425 Ecclesiae,
2544 1358 2751 1414 donum
2776 1365 2862 1413 est
2899 1357 2994 1414 Dei
3024 1358 3205 1427 :quia
3233 1376 3254 1410 ι
3282 1372 3443 1414 omne
3477 1357 3572 1413 da-

1986 1463 2103 1509 tum
2124 1452 2410 1523 Optimum,
2435 1458 2492 1505 et
2517 1465 2677 1505 omne
2704 1449 2902 1507 donum
2937 1446 3238 1518 perfectum
3262 1449 3330 1504 de
3359 1463 3573 1504 sursum

1985 1552 2100 1607 est,
2141 1541 2474 1599 descendens
2506 1555 2539 1595 a
2567 1539 2730 1595 Patre
2758 1538 3053 1603 luminum,
3091 1538 3227 1608 apud
3267 1552 3427 1608 quem
3462 1552 3572 1594 non

1983 1642 2071 1690 est
2097 1632 2500 1696 transmutatio,
2527 1645 2630 1689 nec
2658 1628 3047 1685 vicissitudinis
3073 1628 3434 1684 obumbratio.
3466 1627 3573 1683 Vo-

1986 1724 2221 1783 luntarie
2252 1723 2398 1779 enim
2435 1721 2621 1794 genuit
2665 1736 2762 1776 nos
2794 1719 2961 1775 verbo
2994 1719 3266 1784 veritatis,
3305 1725 3366 1773 ut
3405 1718 3575 1774 simus

294 1822 576 1895 apostolus
600 1818 801 1890 triplici
836 1816 1183 1874 distinctione
1204 1828 1334 1870 eam
1360 1811 1628 1876 distinxit,
1650 1809 1839 1865 dicens
1866 1827 1884 1863 ι
1917 1805 1964 1864 Β
1992 1816 2205 1872 initium
2234 1813 2454 1884 aliquod
2476 1819 2740 1868 creaturas
2768 1808 2885 1880 ejus
2913 1807 3131 1879 (Iacob.
3152 1808 3214 1880 ι).
3251 1828 3272 1862 ι

302 1934 323 1967 ι
365 1913 544 1969 Nolite
564 1911 793 1980 diligere
835 1907 1121 1972 mundum,
1147 1919 1323 1975 neque
1346 1919 1427 1961 ea.
1454 1917 1576 1973 quae
1608 1901 1662 1956 in
1688 1901 1888 1956 mundo

292 2014 447 2063 sunt.
478 2003 536 2059 Si
570 2002 697 2074 quis
735 2001 911 2070 diligit
944 2000 1224 2063 mundum,
1261 2010 1368 2051 non
1404 2003 1489 2049 est
1521 1993 1762 2051 charitas
1789 1992 1890 2047 Pa-

296 2098 403 2153 tris
425 2096 480 2151 in
512 2108 580 2151 eo
604 2112 618 2147 :
650 2091 908 2163 quoniam
951 2105 1112 2147 omne
1133 2089 1283 2159 quod
1311 2088 1368 2142 in
1397 2086 1601 2142 mundo
1632 2094 1736 2151 est,
1759 2100 1888 2141 con—

294 2185 633 2257 cupiscentia
673 2183 874 2248 carnis,
915 2190 976 2240 et
1001 2178 1442 2250 concupiscentia
1483 2177 1761 2233 oculorum
1779 2184 1883 2241 est,

290 2287 359 2335 et
388 2275 639 2349 uiperbia
681 2274 809 2329 vitae
842 2292 856 2328 :
884 2288 1005 2343 qua:
1034 2287 1153 2327 non
1198 2278 1281 2326 est
1323 2285 1394 2325 ex
1441 2269 1620 2333 Patre,
1667 2267 1761 2323 sed
1818 2282 1889 2323 ex

295 2370 504 2428 mundo
550 2377 667 2434 est;
713 2375 769 2423 et
815 2366 1049 2423 mundus
1095 2363 1314 2429 transit,
1350 2371 1409 2417 et
1453 2358 1887 2430 concupiscentia

294 2459 437 2530 ejus.
460 2459 564 2528 Qui
584 2467 767 2513 autem
790 2456 919 2513 facit
943 2455 1275 2511 voluntatem
1300 2453 1419 2518 Dei,
1438 2459 1625 2530 manet
1648 2450 1702 2505 in
1732 2459 1888 2504 aeter-

296 2527 495 2626 num(l
512 2553 675 2609 loco.
695 2551 917 2623 ll).'tHiS
939 2550 1135 2621 quippe
1149 2548 1400 2603 vitiorum
1415 2527 1690 2601 vocabulis
1706 2540 1887 2598 orantia

292 2646 557 2702 vitiorum
588 2657 787 2714 genera
804 2639 1233 2711 comprehendit.
1260 2635 1708 2706 Gtmcupiscentia
1738 2647 1891 2687 nam-

292 2753 409 2809 que
439 2735 624 2793 carnis
657 2742 743 2790 est
770 2748 943 2788 .emne
960 2731 1111 2802 quod
1138 2729 1206 2785 ad
1235 2728 1565 2799 voluptatem
1589 2734 1645 2781 et
1666 2724 1890 2780 delicias

290 2829 548 2901 corporis
566 2827 830 2899 pertinet,
861 2825 917 2880 in
960 2824 1159 2895 quibus
1178 2830 1307 2878 sunt
1335 2818 1585 2876 animo
1597 2818 1775 2883 cibus,
1795 2832 1891 2887 po-

293 2931 412 2987 tus,
456 2919 796 2976 concubitus.
826 2917 907 2972 De
927 2917 1123 2986 Quibus
1148 2913 1403 2969 Salomon
1446 2912 1565 2966 ait:
1599 2927 1619 2961 ‹
1661 2908 1891 2981 Sangui-

292 3028 447 3083 suga:
466 3012 585 3067 dita:
603 3008 875 3069 sunt
895 3008 1158 3071 dicentes,
1174 3003 1328 3070 θεον,
1345 3002 1481 3065 atl'er
1496 3000 1678 3074 (Prov.
1699 3000 1882 3070 xu)»

296 3104 751 3176 lJoncupiscentia
784 3102 1069 3165 oculorum
1098 3106 1182 3155 est
1213 3098 1390 3153 omnis
1432 3094 1740 3157 curiositas,
1769 3096 1891 3163 quae

298 3201 364 3255 fit
408 3199 462 3252 in
496 3196 768 3252 discendis
808 3195 1018 3249 artibus
1064 3190 1321 3254 nefariis,
1358 3189 1415 3243 in
1456 3184 1891 3255 wntemplandis

293 3293 635 3363 spectaculis
666 3291 915 3361 turpibus
946 3287 1028 3343 vel
1062 3285 1518 3358 supervacuisﬁn
1545 3283 1889 3354 acquirendis

299 3387 471 3442 rebus
495 3383 900 3455 temporalibus,
922 3382 979 3436 in
1002 3378 1569 3451 dignosccndisietiam-
1583 3376 1891 3447 carpendis-

298 3492 409 3546 qne
449 3477 599 3531 vitiis
627 3476 1015 3546 proximorum.
1065 3469 1335 3541 Superbia
1377 3465 1636 3533 vitarent,
1663 3478 1891 3522 cumse

298 3571 428 3642 quis
450 3570 669 3641 jactitat
705 3569 762 3623 in
800 3564 1118 3629 honoribus,
1156 3571 1229 3617 et
1249 3572 1351 3632 per
1375 3561 1659 3616 elationem
1692 3560 1891 3614 mentis

298 3676 457 3716 vana:
482 3659 768 3731 glorite~ct
811 3654 1133 3725 arrogantiae
1169 3652 1423 3708 deservit.
1448 3650 1578 3705 ‘Per
1616 3650 1743 3704 haec
1782 3648 1889 3703 tria

301 3760 515 3806 tantum
540 3747 806 3819 cupiditas
846 3745 1083 3799 humana
1127 3749 1385 3798 tentatur.
1428 3739 1684 3795 Perticae
1718 3736 1890 3793 Adam

301 3850 546 3899 tentatus
568 3848 656 3895 est
677 3846 734 3892 et
758 3838 932 3892 victus
978 3852 992 3889 :
1026 3849 1125 3906 per
1162 3830 1656 3902 concupiscentiam
1682 3829 1891 3885 scilicet

300 3934 507 3997 carnis,
556 3944 683 3986 cum
724 3931 775 3985 ei
826 3928 998 3984 hostis
1043 3927 1223 3982 cibum
1265 3924 1396 3995 ligni
1433 3923 1587 3978 vetiti
1632 3921 1890 3986 ostendit,

300 4039 538 4096 eumque
562 4024 628 4079 ad
649 4020 1039 4079 comedendum
1058 4012 1249 4075 suasit.
1272 4018 1376 4073 Per
1396 4014 1890 4087 concupiscentiam

299 4117 607 4182 oculorum,
630 4131 752 4172 cum
777 4115 1019 4170 diceret:
1057 4130 1076 4163 ι
1113 4111 1309 4167 Scietis
1348 4109 1549 4165 bonum
1578 4116 1633 4163 et
1666 4107 1888 4174 malum,

300 4218 357 4264 et
383 4208 699 4278 aperientur
722 4203 865 4261 oculi
909 4203 1079 4258 vestri
1109 4199 1261 4273 (Gen.
1308 4200 1412 4271 ut).
1442 4199 1549 4254 Per
1586 4199 1890 4270 superbiam

299 4302 451 4366 vitaz,
482 4314 605 4355 cum
631 4299 872 4353 diceret:
903 4315 922 4348 ι
950 4295 1117 4351 Eritis
1146 4295 1287 4350 sicut
1322 4293 1415 4349 dii.
1454 4313 1473 4346 ι
1497 4292 1601 4348 Per
1629 4292 1744 4347 haec
1772 4299 1892 4346 ten-

300 4400 452 4449 tatus
491 4398 577 4446 est
622 4388 881 4444 Dominus
926 4395 982 4442 et
1030 4387 1201 4453 vicit;
1256 4402 1354 4457 per
1401 4384 1893 4454 concupiscentiam

2065 1926 2084 1959 ι
2117 1904 2310 1960 Mulier
2334 1910 2554 1960 scnsata
2583 1910 2641 1957 et
2665 1900 2847 1963 tacita,
2880 1913 2988 1955 non
3017 1907 3100 1954 est
3127 1898 3430 1955 immutatio
3454 1913 3577 1953 eru-

1992 2017 2013 2053 ι
2047 1998 2174 2053 dita:
2213 1995 2429 2051 animat.
2462 2011 2482 2044 ι
2520 1991 2799 2063 Sapientia
2826 1990 3021 2059 quippe
3055 1988 3170 2059 Dei,
3215 2003 3335 2060 qua:
3367 1989 3579 2045 animas

1985 2090 2284 2147 electorum
2331 2085 2545 2152 imbuit,
2578 2085 2763 2156 eisque
2801 2082 2916 2138 oris
2952 2080 3255 2137 custodiam
3298 2089 3353 2135 et
3395 2080 3576 2150 operis

1980 2179 2283 2238 silicenium
2314 2176 2522 2241 tribuit,
2547 2190 2578 2229 a
2606 2187 2668 2230 se
2697 2187 2792 2233 eos
2834 2171 3057 2237 mutari,
3088 2179 3144 2226 et
3169 2171 3227 2224 in
3257 2171 3462 2227 erroris
3486 2171 3579 2226 de—

1986 2271 2077 2327 via
2092 2268 2366 2325 declinare
2389 2281 2495 2323 non
2520 2263 2805 2336 permittit.
2831 2260 2983 2328 Quod
3005 2258 3242 2317 Joaimes
3265 2259 3579 2331 inEpistola

1988 2376 2085 2417 sua
2114 2358 2461 2422 manifestat,
2501 2355 2687 2410 dicens
2730 2370 2744 2408 :
2798 2371 2817 2404 ι
2853 2350 3041 2407 Omnis
3068 2352 3161 2422 qui
3193 2360 3353 2406 natus
3392 2359 3477 2406 est
3511 2365 3577 2406 ex

1980 2453 2120 2518 Deo,
2157 2456 2439 2520 peccatum
2467 2461 2576 2502 non
2605 2444 2764 2509 facit,
2795 2443 3049 2514 quoniam
3080 2456 3268 2499 semen
3307 2441 3476 2512 ipsius
3521 2441 3576 2495 in

1988 2558 2055 2601 eo
2097 2551 2312 2607 manet;
2345 2548 2401 2597 et
2443 2552 2551 2595 non
2593 2543 2773 2607 potest
2798 2549 3046 2605 peccare,
3075 2533 3332 2605 quoniam
3361 2531 3578 2587 eanec

1980 2643 2258 2695 natusest
2283 2631 2335 2704 (Ι
2356 2631 2520 2686 leam
2549 2628 2625 2701 v).
2660 2648 2680 2679 ι
2711 2626 2826 2682 Hoc
2851 2634 3029 2681 tamen
3051 2641 3161 2680 non
3183 2625 3250 2679 de
3273 2623 3422 2680 omni
3448 2637 3576 2692 pee-

1984 2736 2114 2799 cste
2136 2724 2289 2790 dicit,
2302 2723 2410 2779 sed
2432 2718 2817 2777 desviolatione
2843 2725 3005 2775 recte:
3029 2716 3152 2772 fidei
3180 2723 3241 2771 et
3259 2713 3539 2771 cbaritatis
3563 2733 3575 2764 :

1982 2817 2277 2889 quaesi
2304 2828 2491 2872 semen
2530 2810 2644 2876 Dei,
2668 2809 2722 2867 id
2750 2815 2859 2873 est,
2886 2807 3113 2863 verbum
3143 2805 3267 2870 Dei,
3290 2818 3399 2875 quo
3424 2817 3582 2861 reua—

1980 2923 2081 2969 tus
2109 2911 2303 2977 est,vin
2327 2923 2389 2964 se
2406 2907 2600 2971 habet.
2629 2902 2971 2959 committere
2999 2915 3105 2956 non
3132 2906 3328 2969 potest.

2069 3020 2090 3061 ς
2116 2999 2311 3057 Gratia
2338 3010 2521 3065 super.
2550 2992 2814 3065 gratiam,
2857 2989 3051 3045 mulier
3087 2996 3273 3044 sancta
3316 2995 3377 3041 et
3415 2986 3582 3056 pudo-

1982 3111 2021 3146 -‹
2056 3101 2193 3148 rata.
2228 3108 2255 3143 ι
2283 3089 2458 3157 Super
2480 3083 2717 3157 gratiam
2743 3096 2875 3152 ergo
2904 3079 3038 3151 legis
3068 3086 3125 3134 et
3168 3092 3451 3149 synagoga:
3479 3078 3581 3132 sub

1918 3160 1964 3223 Ο
1986 3180 2389 3241 eaconstitutte
2415 3176 2591 3246 gratia
2620 3182 2703 3229 est
2748 3170 3025 3239 Evangelii
3050 3177 3106 3224 et
3134 3169 3299 3223 decor
3325 3167 3581 3221 Ecclesia:

1990 3283 2215 3339 senem,
2262 3276 2384 3342 qua:
2415 3269 2577 3325 ﬁdem
2604 3264 2904 3321 Salvatoris
2930 3262 3013 3317 sui
3042 3269 3199 3315 caste.
3230 3267 3287 3314 et
3330 3258 3583 3313 inviolate

1990 3367 2251 3433 wstodlt,
2268 3372 2323 3420 et
2342 3360 2667 3432 sapientiam
2689 3356 2927 3412 divinam
2951 3351 3229 3407 inhianter
3248 3349 3435 3413 discit;
3466 3349 3584 3403 haec

1991 3465 2047 3521 in
2078 3464 2308 3520 lectione
2332 3459 2493 3529 Legis
2514 3464 2572 3512 et
2596 3455 2986 3525 PrOphetarum
3014 3450 3258 3505 velamen
3289 3446 3583 3502 Mosaioum
3612 3486 3615 3487 ν

1992 3564 2158 3624 super
2177 3564 2271 3607 cor
2295 3563 2403 3605 non
2433 3547 2627 3610 habet,
2656 3543 2755 3600 sed
2781 3541 3020 3597 revelata
3050 3534 3189 3594 facie
3218 3537 3444 3609 gloriam
3482 3533 3586 3587 Do-

1992 3645 2126 3701 mini
2158 3639 2574 3711 contemplatur,
2616 3643 2671 3692 et
2712 3636 2879 3690 intrat
2909 3633 2963 3686 in
2995 3629 3363 3686 sanctuarium
3399 3627 3495 3681 Dei
3521 3632 3583 3680 ut

1991 3733 2255 3802 intelligat
2278 3729 2672 3800 propositiones
2697 3725 2763 3778 ab
2792 3722 2946 3777 initio
2976 3720 3178 3775 saeculi.

2069 3844 2093 3877 ι
2122 3822 2311 3879 Omnis
2348 3830 2525 3875 autem
2568 3813 2887 3885 ponderatio
2924 3825 3031 3866 non
3074 3808 3363 3880 estdigna
3407 3807 3583 3861 conti-

1994 3935 2018 3970 ι
2049 3914 2229 3970 uentis
2258 3911 2470 3965 animat.
2509 3927 2527 3959 ι
2564 3906 2785 3962 Cunctae
2827 3902 3080 3957 videlicet
3118 3914 3250 3969 opes
3295 3898 3480 3952 mundi
3526 3906 3583 3952 et

1992 4009 2193 4067 divitia:
2231 4003 2507 4076 sapientia:
2544 3997 2822 4055 smcularis
2860 4010 2966 4050 non
3006 4000 3232 4064 possunt
3270 3992 3386 4062 ejus
3426 3991 3598 4046 devo-

1995 4101 2149 4167 tioni,
2181 4113 2345 4169 quam
2375 4096 2537 4151 habet
2568 4093 2623 4147 in
2661 4088 2883 4145 servitio
2916 4085 3118 4142 Christi
3161 4092 3217 4140 et
3257 4083 3312 4137 in
3352 4081 3579 4137 scicntia

1992 4191 2223 4264 spiritali
2252 4185 2550 4256 adaquari;
2600 4182 2715 4252 ipsa
2759 4177 3083 4250 negotiatrix
3111 4183 3195 4231 est
3228 4173 3339 4237 illa,
3373 4187 3493 4243 quae
3529 4171 3579 4224 in

1993 4283 2286 4354 Evangelio
2315 4276 2662 4349 margaritam
2711 4270 3180 4343 pretiosissimam,
3207 4266 3406 4337 Spretis
3452 4273 3581 4318 tem-

1993 4374 2271 4448 poralibus
2295 4371 2474 4435 bonis,
2506 4367 2860 4437 comparavit,
2894 4365 3147 4436 utipsam
3177 4362 3481 4435 possideret
3526 4361 3581 4415 in

298 4482 511 4546 carnis,
542 4480 595 4536 id
631 4486 716 4535 est
752 4478 958 4543 cibum,
1010 4478 1102 4533 ubi
1147 4453 1490 4547 suggeritur:
1516 4486 1551 4525 Δι
1576 4453 1691 4529 ίΒίο
1730 4482 1788 4527 ut
1818 4473 1893 4527 la-
1920 4509 1970 4569 Β
1994 4477 2259 4524 aeternum
2294 4461 2508 4534 (Matth.
2539 4459 2680 4529 xui).
2716 4457 2871 4514 Unde
2900 4456 2960 4509 [lt
2987 4454 3128 4526 quod
3159 4453 3434 4523 sequitur:

892 4568 895 4569 ,
1074 4567 1081 4569 _
1112 4567 1155 4569 γ-
1250 4568 1253 4569 ,
1401 4566 1407 4569 .
2136 4556 2190 4569 ιι..
2269 4562 2281 4569 .
2396 4552 2409 4569 1
2455 4552 2622 4569 __2___-
2669 4548 2865 4569 ..____,l-
2908 4546 2958 4569 ξ--
3007 4543 3283 4569 ..ιιὲηηεηιζη
3327 4540 3421 4569 nn:

298 4572 461 4644 pides
509 4571 598 4625 isti
628 4585 820 4639 panes
868 4568 1008 4623 ﬂant
1058 4567 1289 4638 (Matth.
1331 4566 1452 4636 tv);
1490 4586 1508 4621 ι
1548 4581 1645 4636 per
1697 4579 1894 4620 concu-

298 4663 630 4735 piscentiam
678 4661 980 4725 oculdrum,
1031 4659 1083 4713 id
1131 4666 1233 4724 est,
1267 4657 1655 4721 curiositatem,
1686 4654 1778 4709 ubi
1827 4655 1893 4710 de

299 4756 473 4826 pinna
500 4752 683 4822 templi
720 4752 1061 4815 admonetur,
1091 4754 1151 4803 ut
1182 4763 1243 4803 se
1274 4749 1520 4803 deorsum
1547 4745 1742 4807 mittat,
1777 4752 1894 4799 ten-

305 4846 461 4901 tandi
502 4845 694 4917 gratia,
726 4852 905 4898 utrum
953 4842 1022 4897 ab
1060 4840 1269 4909 angelis
1303 4838 1650 4908 suscipiatur.
1677 4835 1779 4889 Per
1803 4851 1891 4889 su-

303 4937 559 5010 perbiant
572 4937 715 5003 vitae,
743 4936 925 5000 idest,
948 4929 1617 5001 inanemjactantiam,ubi
1638 4929 1694 4983 in
1713 4936 1894 4985 monte

2072 4577 2091 4610 ‹
2136 4556 2289 4613 Sicut
2333 4552 2413 4608 sol
2444 4552 2627 4607 oriens
2668 4548 2869 4603 mundo
2908 4546 2960 4600 in
3007 4543 3286 4598 altissimis
3327 4540 3457 4603 Dei,
3503 4540 3582 4593 sic

2001 4669 2020 4702 ‹
2049 4645 2291 4702 mulieris
2309 4644 2449 4699 bona
2470 4640 2676 4711 species
2699 4639 2754 4691 in
2776 4642 3152 4691 ornamentum
3175 4631 3366 4685 domus
3390 4629 3525 4699 ejus.
3559 4647 3576 4678 ι

1997 4741 2139 4798 Solis
2168 4738 2311 4794 enim
2334 4734 2557 4807 juStitite
2586 4730 2837 4802 splendor
2862 4726 3033 4796 fulget
3054 4724 3107 4779 in
3134 4723 3313 4793 specie
3342 4720 3584 4775 mulieris

1996 4833 2176 4904 hujus,
2204 4837 2260 4885 et
2279 4835 2452 4883 totam
2487 4825 2707 4879 domum
2732 4821 2868 4890 ejus,
2895 4830 3016 4887 quae
3040 4829 3139 4887 per
3159 4814 3470 4868 universum
3496 4828 3585 4868 or-

1995 4924 2117 4979 bem
2142 4921 2368 4975 dilatata
2392 4924 2503 4981 est,
2532 4919 2727 4968 ornatu
2759 4907 3039 4979 sapientia:
3062 4917 3117 4961 et
3141 4906 3401 4960 virtutum
3426 4905 3587 4960 deco-

304 4996 608 5085 cunstituto
640 4996 999 5080 ostenduntur
1024 4996 1206 5079 omnia
1252 5035 1414 5103 regna
1440 5018 1597 5093 hujus
1636 5026 1812 5090 terrae,
1841 5027 1896 5073 et
1998 5024 2078 5070 rat
2107 5013 2260 5086 (Sap.
2291 5009 2373 5082 tu)
2404 5027 2418 5063 :
2450 5024 2547 5078 pro
2575 5020 2682 5077 quo
2712 5003 2877 5059 etiam
2915 5013 3166 5069 superna:
3191 4997 3450 5054 claritatis
3487 4996 3588 5051 ful-

304 5119 703 5193 promittuntur
729 5117 775 5171 si
801 5116 1126 5171 adoraverit.

387 5231 410 5264 σ
446 5211 633 5266 Gratia
665 5209 909 5264 mulieris
942 5207 1143 5263 sedula:
1179 5205 1468 5261 delectabit
1495 5203 1672 5259 virum
1712 5218 1892 5269 suum,

312 5320 336 5365 ‹
373 5309 432 5359 et
459 5314 583 5358 ossa
618 5299 762 5357 illius
803 5298 1175 5371 impinguabit.
1220 5316 1238 5349 ι
1283 5295 1468 5353 Gratia
1506 5295 1701 5366 quippe
1732 5295 1896 5349 bona:

311 5394 620 5453 devotionis
644 5402 699 5449 et
724 5391 1072 5456 obedientiaa,
1104 5405 1267 5461 quam
1294 5388 1459 5444 habet
1491 5387 1743 5459 quaelibet
1768 5402 1894 5441 san—

311 5500 402 5547 cta
433 5488 635 5553 anima,
666 5486 752 5540 vel
801 5470 1126 5557 generaliter
1155 5492 1265 5538 tota
1302 5481 1596 5537 electorum
1638 5477 1895 5541 Ecclesia,

1998 5116 2181 5177 gorem
2207 5100 2496 5164 obtinebit,
2522 5106 2583 5152 ut
2616 5096 2711 5151 ﬁat
2734 5091 2879 5164 quod
2894 5091 3159 5160 scriptum
3186 5097 3308 5145 est:
3344 5106 3361 5140 t
3395 5086 3593 5157 Fulgc-

1996 5199 2132 5253 bunt
2159 5193 2293 5264 justi
2329 5192 2469 5248 sicut
2510 5188 2591 5247 sol
2618 5188 2672 5244 iu
2709 5198 2875 5256 regno
2910 5181 3095 5240 Patris
3134 5196 3322 5240 eorum
3365 5177 3584 5251 (Malm.

1999 5302 2142 5341 λιιι).
2179 5305 2197 5337 ι

2081 5302 2094 5339 Ι
2128 5324 2142 5339 .
2179 5305 2197 5337 t

2075 5284 2373 5431 «)Lucerna
2399 5371 2686 5443 splendens
2710 5383 2872 5440 super
2892 5352 3279 5422 candelabrum
3303 5362 3550 5416 sanctum
3573 5392 3590 5417 ,

2009 5484 2028 5522 ι
2061 5481 2117 5525 et
2140 5470 2347 5539 Species
2372 5466 2527 5522 faciei
2553 5478 2716 5534 super
2737 5470 2950 5518 aetatem
2983 5456 3254 5514 stabilem.
3285 5470 3308 5506 ι
3340 5451 3586 5506 Lucerna

304 5540 575 5653 ineunt—lat
619 5540 745 5633 boni
789 5540 1027 5632 doctoris
1066 5574 1333 5639 animum,
1364 5570 1451 5627 vel
1487 5572 1667 5641 potius
1699 5540 1899 5624 Christi
2002 5559 2264 5616 doctrina:
2312 5557 2644 5627 Evangelicoc
2700 5551 2941 5623 splendet
2970 5564 3156 5651 super
3205 5540 3587 5653 candelabrum

312 5633 473 5653 .-~~~
525 5633 530 5634 κ
1319 5633 1331 5639 -
1487 5633 1505 5641 -

312 5668 532 5726 Domini
578 5668 773 5732 nostri,
811 5667 904 5736 qui
933 5680 1093 5721 verus
1120 5678 1350 5735 sponsus
1375 5670 1459 5717 cst
1495 5660 1767 5716 Ecclesiae.
1800 5657 1899 5713 Cui
2004 5653 2280 5716 Ecclesia),
2324 5657 2379 5705 ct
2421 5648 2629 5718 species
2676 5646 2932 5700 virtutum
2963 5655 3086 5710 qua:
3134 5638 3192 5691 in
3236 5635 3374 5689 facie
3419 5633 3589 5697 illius,

310 5760 410 5838 qui
447 5760 638 5825 devota
669 5733 968 5826 humilitate
1001 5733 1201 5823 obcdivt,
1230 5763 1492 5831 prator-pta
1532 5752 1696 5821 ipsius
1725 5760 1903 5811 custo-
2006 5749 2107 5805 huc
2134 5753 2244 5811 cst,
2277 5744 2329 5799 in
2372 5741 2624 5811 operibus
2660 5736 2774 5805 cjus
2809 5735 3008 5798 clucct,
3040 5746 3152 5784 mvu
3186 5733 3446 5797 perpetuo
3476 5733 3588 5781 sta-
