3902 6162
325 303 436 360 959
967 294 1026 348 Β.
1069 289 1320 346 ΒΛΒΛΧΙ
1363 287 1582 345 ΜᾹΠΜ
1622 286 1866 342 .iliClllE

2069 280 2292 338 lGUNT.
2335 275 2618 336 OPERUM
2660 271 2840 330 PARS
2876 273 2920 329 Ι.
3492 267 3610 323 {:60

329 415 568 478 hilietur,
607 417 665 466 ct
706 421 909 465 aeterno
950 405 1170 476 praemio
1209 400 1659 458 remunerabitur.
1704 397 1779 452 De
1806 395 1910 449 bac
1938 398 1984 457 Α
2014 391 2167 447 devia
2197 388 2420 444 erroris.
2453 386 2545 478 Vir
2581 399 2729 478 ergo
2749 383 2976 478 bellator
3003 377 3186 435 deﬁcit
3334 377 3615 478 inopiam:

327 471 566 562 lucerna
597 503 710 572 ipse
753 471 1012 555 Dominus
1044 512 1142 567 per
1175 493 1581 550 similitudinem
1625 487 1917 558 discipulos
2018 499 2141 538 cum
2194 481 2240 535 is
2279 478 2372 549 qui
2421 476 2618 572 mult-os
2663 473 2964 572 labores-in
2995 487 3167 572 agone
3213 471 3370 572 istius
3417 471 3615 571 mundi

329 560 460 654 suos
494 560 769 657 instruxit,
803 593 989 646 dicens
1018 560 1085 638 ’-ε
1126 589 1234 643 Vos
1265 587 1398 642 estis
1432 585 1521 638 lux
1559 583 1771 646 mundi;
1809 596 1915 635 non
2019 571 2272 629 sustinuit
2301 584 2399 638 pro
2433 565 2671 630 Christo,
2707 563 3000 657 novissime
3045 563 3247 657 aliqua
3275 560 3623 657 adversitate

328 651 507 756 potest
535 683 728 736 civitas
756 651 1032 734 abscondi
1063 691 1226 744 super
1254 681 1490 756 montem
1517 670 1712 740 posita,
1745 683 1920 756 neque
2020 663 2226 718 fractus
2272 660 2448 731 perdit
2492 658 2732 756 laborem
2779 671 2876 727 per
2925 652 3342 756 inconstantiam
3382 651 3618 756 utentis.

332 742 608 830 lucernam
650 771 954 826 accendunt
982 775 1036 822 et
1068 742 1274 836 ponunt
1301 778 1418 817 eam
1450 753 1552 816 sub
1579 759 1776 823 modio,
1826 755 1920 812 sed
2021 756 2117 812 Vir
2159 761 2407 810 sensatus
2434 748 2820 813 contemnitur,
2856 760 2982 802 cum
3012 745 3200 801 doctor
3229 742 3626 836 catlwlicus‘et

329 881 498 936 super
524 863 930 924 candelabrum,
958 868 1019 914 ut
1050 832 1227 912 luceat
1261 855 1512 910 omnibus
1545 852 1637 922 qui
1677 852 1732 905 in
1761 848 1921 905 domo
2021 859 2199 915 praeco
2225 841 2469 936 veritatis
2510 855 2543 894 a
2584 838 2765 936 stultis
2790 836 3174 936 spet‘nitur,net
3196 832 3316 936 ejus
3338 849 3487 936 sanie
3514 833 3626 889 do-

335 927 458 1014 suitt
499 954 716 1026 (Matth.
752 952 828 1021 v).
864 970 882 1001 ι
926 950 1041 1004 Lux
1077 947 1262 1003 mundi
1296 944 1520 1014 apostoli
1561 941 1920 1012 appellantur,
2021 936 2210 992 ctrintn
2229 934 2559 1026 pratponitur
2578 939 2725 1026 secta
2747 930 2996 1026 humanae.
3017 927 3385 1026 philosophiae.
3409 927 3627 1026 Trans—

333 1050 463 1121 quia
502 1017 601 1118 per
638 1017 796 1116 ipsos?
826 1044 946 1098 luce
995 1042 1118 1098 (idei
1165 1053 1222 1096 et
1265 1039 1504 1096 scientiae
1541 1035 1924 1092 illuminandus
2022 1026 2265 1121 greditur
2288 1022 2706 1121 vero‘ajustitia
2734 1019 3268 1121 adpeccatuturqui
3298 1017 3403 1120 inde
3422 1019 3629 1121 catino:

339 1109 460 1194 erat
504 1109 767 1191 inundus.
833 1134 986 1189 Mons
1045 1133 1292 1188 Christus
1344 1129 1660 1199 intelligitur
1680 1168 1696 1193 ,
1763 1141 1926 1196 super
2025 1118 2123 1173 lica
2155 1117 2388 1186 primum
2419 1114 2656 1169 imbutus
2684 1111 3009 1180 baptismum
3034 1109 3238 1166 Christi
3265 1109 3484 1180 accipit,
3513 1110 3628 1165 sed

341 1245 504 1301 quem
535 1229 728 1284 civitas
758 1226 1030 1291 Ecclesiae,
1060 1225 1162 1279 hoc
1197 1233 1301 1287 est,
1340 1222 1392 1276 in
1431 1223 1547 1291 ejus
1575 1221 1678 1275 fide
1705 1218 1926 1273 fundata
2024 1208 2365 1301 postmodum
2387 1221 2484 1275 per
2504 1205 2809 1301 superbiam
2835 1214 2998 1301 atque
3021 1203 3387 1301 arrogantiam
3407 1204 3632 1301 deserit

339 1294 446 1378 est.
475 1321 720 1377 Lucerna
757 1319 998 1389 quidem,
1025 1326 1086 1372 ut
1110 1316 1364 1379 diximus,
1391 1322 1476 1368 est
1497 1312 1803 1383 evangelica
1834 1311 1929 1365 do-
2027 1309 2189 1389 recta:
2231 1297 2355 1353 lidei
2401 1295 2672 1389 regulam,
2717 1295 3090 1389 cupivertitqtte
3137 1310 3198 1389 se
3242 1294 3298 1350 in

337 1415 542 1470 ctrina.
587 1383 990 1466 Candelabrum
1026 1406 1314 1476 cujuslibet
1354 1405 1457 1458 viri
1507 1404 1679 1459 ﬁdelis
1723 1402 1924 1457 anima.
2026 1388 2311 1460 PI'aVilaliS
2361 1387 2706 1458 apostasiam-
2759 1383 2915 1441 Hunc
2961 1399 3090 1455 ergo
3139 1383 3281 1440 Deus
3330 1396 3487 1456 parat
3545 1385 3630 1438 ad

346 1505 555 1558 Ponere
583 1516 708 1572 ergo
736 1501 1010 1556 lucernam
1051 1500 1151 1553 sub
1177 1496 1376 1559 modio,
1409 1504 1492 1550 est
1530 1494 1806 1563 superiora
1845 1491 1928 1546 τις
2032 1483 2416 1553 rltomphteam,
2437 1480 2564 1550 quia
2586 1495 2686 1550 pro
2709 1479 2990 1547 iniquitate
3013 1493 3109 1533 sua
3129 1478 3198 1532 ad
3221 1493 3439 1547 poenam
3459 1477 3630 1533 illum

347 1609 474 1648 rere
495 1591 740 1661 corporis
764 1590 1043 1646 commoda
1071 1602 1232 1656 quam
1275 1585 1707 1658 praedicationem
1734 1583 1932 1640 verita-
2029 1585 2212 1635 servat
2233 1586 2569 1648 perpetuam,
2586 1574 2716 1630 sicut
2745 1573 2858 1644 ipse
2884 1573 3142 1629 Dominus
3163 1589 3260 1644 per
3271 1573 3630 1629 Ezechielem

351 1689 450 1751 tis,
481 1696 541 1741 ut
571 1687 691 1741 ilco
739 1685 968 1755 quisque
1013 1682 1296 1737 vcn'tatem
1343 1697 1447 1734 non
1485 1679 1768 1749 pra-dicet,
1802 1677 1931 1731 dum
1964 1753 1992 1755 _
2030 1671 2346 1741 prophetam
2378 1675 2626 1732 testatur,
2656 1666 2839 1720 dicens
2869 1683 2882 1718 :
2921 1683 2942 1716 ι
2977 1663 3034 1718 Si
3065 1665 3323 1719 averterit
3347 1681 3405 1719 se
3428 1664 3632 1734 justus

353 1782 505 1836 timet
533 1793 598 1833 ne
623 1753 826 1848 aliquid
855 1753 906 1831 at.
942 1777 1103 1830 rebus
1139 1773 1510 1843 corporalibus
1541 1779 1596 1824 et
1624 1768 1932 1840 temporali—
1963 1753 2005 1810 Β
2033 1779 2064 1815 a
2086 1760 2293 1828 iustitia
2323 1775 2419 1814 sua
2444 1766 2498 1813 el
2518 1757 2707 1812 fecerit
2728 1757 3085 1827 iniquitatem.
3106 1757 3398 1812 secundum
3419 1773 3637 1812 manes

353 1876 454 1928 bus
503 1872 760 1927 molestia:
806 1870 1062 1939 patiatur.
1107 1866 1220 1921 Sub
1266 1865 1445 1920 modio
1483 1879 1613 1933 ergo
1655 1862 1894 1916 lucernat

2094 1851 2490 1912 minationes,
2537 1864 2673 1920 quas
2715 1849 2927 1918 operari
2975 1848 3111 1903 solet
3155 1848 3374 1918 impius,
3419 1863 3635 1903 omnes

352 1966 544 2037 ponit,
594 1938 841 2032 quisquis
894 1961 1066 2014 lucem
1123 1959 1379 2013 doctrinae
1431 1959 1584 2011 bourn
1636 1955 1893 2011 commodi

2094 1941 2249 1996 stitite
2291 1940 2408 2009 ejus
2448 1955 2585 2010 quas
2628 1940 2828 1996 fecerat
2874 1955 2980 1995 non
3023 1938 3452 1995 recordabuntur
3494 1958 3507 1992 :
3567 1941 3635 1993 in

355 2035 740 2126 temporalibus
781 2052 1037 2106 obscurat
1068 2059 1122 2106 et
1157 2051 1312 2120 tegit.
1352 2048 1526 2116 Super
1555 2046 1934 2101 candelabrum
2033 2035 2504 2126 Ρνΰθνεινὶθτηίοηον
2536 2050 2640 2104 qua
2669 2035 3054 2104 Prw-variatus
3083 2042 3164 2089 est
3183 2075 3198 2098 ν
3225 2042 3280 2088 ει
3313 2035 3364 2087 in
3385 2043 3638 2102 peccato

356 2125 534 2200 autem
553 2184 569 2209 ,
602 2143 691 2213 qui
717 2156 912 2212 corpus
939 2156 1094 2194 suum
1125 2139 1426 2194 ministerio
1457 2138 1550 2192 Dei
1591 2137 1836 2208 subjicit,
1875 2152 1897 2190 ι

2088 2143 2157 2191 ιο,
2177 2125 2318 2194 quod
2345 2126 2606 2196 peccavit,
2638 2127 2691 2179 in
2715 2126 2844 2195 ipsis
2865 2127 3126 2180 morietur
3147 2125 3358 2195 (Emit.
3382 2125 3571 2195 svnt).
3606 2145 3629 2177 ι

356 2235 606 2305 superior
645 2234 716 2288 sit
759 2231 1072 2304 praedicatio
1115 2231 1391 2294 veritatis,
1437 2229 1662 2284 inferior
1705 2228 1897 2285 servitu

2112 2233 2130 2266 ι
2168 2215 2295 2270 Duae
2323 2215 2532 2286 species
2559 2215 2802 2271 diﬂ‘tciles
2833 2223 2889 2271 et
2921 2215 3237 2285 periculosae
3281 2215 3410 2269 mihi
3447 2231 3639 2286 appa—

358 2326 622 2396 corporis.
2048 2324 2063 2358 ι
2098 2317 2348 2370 ruerunt;
2387 2305 2600 2361 diliicile
2633 2307 2849 2361 exuitur
2877 2308 3162 2378 negotians
3199 2323 3228 2361 a
3257 2308 3634 2379 negligentia;

435 2435 452 2466 ι
493 2413 766 2469 Columnae
795 2427 972 2467 aureae
996 2428 1022 2467 s
1045 2427 1158 2481 'per
1187 2412 1346 2466 bases
1371 2420 1674 2480 argenteas,
1700 2419 1754 2467 et
1778 2412 1938 2482 pedes

2097 2405 2155 2451 et
2187 2413 2292 2451 non
2313 2396 2702 2466 justiﬁcabitur
2734 2411 2906 2465 caupo
2946 2413 2976 2451 a
3005 2399 3244 2466 peccatis
3267 2397 3559 2454 labini-um.
3611 2419 3635 2451 ›

363 2527 383 2559 ι
419 2505 558 2560 firmi
605 2519 770 2574 super
809 2504 1024 2574 plantas
1056 2503 1264 2558 stabilis
1305 2502 1570 2557 mulieris.
1601 2523 1619 2557 ι
1667 2502 1940 2558 Columna:
2037 2487 2139 2544 me
2170 2487 2336 2553 locus»
2363 2488 2465 2545 niSi
2491 2497 2650 2544 εδιιιθ
2677 2489 3006 2558 τθειιιίηιιιτ,
3052 2490 3253 2544 habere
3283 2489 3495 2544 Videtur
3524 2492 3645 2546 ³ιέ-

359 2612 538 2654 aurote
576 2605 702 2651 sunt
723 2597 970 2651 doctores
1003 2595 1176 2664 sancti
1207 2595 1325 2650 luce
1367 2593 1642 2664 sapientite
1671 2593 1900 2662 praeclari

2098 2594 2198 2634 tam
2223 2580 2658 2636 contrarietatem
2679 2621 2696 2645 ,
2721 2589 2778 2635 et
2805 2595 3024 2636 movere
3061 2582 3432 2651 quastioncm.
3477 2582 3639 2638 Nam

359 2691 450 2759 qui
480 2703 642 2758 super
670 2687 829 2742 bases
857 2695 1140 2758 argenteas
1172 2663 1522 2750 collocantur,
1553 2699 1677 2739 cum
1713 2683 1900 2755 eloquii

2131 2669 2309 2726 omnis
2348 2671 2652 2741 negotiator
2686 2670 2772 2725 vel
2815 2685 2986 2740 caupo
3025 2672 3246 2726 munitio
3283 2663 3647 2731 damnandus

358 2779 763 2851 Scripturarum
788 2793 1064 2834 sacrarum
1091 2777 1472 2848 praedicatione
1494 2791 1591 2831 sua
1616 2776 1899 2832 innituntut

2106 2768 2155 2827 t,
2193 2774 2297 2817 nec
2328 2761 2402 2816 illi
2439 2761 2579 2816 hanc
2613 2775 2829 2831 pinnam
2864 2759 3170 2832 refugiunt,
3205 2763 3298 2832 qui
3322 2771 3467 2818 artes
3491 2764 3647 2819 reli-

357 2869 634 2926 Columnis
651 2870 794 2924 enim
817 2870 1011 2924 merito
1036 2868 1262 2939 apostoli
1293 2876 1352 2922 et
1372 2867 1652 2938 apostolici
1672 2867 1774 2922 viri
1797 2881 1946 2924 com-
2037 2865 2178 2924 quas
2197 2865 2454 2908 οιθτοθΐθ
2493 2861 2812 2918 mnu“:
2853 2851 2984 2920 quid
3007 2859 3092 2906 εει
3117 2853 3260 2906 enim
3290 2852 3433 2908 aliud
3457 2868 3649 2924 negl!-

360 2945 641 3034 parantur,
669 2962 796 3031 quia
837 2969 1051 3016 terrena
1088 2960 1221 3014 vitia
1261 2959 1315 3014 in
1359 2960 1467 3015 imo
1502 2959 1842 3030 deprimunt,
1888 2965 1946 3014 et
2043 2946 2216 3012 ιίθιίοο
2245 2945 2350 3001 nisi
2379 2961 2500 3015 qua?
2535 2954 2756 3015 Possm"
2783 2945 2940 3000 νίιίιιε
2976 2954 3243 3009 consum,
3283 2944 3464 3000 carius
3486 2946 3646 3001 Velle

360 3067 624 3122 supernas
663 3051 892 3105 virtutes
933 3051 1000 3105 ad
1043 3049 1270 3121 gratiam
1308 3049 1452 3119 regis
1489 3049 1730 3105 etnlestis
1769 3049 1945 3105 extol-
1970 3101 2012 3122 Π
2043 3040 2381 3096 distrahere?
2425 3037 2692 3094 Caeterum
2738 3038 2792 3092 in
2829 3036 2968 3094 Vitis
3008 3045 3220 3107 patrum
3261 3037 3642 3107 Paphnutius!

525 3101 736 3192 illorum—
755 3101 921 3208 pedes
1969 3101 2014 3165 Ο
2045 3130 2194 3186 illum
2215 3130 2618 3187 sanctissimum
2637 3129 2835 3194 virum,
2857 3144 2958 3200 per
2981 3101 3152 3183 revela
3162 3101 3362 3182 tionem
3386 3127 3654 3199 negotia-

360 3229 499 3282 biliti
567 3235 734 3291 sunt,
805 3227 930 3295 quia
982 3226 1225 3280 incessus
1274 3224 1669 3294 praedicationis
1722 3240 1943 3292 eorum,
2045 3223 2148 3277 tori
2195 3222 2420 3293 legimus
2463 3230 2866 3290 comparatum,
2907 3221 3174 3290 hodieque
3219 3220 3518 3276 invenimus
3577 3220 3643 3276 in

361 3331 469 3385 quo
500 3331 600 3385 per
633 3323 805 3369 totum
840 3315 1029 3369 orbem
1051 3313 1271 3368 verbum
1305 3312 1402 3366 Dei
1423 3311 1942 3368 dissetninaverunt:
2043 3312 2281 3369 Ecclesia
2312 3319 2607 3368 tractantes
2633 3310 2850 3382 quidem
2875 3309 3250 3375 mercimonia,
3283 3309 3378 3366 sed
3408 3324 3642 3364 summa

367 3421 389 3456 ι
435 3405 490 3459 In
531 3418 748 3460 omnem
788 3404 935 3460 enim
974 3413 1175 3460 terram
1219 3403 1387 3459 exivit
1424 3417 1590 3458 sonus
1626 3417 1850 3469 eorum,
1891 3411 1947 3460 et
2044 3403 2150 3459 ﬁde
2172 3403 2454 3474 pollentes.
2477 3402 2648 3458 Actus
2669 3403 2813 3458 enim
2839 3402 3128 3472 pessimus,
3148 3416 3256 3456 non
3284 3416 3370 3456 res
3395 3400 3644 3455 honesta

366 3512 386 3547 ι
422 3495 474 3549 in
515 3494 651 3550 lines
684 3494 832 3550 orbis
855 3501 1014 3549 terrm
1053 3495 1215 3549 verba
1253 3508 1442 3550 eorum
1479 3491 1655 3565 (Paul.
1693 3493 1886 3565 xvnt):
1920 3513 1939 3546 ι
2043 3494 2332 3550 damnatur
2360 3511 2374 3549 :
2406 3494 2548 3550 sicut
2566 3494 2708 3549 etde
2741 3493 2908 3550 divite
2933 3491 3160 3562 legimus
3186 3506 3294 3547 non
3317 3491 3545 3546 introire
3579 3492 3644 3547 in

361 3600 526 3654 super
559 3584 842 3641 catholicae
870 3584 993 3640 ﬁdei
1023 3584 1371 3640 stabilitatem
1413 3585 1639 3641 ﬁrmiter
1675 3586 1942 3642 consistit.
2044 3600 2270 3658 regnum
2299 3585 2584 3644 caelorum.
2613 3585 2747 3642 Cum
2773 3592 2952 3640 tamen
2981 3583 3101 3650 Job,
3131 3582 3421 3648 Abraham,
3451 3581 3641 3650 Isaac,

365 3678 440 3732 De
477 3692 586 3747 quo
621 3686 676 3732 et
713 3677 954 3745 sequitur
995 3695 1008 3730 :
2043 3675 2210 3733 Iacob
2243 3676 2566 3746 patriarchae
2593 3675 2748 3731 valde
2771 3674 2975 3731 fuerint
2997 3674 3293 3730 allluentrs.
3317 3673 3647 3744 Negotium-

438 3788 457 3819 ε
498 3768 870 3824 Fundamenta
909 3777 1110 3823 aeterna
1150 3783 1314 3839 super
1353 3778 1559 3839 petram
1602 3771 1848 3837 solidam,
1890 3779 1947 3827 et
2045 3781 2137 3823 res
2159 3781 2288 3838 ergo
2321 3767 2400 3822 illi
2426 3764 2813 3822 abominabiles
2840 3766 3195 3830 aestimantur,
3226 3765 3317 3835 qui
3353 3763 3646 3832 justitiam

368 3879 386 3911 ι
427 3859 678 3912 mandata
719 3858 817 3914 Dei
859 3859 912 3913 in
966 3858 1130 3914 corde
1181 3859 1426 3914 mulieris
1477 3868 1696 3916 sancte.
1747 3879 1765 3912 ι
1811 3861 1946 3917 Tota
2047 3858 2258 3914 Domini
2283 3858 2505 3914 minime
2532 3857 2953 3918 considerantes.
2985 3871 3084 3926 per
3105 3855 3511 3912 immoderatam
3541 3871 3651 3925 pe

363 3951 506 4004 enim
549 3950 860 4020 prtedicatio
893 3951 1256 4021 apostolorum
1290 3958 1346 4006 et
1375 3951 1828 4020 evangelistarum
1861 3968 1949 4009 su-
2046 3949 2219 4004 cuniae
2273 3947 2621 4004 ambitionem
2677 3945 3018 4016 polluuntur,
3072 3959 3281 4000 merces
3327 3958 3452 3999 suas
3504 3943 3650 4011 plus

364 4055 461 4108 per
490 4049 697 4110 petram
729 4042 975 4105 solidam,
1013 4044 1115 4097 hoc
1147 4051 1249 4103 est,
1282 4042 1557 4096 Christum
1594 4043 1813 4098 fundata
1841 4052 1942 4099 est.
2046 4041 2298 4112 perjnriis
2327 4040 2600 4096 onerando
2628 4054 2788 4110 quam
2815 4039 3024 4108 pretiis.
3055 4038 3212 4094 Tales
3239 4037 3496 4092 Dominus
3515 4037 3650 4106 eje-

366 4129 570 4184 ldcirco
601 4131 853 4184 mamlata
889 4129 980 4184 Dci
1023 4131 1076 4183 in
1111 4131 1273 4185 corde
1306 4139 1506 4184 sancta:
1547 4132 1808 4196 mulieris,
1844 4132 1947 4189 hoc
2047 4132 2121 4186 cit
2143 4131 2208 4186 de
2237 4130 2452 4202 templo,
2479 4131 2661 4186 dicens
2692 4148 2704 4184 :
2741 4149 2760 4183 ί
2797 4129 2972 4185 Nolite
3001 4131 3176 4184 facere
3201 4129 3417 4184 domum
3448 4127 3652 4185 Patris

363 4230 447 4274 est
469 4221 745 4285 Ecclesiae,
771 4221 1329 4291 sunttransplantata.
1370 4221 1596 4292 Ipseque
1631 4222 1948 4277 fundameu-
2049 4221 2154 4275 mei
2200 4221 2418 4276 domum
2462 4221 2873 4292 negotiationis,
2915 4228 2972 4277 et
3009 4220 3315 4290 speluncam
3356 4219 3649 4276 latronum

367 4321 478 4366 ttun
521 4313 714 4367 merito
754 4312 971 4377 dicitur,
1010 4313 1101 4382 qui
1143 4313 1220 4368 sic
1260 4313 1553 4368 Ecclesium
1594 4329 1744 4368 suam
1779 4315 1948 4370 conti-
2051 4310 2263 4382 (Matth.
2297 4309 2434 4382 χιιι).
2471 4331 2490 4364 ι
2521 4310 2742 4366 Diliicile
2767 4327 2896 4382 ergo
2917 4312 3131 4366 exuitur
3155 4312 3438 4381 negotians
3464 4325 3496 4364 a
3525 4326 3649 4365 ne—

365 4411 475 4468 nct,
501 4411 558 4456 ιιι
585 4402 726 4457 nulla
749 4405 919 4471 possit
953 4404 1296 4472 quassatione
1341 4404 1594 4466 titubare,
1637 4404 1776 4458 sicut
1816 4403 1947 4460 dicit
1978 4453 2020 4472 η
2049 4402 2320 4472 gligcntia,
2369 4400 2522 4470 cujus
2566 4418 2719 4458 mens
2753 4402 2907 4458 ardet
2950 4403 3004 4456 in
3046 4403 3396 4472 pecuniarum
3426 4416 3648 4456 conca-

363 4493 650 4563 Apostolus
678 4511 689 4546 :
725 4513 743 4545 ι
775 4493 1205 4549 Fundamentum
1239 4494 1382 4548 enim
1407 4494 1551 4548 aliud
1575 4509 1733 4548 nemo
1772 4503 1946 4562 potest
1975 4453 2022 4511 D
2048 4453 2338 4562 piscantis;
2376 4500 2430 4546 et
2474 4507 2577 4546 non
2615 4490 3004 4559 justiticabitur
3029 4453 3198 4562 craupo
3225 4508 3258 4545 a
3284 4491 3518 4562 peccatis
3549 4491 3651 4545 la-

363 4596 563 4651 pouere
602 4591 798 4652 praeter
831 4582 883 4636 id
915 4583 1056 4650 quod
1097 4584 1330 4654 positum
1364 4595 1467 4647 est,
1501 4584 1643 4653 quod
1675 4595 1758 4638 est
1792 4583 1945 4639 Cbri-
2047 4582 2280 4646 bierunt,
2307 4581 2397 4651 qui
2426 4581 2614 4637 fraude
2631 4583 2809 4652 aliqua
2834 4583 2917 4638 vel
2948 4583 3088 4638 lictis
3107 4583 3289 4637 verbis
3316 4583 3653 4637 subvertere

364 4683 478 4729 stus
516 4673 672 4729 Jesus
706 4673 756 4746 (I
784 4673 906 4727 Cor.
935 4674 1036 4743 ιιι).
1071 4694 1089 4726 ι
1129 4673 1318 4729 Merito
1356 4689 1484 4744 ergo
1525 4673 1594 4730 ab
1634 4674 1750 4743 ipso
1787 4675 1947 4730 sumi-
2047 4671 2227 4727 studet
2249 4669 2515 4739 justitiam
2545 4671 2927 4739 proximorum.

365 4771 454 4818 tur
489 4765 862 4820 mdilicationis.
903 4765 1159 4834 spiritalis
1196 4765 1512 4832 exordium,
1553 4780 1713 4835 quem
1763 4781 1946 4822 rerum
2659 4781 2886 4839 CAPUT
2927 4781 3014 4836 vl,

365 4854 608 4917 omnium
646 4863 859 4910 constat
896 4869 1015 4910 esse
1054 4855 1400 4926 principium.

2110 4881 2276 4942 raptor
2307 4872 2539 4942 inopiam
2575 4873 2726 4928 multi
2749 4873 3078 4943 delinquunt,
3102 4874 3192 4928 sed
3213 4875 3288 4943 in
3309 4874 3498 4941 quibus
3526 4890 3651 4930 non

442 4963 460 4996 ι
509 4944 568 4998 1n
607 4946 815 5000 duobus
853 4947 1233 5002 contristatum
1272 4955 1356 5003 est
1392 4961 1488 5004 cor
1535 4961 1714 5004 meum
1738 4987 1754 5014 ,
1796 4956 1852 5003 et
1889 4946 1944 5002 in
2121 4952 2194 4996 est
2232 4943 2471 5024 charitas
2497 4943 2626 5024 Dei,
2666 4960 2788 4997 nam
2830 4961 2864 4998 α
2905 4942 3160 5000 dictitata
3197 4942 3296 4999 Dei
3341 4944 3488 5000 nulla
3535 4963 3651 5001 nos

372 5053 392 5090 ι
441 5035 600 5089 tertio
640 5036 916 5092 iracundia
956 5039 1088 5092 mihi
1128 5039 1343 5094 advenit
1397 5056 1410 5092 :
1468 5039 1552 5095 vir
1586 5038 1816 5095 bellator
1857 5039 1913 5094 de

1323 5047 1343 5094 ι
1397 5056 1410 5092 τ
1468 5039 1552 5095 νὴ,
1586 5038 1816 5095 beuamr
1857 5039 1947 5094 ἀε-
2121 5021 2361 5067 creatura
2386 5021 2572 5084 poterit
2601 5029 2861 5083 separare.

375 5141 398 5183 ι
441 5121 629 5181 ﬁciens
663 5140 760 5196 per
795 5127 1051 5197 inopiam,
1082 5137 1151 5182 et
1176 5129 1260 5182 vir
1299 5137 1550 5184 sensatus
1586 5138 1944 5199 contemptus,
2126 5145 2146 5180 ι
2181 5124 2330 5198 (Car.
2359 5123 2552 5196 xxvn.)
2579 5123 2806 5194 Propter
2828 5124 3064 5194 inopiam
3088 5123 3246 5180 multi
3266 5123 3644 5193 deliquerunt,

376 5234 398 5281 σ
439 5225 496 5273 et
530 5218 621 5288 qui
650 5219 1042 5289 transgreditur
1067 5234 1098 5273 a
1123 5218 1332 5288 justitia
1361 5221 1428 5275 ad
1457 5229 1772 5290 peccatum;
1805 5220 1947 5276 Deus
2057 5233 2076 5268 ι
2112 5224 2166 5271 et
2192 5215 2285 5284 qui
2311 5213 2506 5284 quaerit
2533 5213 2875 5283 locupletari,
2915 5213 3113 5268 avertit
3135 5212 3350 5268 oculum
3389 5227 3572 5266 suum.
3619 5233 3641 5264 ι

376 5327 397 5367 t
438 5311 653 5380 paravit
679 5325 801 5366 eum
830 5309 898 5365 ad
928 5311 1315 5380 rbompbaeam.
1355 5329 1374 5363 ι
1417 5311 1512 5366 His
1541 5310 1822 5366 sententiis
1851 5311 1946 5367 dc-
2053 5303 2203 5358 Mulli
2233 5317 2360 5374 ergo
2383 5319 2480 5373 per
2501 5303 2734 5372 inopiam
2764 5303 3110 5372 delinquunt,
3161 5301 3257 5356 sed
3297 5300 3466 5371 magis
3502 5316 3645 5370 pro-

369 5409 604 5458 testatur
625 5401 892 5472 sapientia
916 5400 1198 5457 stultitiam
1229 5415 1419 5457 sensus
1440 5400 1684 5466 humani,
1709 5415 1832 5456 cum
1854 5415 1952 5470 per
2053 5405 2173 5466 pter
2234 5395 2468 5465 inopiam
2510 5394 2688 5449 cordis
2731 5407 2889 5464 quam
2949 5393 3194 5461 corporis
3225 5408 3238 5446 :
3270 5391 3396 5460 quia
3435 5389 3644 5444 multos

372 5488 714 5562 fragilitatem
742 5492 924 5549 carnis
947 5492 1125 5563 perdit
1151 5491 1388 5546 laborem
1421 5491 1658 5556 virtutis,
1687 5491 1800 5546 sive
1828 5507 1952 5546 cum
2055 5487 2200 5542 viros
2229 5493 2443 5541 sanctos
2469 5499 2734 5554 pauperes
2774 5483 2933 5538 rebus
2962 5482 3015 5536 in
3050 5481 3153 5537 hoc
3187 5482 3385 5535 mundo
3408 5495 3528 5535 esse
3565 5480 3644 5532 lc-

373 5599 471 5652 pcr
503 5585 827 5642 dementiam
863 5586 1045 5643 cordis
1086 5585 1259 5641 nescit
1292 5571 1616 5641 electionem
1654 5584 1731 5638 rei
1769 5583 1954 5638 melio-
2055 5579 2260 5649 gimus,
2284 5577 2476 5632 divites
2510 5585 2689 5631 autem
2722 5575 2774 5630 in
2803 5575 2906 5630 ﬁde
2933 5583 2988 5630 ct
3018 5574 3337 5639 virtutibus;
3375 5574 3464 5644 qui
3491 5587 3648 5628 carn-

373 5677 472 5742 ris,
503 5693 596 5732 seu
629 5695 772 5744 cum,
815 5680 1028 5735 deserto
1069 5677 1281 5732 tramite
1313 5677 1579 5740 veritatis,
1624 5673 1856 5730 declinat
1900 5673 1954 5727 in
2057 5672 2178 5726 dcm
2221 5670 2381 5726 ﬁdem
2419 5670 2618 5725 Christi
2663 5678 2718 5723 et
2761 5667 3022 5740 justitiam
3064 5666 3180 5738 (‘jus
3225 5667 3365 5723 inter
3407 5664 3641 5718 adversa
