3926 6168
263 229 362 282 961

1152 220 1505 275 CUIilMENT.
1547 219 1612 274 ῘΝ
1657 214 2263 275 [CCCLESIASTICURL
2305 248 2373 256 —
2411 216 2535 271 LIB.
2582 216 2644 273 Vl

3430 218 3535 275 932

260 340 421 395 iStius
446 334 630 392 seculi
673 348 847 403 usque
891 333 943 385 in
982 330 1140 385 ﬁnem
1176 332 1297 385 vitae
1326 336 1712 394 servaverunt,
1743 330 1848 384 sic-
1879 333 1918 391 Λ
1949 330 2040 399 qui
2073 328 2308 384 triticum
2340 338 2529 402 purgat
2558 327 2862 384 ventilando
2891 339 3201 397 concutere,
3235 331 3390 388 docet
3419 335 3539 389 nul-

259 447 367 503 que
393 432 462 486 ad
486 442 742 485 coronam
784 434 1001 481 mtcrnae
1027 425 1152 478 vita:
1178 431 1573 493 pervenerunt;
1604 421 1695 490 qui
1741 436 1852 474 mc-

258 523 343 593 gis
385 521 699 575 thesaurum
747 515 1022 571 cmlestem
1073 528 1235 584 quam
1300 520 1615 567 terrestrem
1658 511 1850 581 quaesi-

257 622 442 668 erunt.
479 631 499 664 ι
526 609 675 665 Beati
699 621 965 681 pauperes
988 606 1205 674 spiritu,
1230 605 1481 674 quoniam
1506 605 1746 674 ipsorum
1767 611 1851 659 est

257 717 487 775 regnum
524 698 807 755 caelorum.
840 716 859 749 ι
893 694 1075 749 Atille
1096 694 1188 765 qui
1211 694 1407 763 qumrit
1439 693 1495 748 in
1527 693 1629 748 hoc
1648 693 1851 747 mundo

252 789 599 863 Mupietari,
642 787 840 843 avertit
877 785 1093 842 oculum
1136 797 1293 839 suum
1336 797 1367 837 a
1405 783 1603 838 timore
1640 782 1754 847 Dei,
1795 788 1853 835 et

256 882 507 953 sequitur
545 879 869 951 cupiditates
908 876 1067 933 istius
1100 874 1309 941 mundi,
1346 874 1472 930 ideo
1503 872 1712 929 carebit
1751 873 1850 928 be-

257 970 574 1030 nedictioue
605 970 845 1025 caelestis
883 966 1063 1038 regni.

334 1083 355 1114 ι
397 1062 552 1119 Sicut
590 1062 646 1117 in
683 1060 868 1117 medio
897 1058 1234 1129 compaginis
1273 1056 1509 1128 lapidum
1547 1056 1701 1127 palus
1741 1055 1853 1126 ﬁgi-

261 1172 282 1205 α
318 1162 433 1217 tur,
463 1153 545 1208 sic
571 1162 631 1208 et
658 1152 804 1207 inter
832 1150 1068 1205 medium
1096 1148 1422 1205 venditionis
1465 1157 1519 1202 et
1561 1147 1850 1218 emptionis

260 1263 281 1296 ε
318 1242 718 1315 angustiabitur
742 1241 1000 1311 peccatis.
1039 1258 1058 1291 ι
1100 1240 1236 1310 Apte
1262 1254 1359 1309 per
1389 1236 1846 1307 comparationem

253 1335 365 1405 pali
395 1335 450 1389 in
492 1334 670 1390 medio
699 1333 931 1403 lapidum
962 1331 1074 1393 ﬁxi,
1102 1329 1357 1399 exprimit
1382 1328 1848 1397 intcremptionem

253 1437 312 1481 et
342 1426 706 1482 venditionem
736 1424 1039 1495 angustiam
1070 1421 1217 1476 avari
1251 1436 1267 1475 :
1297 1421 1381 1476 cui
1416 1426 1523 1474 tam
1548 1422 1737 1475 deesse
1766 1419 1848 1473 vi-

252 1517 414 1572 detur
433 1515 577 1587 quod
606 1515 791 1580 habet,
828 1529 989 1585 quam
1025 1512 1168 1583 quod
1195 1526 1300 1567 non
1331 1512 1494 1566 habet
1519 1528 1534 1565 :
1565 1511 1690 1580 quia
1721 1511 1846 1564 dum

256 1608 415 1662 timet
458 1606 709 1661 amittere
759 1607 903 1675 quod
949 1604 1224 1676 possidet,
1275 1610 1331 1658 et
1379 1602 1556 1657 aliena
1613 1616 1843 1671 rapere,

253 1697 443 1752 animo
488 1673 822 1752 incessanter
859 1673 1046 1760 ardet,
1097 1708 1312 1765 semper
1353 1692 1501 1747 illum
1548 1691 1848 1773 sollicitudo
1878 1673 1923 1732 Β

253 1787 423 1842 noxia
453 1794 682 1856 torquet.
721 1784 827 1842 Sed
871 1786 998 1841 licet
1031 1785 1122 1840 hic
1164 1784 1469 1855 hujusmodi
1520 1790 1847 1838 tormentum

252 1878 476 1943 habeat,
509 1878 557 1934 si
585 1893 647 1935 se
670 1894 778 1934 non
807 1877 1122 1939 correxerit,
1155 1884 1364 1932 certum
1394 1882 1479 1930 est
1508 1883 1568 1930 ut
1610 1873 1848 1929 futuram

250 1973 519 2044 gehennae
558 1985 773 2041 pmnam
804 1984 910 2025 non
937 1968 1149 2024 evadat.
1193 1966 1293 2024 Ubi
1333 1965 1397 2021 ﬁt
1420 1964 1663 2037 profecto
1705 1962 1849 2036 quod

254 2065 506 2135 sequitur
528 2082 542 2119 :

333 2176 355 2208 ς
390 2155 712 2211 Conteretur
730 2168 857 2211 cum
877 2152 1224 2222 delinquente
1249 2150 1526 2207 delictum.
1563 2169 1582 2203 ι
1614 2151 1692 2206 ibi
1719 2167 1851 2223 ergo

252 2255 440 2302 cessat
473 2246 826 2317 pecuniarum
858 2244 1107 2310 ambitio,
1147 2242 1238 2298 ubi
1283 2242 1513 2311 raptoris
1553 2242 1731 2296 anima
1772 2242 1847 2296 si-

251 2336 371 2392 mul
396 2343 455 2392 et
472 2351 670 2407 corpus
703 2335 999 2405 punientur
1020 2333 1074 2389 in
1108 2333 1361 2388 examine
1393 2331 1703 2386 novissimo.
1740 2330 1846 2386 Sed

252 2428 385 2499 quia
416 2428 532 2484 sola
557 2435 643 2484 est
671 2442 834 2483 causa
860 2440 960 2496 per
989 2439 1152 2496 quam
1180 2423 1376 2479 salvari
1406 2430 1585 2492 potest
1612 2422 1845 2477 humana

252 2527 478 2585 natura,
523 2517 797 2589 quomodo
834 2517 952 2574 ha-c
997 2514 1167 2571 multa
1207 2514 1364 2570 Vllal'i
1407 2514 1618 2585 possint
1654 2513 1849 2569 discri-

250 2610 426 2675 mina,
444 2609 693 2679 protinus
717 2606 1088 2680 subjungendo
1109 2605 1378 2662 ostendit:

335 2720 355 2753 ι
396 2699 458 2757 Si
485 2715 599 2756 non
636 2700 695 2756 in
735 2699 933 2756 timore
966 2696 1183 2754 Domini
1215 2696 1455 2752 tenueris
1482 2703 1538 2751 te
1561 2695 1846 2762 instanter,

257 2812 277 2844 ι
314 2791 427 2847 cito
452 2792 798 2848 subvertetur
816 2792 1008 2847 domus
1029 2798 1143 2844 tua.
1174 2808 1194 2841 ι
1229 2785 1571 2843 Manifestum
1596 2794 1683 2842 est
1705 2788 1848 2841 enim

250 2884 403 2955 quod
432 2883 597 2939 timor
624 2882 836 2938 Domini
863 2880 1100 2937 hominis
1124 2877 1362 2936 custodit
1388 2878 1590 2943 vitam;
1618 2893 1777 2948 quem
1802 2879 1849 2933 si

253 2976 585 3041 deseruerit,
606 2989 732 3031 mox
759 2974 1104 3030 inimicorum
1129 2971 1342 3028 insidiis
1361 2979 1524 3042 atque
1548 2971 1847 3026 seductioni

252 3067 486 3140 patebit.
544 3085 564 3117 ι
617 3066 853 3122 Timenti
906 3066 1053 3122 enim
1106 3064 1393 3120 Dominum
1443 3077 1660 3133 semper
1711 3064 1861 3119 bene

253 3159 399 3225 erit,
435 3179 458 3212 ι
496 3157 625 3229 quia
666 3157 829 3213 timor
868 3156 1081 3213 Domni
1122 3154 1243 3212 fons
1271 3163 1357 3210 est
1393 3153 1548 3219 vitae,
1591 3153 1760 3225 gloria
1796 3165 1851 3210 et

253 3250 451 3308 laetitia
486 3257 545 3305 et
578 3262 784 3305 corona
810 3246 1185 3304 exsultationis
1217 3264 1231 3301 :
1271 3260 1433 3316 quem
1465 3245 1558 3316 qui
1596 3246 1849 3311 tenuerit,

253 3341 352 3398 hic
374 3342 645 3398 bonorum
663 3353 890 3410 operum
913 3337 1090 3410 dignis
1128 3336 1339 3392 meritis
1364 3335 1581 3400 crescit,
1608 3343 1665 3391 et
1687 3336 1745 3391 in
1770 3333 1854 3390 fu-

256 3439 386 3487 turo
417 3429 682 3502 laetitiam
730 3436 789 3485 et
843 3428 1101 3502 gaudium
1154 3428 1211 3483 in
1259 3427 1592 3498 longitudine
1643 3427 1851 3483 dierum

259 3499 506 3579 habebit.

340 3635 359 3667 ι
396 3613 552 3671 Sicut
584 3613 649 3669 in
664 3626 991 3684 percussura
1020 3610 1185 3667 cribri
1214 3610 1519 3666 remanebit
1543 3609 1741 3680 pulvis,
1774 3610 1854 3665 sic

264 3725 286 3759 ι
317 3704 511 3776 ‘aporia
538 3703 777 3759 hominis
801 3703 854 3759 in
894 3702 1131 3774 cogitatu
1169 3700 1332 3756 illius.
1363 3701 1505 3757 Vasa
1542 3700 1688 3772 ﬁguli
1727 3715 1854 3770 pro-

266 3815 288 3849 ι
324 3797 421 3853 bat
451 3794 666 3861 fornax,
696 3802 753 3851 et
796 3793 1044 3849 homines
1085 3790 1264 3861 justus
1294 3792 1516 3848 tentatio
1551 3791 1854 3846 tribulatio-

263 3908 288 3941 α
321 3890 429 3945 nis.
463 3908 482 3942 ι
524 3886 876 3943 Convenienti
917 3883 1166 3954 exemplo
1199 3883 1440 3940 ostendit
1478 3883 1728 3939 timorem
1759 3882 1852 3937 Dei

256 3997 498 4053 purgare
541 3980 785 4036 animum
819 3977 1072 4034 hominis.
1108 3975 1263 4033 Sicut
1284 3976 1430 4032 enim
1460 3974 1698 4031 cribrum
1725 3990 1857 4045 pur-

255 4079 517 4143 gamenta
543 4069 769 4141 colligit,
793 4077 850 4125 et
870 4083 1039 4140 grana
1060 4082 1091 4122 a
1109 4067 1281 4138 paleis
1309 4066 1562 4131 secernit,
1592 4065 1666 4119 ita
1694 4065 1857 4121 timor

256 4162 363 4218 Dei
387 4176 490 4233 per
512 4176 699 4217 curam
728 4169 892 4232 atque
916 4175 1173 4231 angorem
1198 4159 1365 4216 animi
1393 4172 1582 4215 omnes
1608 4156 1855 4213 sordidas

255 4253 624 4324 cogitationes
649 4269 680 4309 a
706 4254 872 4309 corde
895 4252 1133 4323 expellit.
1159 4251 1226 4307 Et
1254 4251 1395 4307 sicut
1411 4265 1538 4306 vasa
1561 4249 1707 4319 ﬁguli
1730 4263 1855 4319 pro-

1949 421 2054 477 lius
2101 422 2259 478 ﬁdem
2306 437 2338 475 a
2367 422 2578 476 diabolo
2627 421 2727 476 nisi
2775 419 2886 477 Deo
2928 423 3272 491 permittente
3303 428 3530 493 tentari;

1950 510 2164 566 Satanze
2194 509 2390 581 quippe
2431 511 2499 565 ad
2530 511 2874 567 cribrundum
2920 511 3091 568 bonos
3120 520 3371 584 expetere
3391 556 3406 582 ,
3452 524 3537 572 est

1950 603 2016 656 ad
2043 601 2389 658 afﬁlctioncm
2415 617 2602 659 eorum
2630 604 2848 659 malitiae
2871 604 3090 660 aestibus
3115 606 3388 662 anhelare.
3417 608 3535 676 Quo

1948 692 2094 748 enim
2118 706 2303 747 eorum
2332 693 2686 748 tentationem
2711 694 2957 750 invidens
2985 696 3205 766 appetit,
3232 712 3298 752 eo
3323 697 3533 754 illorum

1949 781 2101 850 quasi
2146 780 2518 852 probationem
2559 782 2857 853 deprecans
2904 786 3057 855 petit.
3105 786 3238 843 Cum
3268 803 3397 844 vero
3435 805 3537 859 pro

1949 871 2110 929 Petro
2138 888 2334 946 rogans
2374 872 2626 931 Salvator
2653 892 2757 931 non
2803 888 2862 931 ut
2892 887 3151 945 tentetur,
3196 881 3290 935 sed
3324 889 3383 936 ut
3428 900 3535 939 non

1949 963 2165 1020 deﬁciat
2201 964 2335 1021 ﬁdes
2360 964 2477 1034 ejus
2504 964 2768 1033 obsecrat,
2797 968 2901 1023 hoc
2928 975 3037 1031 est,
3072 981 3129 1023 ut
3165 979 3285 1040 post
3325 969 3534 1042 lapsum

1948 1056 2255 1127 negationis
2279 1058 2346 1111 ad
2376 1064 2576 1112 statum
2604 1059 2893 1130 pristinum
2927 1059 3238 1130 pmnitendo
3269 1072 3532 1134 resurgat,

1950 1149 2187 1204 insinuat
2212 1149 2342 1204 utile
2372 1150 2576 1206 sanctis
2614 1167 2734 1206 esse
2767 1153 3120 1207 tentationum
3150 1151 3381 1208 ﬂammis
3409 1171 3537 1210 exa-

1948 1241 2173 1305 minari,
2205 1249 2263 1295 ut
2291 1242 2372 1295 vel
2406 1243 2595 1297 tentati
2626 1244 2750 1313 quia
2789 1242 2955 1298 fortes
2990 1244 3188 1299 fuerint
3217 1254 3533 1315 appareant,

1946 1331 2031 1386 vel
2055 1332 2271 1402 cognita
2301 1349 2397 1404 per
2427 1334 2748 1389 tentatioues
2777 1349 2872 1388 sua
2908 1335 3247 1399 inﬁrmitate,
3282 1334 3537 1392 fortiores

1948 1420 2065 1475 ﬁeri
2096 1421 2332 1485 discant,
2359 1432 2414 1478 et
2438 1423 2516 1478 sic
2543 1439 2664 1478 cum
2694 1425 2904 1494 probati
2938 1424 3155 1490 fuerint,
3187 1426 3455 1495 accipiant
3483 1437 3539 1481 ct

1946 1515 2046 1584 ipsi
2086 1530 2342 1571 coronam
2372 1514 2496 1569 vitm
2536 1529 2697 1584 quam
2743 1516 3050 1587 repromisit
3088 1516 3229 1571 Deus
3269 1516 3541 1587 diligenti-

1949 1605 2052 1659 bus
2080 1620 2158 1659 se.
3072 1644 3096 1665 κ

2026 1714 2044 1747 ι
2079 1694 2233 1751 Sicut
2258 1696 2540 1750 rusticatio
2568 1695 2633 1750 de
2659 1697 2807 1766 ligno
2843 1696 3076 1751 ostendit
3105 1696 3338 1752 fructum
3370 1699 3535 1767 illius,

1955 1805 1974 1838 c
2013 1787 2092 1841 sic
2124 1786 2349 1841 verbum
2374 1787 2733 1857 excogitatum
2762 1786 2997 1840 hominis
3028 1802 3139 1841 cor.
3175 1805 3194 1837 ι
3227 1787 3396 1856 Hujus
3423 1805 3541 1844 sen-

1948 1879 2131 1933 tentia:
2169 1892 2391 1933 sensum
2431 1877 2681 1947 exposuit
2727 1877 2840 1947 ipsa
2871 1878 3083 1933 Veritas
3132 1879 3182 1932 in
3228 1878 3535 1952 Evangelia.

1949 1967 2040 2022 ubi
2070 1967 2146 2021 ait
2176 1985 2190 2021 :
2225 1986 2243 2018 ε
2280 1967 2627 2037 Unaquaeque
2653 1968 2815 2023 arbor
2841 1983 2907 2023 ex
2934 1967 3109 2023 fructu
3142 1984 3238 2024 suo
3262 1971 3541 2042 cognosci-

1948 2066 2039 2113 tur
2068 2077 2082 2112 :
2112 2073 2289 2128 neque
2323 2059 2466 2114 enim
2497 2061 2564 2114 de
2593 2059 2764 2129 spinis
2789 2059 3047 2131 colligunt
3087 2059 3238 2125 ﬁcus,
3271 2077 3446 2133 neque
3474 2064 3541 2117 de

1949 2149 2084 2205 rubo
2112 2150 2447 2205 vindemiant
2484 2164 2663 2203 uvam.
2711 2147 2890 2204 Bonus
2932 2150 3094 2205 homo
3137 2149 3204 2204 dc
3248 2151 3390 2205 bono
3421 2152 3540 2206 the-

1948 2258 2112 2299 sauro
2142 2241 2320 2298 cordis
2356 2241 2439 2297 sui
2472 2240 2681 2311 profert
2720 2240 2953 2304 bonum,
2986 2249 3040 2296 et
3080 2241 3250 2296 malus
3278 2226 3440 2297 homo
3471 2243 3539 2297 de

1948 2333 2092 2389 malo
2123 2333 2379 2388 thesauro
2405 2332 2613 2403 profert
2650 2332 2850 2387 malum
2879 2348 2891 2385 :
2924 2347 2988 2387 ex
3021 2331 3346 2387 abundantia
3393 2334 3539 2388 enim

1948 2424 2129 2479 cordis
2168 2439 2231 2479 os
2270 2423 2513 2495 loquitur
2541 2423 2752 2495 (Matth.
2786 2438 2896 2489 vn;
2942 2421 3069 2476 Luc.
3103 2422 3200 2496 vi).
3249 2442 3269 2476 ι
3313 2422 3535 2479 Cultura

1947 2530 2077 2587 ergo
2104 2517 2233 2590 ligni
2270 2517 2324 2572 in
2352 2515 2527 2572 fructu
2561 2516 2874 2571 manifestat
2898 2515 3212 2586 qualitatem
3240 2515 3408 2587 ipsius
3434 2532 3535 2571 suo

1947 2608 2139 2664 cultori
2162 2650 2177 2674 ,
2207 2609 2331 2679 quia
2372 2609 2511 2664 bona
2552 2607 2714 2662 arbor
2750 2606 2960 2663 fructus
2992 2608 3165 2663 bonos
3205 2605 3362 2676 facit,
3396 2607 3536 2663 mala

1949 2707 2129 2755 autem
2162 2702 2326 2755 arbor
2353 2699 2561 2754 fructus
2589 2699 2759 2754 malos
2779 2699 2940 2768 parit.
2965 2697 3064 2765 Qui
3104 2699 3175 2753 sit
3202 2698 3410 2755 fructus
3430 2716 3541 2772 quo

1950 2789 2089 2845 mala
2135 2790 2345 2845 bonave
2378 2790 2616 2862 dignosci
2646 2790 2837 2845 debeat
2865 2791 3026 2844 arbor
3045 2789 3334 2860 Apostolus
3361 2800 3546 2847 osten—

1950 2881 2058 2946 dit,
2096 2879 2285 2935 dicens
2323 2895 2339 2934 :
2385 2898 2404 2931 σ
2449 2879 2731 2935 Manifesta
2772 2889 2950 2934 autem
2991 2887 3116 2934 sunt
3151 2894 3312 2949 opera
3341 2882 3543 2947 carnis,

1952 2984 2074 3040 qua:
2101 2976 2229 3024 sunt
2256 2968 2563 3035 fornicatio,
2596 2969 2800 3023 immun
2825 2968 2968 3035 fitia,
2996 2968 3208 3023 luxuria
3227 3009 3243 3034 ,
3276 2969 3541 3026 idolorum
3566 2980 3577 2991 ‘

1953 3059 2206 3126 servitus,
2235 3059 2518 3125 veneﬁcia,
2552 3059 2870 3125 inimicitiaa,
2898 3060 3295 3128 contentiones,
3324 3061 3543 3116 aemula-

1952 3155 2147 3218 tiones,
2196 3155 2313 3223 irae,
2361 3156 2525 3221 rixze,
2574 3154 2956 3221 dissensiones,
3001 3156 3258 3221 hareses,
3307 3155 3543 3222 invidiae,

1953 3246 2275 3313 homicidia,
2308 3248 2621 3315 ebrietates,
2652 3248 3155 3314 commessationes,
3186 3256 3242 3303 et
3275 3248 3362 3304 his
3394 3249 3547 3304 simi-

1951 3342 2021 3397 lia
2043 3383 2057 3408 ,
2089 3357 2209 3414 quze
2238 3345 2473 3415 praedico
2499 3346 2652 3402 vobis
2680 3346 2823 3402 sicut
2855 3345 3117 3416 praedixi,
3168 3344 3422 3416 quoniam
3452 3343 3546 3415 qui

1953 3432 2082 3488 talia
2111 3443 2305 3505 agunt,
2338 3451 2561 3509 regnum
2596 3437 2691 3492 Dei
2722 3454 2830 3494 non
2858 3446 3279 3508 consequentur.
3316 3436 3547 3492 Fructus

1953 3528 2135 3577 autem
2166 3523 2387 3593 spiritus
2415 3534 2541 3579 sunt
2580 3525 2839 3593 charitas,
2870 3526 3147 3596 gaudium,
3176 3540 3303 3595 pax,
3330 3524 3541 3593 patien-

1954 3612 2060 3679 tia,
2114 3613 2514 3686 longanimitas,
2565 3616 2801 3683 bonitas,
2848 3615 3173 3688 benignitas,
3222 3615 3377 3682 ﬁdes,
3421 3631 3541 3671 mo-

1953 3705 2146 3772 destia,
2175 3707 2503 3762 continentia
2537 3703 2734 3779 (Galat.
2757 3706 2833 3780 v).
2872 3727 2891 3761 ι
2925 3707 3071 3762 ldem
3095 3720 3224 3778 ergo
3251 3706 3543 3764 thesaurus

1954 3796 2162 3859 cordis,
2209 3797 2351 3867 quod
2399 3797 2550 3851 radix
2592 3805 2677 3852 est
2720 3797 2952 3863 arboris,
2998 3807 3052 3853 et
3092 3796 3235 3867 quod
3274 3796 3341 3851 de
3379 3797 3545 3852 corde

1954 3887 2247 3958 profertur,
2286 3889 2428 3943 idem
2459 3898 2543 3944 est
2578 3889 2720 3959 quod
2759 3890 2969 3946 arboris
3002 3889 3230 3945 fructus.
3271 3888 3372 3957 Qui
3411 3903 3545 3959 ergo

1956 3980 2270 4034 thesaurum
2299 3979 2351 4032 in
2376 3980 2537 4034 corde
2558 3978 2831 4050 patientiae
2850 3979 3184 4050 perfectique
3209 3978 3369 4033 habet
3396 3993 3547 4031 amo-

1956 4070 2062 4134 ris,
2094 4069 2325 4139 optimos
2362 4069 2614 4123 nimirum
2656 4068 2861 4124 fructus
2887 4069 3200 4136 effundens,
3238 4068 3415 4140 diligit
3444 4067 3546 4121 ini-

1954 4161 2177 4226 micam,
2244 4159 2514 4215 benefacit
2569 4160 2796 4227 odienti,
2854 4160 3124 4216 benedicit
3171 4156 3539 4222 maledicenti,

1955 4259 2078 4307 orat
2115 4266 2214 4321 pro
2255 4251 2637 4316 calumniante,
2668 4251 2993 4322 percutienti
3024 4265 3084 4305 se
3123 4248 3207 4304 vel
3236 4246 3546 4319 dispolianti

252 4347 357 4401 bat
385 4344 606 4400 ﬂamma
652 4344 912 4410 fornacis,
952 4344 1030 4400 sic
1060 4343 1308 4399 homines
1338 4340 1516 4410 justus
1562 4340 1785 4396 mundat
1821 4353 1852 4392 a
1885 4367 1932 4427 ο
1958 4360 2064 4399 non
2092 4344 2410 4408 reluctatur,
2440 4343 2586 4397 omni
2628 4342 2829 4413 petenti
2860 4342 3074 4405 tribuit,
3102 4355 3198 4396 sua
3225 4337 3405 4393 ablata
3436 4350 3547 4390 non

253 4440 507 4511 parcatis
531 4438 759 4494 tentatio
786 4436 1169 4493 tribulationis.
1205 4434 1405 4506 Aporia
1435 4433 1579 4489 enim
1602 4430 1851 4497 Graecum

252 4545 465 4585 nomen
494 4536 597 4595 est,
626 4536 684 4583 et
707 4528 1098 4598 interpretatur
1122 4523 1304 4590 fluxio,
1332 4523 1417 4580 vel
1445 4522 1726 4587 derivatio,
1754 4521 1854 4577 sti-

251 4618 448 4674 mulus
474 4618 593 4673 sive
616 4617 897 4681 molestia;
933 4624 1110 4687 potest
1134 4623 1190 4671 et
1215 4615 1272 4670 in
1298 4613 1464 4670 cribri
1492 4613 1711 4669 nomine
1738 4618 1858 4667 ten-

251 4709 402 4765 tatio
443 4708 662 4764 Satanae
699 4707 944 4778 intelligi.
989 4706 1066 4763 De
1095 4708 1200 4764 hoc
1228 4707 1409 4763 cribro
1446 4706 1562 4774 ipse
1597 4703 1858 4760 Dominus

248 4800 603 4855 mentionem
646 4798 774 4855 facit
818 4799 874 4852 in
920 4797 1208 4868 Evangelio
1253 4797 1439 4852 dicens
1475 4795 1546 4851 ad
1583 4793 1804 4849 Petrum
1836 4810 1851 4847 :

253 4911 277 4944 ι
327 4889 523 4947 Simon
560 4891 773 4958 Simon,
805 4905 933 4948 ecce
976 4890 1207 4946 Satanas
1229 4888 1490 4959 expetivit
1515 4901 1633 4952 vos,
1658 4895 1720 4942 ut
1747 4886 1855 4942 cri-

245 4986 460 5042 braret
489 4985 633 5040 sicut
660 4985 920 5049 triticum.
971 4985 1083 5055 Ego
1111 4992 1289 5039 autem
1335 4983 1518 5054 rogavi
1564 4996 1663 5053 pro
1691 4989 1766 5047 te,
1795 4988 1860 5037 ut

243 5092 376 5133 non
414 5076 635 5133 deﬁciat
664 5076 799 5133 ﬁdes
837 5085 925 5132 tua
963 5077 1115 5149 (Luc.
1144 5075 1302 5147 χχιι).
1339 5095 1359 5125 ι
1392 5075 1470 5130 Ne
1497 5074 1859 5144 gloriarentur

240 5167 522 5225 undecim
545 5168 797 5238 apostoli,
831 5168 1013 5224 suisve
1034 5167 1242 5224 viribus
1269 5158 1569 5222 tribuerent
1592 5165 1735 5235 quod
1755 5162 1856 5219 soli

240 5273 407 5332 pene
436 5257 582 5313 inter
613 5266 693 5314 tot
718 5258 894 5315 millia
920 5256 1227 5314 Judaeorum
1257 5257 1564 5312 dicerentur
1603 5256 1656 5309 in
1695 5262 1864 5310 tenta-

240 5348 511 5406 tionibus
544 5350 910 5419 permansisse
934 5364 1060 5406 cum
1102 5348 1352 5413 Domino,
1381 5347 1617 5402 ostendit
1654 5354 1711 5401 et
1745 5360 1858 5410 eos,

238 5443 297 5499 si
337 5455 456 5495 non
494 5434 742 5509 juvantis
772 5456 831 5496 se
874 5440 1085 5495 Domini
1129 5447 1310 5495 essent
1347 5434 1701 5508 Opitnlatione
1743 5449 1843 5504 pro

243 5532 420 5597 tecti,
456 5530 645 5586 eadem
676 5531 922 5605 procella
955 5546 1075 5586 cum
1112 5530 1324 5586 exteris
1362 5528 1602 5598 potuisse
1632 5525 1859 5581 conteri.

248 5631 472 5689 Verum
514 5644 635 5684 cum
678 5616 919 5699 Eatanas
957 5628 1159 5697 expetit
1195 5641 1290 5682 eos
1330 5634 1564 5689 tentare,
1604 5631 1659 5677 et
1696 5620 1862 5676 veluti

668 5714 705 5997 l

1958 4436 2186 4508 repetit,
2233 4449 2339 4490 non
2377 4432 2642 4503 judicare,
2691 4448 2796 4488 non
2845 4434 3208 4488 condemnare
3251 4429 3547 4494 desiderat,

1956 4536 2225 4585 errantem
2264 4526 2534 4597 patienter
2566 4533 2919 4597 amanterque
2959 4523 3215 4595 corrigit,
3254 4533 3311 4577 et
3351 4528 3549 4576 caetera

1957 4634 2077 4690 qua:
2105 4631 2268 4687 supra
2296 4615 2546 4672 Salvator
2569 4615 2800 4672 edocuit.
2837 4615 2908 4671 At
2938 4614 3028 4685 qui
3057 4626 3292 4683 nequam
3325 4611 3547 4667 thesau-

1958 4726 2076 4766 rum
2100 4709 2264 4767 corde
2302 4715 2507 4773 servat,
2535 4707 2653 4763 odit
2691 4708 2942 4773 amicum,
2975 4704 3248 4763 maledicit
3284 4701 3549 4774 diligenti,

1960 4799 2234 4856 maledicit
2282 4796 2621 4853 benedicenti
2645 4837 2661 4864 ,
2714 4805 2769 4854 et
2819 4805 3012 4852 caetera
3062 4810 3184 4867 quae
3236 4791 3551 4849 Dominicus

1962 4903 2142 4945 sermo
2174 4887 2467 4958 redarguit.

2039 5000 2059 5034 α
2093 4980 2236 5037 Ante
2280 4995 2583 5037 sermonem
2627 4996 2732 5040 non
2777 4980 2962 5038 laudes
2984 4980 3161 5041 virum
3194 4998 3209 5036 :
3253 4981 3365 5039 haec
3403 4977 3550 5036 enim

1968 5089 1989 5124 ι
2026 5072 2249 5128 tentatio
2269 5079 2354 5128 est
2386 5071 2688 5130 hominum.
2726 5091 2745 5126 ι
2778 5069 2836 5129 Si
2861 5086 3040 5128 sermo
3065 5070 3164 5127 viri
3189 5070 3437 5132 enuntiat
3459 5082 3555 5124 eos

1964 5162 2191 5235 gitatum
2233 5160 2398 5228 illius,
2437 5162 2592 5216 decet
2629 5175 2757 5232 ergo
2798 5170 2860 5218 ut
2900 5175 3060 5218 nemo
3085 5158 3313 5218 alterum
3349 5156 3549 5220 laudet.

1966 5265 2255 5324 antequam
2285 5269 2408 5309 eum
2435 5253 2652 5325 dignum
2680 5252 2838 5308 laude
2863 5251 3163 5309 manifestis
3190 5248 3402 5305 indiciis
3424 5261 3550 5319 pro-

1965 5346 2085 5411 bet;
2118 5352 2173 5399 et
2199 5345 2324 5414 quia
2368 5359 2547 5399 sermo
2574 5359 2716 5413 SthC
2761 5343 2813 5397 in
2846 5342 3139 5412 Scripturis
3168 5355 3265 5409 pro
3297 5337 3549 5407 operibus

1964 5436 2201 5506 ponitur,
2234 5442 2412 5505 potest
2443 5435 2529 5489 hic
2557 5450 2735 5489 sermo
2762 5449 2863 5504 pro
2891 5434 3102 5487 actione
3130 5428 3322 5496 accipi,
3367 5433 3425 5479 ut
3455 5439 3547 5479 ne-

1968 5528 2166 5582 minem
2209 5534 2334 5580 ante
2378 5525 2748 5596 probationem
2794 5526 3054 5578 bonorum
3104 5526 3319 5572 actuum
3360 5512 3546 5568 laude-

1969 5635 2107 5675 mus.
2156 5618 2285 5674 lnde
2327 5617 2454 5672 alibi
2500 5616 2756 5686 scriptum
2799 5623 2920 5671 est:
2965 5631 2985 5669 ‹
3024 5609 3138 5667 Non
3189 5608 3372 5665 laudes
3423 5614 3548 5665 ante
