3902 6162
324 239 425 297 965

968 226 1031 282 B.
1072 221 1327 280 RABANI
1369 218 1590 275 MAURI
1636 213 1957 271 ARCHIEP.
2001 208 2310 266 MOGUNT.
2353 203 2639 279 ODERUM
2678 202 2858 259 PARS
2894 202 2935 257 ι.
2980 277 2999 288 ἢ

3494 203 3613 257 96$

327 360 555 408 mortem
585 356 907 417 quenquam,
947 360 965 393 ι
1010 336 1264 408 quoniam
1301 350 1320 385 ι
1358 331 1451 403 qui
1489 323 1923 401 perseveraverit
1946 325 1991 384 Α
2023 330 2211 377 nostro
2241 319 2455 390 eloquio
2485 319 2722 382 habere,
2770 326 2833 371 ut
2864 327 3075 385 tempus
3102 321 3466 385 opportunum
3492 355 3509 379 ,
3553 327 3621 370 et

327 444 381 498 in
411 442 553 496 bono
578 416 747 504 usque
770 434 821 487 in
858 430 1037 494 ﬁnem,
1071 428 1161 483 hic
1184 426 1368 482 salvus
1397 423 1504 478 erit
1534 418 1727 493 (Eccli.
1757 416 1856 487 ιιι).
1892 434 1912 467 υ

327 534 495 589 Recte
519 544 646 599 ergo
678 524 975 601 improbata
1008 519 1247 579 laudatio
1276 513 1504 572 tentatio
1530 510 1808 566 hominum
1845 506 1923 561 di-

326 637 339 668 ε
365 622 493 685 itur,
515 618 639 689 quia
665 632 730 671 ex
763 615 980 667 levitate
1008 608 1179 667 animi
1205 606 1468 678 procedit,
1490 618 1597 659 non
1625 615 1693 656 ex
1717 599 1923 657 dictata

328 710 567 781 iustitiae.

409 824 426 855 ι
471 801 527 857 Si
566 799 814 870 sequaris
847 795 1132 866 justitiam,
1164 790 1538 864 apprehendes
1568 785 1737 845 illam.
1761 788 1816 836 et
1842 780 1929 837 in—

339 924 353 943 -
397 897 527 951 ducs
555 894 705 964 quasi
751 892 1010 960 podercm
1045 887 1289 950 honoris,
1337 893 1394 939 et
1434 878 1762 939 inhabilabis
1804 888 1937 930 cum

342 1010 359 1039 ι
399 1005 482 1052 ea,
514 996 569 1042 et
598 992 844 1056 proteget
884 992 936 1038 te
966 983 1016 1036 in
1044 980 1456 1049 sempiternum,
1483 985 1538 1029 et
1581 974 1634 1027 in
1662 972 1749 1027 die
1776 967 1921 1039 agni-

341 1101 360 1128 σ
398 1078 558 1133 tionis
598 1076 837 1130 invenies
866 1073 1285 1127 ﬁrmamentum.
1328 1089 1347 1120 ι
1389 1066 1489 1134 Qui
1527 1080 1655 1134 ergo
1690 1060 1941 1131 sequitur

336 1171 596 1239 justitiam
652 1177 799 1223 recte
851 1165 1089 1223 docendo
1132 1172 1187 1217 et
1229 1161 1372 1216 bene
1421 1155 1814 1218 conversando,
1845 1151 1939 1207 hic

341 1261 707 1335 apprehendet
734 1275 873 1324 eam,
907 1259 1122 1328 quando
1151 1271 1248 1325 pro
1285 1254 1375 1308 illa
1402 1253 1512 1307 vita
1560 1243 1935 1304 remunerabi-

344 1366 431 1410 tur
460 1362 682 1421 teterna.
716 1351 904 1406 lnduet
947 1364 1078 1419 ergo
1105 1345 1261 1417 quasi
1303 1345 1562 1414 podercm
1604 1337 1852 1400 honoris,
1884 1342 1943 1389 et

345 1444 667 1500 inbabitabit
695 1458 817 1498 cum
848 1457 931 1496 ea.
970 1440 1194 1495 Poderis
1222 1445 1305 1493 est
1334 1435 1514 1490 tunica
1545 1446 1717 1502 usque
1757 1429 1824 1484 ad
1860 1435 1943 1481 tau

341 1539 425 1594 los
452 1536 784 1606 pertingens.
813 1530 951 1599 Quid
973 1539 1056 1586 est
1077 1545 1206 1599 ergo
1231 1527 1416 1583 talaris
1442 1525 1643 1587 tunica,
1673 1521 1775 1577 nisi
1802 1518 1943 1575 actio

348 1622 762 1679 consummata?
814 1621 979 1688 Quasi
1027 1621 1172 1675 enim
1225 1626 1483 1689 protensa
1537 1615 1719 1669 tunica
1775 1610 1943 1666 talum

2024 411 2243 467 modum
2278 412 2331 465 in
2360 410 2630 479 loquendo
2657 421 2967 469 servemus,
3005 405 3132 475 quia
3164 419 3307 476 smpe
3336 403 3397 459 ﬁt
3428 413 3493 460 ut
3526 406 3622 459 iit-

2025 502 2365 558 considerata
2412 501 2613 557 locutio
2646 499 2963 556 scandalum
3006 497 3241 554 inﬁrmis
3270 497 3633 553 auditoribus

2027 593 2233 659 faciat,
2278 603 2334 649 et
2375 607 2469 647 cos
2513 607 2611 662 per.
2638 592 3024 660 loquacitatem
3053 588 3293 659 perdat,
3338 601 3481 657 quos
3523 600 3635 656 per

1926 736 1937 759 ι
2029 687 2295 745 doctrina:
2320 684 2734 755 temperantiam
2763 683 2975 737 salvare
3000 689 3205 751 posset.
3259 677 3409 733 Sane
3450 676 3635 730 tutius

2030 789 2115 835 est
2145 778 2358 841 audire,
2385 792 2550 847 quam
2577 775 2746 845 loqui.
2787 774 3021 830 Proinde
3050 773 3142 829 hic
3164 772 3322 840 jubet
3346 777 3413 825 ut.
3432 782 3637 823 serves

2033 872 2263 943 tempori
2289 872 2474 935 verba,
2494 878 2559 925 et
2587 867 2837 924 assiduus
2860 867 2935 922 sis
2963 867 3017 923 in
3042 865 3221 921 medio
3244 861 3636 931 cogitantium.

2032 966 2138 1021 hoc
2166 976 2288 1029 est,
2336 963 2637 1018 doctrinam
2678 961 2812 1031 legis
2852 959 2947 1015 Dei
2994 959 3049 1014 in
3092 955 3257 1013 corde
3293 971 3403 1011 suo.
3436 952 3644 1009 sedato

2035 1056 2417 1115 meditantium
2452 1062 2619 1123 atque
2645 1051 3035 1115 tractantium;
3071 1049 3206 1105 hinc.
3229 1049 3283 1102 in
3310 1043 3643 1101 Proverbiis

2038 1149 2300 1217 scriptum
2328 1154 2414 1201 est
2438 1163 2452 1198 :
2489 1163 2508 1195 ι
2539 1144 2646 1199 Cor
2672 1142 2935 1213 sapientis
2958 1142 3156 1212 quierit
3181 1139 3485 1196 doctrinam
3506 1176 3528 1200 ,
3581 1142 3643 1190 et

2038 1254 2103 1299 os
2122 1238 2412 1294 stultorum
2433 1237 2674 1306 pascitur
2695 1235 2965 1305 imperitia
2990 1232 3176 1305 (Prov.
3193 1231 3344 1304 xv)»
3364 1232 3426 1285 Et
3452 1232 3591 1285 item
3618 1245 3643 1285 :

2049 1351 2067 1384 ε
2095 1329 2375 1393 Doctrina,
2406 1327 2600 1396 inquit,
2633 1325 2921 1381 stultorum
2948 1323 3192 1380 fatuitas.
3233 1323 3340 1379 Cor
3364 1321 3650 1393 sapientis

2045 1421 2259 1477 erudiet
2284 1435 2346 1474 os
2375 1419 2513 1489 ejus,
2547 1425 2603 1472 et
2630 1416 2789 1471 lat-iis
2814 1416 2935 1486 ejus
2963 1416 3123 1471 addet
3150 1415 3401 1487 gratiam.
3428 1434 3448 1465 ι
3491 1413 3652 1468 Hinc

2045 1520 2103 1567 et
2144 1526 2241 1582 per
2276 1510 2533 1566 Iacobum
2575 1509 2808 1564 dicitur:
2844 1527 2861 1559 ι
2898 1507 2983 1563 Sit
3027 1515 3211 1563 autem
3246 1507 3429 1562 omnis
3467 1507 3659 1562 homo

2048 1604 2207 1660 velox
2238 1603 2307 1658 ad
2336 1602 2662 1658 audiendum
2687 1640 2704 1666 ,
2757 1600 2944 1654 tardus
2980 1607 3161 1654 autem
3197 1600 3266 1653 ad
3303 1598 3651 1668 loquendum

350 1716 891 1787 corporiscooperit,
927 1729 1051 1769 cum
1086 1714 1229 1768 bona
1273 1711 1414 1767 actio
1455 1716 1582 1763 ante
1622 1705 1718 1761 Dei
1758 1702 1946 1761 oculos
1973 1700 2021 1760 B
2049 1696 2190 1768 (Jac.
2221 1695 2282 1766 ι).
2316 1715 2335 1746 ι
2397 1693 2504 1750 Sed
2533 1692 2662 1763 quia
2703 1691 2886 1762 plures
2925 1691 3086 1746 modo
3123 1699 3287 1755 sunt,
3338 1699 3397 1744 ut
3443 1690 3656 1745 dolens

351 1823 521 1877 usque
564 1809 631 1861 ad
676 1807 799 1859 vitae
855 1794 955 1858 nos
1000 1803 1293 1859 terminum
1343 1800 1495 1870 tegit.
1548 1797 1704 1854 Unde
1748 1802 1804 1848 et
1848 1806 1947 1863 per

354 1894 569 1965 Moysen
597 1892 768 1947 cauda
800 1891 991 1947 hostia:
1026 1892 1079 1944 in
1110 1888 1281 1942 altare
1305 1886 1485 1942 oll'crri
1514 1884 1848 1957 praccipitur,
1888 1888 1949 1935 ut

352 1980 603 2038 videlicet
628 1996 788 2037 omne
815 1980 1014 2053 bonum
1042 1980 1186 2050 quod
1220 1978 1531 2048 incipimus,
1571 1975 1737 2030 etiam
1766 1987 1951 2044 perse-

356 2073 564 2127 veranti
615 2071 720 2127 ﬁne
763 2070 1148 2141 compleamus.
1192 2067 1449 2137 Quisquis
1493 2080 1623 2136 ergo
1670 2078 1845 2133 usque
1884 2061 1954 2118 ad

358 2162 519 2218 linem
546 2163 669 2237 vitae
698 2168 1006 2232 perseverat
1028 2159 1083 2214 in
1110 2159 1249 2214 bona
1276 2157 1508 2220 actione,
1548 2162 1794 2226 proteget
1829 2167 1955 2207 eum

362 2255 618 2309 Dominus
658 2256 711 2306 in
748 2251 1176 2321 sempiternum;
1210 2256 1265 2303 et
1303 2248 1356 2302 in
1385 2246 1471 2301 die
1507 2244 1814 2315 agnitionis.
1852 2243 1955 2298 hoc

359 2354 460 2407 est,
491 2345 544 2397 in
571 2344 657 2398 die
679 2341 867 2411 judicii
898 2340 1114 2409 quando
1143 2338 1372 2393 veniens
1399 2336 1660 2392 Dominus
1690 2333 1958 2388 illumina—

379 2430 441 2490 )it
475 2433 788 2488 abscondita
820 2430 1163 2486 tenebrarum
1183 2471 1198 2495 ,
1229 2436 1286 2484 et
1330 2426 1699 2483 manifestabit
1734 2422 1958 2479 consilia

363 2525 634 2589 cordium,
663 2531 790 2577 tunc
835 2521 1072 2577 inveniet
1100 2519 1525 2581 ﬁrmamentum,
1552 2516 1677 2585 quia
1721 2523 1850 2569 tunc
1872 2513 1960 2584 ju-

364 2616 527 2671 stiti-ae
555 2629 665 2669 sum
691 2628 876 2693 verum
904 2621 958 2665 et
982 2611 1194 2666 ﬁrmum
1222 2608 1483 2680 percipiet
1506 2605 1812 2676 praemium.
1879 2629 1890 2639 -

441 2725 462 2758 ι
486 2702 737 2760 Volatilia
764 2705 831 2759 ad
860 2704 961 2759 sibi
987 2702 1183 2758 similia
1209 2701 1559 2764 conveniunt,
1587 2707 1643 2753 et
1665 2697 1869 2753 veritas
1893 2696 1963 2752 ad

374 2819 391 2852 ε
424 2815 519 2855 eos
548 2798 637 2868 qui
669 2806 965 2868 operantur
989 2795 1134 2850 illam
1164 2802 1489 2854 revertetur.
1513 2812 1532 2844 ι
1567 2789 1820 2847 Volatilia
1843 2802 1967 2859 pos-

370 2906 559 2948 sumus
589 2896 807 2944 sanctas
839 2888 1051 2942 animas
1080 2886 1378 2941 electorum
1404 2883 1677 2954 accipere,
1706 2879 1799 2952 qui
1829 2894 1965 2950 pen-

370 2982 457 3037 nis
483 2981 738 3035 virtutum
768 2978 1090 3047 semetipsos
1117 2993 1148 3030 a
1180 2974 1521 3031 terrestrium
1568 2984 1624 3029 et
1665 2970 1966 3028 carnalium

2047 1790 2246 1855 dicam,
2276 1787 2660 1858 praedicatores
2680 1785 2835 1840 verbi
2864 1799 3027 1854 quam
3057 1783 3312 1848 factores,
3340 1782 3515 1853 qualis
3546 1798 3665 1836 eoa

2049 1899 2173 1939 rum
2202 1882 2451 1938 doetrina
2480 1880 2554 1935 sit
2577 1880 2718 1952 apud
2749 1878 2916 1934 Deum
2947 1879 3227 1934 subdendo
3255 1878 3581 1933 manifestat
3602 1895 3621 1930 :

2128 1993 2147 2025 ι
2180 1971 2433 2027 Narratio
2458 1970 2800 2040 peccantibm
2828 1970 3047 2035 odiosa,
3078 1978 3133 2025 et
3162 1969 3306 2025 risus
3330 1970 3553 2024 illorum
3599 1969 3663 2022 in

2060 2082 2079 2116 ι
2111 2062 2597 2133 ᾶοὶίοὶίερθροειιί.ι
2625 2060 2765 2116 Hinc
2786 2062 2901 2132 ipsa
2915 2060 3128 2117 Veritas
3151 2061 3203 2115 in
3221 2060 3506 2131 Evangelia
3529 2061 3627 2113 ait
3646 2078 3664 2113 :

2060 2179 2079 2211 ι
2113 2159 2215 2227 Qui
2242 2172 2376 2229 ergo
2405 2158 2629 2214 solverit
2657 2173 2823 2213 unum
2853 2158 2920 2213 de
2946 2157 3214 2212 mandatis
3242 2157 3355 2211 istis
3378 2157 3667 2221 minimis,

2055 2259 2109 2305 et
2131 2249 2376 2304 docuerit
2404 2249 2484 2304 sic
2510 2248 2781 2312 homines,
2804 2247 3061 2302 minimus
3083 2245 3361 2302 vocabitur
3388 2247 3444 2300 in
3474 2261 3671 2315 regno

2057 2340 2340 2397 etelorum.
2375 2339 2478 2407 Qui
2510 2348 2690 2393 autem
2720 2337 2912 2393 fecerit
2937 2347 2992 2392 et
3008 2338 3281 2402 docuerit,
3304 2337 3388 2391 hic
3414 2352 3671 2407 magnus

2055 2431 2344 2489 vocabitur
2371 2431 2425 2485 in
2455 2445 2622 2500 regno
2650 2428 2915 2489 caelorum
2948 2427 3161 2500 (Haut.
3190 2428 3267 2499 v).
3295 2446 3314 2479 ι
3366 2426 3563 2481 Potest
3610 2437 3675 2481 et

2059 2529 2166 2583 hoc
2202 2525 2487 2581 moraliter
2506 2523 2709 2593 accipi.
2767 2521 2942 2576 Solvit
2981 2529 3163 2575 autem
3202 2519 3508 2574 mandatum
3554 2519 3673 2573 Dei

2060 2618 2108 2672 is
2133 2616 2226 2686 qui
2264 2622 2374 2671 non
2407 2614 2624 2685 implet;
2659 2628 2967 2683 quanquam
2999 2627 3107 2668 non
3140 2613 3193 2666 in
3223 2610 3473 2667 mandato
3498 2611 3680 2664 solu-

2060 2710 2264 2765 tionem
2295 2707 2496 2772 faciat,
2548 2706 2644 2761 sed
2685 2705 2739 2759 in
2780 2705 3111 2773 semetipso:
3145 2702 3356 2758 ﬁrmum
3382 2711 3469 2756 est
3492 2702 3672 2757 enim

2063 2801 2159 2857 Dei
2202 2800 2515 2855 mandatum
2537 2838 2552 2863 ,
2583 2805 2639 2852 et
2668 2811 2776 2852 non
2805 2803 2989 2866 potest
3016 2794 3150 2849 solvi
3180 2792 3482 2863 Scriptura.
3536 2791 3675 2846 Lex

2063 2909 2195 2966 ergo
2222 2892 2457 2963 quodam
2480 2889 2641 2945 modo
2668 2888 2858 2958 ligatio
2886 2896 2989 2943 est.
3019 2886 3123 2953 Qui
3154 2895 3335 2940 autem
3362 2884 3679 2954 ligationes

2068 2987 2161 3043 Dei
2178 2984 2417 3047 excedi',
2442 2982 2561 3053 ipse
2581 2981 2834 3036 mandata
2859 2979 3029 3035 solvet
3055 2980 3110 3033 in
3135 2978 3444 3048 semetipso,
3467 2985 3523 3031 et
3550 2993 3677 3033 non

374 3072 635 3128 societate
679 3070 1002 3133 sublevant,
1054 3075 1111 3122 et
1159 3065 1365 3121 sanctis
1402 3063 1605 3135 angelis
1655 3062 1710 3117 in
1755 3059 1967 3120 emlesti
1995 3066 2039 3128 C
2071 3077 2127 3133 in
2159 3076 2310 3146 ipsis.
2360 3073 2507 3128 Talis
2544 3070 2764 3142 quidem
2806 3070 3065 3125 minimus
3090 3066 3375 3125 vocabitur
3400 3066 3454 3120 in
3480 3081 3681 3138 regno

385 3162 584 3236 gaudio
618 3160 876 3216 associari
917 3166 1220 3229 appetunt,
1271 3156 1467 3226 quibus
1497 3155 1660 3210 etiam
1696 3153 1751 3208 in
1786 3152 1967 3207 futura

378 3256 488 3308 vita
507 3253 930 3323 coniunguntur,
945 3251 1160 3322 quando
1175 3249 1390 3304 Veritas
1404 3246 1653 3302 Christus
1665 3253 1972 3300 revertetur

380 3348 435 3401 in
464 3346 550 3401 die
572 3345 782 3415 jndicii,
806 3352 860 3397 et
878 3358 973 3398 eos
996 3342 1088 3414 qui
1117 3340 1370 3396 mandata
1398 3337 1514 3408 ejus
1542 3340 1677 3394 bene
1699 3336 1972 3407 operando

381 3435 787 3503 custodierunt,
819 3434 886 3488 ad
916 3434 1265 3502 semetipsum
1297 3430 1581 3500 recolligit.
1627 3429 1670 3483 E
1697 3429 1973 3483 contrario

384 3538 515 3581 vero
543 3523 671 3597 quid
701 3523 1081 3595 peccatoribus
1110 3530 1310 3588 restet,
1340 3519 1717 3590 subsequendo
1745 3518 1974 3573 demon—

386 3624 545 3673 strat.

467 3729 485 3761 ι
509 3708 619 3763 Leo
638 3705 909 3764 venationi
937 3701 1220 3762 insidiatur
1241 3720 1475 3777 semper,
1492 3705 1580 3761 sic
1601 3710 1827 3774 peccata
1850 3716 1978 3771 ope-

396 3822 415 3851 σ
448 3800 696 3856 tantibus
719 3799 1079 3869 iniquitatem.
1103 3817 1123 3848 ι
1150 3795 1261 3852 Leo
1280 3797 1476 3869 quippe
1498 3804 1581 3850 est
1604 3793 1869 3856 diabolus,
1883 3786 1980 3860 qui

391 3906 608 3961 semper
642 3887 929 3943 insidiatur
952 3888 1190 3943 humano
1219 3888 1404 3959 generi
1428 3927 1444 3952 ,
1474 3895 1533 3940 ut
1560 3884 1833 3956 perversis
1860 3896 1979 3937 ma-

392 3983 797 4040 chinationibus
823 3983 951 4037 illud
981 3982 1235 4052 decipiat.
1268 3980 1371 4048 Qui
1399 3989 1578 4034 autem
1610 3978 1837 4032 insidias
1864 3972 1981 4043 ejus

396 4097 502 4134 non
532 4087 702 4140 cavet,
730 4077 823 4132 sed
851 4075 1022 4146 ipsius
1052 4073 1489 4145 suggestionibus
1520 4070 1725 4140 iniquis
1753 4083 1982 4125 consen—

397 4168 578 4223 tiendo
606 4166 769 4231 favet,
798 4165 914 4235 sine
941 4165 1104 4220 dubio
1131 4164 1183 4217 in
1215 4165 1469 4231 laqueum
1494 4169 1767 4231 perpetuae
1791 4158 1983 4214 mortis

395 4279 456 4317 Czt
467 4263 571 4317 det.

474 4373 491 4405 ε
527 4351 696 4408 Homo
723 4359 945 4408 sanctus
976 4352 1029 4405 in
1059 4351 1322 4422 sapientia
1350 4356 1537 4405 manet
1561 4347 1703 4403 sicut
1725 4346 1979 4411 sol,nam

406 4462 424 4494 ε
458 4444 654 4498 stultus
683 4448 823 4498 sicut
860 4442 985 4497 luna
1030 4413 1366 4497 immutatur.
1404 4461 1421 4491 ι
1483 4439 1759 4511 Sapientia
1808 4438 1982 4493 sancti
2007 4413 2061 4472 D

394 4534 502 4589 viri
538 4545 662 4604 apte
694 4542 1041 4602 comparatur
1068 4532 1326 4588 continuo
1361 4531 1494 4588 solis
1530 4531 1804 4603 Splendori
1829 4571 1845 4596 ,
1892 4530 1985 4599 qui

404 4635 661 4696 perpetuo
690 4624 883 4688 micat,
914 4638 1015 4677 nec
1045 4622 1307 4693 fulgorem
1337 4636 1574 4692 unquam
1607 4629 1798 4675 mutat.
1850 4619 1985 4675 Nam

402 4716 600 4771 stultus
629 4716 770 4771 sicut
800 4715 923 4769 luna
957 4714 1298 4775 immutatur,
1326 4711 1452 4781 quia
1485 4711 1799 4767 inconstans
1827 4718 1911 4766 est
1935 4718 1990 4764 et

404 4806 679 4861 mutabilis
708 4807 762 4860 in
792 4803 1063 4861 omnibus.
1120 4803 1273 4860 Unde
1302 4802 1357 4856 in
1387 4801 1689 4872 proverbiis
1727 4802 1987 4872 scriptum

404 4904 525 4952 est:
561 4916 579 4947 (
610 4893 717 4951 Cor
745 4895 1032 4950 stultorum
1062 4894 1321 4949 dissimile
1351 4895 1455 4949 erit
1477 4892 1660 4964 (Prov.
1686 4894 1799 4958 xv).
1826 4912 1843 4943 ι
1886 4892 1990 4953 Cor

406 4986 603 5055 quippe
628 4987 951 5055 sapientium
975 4987 1295 5056 sibimetipsi
1317 5000 1532 5056 semper
1550 4992 1634 5040 est
1652 4985 1847 5050 simile,
1864 4984 1990 5055 quia

408 5075 535 5130 dum
574 5075 733 5130 rectis
760 5077 1202 5146 persuasionibus
1233 5076 1558 5146 acquiescit,
1590 5084 1906 5131 constanter
1934 5090 1994 5130 se

412 5167 465 5222 in
496 5166 639 5220 bono
669 5180 832 5235 Opere
864 5166 1067 5238 dirigit.
1117 5166 1223 5221 Cor
1248 5182 1377 5223 vero
1407 5167 1693 5241 stultorum
1733 5167 1994 5222 dissimile

411 5257 551 5312 erit:
583 5256 710 5327 quia
739 5258 867 5311 dum
895 5257 1255 5312 mutabilitate
1280 5274 1339 5313 se
1364 5260 1570 5312 varium
1598 5258 1840 5324 exhibet,
1864 5275 1996 5313 nun-

413 5360 576 5417 quam
606 5347 657 5401 id
688 5348 828 5416 quod
860 5345 1033 5402 fuerat
1064 5357 1265 5403 manet.

489 5455 508 5489 ι
539 5439 594 5493 in
632 5440 809 5494 medio
840 5441 1237 5497 insensatorum
1277 5456 1431 5497 serva
1462 5457 1686 5497 veroum
1726 5442 1952 5512 tempori
1981 5461 1994 5498 :

421 5545 441 5579 ε
472 5527 525 5582 in
556 5529 734 5584 medio
762 5538 944 5586 autem
976 5532 1328 5603 cogitantium
1360 5532 1612 5589 assiduus
1640 5543 1776 5589 esto.
1812 5555 1829 5586 ι
1870 5533 1996 5591 Ιιωο

417 5621 682 5677 sctitentia
711 5623 865 5679 docet
900 5639 997 5680 nos
1027 5625 1438 5695 temperantiam
1463 5667 1479 5695 ,
1529 5634 1584 5681 et
1627 5625 1896 5682 cautelam
1942 5627 1996 5683 in

2070 3170 2368 3233 ctelornm,
2416 3166 2542 3237 quia
2572 3163 3016 3234 despectissimus
3052 3168 3137 3216 est
3176 3162 3231 3214 in
3255 3149 3489 3214 Ecclesia
3524 3174 3684 3212 san-

2071 3270 2302 3318 ctorum.
2359 3257 2495 3312 Nam
2543 3265 2601 3312 et
2646 3269 2872 3327 regnum
2899 3252 3163 3309 emlorum
3201 3252 3291 3308 hic
3333 3256 3682 3322 praesentem

2072 3352 2370 3409 Eeclesiam
2395 3347 2685 3420 signiﬁcat.
2716 3346 2871 3402 Sicut
2896 3354 2951 3400 et
2973 3345 3124 3410 alibi,
3148 3344 3240 3399 ubi
3260 3344 3516 3414 scriptum
3542 3352 3683 3398 est:

2080 3462 2098 3494 ι
2128 3441 2318 3498 Simile
2339 3447 2423 3494 est
2442 3452 2670 3509 regnum
2693 3435 2955 3491 coriorum
2976 3448 3190 3504 sagena:
3208 3433 3385 3488 missa:
3406 3434 3460 3486 in
3484 3447 3687 3498 mare,

2075 3541 2130 3588 et
2156 3545 2380 3601 regnum
2407 3527 2503 3584 Dei
2535 3530 2677 3582 intra
2702 3542 2800 3582 vos
2825 3535 2908 3580 est
2930 3524 3146 3597 (Matth.
3174 3525 3318 3593 xm).
3350 3523 3450 3590 Qui
3478 3533 3690 3579 autem

2076 3623 2288 3687 fecerit,
2318 3621 2517 3691 inquit,
2550 3628 2606 3674 et
2631 3617 2898 3682 docuerit,
2926 3617 3019 3671 hic
3043 3629 3271 3687 magnus
3294 3615 3595 3670 vocabitur
3628 3616 3692 3671 in

2078 3729 2250 3784 regno
2279 3713 2541 3768 ctelorum
2569 3710 2788 3783 (Matth.
2816 3709 2892 3780 v).
2928 3727 2947 3760 ι
2996 3708 3054 3762 1η
3085 3707 3332 3762 faciendo
3357 3707 3501 3761 enim
3534 3707 3697 3780 legis

2079 3805 2355 3869 mandata,
2387 3803 2568 3872 magni
2596 3816 2793 3856 nomen
2820 3808 3063 3855 meretur
3086 3799 3175 3855 ille
3200 3799 3292 3870 qui
3321 3799 3502 3863 docet;
3542 3801 3697 3870 quia

2079 3914 2188 3953 non
2220 3897 2474 3953 doctores
2501 3909 2601 3950 nec
2629 3892 2928 3957 auditores,
2962 3891 3058 3946 sed
3088 3890 3323 3946 factores
3350 3889 3482 3960 legis
3502 3890 3698 3959 justi-

2081 3990 2390 4045 ﬁeabuntur
2432 3987 2573 4057 apud
2616 3986 2814 4040 Deum.
2870 3983 3025 4051 Quod
3073 3993 3257 4037 autem
3299 3982 3414 4036 ait:
3447 3999 3467 4030 ι
3500 3980 3701 4037 Risus

2082 4082 2298 4137 illorum
2344 4079 2399 4133 in
2444 4077 2655 4134 deliciis
2701 4074 2944 4146 peccati,
2974 4093 2993 4126 ι
3042 4073 3281 4129 ostendit
3323 4071 3463 4141 quod
3507 4070 3699 4127 luxus

2083 4170 2265 4228 saeculi
2311 4177 2366 4225 et
2409 4184 2566 4223 amur
2594 4167 2963 4236 voluptatum,
3014 4164 3069 4218 in
3111 4163 3311 4233 quibus
3334 4160 3696 4229 dominatur,

2082 4275 2338 4331 magnum
2382 4271 2546 4329 super
2593 4257 2716 4312 illos
2759 4264 3053 4327 congreget
3096 4252 3369 4309 cumulum
3411 4261 3699 4321 peccato-

2086 4369 2227 4408 rum.

2165 4469 2184 4502 ‹
2213 4447 2450 4520 Loqucla
2480 4448 2708 4503 multum
2739 4445 2949 4517 iurans,
2981 4441 3442 4513 horripiiationem
3471 4441 3699 4509 capitis

2095 4564 2112 4597 ι
2145 4551 2369 4608 statuet,
2398 4552 2453 4597 et
2476 4540 2835 4596 irreverentia
2870 4538 3040 4608 ipsius
3066 4534 3350 4591 obduratio
3376 4534 3631 4587 aurium.
3670 4555 3691 4588 ι

2090 4636 2371 4706 Frequens
2414 4647 2545 4703 ergo
2589 4630 2861 4700 adjuratio
2909 4629 3188 4682 horrorem
3236 4623 3432 4679 incutit
3462 4625 3695 4691 capiti,

2091 4727 2195 4781 hoc
2222 4734 2326 4788 est,
2356 4723 2609 4776 hmnanre
2640 4720 2838 4783 menti,
2870 4725 2926 4771 et
2955 4716 3172 4770 tmdium
3202 4712 3405 4784 ingerit
3428 4711 3698 4767 honestis

2093 4818 2333 4873 auribus.
2385 4815 2540 4871 Unde
2566 4814 2684 4884 ipse
2711 4813 2970 4866 Dom’nus
3000 4810 3052 4863 in
3083 4804 3370 4877 Evangelio
3395 4803 3702 4875 discipulis

2093 4908 2205 4962 suis
2234 4907 2349 4959 ait:
2384 4924 2403 4954 ε
2435 4903 2682 4957 Audistis
2709 4901 2834 4968 quia
2870 4900 3075 4954 dictum
3117 4905 3204 4951 est
3244 4895 3523 4964 antiquis:
3572 4893 3701 4950 Non

2094 4993 2436 5065 perjurabis,
2490 4991 2683 5046 reddes
2732 4999 2912 5043 autem
2958 4986 3185 5042 Domino
3225 4985 3535 5054 iuramenta
3578 4994 3700 5039 tua.

2096 5088 2212 5158 Ego
2245 5093 2424 5140 autem
2465 5084 2587 5138 dico
2612 5082 2766 5136 vobis
2792 5122 2807 5146 ,
2853 5096 2957 5134 non
2992 5077 3180 5147 iurare
3216 5078 3460 5139 omnino.
3504 5090 3706 5146 neque

2095 5193 2193 5247 per
2219 5176 2440 5237 emlum,
2468 5173 2594 5242 quia
2625 5174 2854 5226 thronus
2879 5170 2972 5224 Dei
3000 5178 3117 5234 est;
3155 5184 3334 5241 neque
3357 5182 3453 5239 per
3481 5173 3705 5223 terram

2099 5266 2222 5334 quia
2250 5262 2544 5319 scabelium
2575 5270 2657 5316 est
2685 5261 2880 5330 pedum
2909 5257 3060 5326 ejus;
3100 5265 3288 5328 neque
3310 5273 3405 5328 per
3434 5256 3705 5313 Hieroso—

2101 5354 2321 5426 lymam,
2352 5352 2478 5421 quia
2511 5352 2704 5406 civitas
2734 5358 2820 5405 est
2843 5350 3020 5419 magni
3049 5351 3225 5419 regis;
3266 5358 3442 5418 nume
3467 5358 3574 5415 per
3598 5361 3705 5401 ca-

2100 5451 2195 5513 put
2223 5453 2373 5496 tuum
2399 5440 2691 5509 iuraveris.
2735 5440 2861 5509 quia
2903 5454 3008 5493 non
3051 5449 3207 5508 potes
3238 5428 3405 5493 lirium
3434 5436 3703 5507 capillum

2102 5536 2282 5591 album
2314 5535 2490 5590 facere
2516 5544 2604 5588 aut
2636 5534 2868 5603 nigrum.
2921 5531 3006 5587 Sit
3045 5539 3228 5586 autem
3272 5514 3457 5587 Sermo
3483 5538 3707 5590 vester.

2105 5627 2218 5692 Est,
2238 5633 2340 5691 est,
2359 5624 2500 5690 Non,
2530 5640 2657 5679 non.
2685 5623 2834 5690 Quod
2865 5633 3045 5677 autem
3074 5623 3159 5677 his
3187 5606 3555 5677 abn'ndantius
3585 5629 3681 5672 est

3326 5886 3337 5913 ἔ

3312 5924 3323 5961 l
