3926 6168
173 216 286 275 965
770 208 791 219 ’
1038 210 1387 273 COMMENT.
1429 211 1497 265 lN
1538 205 2149 269 ECCLESMSTICUM.
2204 235 2251 246 —-
2291 204 2420 261 LIB.
2465 204 2551 261 Vl.
3359 201 3481 277 966.

171 356 204 395 a
231 337 378 395 malo
406 343 495 393 cst
518 329 736 405 (Matth.
766 327 844 398 γ).
876 346 895 380 t
944 326 1023 383 Ita
1051 341 1181 399 ergo
1211 322 1530 394 intelligimu-
1563 337 1770 393 μείνω..

1933 320 2192 391 abjieiet:
2224 319 2278 375 in
2309 326 2599 389 conspectu
2630 316 2914 373 oculorum
2939 322 3153 375 tuorum
3180 315 3470 385 Caucalan-

174 432 323 501 pisse
346 425 635 487 Dominum
664 437 732 477 ne
751 420 988 491 juretur,
1010 434 1079 473 ne
1099 418 1385 487 quisquam
1410 416 1553 473 sicut
1574 417 1772 471 bonum
1884 430 1903 463 ‹
1935 412 2015 466 bit
2040 426 2103 473 (os
2130 426 2321 483 suum,
2349 418 2404 469 et
2431 423 2904 480 super-sermones
2935 415 3054 462 tuos
3082 407 3475 469 admirabitur,

176 499 407 592 appetat
422 514 839 587 jusjurandum,
882 520 939 568 et
964 511 1289 567 assiduitate
1311 507 1532 578 jurandi
1566 508 1622 563 in
1650 523 1776 578 per-
1883 522 1900 553 ι
1934 501 2237 592 Novissime
2266 510 2445 555 autem
2478 509 2757 571 pervertet
2780 515 2844 555 os
2876 515 3067 566 suum,
3111 509 3168 554 et
3203 499 3257 555 in
3285 501 3473 586 verbis

172 589 383 684 jurium
424 622 526 678 per
573 603 1026 661 consuetudinem
1075 600 1381 657 delabatur.
1431 599 1777 670 Quapropter
1883 614 1900 645 ι
1937 593 2044 648 tuis
2071 591 2223 647 dabit
2250 592 2585 648 scandalum.
2637 590 2802 645 Multa
2830 589 3009 658 odivi,
3044 605 3157 647 non
3186 591 3471 660 corequavi

178 681 272 774 qui
305 698 555 770 intelligit
586 696 776 752 nonin
805 694 965 750 bonis
992 694 1087 749 sed
1115 693 1169 747 in
1200 693 1524 748 necessariis
1543 690 1778 762 iuratio-
1884 702 1902 733 ι
1936 683 1983 737 ei
2011 722 2027 747 ,
2076 692 2131 738 et
2180 684 2442 738 Dominus
2470 682 2620 738 odiet
2660 682 2833 736 illum.
2871 701 2889 731 ι
2947 681 3082 749 Quia
3119 682 3373 752 superius;
3401 684 3472 740 do

178 771 306 854 nem
339 790 665 856 habendam,
702 785 945 843 refrenat
973 799 1035 841 se
1063 795 1328 856 quantum
1353 791 1556 855 potest,
1585 791 1646 837 ut
1669 796 1776 837 non
1878 776 2157 847 proditore
2184 776 2518 831 disseruerat
2535 816 2550 839 ,
2581 775 2726 844 quod
2753 774 2987 830 ditlicilis
3014 771 3132 844 cius
3159 781 3310 832 esset
3336 789 3474 832 con-

179 884 246 943 ea
276 895 466 943 utatur
494 882 601 938 nisi
647 880 1017 942 necessitate,
1069 893 1195 933 cum
1238 877 1386 933 videt
1432 876 1614 946 pigros
1658 889 1780 930 esse

1904 868 2101 931 *easio.‘
2137 865 2292 921 Nunc
2323 866 2579 933 ostendit,
2608 866 3029 920 inconstantiam
3076 882 3289 923 morum
3318 864 3474 936 eius,

184 978 437 1035 homines
472 972 539 1032 ad
576 971 908 1028 credendum
934 969 1082 1039 quod
1120 968 1202 1023 eis
1236 967 1367 1022 utile
1409 974 1494 1020 cst
1531 965 1783 1031 credere,
1882 960 1973 1030 qui
2008 960 2263 1015 universa
2291 958 2413 1014 ficte
2458 967 2515 1013 et
2559 957 2937 1030 doloseagit,
2986 967 3042 1014 et
3087 958 3211 1014 inde
3234 959 3474 1015 maxime

184 1070 289 1125 nisi
332 1065 614 1137 iuratione
642 1061 951 1117 firmentur.
1005 1058 1115 1115 Sed
1153 1073 1316 1119 nemo
1352 1057 1504 1112 novit
1543 1056 1651 1111 nisi
1688 1055 1781 1126 qui
1882 1060 2194 1122 perseverat
2219 1052 2271 1106 in
2296 1051 2463 1115 malo,
2487 1051 2633 1119 quod
2655 1065 2814 1105 nemo
2837 1067 2961 1105 eum
2985 1049 3348 1120 abjiciat,hoc
3368 1061 3474 1118 est,

187 1170 452 1233 expertus
480 1164 562 1215 est
587 1170 752 1226 quam
783 1154 854 1209 sit
880 1151 1097 1211 dillicile
1130 1161 1188 1208 et
1216 1150 1667 1207 consuetudinem
1690 1150 1783 1220 ju—
1883 1157 2042 1199 nemo
2074 1141 2468 1212 reprehendat,
2502 1157 2661 1196 nemo
2690 1142 2943 1212 castiget.
2986 1141 3138 1209 Quod
3169 1142 3477 1215 ubicunque

184 1253 346 1310 randi
369 1251 742 1320 exstinguere,
772 1254 829 1303 et
859 1260 1135 1315 nunquam
1167 1254 1370 1301 temere
1395 1243 1608 1310 facere,
1640 1242 1786 1314 quod

186 1358 582 1415 nonnunquam
613 1340 796 1397 facere
824 1339 1125 1395 necessitas
1153 1338 1316 1410 cogit.

262 1461 282 1494 ι
315 1439 523 1496 Eﬁ‘usio
559 1436 849 1506 sanguinis
880 1435 934 1490 in
964 1434 1084 1490 rixa
1114 1434 1473 1505 superborum
1492 1472 1507 1498 ,
1536 1440 1592 1488 et
1619 1444 1788 1487 ma.e-

193 1553 213 1587 ι
240 1532 413 1590 dictio
435 1530 652 1586 illorum
675 1528 894 1583 auditus
913 1526 1115 1598 gravis.
1138 1545 1157 1578 ι
1197 1525 1342 1580 Inter
1361 1525 1624 1595 superbos
1645 1539 1790 1580 sem-

186 1641 287 1697 per
302 1623 485 1695 iurgia
504 1627 669 1689 sunt,
689 1619 785 1675 ubi
810 1626 992 1674 autem
1012 1617 1252 1688 jurginm
1279 1625 1336 1671 et
1361 1616 1427 1672 lis
1448 1616 1785 1685 frequenter,

1886 1235 1965 1300 fit,
1996 1241 2347 1305 augmentum
2374 1232 2506 1288 facit
2533 1231 2782 1298 sceleris,
2804 1247 2912 1286 non
2942 1232 3151 1289 lucrum
3183 1234 3479 1288 correctio-

1887 1327 1994 1382 nis.
2024 1326 2094 1380 Et
2120 1325 2245 1396 quia
2277 1323 2409 1379 nulli
2443 1323 2638 1379 melius
2666 1324 2926 1392 competit
2954 1323 3248 1392 proditoris
3276 1322 3483 1392 signifi-

1888 1419 2031 1475 catio
2082 1433 2244 1488 quam
2300 1416 2560 1472 hmretico
2595 1431 2689 1470 seu
2733 1416 3085 1470 scbismatico
3113 1454 3128 1480 ,
3178 1414 3268 1485 qui
3319 1414 3480 1469 fidem

1886 1510 2100 1581 perdit,
2127 1520 2182 1565 et
2208 1507 2533 1578 proditionis
2561 1506 2768 1562 scelere
2796 1507 3085 1561 veritatem
3115 1507 3328 1570 vendit,
3356 1516 3482 1577 apte

1890 1602 1981 1657 hic
2013 1608 2166 1657 locus
2193 1600 2262 1654 ad
2292 1614 2482 1654 eorum
2513 1598 2810 1667 nequitiam
2841 1597 3322 1652 demonstrandam
3349 1613 3480 1668 pcr-

188 1683 264 1772 ibi
290 1683 497 1772 eritvet
530 1683 728 1767 effusio
754 1683 1059 1780 sanguinis.
1100 1683 1408 1764 maledictio
1438 1683 1651 1762 illorum
1681 1722 1784 1762 au-
1813 1683 1861 1742 Β
1892 1694 2058 1758 lin“,
2102 1706 2333 1780 (ιιιοηιιη
2362 1690 2528 1746 “iam
2569 1690 3046 1780 intemperantiam
3078 1697 3136 1744 ει
3166 1688 3482 1746 ίηιιοῗτοειίιο

183 1808 338 1867 ditus
358 1805 565 1879 gravis,
586 1802 844 1876 quoniam
863 1802 1007 1859 sicut
1024 1802 1169 1856 actio
1188 1815 1381 1856 eorum
1402 1808 1486 1856 est
1506 1801 1784 1857 contraria

185 1898 445 1954 omnibus
467 1896 661 1962 bonis,
707 1895 785 1950 ita
810 1903 870 1951 et
897 1890 1112 1964 loquela
1140 1906 1330 1949 eorum
1363 1892 1433 1950 ad
1457 1891 1788 1951 maledicen-

187 1992 317 2045 dum
343 1997 595 2060 prompta
618 1986 806 2060 probis
834 1986 1152 2043 hominibus
1173 1985 1246 2041 ad
1277 1986 1611 2042 audiendum
1642 2001 1787 2042 sem-

186 2095 288 2152 per
314 2089 405 2138 est
429 2081 634 2152 gravis.
1679 2069 1687 2077 ’

806 2169 1035 2228 CAPUT
1076 2170 1187 2228 VII.

190 2259 351 2329 Quod
368 2248 1165 2400 qui.,denudat(in;13;i£‘a2e$$
1186 2258 1366 2325 antici,
1386 2258 1445 2313 id
1465 2268 1540 2314 est
1562 2244 1786 2328 coacta,

267 2442 289 2475 ί
321 2419 427 2490 Qui
458 2420 697 2477 denudat
721 2435 922 2476 arcana
951 2420 1133 2491 armet,
1160 2421 1340 2491 perdit
1373 2420 1563 2486 fidem,
1582 2429 1651 2481 ,ει
1676 2438 1789 2478 non

197 2531 217 2564 ι
252 2510 501 2566 inveniet
533 2510 770 2565 amicum
794 2501 865 2566 ad
895 2510 1139 2564 animum
1170 2526 1355 2566 suum.
1408 2511 1579 2583 Dilige
1606 2511 1791 2581 proxi—

199 2621 217 2653 ι
255 2617 440 2667 mum,
473 2608 529 2656 et
559 2599 823 2671 conjunge
850 2599 1008 2655 {idem
1037 2615 1159 2655 cum
1189 2600 1301 2656 illo.
1353 2600 1506 2669 Quod
1540 2602 1587 2657 si
1614 2602 1788 2657 denu-

199 2712 219 2746 σ
252 2695 475 2751 daveris
507 2694 773 2750 absconsa
800 2693 962 2761 illius,
990 2710 1098 2750 non
1126 2695 1471 2767 persequeris
1494 2703 1619 2767 post
1643 2710 1788 2753 eum.

201 2807 219 2839 ι
253 2784 418 2843 Sient
444 2788 589 2843 enim
623 2789 788 2843 homo
819 2787 911 2861 qui
942 2787 1120 2859 perdit
1148 2787 1406 2857 amicum,
1438 2788 1517 2847 sic
1544 2788 1637 2858 qui
1662 2803 1790 2859 per-

201 2900 220 2932 σ
251 2880 339 2934 dit
363 2879 664 2936 amicitiam
692 2862 928 2951 proiimi
975 2879 1080 2935 sui.
1141 2877 1208 2934 Et
1254 2878 1397 2935 sicut
1436 2879 1530 2950 qui
1568 2879 1795 2935 dimittit

200 2992 220 3025 ε
253 2988 416 3028 avent
449 2972 517 3029 de
547 2987 711 3028 manu
741 2986 839 3028 sua
862 3012 879 3038 ,
927 2970 1007 3029 sic
1041 2972 1132 3042 qui
1172 2971 1442 3042 reliquisti
1480 2972 1792 3043 proximum

1891 1792 2001 1840 tem
2032 1782 2269 1841 ostendit
2298 1779 2554 1836 Salomon
2587 1780 2644 1834 in
2672 1779 3005 1845 Proverbiis,
3031 1779 3246 1835 dicens:
3271 1800 3288 1831 ‹
3315 1780 3487 1835 Homo

1892 1882 2141 1946 apostata
2170 1873 2256 1928 vir
2287 1871 2499 1927 inutilis
2545 1870 2791 1942 graditur
2825 1884 2920 1925 ore
2955 1886 3214 1940 perverso
3244 1889 3255 1924 :
3300 1872 3493 1926 annuit

1891 1967 2093 2032 oculis,
2140 1964 2267 2021 terit
2294 1964 2460 2035 pede.
2493 1964 2661 2035 digito
2689 1962 2949 2033 loquitur,
2980 1978 3152 2033 pravo
3180 1965 3343 2020 corde
3372 1980 3490 2019 ma-

1889 2060 2147 2116 chinatur
2171 2054 2399 2116 malum.
2424 2060 2475 2109 ct
2510 2052 2566 2109 in
2592 2051 2742 2109 meai
2776 2061 3019 2124 tempore
3039 2051 3219 2125 jurgia
3253 2052 3489 2109 seminat

1893 2151 2078 2223 (Prov.
2098 2149 2196 2222 vt).
2227 2169 2245 2202 ι
2282 2150 2506 2204 Dixerat
2529 2149 2672 2202 enim
2708 2147 2959 2216 superius
2990 2148 3057 2202 de
3087 2147 3408 2211 haeresibns,
3436 2152 3493 2201 et

1893 2243 2016 2298 aliis
2046 2241 2302 2296 vitiorum
2352 2238 2644 2310 generibus
2697 2237 3010 2303 instituerat
3064 2246 3490 2308 praeceptorem,

1895 2334 2237 2389 excitaverat
2264 2330 2515 2401 pigrum;
2557 2335 2611 2382 at
2640 2342 2784 2399 nunc
2814 2327 3091 2398 redarguit
3128 2335 3184 2382 et
3220 2328 3489 2393 schisma-

1895 2426 2085 2481 ticum.
2115 2423 2220 2479 Ubi
2243 2421 2561 2485 notandum,
2585 2420 2712 2491 quia
2740 2435 2902 2491 quem
2927 2420 3288 2475 seminantem
3309 2418 3492 2491 iurgia

1895 2517 2080 2573 dicere
2108 2514 2302 2580 voluit,
2333 2512 2485 2583 prius
2516 2520 2820 2583 apostatam
2855 2510 3188 2575 nominavit,
3220 2511 3347 2580 quia
3378 2511 3486 2566 nisi

1895 2624 2050 2667 more
2100 2605 2464 2678 superbientis
2510 2605 2688 2677 angeli
2752 2620 2784 2660 a
2843 2614 3138 2675 conspectu
3187 2605 3495 2660 conditoris

1894 2703 2046 2774 prius
2091 2702 2239 2758 intus
2278 2700 2562 2757 aversione
2600 2700 2795 2755 mentis
2835 2698 3087 2762 caderet,
3137 2696 3286 2753 foras
3332 2707 3484 2768 post—

1896 2794 2119 2848 modum
2167 2805 2341 2860 usque
2385 2789 2453 2847 ad
2499 2788 2818 2853 seminanda
2863 2786 3045 2860 jurgia
3096 2803 3206 2843 non
3249 2788 3485 2844 veniret.

1897 2882 2002 2957 Qui
2050 2889 2197 2937 recte
2240 2881 2459 2946 dicitur,
2502 2879 2647 2949 quod
2676 2898 2695 2930 ι
2724 2880 2914 2934 annuit
2955 2879 3150 2946 oculis,
3177 2879 3306 2936 terit
3332 2880 3495 2951 pede,

1899 2975 2065 3047 digito
2087 2975 2345 3046 loquitur.
2384 2993 2402 3027 ι
2450 2974 2686 3030 interior
2711 2987 2946 3043 namque
2967 2982 3051 3028 est
3072 2974 3343 3037 custodia,
3369 2988 3497 3043 quae
3546 2975 3548 2977 ’

201 3083 221 3114 ι
258 3072 414 3118 tuum
444 3103 459 3127 ,
510 3075 564 3119 et
612 3078 723 3119 non
763 3077 888 3118 eum
930 3062 1149 3134 capies:
1198 3078 1309 3118 non
1342 3062 1493 3118 illum
1522 3063 1792 3135 sequaris,
1823 3043 1869 3106 Ο
1899 3043 2375 3123 ordinata—servat
2407 3064 2646 3119 exterius
2691 3064 2955 3117 membra.
3002 3062 3106 3129 Qui
3132 3078 3264 3133 ergo
3292 3070 3494 3121 statum

201 3175 223 3207 ς
257 3157 522 3225 quoniam
548 3155 707 3228 longe
730 3154 903 3211 abeSt.
934 3153 1133 3227 Effugit
1155 3155 1299 3210 enim
1324 3155 1480 3225 quasi
1508 3170 1706 3227 caprea
1733 3156 1801 3212 de

205 3265 226 3298 ι
258 3245 484 3317 laqueo,
513 3246 771 3318 quoniam
801 3245 1085 3301 vulnerata
1125 3252 1211 3300 est
1249 3245 1429 3301 anima
1457 3243 1597 3314 ejus.
1645 3244 1800 3301 Ultra

204 3355 225 3387 ι
259 3349 387 3390 cum
411 3352 518 3391 non
546 3334 750 3406 poteris
770 3334 1045 3406 colligare,
1066 3343 1123 3409 et
1153 3334 1427 3391 maledicti
1452 3346 1539 3391 est
1568 3350 1801 3393 concor—

202 3449 226 3479 ι
262 3416 434 3483 datio.
473 3425 759 3481 Denudare
788 3434 967 3481 autem
999 3425 1159 3481 amici
1189 3426 1469 3497 mysteria,
1495 3427 1803 3496 desperatio

207 3536 227 3569 ι
261 3526 349 3573 est
374 3512 581 3571 animae
607 3515 857 3571 infelicis.
893 3534 911 3567 ι
967 3514 1084 3571 Hoc
1122 3531 1253 3587 ergo
1291 3516 1530 3587 capitulo
1566 3518 1804 3573 ostendit

199 3608 479 3679 sapientia
512 3607 565 3661 in
596 3622 704 3678 quo
743 3606 981 3661 maxime
1020 3605 1236 3661 laaditur
1265 3607 1543 3663 amicitia:
1576 3607 1632 3663 in
1660 3607 1803 3664 malo

201 3702 400 3771 utique
434 3699 762 3771 proditionis
788 3708 845 3773 et
873 3699 1153 3770 nequitiae,
1186 3698 1313 3770 quia
1351 3715 1449 3773 per
1478 3701 1652 3772 ipsam
1680 3717 1806 3771 per-

202 3794 285 3847 dit
316 3791 508 3858 tidem,
540 3799 598 3847 et
623 3807 729 3847 non
763 3798 1055 3847 conservat
1084 3791 1339 3847 amicitia:
1368 3792 1678 3862 aequitatem
1699 3832 1714 3856 ,
1750 3801 1807 3849 et

203 3884 418 3940 idcirco
449 3899 666 3939 omnem
700 3883 925 3955 dissipat
952 3884 1277 3939 charitatem
1296 3925 1311 3951 ,
1340 3893 1397 3940 et
1421 3884 1660 3957 effugere
1688 3902 1720 3941 a
1747 3901 1806 3942 se

202 3977 344 4033 facit
373 3975 541 4032 amici
570 3975 934 4032 dilectionem.
975 3975 1073 4031 Cui
1102 3975 1385 4045 pulchram
1413 3976 1633 4032 adhibet
1658 3992 1807 4034 eom-

200 4069 558 4142 parationem
582 4108 598 4135 ,
631 4067 886 4139 quoniam
915 4066 1059 4123 sicut
1085 4068 1204 4123 avis
1238 4068 1306 4124 de
1337 4069 1568 4138 aucupio
1615 4077 1672 4125 et
1717 4085 1807 4127 ca-

198 4176 341 4231 prea
372 4157 600 4231 effugiet
630 4158 695 4214 de
721 4158 917 4229 laqueo
947 4167 1304 4229 spontaneam
1334 4159 1476 4215 ultra
1504 4176 1612 4217 non
1645 4160 1811 4217 habet
1838 4214 1841 4223 ,

203 4249 627 4315 reversionem,
671 4248 753 4303 sic
798 4248 1039 4304 amicitia
1081 4248 1206 4305 laesa
1254 4265 1354 4321 per
1397 4249 1806 4317 infidelitatem,

201 4341 422 4398 nullam
465 4339 723 4410 deinceps
762 4354 886 4394 cum
923 4339 1125 4395 inﬁdeli
1172 4340 1396 4396 habebit
1436 4342 1807 4412 recuperatio-

201 4448 340 4511 nem
361 4472 378 4498 ,
421 4431 565 4487 sicut
590 4407 729 4487 etin
760 4431 1146 4497 anterioribus,
1185 4431 1276 4486 ubi
1306 4432 1373 4489 de
1403 4407 1660 4493 amicitiae
1682 4431 1809 4502 jure
1835 4407 1888 4466 D

202 4536 403 4581 censet
424 4519 596 4578 vando
622 4521 956 4594 disputatum
986 4530 1104 4591 est,
1137 4521 1341 4593 liquido
1368 4522 1562 4579 claruit
1587 4542 1600 4578 :
1632 4524 1809 4580 maxi-

197 4633 369 4676 mutu
392 4616 541 4671 enim
567 4615 777 4699 malum
795 4625 879 4673 est
899 4617 1135 4690 proditio
1156 4625 1212 4673 et
1232 4618 1464 4676 diﬂicilis
1484 4619 1602 4691 ejus
1629 4635 1815 4679 emen-

1900 3158 2102 3217 mentis
2139 3157 2417 3229 perdidit,
2475 3155 2624 3211 foras
2667 3155 2722 3210 in
2773 3154 3195 3210 inconstantiam
3238 3155 3498 3210 motionis

1898 3252 2055 3319 ﬂuit,
2098 3261 2265 3323 atque
2313 3251 2574 3307 exteriori
2617 3249 2919 3305 mobilitate
2962 3249 3303 3304 demonstrat
3347 3250 3493 3319 quod

1900 3343 2049 3398 nulla
2084 3342 2269 3398 radice
2301 3341 2533 3407 interius
2567 3339 2848 3396 subsistat.
2891 3339 2959 3394 Et
2992 3339 3119 3408 quia
3148 3337 3263 3407 jam
3289 3340 3495 3396 dictum

1902 3442 1986 3488 est
2027 3433 2170 3502 quod
2214 3429 2525 3502 huiusmodi
2582 3438 2737 3500 peste
2785 3428 2991 3484 homini
3044 3441 3303 3499 corrupto
3345 3430 3495 3487 aliud

1902 3527 2105 3581 malum
2149 3523 2488 3594 coadtequari
2533 3539 2641 3578 non
2690 3522 2890 3593 possit,
2938 3536 3005 3576 eo
3044 3523 3186 3591 quod
3229 3523 3492 3577 Dominus

1902 3617 2080 3672 odiret
2104 3616 2278 3681 illum,
2296 3622 2630 3670 memoratus
2650 3615 2736 3667 vir
2758 3611 2972 3683 sapiens
2993 3612 3251 3677 ostendit,
3271 3612 3489 3667 dicens:

1898 3723 1929 3757 ι
1962 3704 2070 3761 Sex
2115 3712 2243 3760 sunt
2285 3718 2406 3773 quae
2451 3703 2567 3757 odit
2612 3701 2912 3767 Dominus,
2977 3710 3032 3755 et
3077 3701 3368 3771 septimum
3405 3701 3500 3757 de-

1907 3804 2137 3851 testatur
2190 3795 2371 3849 anima
2429 3795 2592 3865 ejus:
2653 3792 2839 3848 oculos
2895 3793 3194 3859 sublimes,
3255 3793 3496 3865 linguam

1907 3887 2221 3943 mendacem
2249 3927 2263 3951 ,
2311 3901 2505 3941 manus
2550 3883 2890 3941 eﬂ'undentes
2938 3884 3219 3941 innoxium
3269 3887 3494 3957 sangui-

1907 3994 2051 4043 nem,
2098 3993 2194 4033 cor
2239 3976 2561 4032 machinans
2599 3977 2962 4047 cogitationes
3006 3977 3294 4046 pessimas,
3333 3977 3501 4047 pedes

1909 4071 2124 4128 veloces
2166 4070 2235 4126 ad
2267 4069 2594 4124 currendum
2623 4069 2675 4123 in
2701 4068 2923 4132 malum,
2951 4067 3315 4138 proferentem
3350 4085 3510 4124 men~

1910 4166 2086 4230 dacia,
2121 4173 2178 4220 et
2213 4180 2335 4219 eum
2370 4162 2463 4233 qui
2501 4162 2736 4217 seminat
2782 4162 2925 4216 inter
2960 4160 3158 4216 fratres
3199 4161 3501 4217 discordias

1912 4257 2095 4329 (Prae.
2112 4256 2245 4328 vr)»
2273 4255 2387 4310 Hoc
2407 4255 2550 4324 quod
2573 4254 2862 4324 septimum
2886 4253 2962 4308 ait
2981 4253 3239 4308 detestari
3261 4253 3500 4307 animam

1913 4350 2049 4413 Dei,
2111 4348 2363 4404 eumdem
2405 4361 2568 4417 quem
2611 4361 2775 4415 supra
2818 4346 3031 4416 plenius
3073 4361 3235 4416 quam
3281 4345 3352 4401 sit
3394 4344 3503 4400 Deo

1911 4438 2126 4495 odibilis
2170 4436 2499 4492 discordiam
2543 4435 2864 4491 seminando
2909 4433 3169 4489 insinuat.
3217 4432 3372 4501 Quod
3400 4448 3501 4487 au-

1914 4540 2022 4587 tem
2068 4531 2309 4587 animam
2354 4527 2572 4584 Domini
2618 4527 2753 4582 dicit
2779 4567 2794 4591 ,
2840 4527 3080 4581 humano
3122 4541 3281 4580 more
3322 4524 3502 4589 facit,

1915 4634 1976 4679 ut
2007 4640 2131 4680 eum
2171 4623 2329 4693 plena
2366 4622 2665 4677 intentione
2700 4628 2756 4676 et
2788 4634 2897 4673 non
2930 4617 3123 4673 leviter
3157 4618 3293 4673 tales
3324 4617 3507 4675 odisse

194 4708 390 4767 datio.
447 4705 603 4775 Quod
649 4702 813 4789 etiam
846 4707 900 4763 in
930 4706 1081 4764 Iuda:
1120 4709 1417 4781 proditoris
1444 4710 1692 4783 exemplo
1718 4710 1814 4766 de-

193 4809 586 4864 monstratum
613 4810 696 4858 est
722 4843 737 4868 ,
789 4802 856 4857 de
904 4818 1011 4872 quo
1047 4817 1144 4872 per
1169 4802 1497 4874 Prophetam
1525 4803 1581 4859 in
1604 4802 1814 4875 psalmo

193 4894 466 4954 dicitur:
502 4912 519 4943 ι
551 4890 723 4947 Homo
749 4893 903 4971 pacis
926 4890 1071 4949 mea:
1106 4892 1160 4947 in
1200 4908 1306 4964 quo
1346 4894 1671 4971 sperabam,
1719 4894 1813 4966 qui
1842 4936 1851 4947 .

190 4986 419 5043 edebat
446 4994 616 5054 panes
639 4999 808 5047 meos,
834 4983 1112 5061 ampliavit
1133 4984 1422 5043 adversum
1450 5000 1538 5043 me
1566 4985 1801 5057 supplan

194 5078 487 5134 tationem
537 5071 711 5147 (Psal.
759 5064 904 5147 xt.).»
940 5075 1042 5143 Qui
1091 5076 1423 5132 conscientia
1472 5078 1681 5147 peccati
1730 5078 1816 5134 sui

192 5171 525 5228 deterritus
554 5169 892 5239 desperando
925 5168 1096 5238 magis
1125 5170 1365 5223 occurrit
1410 5170 1478 5224 ad
1526 5169 1811 5242 laqueum,

190 5281 384 5336 quam
416 5263 484 5319 ad
517 5262 855 5333 poenitentia:
882 5262 1099 5319 salubre
1124 5263 1446 5317 remedium.
1498 5263 1651 5320 Unde
1679 5265 1818 5320 scri-

188 5373 371 5431 ptum
405 5364 493 5411 est
522 5357 588 5410 de
617 5370 681 5410 eo
709 5374 722 5386 -
757 5375 774 5405 ι
806 5354 1006 5409 Dilexit
1045 5354 1511 5420 maledictionem,
1552 5362 1609 5409 et
1637 5356 1818 5411 veniet

188 5454 252 5509 ei
283 5470 298 5504 :
336 5458 395 5504 et
426 5447 602 5502 noluit
628 5447 1056 5503 benedictionem
1077 5486 1093 5512 ,
1136 5454 1191 5501 et
1216 5446 1625 5518 prolongabilur
1653 5449 1720 5503 ab
1751 5464 1817 5505 eo

190 5550 213 5597 ι
229 5540 396 5596 Psal.
424 5538 603 5599 cvm).
631 5557 650 5589 ι

283 5655 305 5686 ι
347 5638 621 5685 Annuens
643 5628 800 5686 oculo
850 5628 1081 5685 fabricat
1110 5629 1332 5701 iniqua,
1384 5638 1441 5686 et
1488 5645 1647 5687 nemo
1689 5645 1814 5687 eum

1915 4716 2202 4787 signiticet.
2249 4715 2380 4772 Tale
2418 4723 2504 4770 est
2545 4715 2597 4768 iu
2640 4714 2820 4769 Isaia:
2856 4732 2875 4764 ι
2907 4712 3174 4767 Calendas
3208 4721 3418 4767 vestras
3450 4720 3507 4766 et

1918 4808 2290 4865 solemnitates
2328 4816 2542 4861 vestras
2581 4805 2755 4860 odivit
2792 4804 2973 4859 anima
3015 4818 3136 4858 mea
3185 4804 3323 4873 (Im.
3373 4803 3435 4874 l).
3476 4822 3496 4856 ι

1926 4918 1944 4949 ι
1976 4897 2206 4960 Oculos,
2258 4896 2433 4966 inquit
2455 4936 2470 4961 ,
2520 4895 2778 4951 sublimes
2801 4937 2815 4959 ,
2864 4895 3103 4967 linguam
3146 4895 3461 4950 mendacem
3487 4936 3502 4959 ,

1921 5004 2113 5049 manus
2159 4986 2505 5043 cﬂ'undentes
2547 4987 2827 5042 innoxium
2870 4986 3212 5057 sanguinem,
3258 5000 3355 5041 eor
3391 5002 3509 5040 ma-

1920 5077 2550 5149 chinanscogitationes
2598 5078 2869 5148 pessitms
2893 5118 2909 5144 ,
2969 5077 3134 5147 pedes
3184 5077 3397 5132 veloces
3438 5074 3507 5130 ad

1921 5170 2247 5229 currendum
2276 5171 2331 5223 in
2357 5168 2961 5240 malum,proferentetn
2990 5168 3292 5233 mendacia,
3316 5176 3505 5223 testem

1922 5261 2190 5326 fallacem,
2218 5269 2275 5315 et
2298 5277 2421 5315 eum
2465 5262 2558 5331 qui
2597 5261 2834 5317 seminat
2876 5261 3018 5315 inter
3059 5259 3256 5314 fratres
3299 5259 3506 5312 discor-

1922 5353 2057 5407 dias.
2090 5372 2108 5404 ι
2158 5352 2456 5407 Enumerat
2483 5368 2578 5407 sex
2613 5351 2863 5422 capitalia
2889 5351 3142 5413 crimina,
3169 5363 3289 5417 quae
3320 5354 3503 5399 tanton

1922 5444 2327 5519 comparatione
2378 5444 2679 5499 discordias
2720 5442 3040 5505 seminantis
3085 5437 3241 5509 quasi
3292 5438 3504 5489 minora

1924 5536 2160 5607 deponit,
2188 5537 2315 5607 quia
2344 5537 2600 5594 nimirum
2643 5535 2819 5605 majus
2858 5543 2943 5590 est
2970 5532 3178 5587 facinus
3216 5528 3368 5594 illud,
3396 5542 3505 5598 quo

1920 5630 2100 5687 unitas
2146 5637 2199 5686 et
2239 5627 2553 5684 fraternitas
2595 5643 2715 5697 quae
2751 5640 2847 5698 per
2885 5624 3121 5695 Spiritus
3163 5620 3337 5677 sancti
3378 5635 3504 5690 gra-
