3926 6168
421 196 521 255 567
1054 189 1115 244 B.
1161 186 1411 243 llABANl
1452 186 1670 242 MAUl‘tl
1710 185 1971 241 ARClllE

2114 181 2382 239 lOGUN'l‘.
2425 178 2710 239 ornavit
2752 182 2933 239 rans
2964 188 3012 239 ι.
3114 156 3139 169 ’
3566 190 3664 247 708

418 315 551 369 tiam
589 317 677 367 est
713 321 955 365 connexa
996 308 1309 375 dtssrpatur.
1358 304 1542 359 Potest
1582 302 1728 358 enim
1774 301 2003 372 quilibet
2029 304 2075 362 Α
2104 306 2326 355 etaritur
2352 315 2514 357 casus
2535 310 2839 370 tustorum,
2878 300 2964 355 vel
2995 298 3293 357 moliuntur
3319 298 3663 375 deceptionem

414 402 604 458 oculos
638 406 909 466 lactantet‘
948 394 1247 459 extoliere,
1297 395 1479 465 lingua
1526 392 1786 460 mentiri,
1825 392 1999 447 bomi-
2102 393 2476 461 proximorum
2524 406 2770 446 suorum.
2826 391 2990 446 Dolor
3035 400 3217 445 autem
3267 392 3480 448 invidiae
3518 404 3663 464 atque

417 494 560 550 cidio
598 490 788 559 pollui,
820 486 958 542 mala
985 486 1237 556 proximo
1285 484 1583 540 machinari
1601 525 1615 549 ,
1663 483 1785 538 aliis
1830 482 1999 538 sccle-
2100 482 2322 537 malitia:
2345 497 2456 537 suat
2477 482 2621 537 intus
2644 481 2765 536 illos
2786 490 2915 536 ante
2928 480 3088 536 finem
3109 482 3233 537 vitm
3258 497 3368 536 sua:
3386 485 3660 550 excruciat;

418 586 567 638 ribus
607 581 853 635 membra
894 577 1125 634 subdere
1148 618 1164 637 .
1212 577 1407 631 falsum
1452 585 1645 632 contra
1690 574 1997 646 quempiam
2099 574 2298 643 quibus
2329 583 2507 629 unnen
2532 582 2655 644 post
2677 583 2910 630 mortem
2934 574 3052 629 sine
3073 574 3215 629 defer
3230 575 3376 629 tione
3398 591 3541 632 mors
3560 593 3661 634 suc-

418 671 787 728 testimouium
830 668 1114 740 proferre:
1162 669 1306 739 quod
1343 685 1450 724 non
1487 669 1627 724 idem
1656 682 1778 724 esse
1804 680 2000 738 putan-
2099 665 2255 719 cedet
2279 672 2563 734 perpetua.

415 766 543 819 dum
577 770 681 828 est,
711 762 855 831 quod
898 775 1063 831 supra
1104 760 1344 832 linguam
1389 759 1701 815 mendacem
1734 759 1998 814 nominat.
2177 762 2197 804 ὰ
2228 754 2313 808 lra
2355 763 2413 810 et
2453 752 2608 813 furor
2633 761 2866 824 utraque
2896 754 3252 810 exsecrabilis
3295 767 3424 810 sunt
3446 798 3461 823 ι
3506 766 3559 813 et
3594 759 3665 815 vir

412 856 603 910 Potest
638 854 785 908 enim
818 852 1159 908 mendacium
1195 853 1290 908 sed
1324 868 1433 908 non
1472 861 1659 907 contra
1696 852 1999 922 proximum
2106 866 2125 898 ι
2156 856 2413 918 peccator
2450 848 2740 903 continens
2785 848 2895 902 erit
2943 848 3183 902 illorum.
3222 867 3243 900 ι
3299 847 3451 904 Nune
3499 851 3664 922 incipit

412 946 542 1000 dici.
591 944 726 999 Nam
769 954 825 998 et
868 943 1059 998 beatus
1098 942 1434 1014 Augustinus
1479 956 1603 997 octo
1642 957 1763 998 esse
1804 956 2000 1013 genera
2102 938 2381 1007 disputare
2410 936 2477 992 de
2508 936 2636 1002 illis,
2669 938 2762 1007 qui
2797 936 2977 993 furore
3006 937 3176 991 nimio
3203 939 3583 1006 exardescuat,
3620 952 3666 996 et

415 1036 681 1092 mendacii
720 1035 775 1089 in
807 1034 945 1089 libro
972 1048 1131 1104 quem
1170 1035 1236 1089 de
1273 1033 1554 1088 mendacio
1582 1032 1883 1103 composuit
1910 1032 2004 1086 do-
2102 1025 2316 1097 longam
2348 1027 2684 1082 iracundiam
2708 1026 2768 1081 in
2800 1034 3023 1097 pectore
3048 1042 3149 1082 suo
3177 1028 3446 1082 dominari
3474 1031 3667 1099 permit-

416 1138 520 1185 cet.
566 1128 787 1191 Potest,
834 1127 1088 1196 inquam,
1129 1126 1375 1196 perditus
1423 1126 1653 1195 quisque
1698 1123 2002 1192 huiusmodi
2104 1126 2245 1173 lunt.
2303 1119 2446 1173 Dicit
2490 1119 2637 1173 enim
2687 1118 3045 1173 exsecrabilia
3078 1133 3205 1173 esse
3244 1120 3434 1189 utique
3478 1122 3527 1174 in
3553 1137 3665 1177 eon-

416 1220 555 1275 mala
593 1219 679 1274 vel
721 1217 1062 1287 sibimetipsi,
1103 1218 1185 1272 vel
1224 1217 1345 1271 aliis
1383 1215 1586 1271 inferre
1621 1230 1753 1286 pace
1789 1222 2002 1269 servata
2102 1220 2289 1282 specta
2324 1211 2418 1267 Dei
2465 1212 2601 1267 iram
2642 1219 2698 1265 et
2734 1210 3011 1277 furorem,
3060 1221 3119 1267 et
3148 1213 3323 1268 virum
3352 1224 3665 1284 permutarent

416 1310 692 1366 Ecclesiae.
735 1311 807 1364 At
840 1309 1082 1364 Donatus
1117 1318 1173 1363 et
1214 1308 1377 1363 Arius
1419 1322 1714 1376 eorumque
1740 1320 2005 1377 sequaces
2104 1305 2298 1360 horum
2345 1320 2465 1360 esse
2506 1313 2775 1360 tenacem.
2823 1305 2906 1359 Ira
2951 1305 3097 1359 enim
3141 1305 3241 1359 viri
3284 1322 3393 1361 non
3439 1316 3670 1377 operatur

416 1403 634 1474 gravius
667 1410 751 1456 est
786 1400 928 1470 quod
962 1400 1232 1465 fecerunt,
1257 1401 1347 1470 qui
1373 1399 1720 1454 concordiam
1750 1397 2006 1453 fraterna:
2099 1396 2368 1468 justitiam
2397 1396 2515 1451 Dei.
2576 1395 2683 1452 Sed
2714 1397 2841 1466 quia
2881 1397 3142 1469 scriptum
3170 1406 3255 1453 est
3303 1398 3377 1452 ita
3407 1416 3422 1453 :
3456 1418 3477 1451 σ
3506 1400 3668 1456 Melior

420 1493 646 1547 unitatis
689 1491 991 1547 discordias
1034 1492 1353 1546 seminando
1394 1491 1690 1545 sciderunt.
1740 1489 1871 1556 Qua:
1910 1503 2006 1541 au—
2107 1497 2194 1544 est
2237 1491 2322 1543 ira
2378 1489 2491 1545 risu
2547 1488 2768 1560 (Errle.
2818 1488 2950 1560 vn).
2995 1509 3015 1544 ι
3075 1490 3143 1545 Et
3199 1491 3471 1561 Propheta
3518 1493 3664 1549 dicit:

421 1594 526 1638 tem
575 1584 673 1638 hos
724 1582 1024 1637 malitiosos
1070 1591 1126 1637 et
1169 1581 1278 1636 doli
1325 1581 1681 1635 fabricatores
1719 1577 2003 1633 retributio
2115 1600 2133 1632 ‹
2166 1580 2469 1637 irascimini
2497 1589 2555 1635 et
2581 1580 2746 1635 nolite
2773 1594 3001 1650 peccare
3027 1578 3201 1651 (Paul.
3232 1582 3331 1652 iv).
3362 1602 3382 1633 ι
3428 1584 3670 1652 Quini-itur

418 1663 697 1748 sequatur,
740 1677 1023 1746 Scriptura
1065 1676 1324 1740 insinuat,
1367 1676 1552 1730 dicens
1582 1716 1593 1729 .
2036 1660 2080 1718 Β
2108 1686 2230 1744 quae
2255 1673 2327 1728 sit
2355 1673 2472 1728 lucc
2500 1673 2601 1736 ira,
2629 1687 2791 1742 quam
2819 1673 3080 1742 sapientia
3108 1680 3318 1729 tantum
3344 1685 3665 1741 exsecratur,

494 1791 511 1821 ι
546 1770 646 1836 Qui
697 1771 749 1823 in
799 1769 966 1822 altum
1011 1768 1177 1822 mittit
1216 1767 1446 1836 lapidem
1490 1781 1651 1835 super
1689 1772 1851 1835 caput
1890 1764 2006 1835 ejus
2107 1776 2296 1822 contra
2327 1767 2458 1821 vitia
2489 1766 2632 1821 enim
2662 1766 2825 1821 irasci
2853 1765 3242 1835 permittimur,
3274 1775 3336 1821 ut
3365 1768 3488 1823 zelo
3511 1769 3596 1824 Dei
3626 1770 3669 1824 in

424 1885 443 1914 r
477 1863 653 1927 cadet,
692 1870 745 1915 et
780 1862 937 1932 plaga
977 1861 1162 1916 dolosa
1204 1859 1371 1915 dolosi
1413 1858 1617 1914 dividet
1647 1857 1888 1912 vulnera.
1940 1856 2007 1910 Et
2108 1860 2512 1929 nobismetipsis
2542 1868 2598 1915 et
2625 1859 2888 1930 proximis
2924 1861 3127 1916 nostris
3164 1860 3252 1915 illa
3283 1877 3667 1934 persequamur.

422 1975 441 2005 ‹
478 1956 569 2025 qui
603 1955 737 2009 fodit
769 1953 1001 2017 foveam,
1049 1953 1103 2008 in
1148 1952 1297 2007 illam
1333 1952 1576 2016 decidet;
1623 1958 1679 2005 et
1701 1951 1792 2021 qui
1822 1947 2008 2005 statuit
2108 1947 2368 2003 Homines
2394 1956 2576 2003 autem
2604 1964 2797 2004 omnes
2844 1957 2905 2004 ut
2946 1958 3231 2007 consortes
3260 1960 3473 2008 nostra:
3495 1963 3671 2010 natura:

421 2070 439 2099 ι
478 2048 710 2117 lapidem
753 2047 1022 2118 proximo,
1050 2045 1289 2101 offendet
1326 2044 1380 2098 in
1415 2058 1513 2110 eo;
1561 2052 1617 2099 et
1637 2045 1726 2113 qui
1757 2043 2004 2113 laqueum
2109 2047 2235 2093 sum
2264 2039 2555 2110 diligendi.
2605 2040 2699 2095 sed
2731 2040 2783 2093 in
2810 2039 3062 2096 omnibus
3099 2041 3292 2097 ιηθάιιε
3336 2052 3396 2097 ei»
3442 2044 3671 2099 ἀῖεστεῑῖο

425 2160 443 2188 ι
476 2138 567 2191 alii
613 2145 809 2207 parat,
856 2135 1054 2206 peribit
1106 2135 1160 2189 in
1208 2135 1321 2189 illo.
1358 2153 1377 2184 ι
1444 2133 1505 2188 ln
1561 2132 1729 2188 altum
1775 2133 2005 2204 lapidem
2106 2129 2312 2201 optima
2362 2138 2445 2185 est
2473 2170 2489 2195 ,
2539 2138 2595 2185 et
2625 2131 2767 2185 nihil
2790 2132 2913 2187 sine
2949 2131 3144 2188 timore
3185 2134 3552 2204 etcharitate
3592 2136 3668 2191 Dei

419 2231 607 2296 mittit,
653 2231 745 2300 qui
785 2228 1213 2299 blasphemando
1249 2227 1445 2283 divinae
1486 2225 1758 2297 maiestati
1796 2228 2003 2283 calnm-
2106 2221 2399 2291 agendum.
2446 2218 2689 2277 Venialis
2715 2230 2804 2277 est
2826 2222 2972 2276 enim
3009 2221 3120 2285 ira.
3162 2238 3286 2294 que
3333 2225 3407 2280 ad
3451 2224 3671 2282 electum

417 2322 564 2376 niam
606 2320 773 2384 facit,
824 2328 879 2375 et
924 2327 1115 2375 contra
1159 2334 1316 2374 suum
1365 2327 1644 2375 auctorem
1687 2318 2002 2390 blasphema
2060 2364 2065 2367 .
2107 2313 2496 2385 indignationis
2522 2328 2635 2369 sum
2661 2328 2766 2368 non
2794 2314 3060 2384 pervenit.
3100 2313 3255 2372 Sicut
3282 2317 3667 2389 scriptumest:

418 2413 583 2467 verba
627 2411 889 2481 loquitur,
929 2410 1188 2479 illumque
1213 2424 1375 2479 quem
1415 2409 1637 2466 laudare
1661 2409 1820 2480 digne
1846 2424 2005 2467 nemo
2112 2424 2132 2458 ς
2164 2402 2357 2460 Melior
2385 2406 2584 2476 68!?qu
2611 2405 2781 2461 Vincit
2819 2406 2978 2470 iram.
3010 2421 3173 2477 quam
3206 2408 3299 2479 qui
3322 2411 3476 2481 capit
3511 2410 3673 2466 civita-

418 2503 639 2567 sullicit,
665 2502 733 2557 ad
759 2501 896 2557 iram
936 2501 1198 2571 iniuriosa
1240 2502 1568 2573 loquacitate
1604 2503 2000 2574 provocaverit.
2105 2502 2217 2552 ῑεῐη
2262 2493 2446 2569 (Prov.
2492 2495 2628 2566 va).
2665 2517 2683 2549 ι
2742 2496 2811 2552 Et
2856 2497 2976 2553 ideo
3021 2507 3352 2571 praeceptum
3403 2502 3674 2557 curationis

418 2584 529 2649 sta
572 2607 737 2663 super
777 2607 904 2649 eum
957 2592 1158 2648 duritia
1215 2592 1333 2664 ejus
1381 2593 1637 2650 vindictae
1682 2595 1900 2660 veniet,
1950 2602 2006 2652 et
2104 2585 2412 2652 adhibebit.
2460 2595 2522 2643 ιιι
2554 2588 2601 2644 Si
2629 2587 2743 2660 iam
2777 2588 3087 2656 irascimur,
3136 2605 3241 2646 non
3280 2591 3581 2648 inconsulta
3608 2600 3673 2647 te-

415 2699 654 2741 mentem
685 2684 805 2755 ejus
839 2692 1103 2755 perpequ
1133 2684 1318 2740 dolore
1353 2685 1720 2752 excruciabit;
1753 2684 2007 2742 similiter
2103 2679 2354 2736 meritate
2380 2694 2687 2750 peccemus.
2723 2678 2925 2736 Motum
2947 2681 3213 2753 siquidem
3236 2682 3407 2738 animi
3433 2684 3675 2739 fervidum

413 2773 571 2846 plaga
614 2773 881 2829 malitiosa
925 2773 1094 2829 dolosi
1139 2781 1302 2846 auget
1346 2774 1573 2832 vulnera
1616 2783 2000 2846 peccatorum,
2101 2782 2325 2844 propter
2350 2772 2645 2828 humanam
2690 2771 3038 2846 fragilitatem
3084 2774 3139 2831 in
3182 2783 3458 2846 potestate
3500 2778 3674 2834 habere

414 2880 523 2922 non
571 2872 731 2920 sanat
782 2864 994 2920 animas
1051 2865 1440 2936 peccantium;
1493 2866 1574 2923 sic
1616 2874 1672 2923 et
1712 2866 1803 2937 qui
1845 2874 2007 2938 parat
2102 2878 2210 2919 non
2238 2879 2546 2935 possumus,
2577 2862 2913 2937 suffragante
2940 2873 3122 2922 tamen
3150 2865 3247 2924 Dei
3275 2870 3461 2942 gratia
3488 2871 3672 2925 ratione

415 2955 574 3011 alteri
622 2955 944 3027 perditionis
985 2954 1195 3011 foveam
1221 2996 1237 3023 ,
1292 2955 1408 3027 ipse
1450 2956 1664 3014 decidet
1707 2958 1765 3013 in
1808 2956 1996 3022 illam;
2032 3017 2071 3032 η
2103 2952 2486 3024 disciplinahili
2520 2954 2885 3011 continemus.
2927 2954 2998 3012 Et
3026 2957 3148 3014 ideo
3175 2958 3367 3014 beatus
3402 2959 3671 3032 Propheta,

413 3056 471 3104 et
500 3017 643 3118 ‘qui.
698 3047 1054 3104 offensionem
1123 3017 1354 3118 alicujus
1423 3047 1664 3106 scandali
1733 3017 2004 3106 construit
2027 3017 2074 3079 Ο
2103 3017 2258 3116 quod
2281 3053 2365 3101 est
2393 3045 2610 3115 quidem
2641 3047 3052 3103 consuetudinis
3082 3050 3363 3120 permisit,
3396 3017 3542 3124 quod
3564 3017 3674 3107 vero

417 3137 687 3208 proximo,
718 3137 833 3206 ipse
874 3151 998 3191 reus
1039 3137 1148 3190 erit
1185 3149 1388 3193 :eterno
1433 3146 1739 3206 tormento;
1769 3155 2000 3196 necnon
2103 3133 2276 3205 culpa»
2318 3135 2616 3204 prohibuit.
2669 3135 2804 3190 Nam
2855 3137 2902 3193 si
2950 3137 3277 3204 irascamur,
3329 3157 3439 3198 nec
3487 3142 3675 3198 Domini

415 3237 472 3282 et
509 3227 596 3282 ille
634 3227 726 3296 qui
764 3226 1085 3283 insidiarum
1123 3226 1346 3297 laqueos
1386 3229 1538 3299 ponit
1580 3229 1692 3295 alii,
1738 3230 1851 3301 ipse
1877 3245 2003 3302 pro-
2102 3225 2533 3283 consideratione
2567 3227 2927 3296 refrenemur,
2964 3230 3060 3285 sed
3092 3245 3123 3285 a
3151 3240 3281 3287 voto
3307 3242 3503 3290 nostro
3530 3235 3677 3305 impe—

417 3320 551 3390 pria:
594 3318 851 3390 nequitia:
892 3328 1082 3390 captus
1127 3319 1250 3376 dolo
1293 3320 1348 3375 in
1389 3329 1653 3377 internum
1697 3323 1898 3394 peribit
1945 3323 2001 3380 in
2103 3315 2318 3371 dlamur
2342 3316 2524 3387 aliquo
2553 3318 2901 3374 necessitatis
2929 3318 3162 3390 objecta,
3192 3328 3324 3378 tunc
3347 3323 3543 3396 utique
3567 3341 3679 3381 con-

417 3409 532 3466 illo.
2102 3413 2214 3463 stat
2242 3424 2342 3464 nos
2373 3408 2501 3464 facti
2532 3410 2738 3466 crimen
2768 3418 3007 3482 portare,
3035 3414 3203 3470 etiam
3249 3415 3297 3471 si
3346 3432 3462 3472 non
3504 3433 3678 3489 possu-

491 3521 509 3553 ι
541 3500 785 3557 Facienti
831 3502 1225 3573 nequissimum
1266 3503 1585 3571 consilium,
1625 3520 1788 3575 super
1826 3505 2000 3574 ipsum
2102 3517 2225 3558 mus
2272 3518 2394 3573 qua:
2441 3502 2756 3560 volebamus
2800 3504 3059 3573 edicere;
3110 3507 3225 3563 sive
3268 3518 3329 3564 ut
3368 3512 3679 3582 quibusdam

419 3612 437 3645 ι
472 3592 811 3659 devolvctur,
860 3601 916 3650 et
959 3609 1066 3649 non
1111 3603 1371 3666 agnoscet
1408 3596 1550 3653 unde
1592 3597 1773 3651 veniat
1814 3597 1889 3650 illi
1933 3597 1998 3651 il-
2101 3592 2310 3664 placet,
2339 3596 2635 3665 praeteritis
2660 3596 2900 3667 peccatis
2928 3596 3090 3653 irasci
3118 3598 3413 3664 debemus,
3462 3611 3523 3656 ut
3556 3618 3681 3674 prsc-

418 3706 437 3737 ι
472 3685 630 3751 lusio,
673 3694 731 3740 et
773 3686 1162 3758 improperium
1210 3687 1590 3759 superborum.
1654 3689 1722 3745 Et
1761 3691 2033 3746 vindicta’
2102 3694 2310 3742 sentem
2345 3688 2646 3758 nequitiam
2687 3690 2959 3760 possimus
2992 3690 3250 3763 effugere.
3299 3691 3513 3751 Delicta
3555 3697 3681 3751 enim

418 3794 436 3825 ι
471 3773 613 3827 sicut
653 3773 739 3829 leo
783 3775 1132 3831 insidiabitur
1161 3776 1258 3831 illi.
1296 3797 1313 3829 ι
1362 3778 1677 3850 Quicunque
1711 3796 1841 3851 ergo
1877 3797 2000 3852 per-
2102 3778 2342 3832 recentia
2371 3778 2647 3835 declinare
2675 3794 2781 3835 non
2812 3796 3135 3852 possumus,
3182 3783 3288 3839 nisi
3325 3796 3546 3842 vetusta
3576 3787 3680 3842 lau-

411 3879 570 3919 verso
611 3866 775 3921 corde
820 3877 1009 3921 contra
1057 3869 1366 3938 proximum
1411 3886 1566 3926 suum
1612 3886 1838 3939 pravum
1885 3886 2001 3925 ma—
2101 3868 2269 3924 dabili
2297 3870 2671 3928 exsecratione
2700 3872 3040 3929 damnemus.
3082 3873 3220 3943 Quid
3248 3885 3335 3932 est
3368 3879 3524 3934 enim
3553 3878 3683 3935 aliud

411 3957 669 4011 cbinatur
706 3958 992 4013 consilium
1018 4000 1032 4025 ,
1079 3960 1132 4014 in
1178 3970 1396 4016 teternze
1440 3976 1615 4032 pmice
1658 3976 1716 4016 se
1755 3963 2000 4018 devolvet
2100 3958 2393 4029 paenitere,
2420 3960 2525 4017 nisi
2558 3953 2720 4018 irasci
2750 3963 2884 4031 sibi,
2919 3973 2979 4019 ut
3003 3966 3229 4022 horreat
3258 3969 3408 4039 quod
3440 3968 3599 4037 fecit,
3639 3978 3682 4025 el

410 4045 711 4100 interitum.
765 4046 873 4101 Sed
903 4049 1176 4117 quomodo
1201 4051 1402 4105 dicitur
1427 4053 1570 4122 quod
1609 4068 1714 4107 non
1742 4062 2000 4124 agnoscat
2099 4052 2374 4108 cruciatus
2409 4066 2440 4107 a
2476 4068 2535 4109 se
2572 4053 2789 4126 exigat,
2834 4071 2904 4111 ne
2943 4055 3106 4127 judex
3157 4059 3331 4116 iratus
3375 4063 3568 4132 potius
3611 4060 3691 4118 af-

411 4136 552 4191 unde
588 4136 662 4191 illi
704 4136 885 4193 illusio
924 4146 981 4193 et
1017 4138 1404 4210 impr-operium
1439 4144 1794 4212 superborum
1837 4144 2000 4200 adve—
2099 4140 2296 4214 lligat?

411 4226 567 4280 niat?
613 4226 718 4281 nisi
762 4227 890 4296 quia
933 4243 1042 4283 non
1088 4230 1402 4285 considerat
1442 4232 1584 4287 unde
1627 4241 1834 4288 reatum
1868 4248 1998 4289 eon-
2683 4238 2916 4297 CAPUT
2951 4240 3084 4297 VIII.

411 4318 611 4384 trahat,
653 4334 755 4388 pro
798 4333 906 4389 quo
949 4332 1143 4389 prunas
1170 4319 1363 4376 solvat.
1412 4320 1670 4377 Estimat
1709 4324 1856 4379 enim
1887 4324 1996 4381 liae.
2024 4373 2073 4405 η
2562 4329 2639 4387 De
2674 4334 2978 4389 remissione
3010 4344 3231 4405 peccati.

411 4408 616 4465 reticus
638 4373 695 4464 et
718 4373 895 4464 omnis
920 4409 1322 4477 schismaticus,
1347 4411 1489 4483 quod
1521 4428 1616 4467 sua
1640 4412 1776 4468 falsa
1801 4414 1995 4471 electio
2021 4373 2075 4434 Β
2172 4418 2324 4491 (Car.
2356 4421 2572 4496 xxvut.)
2605 4440 2622 4474 ι
2656 4422 2758 4490 Qui
2788 4373 3194 4482 vindicai'ivvult
3232 4441 3263 4481 a
3302 4425 3418 4485 Deo
3459 4427 3687 4487 inveniet

408 4499 603 4555 melior
652 4500 726 4556 sit
767 4515 932 4575 quam
979 4501 1263 4559 catholica:
1317 4503 1441 4561 ﬁdei
1482 4520 1611 4560 vera
1661 4507 1992 4577 pradicatio.
2105 4530 2122 4564 ι
2153 4510 2472 4577 vindictam,
2503 4521 2558 4568 et
2585 4522 2807 4583 peccata
2839 4513 2983 4571 illius
3010 4531 3236 4573 servans
3266 4518 3537 4576 servabit.
3573 4540 3591 4573 ι
3635 4518 3683 4575 In

410 4586 827 4680 Exaudilludit
872 4589 1248 4680 semetipsum,
1287 4590 1416 4648 dum
1462 4608 1570 4649 non
1613 4596 1868 4653 observat
1904 4614 1997 4654 ca-
2099 4601 2206 4658 hoc
2243 4617 2375 4674 ergo
2402 4605 2639 4676 capitulo
2667 4606 2995 4680 evangeliea:
3035 4623 3135 4680 per
3168 4612 3355 4667 omnia
3393 4614 3685 4672 concordat

407 4677 597 4734 tholiei
622 4678 892 4751 dogmatis
911 4679 1229 4752 vestigium;
1265 4690 1412 4737 amat
1438 4682 1584 4738 enim
1612 4683 1993 4744 mandatorum
2096 4693 2387 4761 doctrinm,
2435 4696 2527 4752 ubi
2555 4713 2663 4753 non
2692 4677 2866 4755 viceni
2897 4677 3116 4758 talionis
3144 4705 3449 4762 secundum
3479 4707 3679 4781 legem,

407 4768 501 4868 Dei
535 4771 1056 4868 transgressionem,
1099 4780 1154 4828 et
1193 4787 1299 4828 non
1337 4773 1494 4829 timet
1518 4781 1780 4831 meritam
1806 4777 1993 4868 perdi-
2096 4782 2192 4839 sed
2216 4782 2560 4842 tolerantiam
2597 4788 2874 4860 patientia:
2904 4793 3200 4851 secundum
3234 4797 3474 4868 gratiam
3511 4768 3681 4857 dvocet.

408 4860 643 4927 tionem;
677 4861 924 4931 sequitur
950 4877 1227 4928 errorem,
1275 4870 1330 4919 et
1359 4879 1466 4919 non
1496 4873 1766 4935 pmcavet
1795 4864 1990 4923 futurae
2094 4870 2249 4928 Unde
2268 4872 2471 4931 Paulus
2498 4877 2567 4932 ad
2590 4876 2864 4936 Romanos
2890 4881 3136 4939 scribens
3163 4860 3277 4940 ait:
3309 4906 3330 4937 ε
3360 4886 3548 4945 Nolite
3574 4906 3684 4946 esse

690 4952 972 5050 ultionem.
1026 4953 1236 5050 Proprii
1266 4955 1413 5050 enim
1444 4955 1650 5011 erroris
1678 4955 1891 5050 illusio,
1936 4967 1994 5031 et
2091 4964 2389 5036 prudentes
2416 4962 2557 5040 apud
2587 4971 2982 5044 vosmetipsos:
3013 4973 3147 5030 nulli
3177 4976 3381 5033 malum
3410 4993 3519 5050 pro
3549 4980 3684 5036 malo

407 5041 608 5099 diaboli
640 5041 755 5112 (qui
802 5042 885 5099 leo
926 5052 1149 5117 propter
1177 5044 1519 5102 ferocitatem
1557 5054 1704 5103 recte
1742 5048 1957 5104 nomina

2130 5057 2410 5126 addentes;
2439 5061 2789 5132 providentes
2811 5041 2951 5120 bona
2976 5082 3085 5122 non
3109 5076 3319 5124 tantum
3344 5041 3539 5127 coram
3560 5074 3680 5135 Deo.

411 5130 517 5202 tor)
548 5130 816 5195 seductio,
864 5131 1160 5189 vindictam
1209 5144 1526 5206 perpetuam
1577 5135 1745 5193 faciet
1797 5137 1961 5210 impio

2139 5152 2187 5207 id
2213 5153 2387 5207 etiam.
2407 5130 2590 5209 coram
2614 5156 2867 5214 omnibus
2895 5159 3222 5216 hominibus.
3260 5160 3317 5216 Si
3343 5162 3460 5219 fieri
3487 5174 3689 5234 potest.

405 5222 594 5326 subire
627 5221 682 5281 in
711 5220 941 5326 inferno.
1156 5316 1168 5326 ι
1245 5315 1258 5326 ι
1281 5315 1295 5326 ‘
2096 5249 2240 5313 quod
2271 5261 2336 5299 ex
2369 5243 2521 5300 vobis
2549 5255 2665 5312 est,
2710 5262 2831 5303 cum
2873 5249 3125 5306 omnibus
3154 5251 3466 5310 hominibus
3495 5270 3683 5326 pacem

484 5331 501 5363 ι
534 5312 755 5411 Idaque?
792 5313 1047 5383 Petilium
1081 5316 1171 5385 (ιυὶ
1209 5315 1553 5373 οωθθιθηῑυῐ
1589 5334 1776 5376 casum
1809 5321 1985 5391 Ῑυείο·
2094 5312 2376 5392 habentes.
2413 5336 2527 5392 Non
2555 5342 2916 5411 vosmetipsos
2945 5342 3317 5411 defendentes,
3348 5312 3681 5411 citatissimi,

413 5427 430 5461 ι
466 5423 605 5465 rum.
658 5408 822 5466 Dolor
857 5418 1037 5465 autem
1068 5420 1352 5467 consumet
1380 5413 1500 5470 illos
1527 5424 1820 5487 antequam
1867 5435 1987 5474 mo-
2092 5427 2188 5482 sed
2219 5426 2344 5482 date
2373 5427 2549 5482 locum
2580 5429 2706 5498 irin;
2759 5408 3018 5505 scriptum
3065 5445 3151 5491 est
3180 5408 3362 5493 enim:
3395 5438 3534 5495 Mihi
3567 5408 3685 5493 vim

412 5516 430 5549 ι
467 5500 692 5557 riantur.
726 5522 743 5549 ι
783 5501 1031 5573 Laqueus
1058 5501 1203 5557 enim
1229 5512 1445 5560 atteram
1472 5508 1789 5577 perditionis
1818 5512 1988 5582 capti-
2092 5516 2266 5584 dicta;
2302 5533 2402 5586 ego
2432 5520 2751 5587 retribuam,
2783 5500 2914 5580 dicit
2944 5525 3226 5584 Dominus.
3268 5529 3371 5584 Sed
3398 5530 3446 5585 si
3477 5529 3683 5584 esurie-

407 5600 496 5645 vat
526 5603 897 5661 persecutores
919 5592 1375 5660 Christianorum,
1409 5607 1463 5652 et
1491 5613 1682 5656 omnes
1712 5601 1805 5671 qui
1835 5600 1985 5658 oble-
2092 5611 2162 5666 rit
2189 5611 2440 5667 inimicus
2472 5620 2616 5683 tuus,
2641 5613 2758 5670 ciba
2787 5615 2968 5684 illum;
3006 5618 3052 5674 si
3083 5620 3222 5687 sitit,
3252 5630 3435 5692 potum
3465 5620 3535 5674 da
3562 5619 3668 5674 illi:
