3926 6168
1181 248 1538 307 COMMENT.
1575 247 1645 304 lN
1682 244 2293 335 ECCLESI‘ASTICUM.
2336 276 2404 288 --
2444 246 2570 305 UB.
2615 245 2700 302 Vl.

3497 256 3600 314 970

325 376 434 433 hoc
456 372 605 428 enim
632 366 841 426 faciens
868 368 1135 425 carbones
1159 368 1302 440 ignis
1328 382 1595 439 congeres
1631 381 1796 437 super
1825 379 1917 421 ca-
1944 370 1996 431 Α
2026 382 2048 438 5
2080 364 2196 421 Non
2218 366 2290 422 sit
2311 365 2454 423 inter
2480 380 2578 422 vos
2604 364 2755 421 zelus
2793 373 2852 421 et
2877 367 3153 423 contentio
3196 367 3249 441 (I
3274 367 3397 424 Cor.
3426 372 3532 445 ιιι).
3573 392 3596 427 ι

322 472 424 535 put
457 460 598 534 eius.
645 459 767 516 Noli
794 459 941 515 vinci
969 474 1001 514 a
1029 458 1196 523 malo,
1228 474 1321 514 sec.
1350 459 1506 515 vince
1537 459 1590 513 in
1621 458 1766 515 bono
1793 471 1914 512 ma-

324 553 439 609 lum
465 551 640 624 (Rom.
668 549 789 621 ιιι).
823 570 843 604 ι

401 661 421 696 ι
440 627 706 712 Relinque
727 641 975 710 proximo
1000 649 1094 697 tuo
1114 643 1329 699 nocenti
1354 650 1428 707 te,
1448 650 1582 697 tunc
1599 641 1914 711 deprecanti

326 753 350 786 ι
375 733 474 788 tibi
494 739 716 803 peccata
741 732 1041 788 solventur.
1054 752 1074 785 ι
1101 732 1232 789 Tale
1250 741 1337 789 est
1357 732 1488 788 illud
1507 733 1910 803 evangelicum:

329 842 349 874 ι
384 821 441 878 Si
475 821 794 878 dimiseritis
820 821 1133 878 hominibus
1158 830 1384 894 peccata
1412 837 1633 888 eorum,
1679 822 1915 883 dimittet

323 914 479 969 vobis
499 923 553 969 et
568 911 728 968 Pater
747 921 929 969 vester
949 912 1190 970 ccclesiis
1207 914 1405 970 delicta
1426 921 1626 970 vestra.
1654 912 1711 968 Si
1731 921 1913 967 autem

322 1021 433 1063 non
458 1003 778 1060 dimiseritis
805 1004 1134 1071 hominibus,
1158 1020 1260 1062 nec
1283 1005 1448 1062 Pater
1473 1014 1655 1061 vester
1681 1005 1916 1061 dimittet

320 1106 548 1172 peccata
572 1108 756 1153 vestra
778 1095 996 1168 (Matth.
1023 1096 1123 1167 vi).
1157 1117 1176 1150 ι

400 1208 421 1242 ι
453 1186 627 1244 Homo
654 1188 863 1244 homini
893 1197 1075 1244 servat
1102 1189 1259 1254 iram,
1290 1196 1346 1244 et
1374 1204 1406 1244 a
1437 1190 1549 1245 Deo
1577 1189 1773 1260 quaerit
1801 1202 1914 1243 me-

326 1300 352 1334 s
384 1280 603 1338 deiam?
632 1281 690 1336 ιιι
721 1281 996 1337 hominem
1029 1281 1263 1337 similem
1294 1281 1396 1337 sibi
1422 1297 1531 1336 non
1560 1282 1726 1337 habet
1752 1282 1914 1337 mise—

322 1369 711 1436 4'ricordiam,
755 1380 813 1427 et
845 1373 915 1428 de
949 1374 1192 1442 peccatis
1232 1373 1346 1429 suis
1375 1373 1744 1443 deprecatur?
1793 1372 1913 1443 Ipse

327 1481 349 1514 ι
381 1462 512 1517 dum
561 1476 692 1517 caro
739 1461 813 1516 sit
857 1468 1100 1516 reservat
1150 1460 1327 1528 iram,
1373 1470 1428 1517 et
1474 1462 1911 1531 propitiationem

323 1574 344 1607 ι
374 1553 574 1625 petita
600 1552 745 1609 Deo?
762 1572 782 1603 »
812 1551 1097 1623 Indignum
1113 1560 1204 1606 est
1228 1552 1373 1607 enim
1398 1559 1459 1605 ut
1479 1552 1571 1621 qui
1602 1551 1771 1606 Deum
1801 1550 1915 1605 vult

321 1644 529 1699 habere
555 1642 847 1714 prepitium
863 1681 878 1705 ,
910 1642 1027 1711 ipse
1052 1655 1112 1697 se
1138 1650 1330 1696 contra
1356 1641 1636 1711 proximos
1662 1642 1914 1697 ostendat

2017 458 2086 515 Et
2104 459 2233 515 item
2257 476 2328 513 :.r
2351 458 2561 524 Videte,
2592 457 2787 529 inquit,
2826 473 2896 513 ne
2934 457 3167 517 invicem
3198 461 3508 519 mordentes
3531 466 3602 522 rb

2018 550 2248 605 invicem
2273 548 2665 605 consumamini
2688 547 2831 620 (Gal.
2858 548 2935 619 v).
2971 569 2990 601 ι
3019 549 3087 605 Et
3115 549 3159 605 si
3189 552 3606 617 consideramus

2014 640 2166 711 pacis
2203 647 2465 710 quantum
2492 639 2564 694 sit
2590 629 2817 704 bonum,
2843 638 3002 696 facile
3043 639 3403 712 intelligemus
3431 658 3603 713 quan-

2014 738 2131 785 tum
2154 730 2438 786 discordia:
2462 729 2534 784 sit
2557 728 2782 795 malum,
2815 730 2957 799 quod
2981 729 3028 785 si
3070 749 3089 781 ι
3124 732 3267 787 beati
3301 741 3429 788 sunt
3455 735 3603 804 paci-

2014 819 2135 881 ﬁci,
2164 818 2420 890 quoniam
2471 817 2566 875 filii
2603 819 2695 874 Dei
2746 820 3100 886 vocabuntur,
3150 842 3167 874 ι
3200 823 3388 892 procul
3433 825 3599 880 dubio

2014 910 2337 966 contentiosi
2362 908 2581 980 maligni
2602 917 2748 975 sunt,
2773 919 2828 965 et
2849 909 2944 965 filii
2966 912 3187 979 diaboli,
3213 915 3305 983 qui
3328 915 3473 971 inter
3498 933 3597 987 pa-

2012 1016 2134 1057 cem
2158 1000 2422 1055 habentes
2447 1001 2717 1055 seminant
2736 1000 3063 1056 discordiam
3083 1042 3098 1067 ,
3121 1011 3178 1057 et
3203 1014 3468 1074 generant
3491 1006 3598 1060 ini-

2013 1093 2311 1161 micitiam;
2359 1108 2592 1163 quorum
2655 1094 2925 1164 praecipua
2987 1110 3116 1164 pars
3177 1106 3304 1152 sunt
3355 1099 3596 1155 hatretici

2013 1193 2174 1254 atque
2196 1185 2551 1248 schismatici,
2581 1184 2674 1254 qui
2702 1185 2827 1239 dum
2859 1193 3039 1241 sectas
3069 1187 3287 1243 inutiles
3307 1188 3599 1245 defendere

2013 1279 2270 1349 gestiunt,
2297 1278 2678 1333 contentiones
2723 1287 2777 1331 et
2802 1278 3059 1333 scandala
3109 1277 3290 1334 facere
3325 1298 3432 1337 non
3486 1299 3601 1338 me-

2016 1377 2191 1423 tuunt.
2245 1362 2477 1424 Proinde
2529 1367 2727 1422 Paulus
2781 1369 3059 1438 apostolus
3083 1370 3369 1426 Timotheo
3396 1387 3597 1442 praece-

2011 1458 2131 1526 pit,
2171 1459 2354 1513 dicens
2397 1476 2411 1513 :
2461 1476 2481 1509 ‹
2536 1457 2657 1512 Noli
2702 1459 2882 1514 verbis
2926 1462 3295 1526 contendere,
3347 1464 3417 1517 ad
3463 1464 3598 1518 nihil

2013 1548 2158 1604 enim
2184 1548 2312 1603 utile
2333 1557 2420 1603 est
2456 1548 2562 1602 nisi
2602 1548 2670 1602 ad
2718 1548 3126 1603 subversionem
3152 1550 3482 1607 audientium
3509 1551 3594 1624 (Il

2017 1634 2153 1690 Tim.
2182 1639 2266 1707 ιι).
2299 1655 2318 1688 ι
2350 1637 2419 1691 Et
2449 1637 2646 1691 iterum
2682 1655 2695 1691 :
2736 1657 2754 1689 ε
2802 1637 3032 1704 Stultas,
3068 1641 3166 1706 ait,
3204 1647 3261 1696 et
3291 1642 3409 1698 sine
3437 1643 3597 1699 disci-

316 1734 598 1791 crudelem
628 1745 686 1790 et
713 1732 1028 1799 inimicum,
1060 1732 1362 1803 praesertim
1392 1746 1518 1787 cum
1549 1746 1709 1786 nemo
1735 1731 1908 1802 possit
1936 1724 1981 1783 Β
2008 1725 2153 1796 plina
2189 1727 2513 1796 quaestiones
2535 1727 2737 1793 devita,
2768 1728 2947 1784 sciens
2975 1730 3100 1799 quia
3151 1744 3430 1803 generant
3454 1735 3596 1791 lites.

319 1842 548 1883 suorum
587 1826 907 1882 delictorum
944 1840 976 1880 a
1014 1824 1126 1880 Deo
1155 1824 1416 1895 consequi
1445 1824 1693 1891 veniam,
1726 1824 1821 1894 qui
1857 1825 1909 1878 in

316 1932 381 1972 se
422 1917 757 1988 delinquenti
802 1931 914 1972 non
956 1915 1076 1971 vult
1118 1915 1253 1972 dare
1295 1915 1705 1988 indulgentiam.
1756 1916 1911 1973 Unde

316 2008 663 2078 subjungitur

393 2118 413 2151 ι
447 2098 579 2167 Quis
599 2100 843 2156 exoravit
868 2116 967 2171 pro
995 2099 1209 2156 delictis
1235 2099 1412 2156 illius?
1447 2118 1467 2151 ι
1497 2099 1575 2156 Ac
1597 2099 1645 2156 si
1674 2100 1906 2166 diceret,

317 2190 525 2257 Nemo;
572 2191 700 2262 quia
745 2190 948 2247 frustra
992 2192 1115 2262 quis
1154 2207 1255 2263 pro
1299 2193 1391 2252 illo
1418 2193 1587 2249 Deum
1626 2201 1782 2258 orat,
1813 2193 1906 2264 qui

314 2298 426 2338 non
454 2281 572 2337 vult
589 2297 715 2338 cum
745 2281 914 2339 fratre
937 2283 1259 2339 charitatem
1300 2283 1501 2339 habere
1550 2299 1715 2355 quam
1761 2284 1905 2341 Deus

324 2372 570 2427 mandat.
1410 2445 1419 2453 ι
1440 2388 1444 2392 ·

393 2481 412 2513 ι
445 2462 716 2519 Memento
763 2461 1184 2521 novissimorum
1236 2474 1296 2521 et
1345 2465 1533 2521 desine
1583 2466 1900 2522 inimicari:

318 2572 341 2605 ι
383 2553 626 2611 tabitudo
649 2555 797 2611 enim
814 2563 876 2612 et
900 2571 1047 2612 mors
1069 2556 1318 2612 imminet
1339 2557 1394 2612 in
1420 2557 1692 2613 mandatis
1710 2557 1847 2626 ejus.
1879 2579 1899 2612 ι

311 2644 417 2713 Qui
452 2646 800 2702 novissimam
853 2648 1044 2703 horam
1089 2656 1215 2703 ante
1261 2647 1448 2703 oculos
1491 2649 1672 2704 cordis
1716 2649 1901 2715 habet,

317 2751 546 2792 necesse
573 2745 660 2793 est
698 2747 761 2793 ut
786 2753 847 2794 se
870 2754 902 2794 a
928 2738 1075 2794 vitiis
1126 2747 1420 2809 temperet,
1445 2737 1728 2810 Scriptura
1760 2749 1905 2797 atte-

314 2835 523 2891 stante,
555 2843 676 2898 quae
703 2829 779 2883 ait
812 2846 825 2882 :
862 2847 882 2881 r
916 2828 974 2883 In
1011 2830 1263 2886 omnibus
1291 2829 1545 2901 operibus
1567 2831 1674 2886 tuis
1699 2846 1907 2887 memo-

317 2934 450 2974 rare
502 2919 797 2975 novissima
854 2928 967 2985 tua,
996 2930 1053 2976 et
1104 2921 1160 2975 in
1206 2929 1469 2976 aeternum
1497 2936 1607 2977 non
1649 2923 1904 2992 peccabis

313 3007 492 3078 (Eccl.
550 3008 669 3082 vn).
703 3029 723 3063 ι
761 3011 1028 3068 Tabitudo
1077 3011 1221 3067 enim
1254 3021 1311 3068 et
1346 3026 1495 3068 mors
1548 3013 1797 3070 imminet
1848 3013 1904 3068 in

314 3101 610 3166 mandatis,
650 3100 776 3173 quia
807 3102 860 3156 in
907 3103 1177 3159 mandatis
1227 3104 1321 3160 Dei
1379 3104 1471 3160 ubi
1526 3104 1674 3161 salus
1724 3115 1906 3163 exstat

314 3194 487 3251 Deum
522 3195 837 3251 timentibus
881 3206 937 3252 et
990 3207 1257 3266 praecepta
1284 3195 1401 3266 ejus
1450 3198 1903 3265 custodientibus,

313 3289 390 3344 ibi
419 3287 582 3343 etiam
602 3287 840 3343 vindicta
862 3298 1159 3358 praeparata
1186 3289 1636 3357 inobedientibus,
1659 3299 1715 3346 et
1733 3291 1903 3346 Deum

312 3378 805 3433 contemnentibus.
840 3378 992 3433 Unde
1040 3379 1155 3449 ipsa
1184 3378 1399 3435 Veritas
1425 3380 1483 3434 in
1511 3381 1804 3449 Evangelio
1835 3380 1906 3437 ad

311 3467 534 3525 δυάδος
569 3468 686 3521 ait:
725 3486 742 3518 ι
785 3466 962 3524 Nolite
1011 3477 1204 3538 putare
1226 3469 1357 3539 quia
1401 3485 1502 3541 ego
1555 3479 1906 3527 accusaturus

312 3559 419 3616 sim
468 3574 567 3613 vos
592 3557 733 3627 apud
760 3557 998 3613 Patrem.
1047 3559 1143 3614 Est
1171 3560 1262 3629 qui
1286 3569 1511 3616 accusat
1535 3576 1631 3615 vos
1659 3560 1902 3632 Moyses,

311 3648 370 3703 in
428 3663 538 3718 quo
588 3663 683 3703 vos
725 3649 958 3718 speratis
1014 3648 1196 3720 (Joan.
1250 3649 1330 3722 v).
1360 3648 1389 3701 ”›
1424 3650 1492 3705 Et
1542 3651 1711 3706 item:
1746 3671 1765 3703 ι
1801 3652 1903 3718 Qui

310 3736 527 3806 spernit
559 3751 646 3791 me
671 3744 728 3791 et
760 3751 866 3790 non
898 3736 1096 3807 accipit
1134 3739 1298 3793 verba
1331 3754 1474 3803 mea,
1503 3737 1668 3794 habet
1694 3740 1787 3808 qui
1814 3741 1904 3807 ju-

310 3830 459 3885 dicet
496 3842 622 3884 eum
654 3846 666 3882 :
701 3843 880 3883 sermo
907 3844 1069 3898 quem
1116 3829 1330 3885 locutus
1359 3845 1502 3897 sum,
1529 3829 1619 3885 ille
1637 3829 1904 3900 judicabit

309 3936 438 3976 eum
463 3919 517 3973 in
551 3918 841 3975 novissimo
864 3920 949 3975 die
985 3919 1168 3992 (Joan.
1194 3920 1316 3989 xu).
1352 3940 1372 3972 ι

402 4030 422 4061 ι
459 4010 761 4065 Memorare
791 4011 1038 4066 timorem
1067 4011 1187 4072 Dei,
1212 4021 1268 4067 et
1301 4028 1408 4067 non
1430 4011 1687 4068 irascaris
1714 4012 1901 4082 proxi-

316 4125 336 4156 ι
376 4119 489 4159 mo.
525 4102 825 4157 Memorare
861 4111 1242 4159 testamentum
1288 4104 1574 4170 Altissimi,
1604 4112 1660 4159 et
1685 4103 1903 4174 despice

313 4215 334 4247 ι
378 4195 747 4267 ignorantiam
776 4195 1029 4264 proximi.
1069 4216 1087 4247 ι
1130 4196 1232 4263 Qui
1263 4197 1434 4252 Deum
1466 4198 1649 4261 timet,
1682 4198 1818 4250 iram
1847 4205 1904 4251 et

308 4287 556 4340 furorem
610 4287 662 4340 in
702 4288 991 4356 semetipso
1042 4296 1274 4351 coercet,
1303 4301 1359 4344 et
1405 4304 1512 4343 non
1565 4288 1901 4343 obliviscitur

304 4377 625 4433 testamenti
655 4376 937 4443 Altissimi,
961 4377 1053 4447 qui
1076 4387 1294 4447 pactum
1325 4379 1466 4433 inter
1485 4393 1543 4433 se
1567 4386 1625 4433 et
1654 4379 1901 4433 homines

304 4466 624 4531 constituit,
647 4475 706 4520 ut
729 4466 823 4536 qui
861 4459 1021 4522 vellet
1046 4468 1422 4524 remissionem
1458 4478 1805 4538 peccatorum
1834 4467 1904 4522 ab

301 4572 377 4613 eo
408 4555 680 4623 accipere,
713 4554 829 4624 ipse
865 4569 972 4608 non
1004 4555 1330 4611 detractaret
1353 4556 1724 4626 proximorum
1750 4572 1904 4612 com-

302 4647 486 4701 missa
511 4644 743 4710 benigno
766 4643 949 4699 animo
979 4644 1278 4716 indulgere.
1308 4645 1449 4702 Dicit
1477 4647 1623 4702 enim
1646 4647 1764 4717 ipsa
1792 4648 1902 4704 Ve-

303 4738 455 4791 ritas
480 4756 494 4787 :
517 4754 536 4786 ι
555 4736 814 4790 Dimittite
841 4745 896 4790 et
923 4736 1223 4792 dimittetur
1249 4730 1423 4805 vobis,
1452 4739 1576 4794 date
1605 4749 1662 4794 et
1690 4739 1908 4796 dabitur

299 4828 471 4882 vobis
499 4826 651 4899 (Luc.
679 4829 775 4898 VI).
813 4845 833 4878 ι
873 4827 941 4882 Ει
979 4827 1032 4882 in
1077 4827 1337 4884 Oratione
1364 4830 1641 4888 Dominica
1662 4830 1901 4900 ejusdem

296 4919 459 4989 pacti
486 4918 902 4972 conventionem
922 4919 1184 4975 habemus
1210 4922 1300 4976 ubi
1329 4923 1557 4979 dicimus
1580 4924 1650 4980 ad
1680 4924 1849 4979 Deum
1880 4943 1896 4974 :

300 5028 322 5057 ι
376 5006 599 5061 Dnuitte
641 5008 796 5061 nobis
819 5006 1001 5062 debita
1030 5019 1236 5075 nostra,
1276 5011 1416 5066 sicut
1470 5022 1525 5068 et
1553 5029 1651 5070 nos
1678 5014 1900 5070 dimitti-

296 5116 438 5154 ritus
467 5100 805 5155 debitoribus
826 5101 1027 5156 nostris
1067 5101 1284 5173 (Matth.
1311 5104 1408 5176 vt).
1454 5124 1471 5157 ι

388 5210 411 5241 ‹
451 5190 676 5244 Abstine
707 5200 757 5245 te
784 5207 815 5244 a
842 5191 961 5259 lite,
989 5202 1044 5248 et
1064 5194 1273 5249 minues
1291 5205 1544 5263 peccata;
1571 5198 1733 5253 homo
1756 5200 1900 5255 enim

298 5303 323 5337 ι
383 5282 682 5336 iracundus
716 5282 955 5337 incendit
984 5282 1151 5349 litem,
1182 5293 1238 5339 et
1268 5285 1351 5338 vir
1375 5296 1629 5357 peccator
1664 5289 1904 5343 turbabit

297 5394 323 5427 σ
372 5371 606 5433 amicos,
642 5378 696 5424 et
736 5372 792 5425 in
840 5373 1018 5427 medio
1048 5389 1235 5442 pacem
1282 5377 1599 5432 habentium
1646 5379 1903 5435 immittet

292 5483 318 5516 ε
365 5459 743 5516 inimicitiam.
784 5480 802 5512 ι
839 5461 1113 5530 Quantum
1144 5466 1345 5519 malum
1389 5468 1461 5522 sit
1489 5467 1620 5534 litis,
1648 5477 1704 5524 et
1736 5486 1903 5539 quan-

285 5568 429 5612 tum
462 5553 806 5608 inhonestum
835 5556 908 5609 sit
936 5556 1140 5612 homini
1181 5559 1490 5615 Christiano
1538 5564 1899 5620 contentioni-

285 5651 415 5704 bus
468 5662 534 5701 ac
581 5648 713 5702 rixa:
758 5648 1064 5716 deservire,
1110 5652 1309 5707 Paulus
1361 5656 1624 5720 ostendit,
1668 5657 1896 5712 dicens:

678 5742 956 5801 Ρηιιοι..
997 5742 1159 5802 CIX.

2012 1817 2242 1874 Servum
2281 1820 2462 1876 autem
2511 1819 2725 1876 Domini
2775 1839 2883 1878 non
2940 1833 3158 1894 oportet
3211 1826 3454 1898 litigare,
3502 1831 3598 1886 sed

2013 1920 2354 1966 mansuetum
2383 1927 2506 1968 esse
2548 1915 2619 1970 ad
2667 1930 2891 1983 omnes,
2922 1917 3245 1986 docibilem,
3274 1922 3593 1992 patientem,

2008 2016 2135 2057 cum
2192 2002 2456 2059 modestia
2483 2006 2872 2076 corripientem
2914 2023 3011 2065 eos
3044 2012 3138 2080 qui
3170 2013 3427 2068 resistunt
3456 2015 3600 2069 veri-

2012 2092 2110 2147 tati
2134 2092 2221 2163 (ll
2253 2091 2390 2148 Tim.
2423 2093 2507 2164 ιι).
2541 2114 2561 2146 ι

2085 2201 2104 2234 α
2144 2181 2457 2238 Secundum
2503 2185 2647 2238 enim
2686 2185 2829 2256 ligna
2878 2188 3029 2244 silva:
3066 2190 3149 2246 sic
3189 2191 3331 2262 ignis
3367 2194 3594 2249 exarde-

2013 2290 2033 2324 ι
2078 2273 2217 2338 scit,
2242 2280 2297 2327 et
2320 2273 2616 2329 secundum
2640 2277 2896 2332 virtutem
2935 2279 3170 2336 hominis
3207 2282 3289 2337 sic
3317 2283 3595 2340 iracundia

2012 2383 2031 2416 ι
2078 2362 2224 2419 illius
2260 2365 2387 2431 erit,
2417 2374 2474 2419 et
2508 2367 2806 2422 secundum
2837 2369 3192 2425 substantiam
3243 2389 3397 2428 suam
3441 2375 3593 2430 exal-

2013 2475 2033 2508 (
2079 2457 2213 2515 tabit
2238 2456 2376 2512 iram
2411 2473 2586 2514 suam.
2622 2478 2641 2512 ι
2680 2460 2916 2517 Pulchra
2956 2467 3292 2534 comparatio
3322 2482 3425 2536 qua
3456 2467 3593 2523 furi-

2005 2546 2170 2601 bundi
2194 2548 2495 2616 potentiam
2522 2550 2794 2605 assimilat
2824 2553 2892 2607 ad
2920 2554 3193 2625 lignorum
3224 2556 3437 2623 silvam,
3469 2560 3596 2629 quia

2006 2638 2147 2694 sicut
2173 2639 2560 2695 nutrimentum
2585 2643 2725 2713 ignis
2761 2654 2890 2700 sunt
2926 2646 3091 2718 ligna,
3125 2649 3203 2704 ita
3245 2662 3595 2723 augmentum

2005 2728 2274 2785 scelerum
2324 2730 2570 2787 iracundi
2602 2733 2663 2788 ﬁt
2690 2738 2953 2805 potentia.
2992 2740 3208 2806 Quanto
3244 2745 3390 2799 cnim
3420 2746 3595 2815 majo-

2005 2835 2122 2875 rem
2162 2821 2526 2879 valetudinem
2569 2825 2734 2881 habet
2775 2829 2831 2883 in
2878 2839 3176 2900 potestate,
3212 2844 3364 2891 mmo
3402 2838 3596 2895 fortior

2003 2922 2088 2969 est
2128 2914 2184 2970 in
2213 2913 2417 2972 furoris
2458 2917 2772 2985 nimietate;
2804 2931 2861 2977 et
2907 2934 3113 2993 quanto
3151 2927 3336 2997 plures
3364 2933 3465 2985 sub
3496 2948 3595 2989 sua

2008 3005 2376 3065 dominatione
2419 3008 2616 3077 habet,
2660 3020 2809 3068 tanto
2850 3015 3097 3086 pluribus
3127 3035 3224 3076 sua
3250 3023 3595 3084 immanitate

1932 3077 1978 3140 C
2009 3108 2189 3157 nocet.

2087 3211 2106 3243 ι
2143 3190 2433 3250 Certamen
2480 3195 2797 3254 festinatum
2847 3201 3102 3260 inccndet
3152 3207 3366 3278 ignem,
3422 3219 3477 3266 et
3527 3211 3595 3267 lis

2008 3303 2031 3336 ι
2072 3282 2340 3342 festinans
2360 3285 2601 3344 effundet
2625 3293 2966 3363 sanguinem,
2998 3304 3052 3352 et
3081 3297 3263 3370 lingua
3294 3302 3594 3359 testiﬁcaris

2013 3393 2033 3426 ι
2074 3376 2306 3432 adducet
2331 3389 2585 3436 mortem.
2624 3402 2643 3435 ι
2684 3383 2826 3452 Quid
2872 3388 2926 3442 in
2972 3394 3273 3449 certamine
3317 3394 3595 3463 festinato,

2005 3466 2112 3522 nisi
2144 3466 2437 3525 indiscreta
2467 3472 2610 3527 actio
2637 3474 2985 3546 designatur?
3021 3480 3295 3552 Quidquid
3327 3488 3471 3541 cnim
3513 3489 3597 3543 in-

2006 3554 2239 3612 discreto
2268 3559 2466 3630 agitur,
2498 3559 2659 3616 facile
2689 3563 2741 3617 in
2768 3566 2958 3641 vitium
2989 3570 3251 3637 vertitur;
3280 3575 3426 3629 unde
3454 3589 3595 3645 prae--

2003 3658 2221 3718 ceptum
2251 3660 2335 3706 est
2361 3670 2374 3705 :
2408 3652 2484 3708 Ne
2504 3654 2633 3723 quid
2656 3655 2819 3711 nimis
2841 3657 2955 3713 ﬁat.
2983 3657 3122 3716 Hinc
3148 3672 3205 3717 et
3229 3664 3592 3723 Ecclesiastes

2002 3739 2182 3805 docet,
2232 3743 2462 3799 dicens:
2497 3763 2516 3796 ‹
2552 3746 2671 3801 Noli
2724 3763 2845 3804 esse
2883 3751 3065 3820 justus
3114 3755 3368 3823 multum,
3415 3773 3593 3828 neque

2002 3830 2125 3902 plus
2155 3833 2339 3902 sapias
2359 3849 2523 3904 quam
2554 3851 2778 3894 necesse
2803 3849 2906 3907 est,
2946 3858 3014 3897 ne
3037 3842 3392 3915 obstupescas
3418 3848 3587 3919 (Eccl.

2004 3920 2123 3994 vn).
2166 3940 2186 3973 ι
2216 3923 2294 3978 De
2323 3938 2434 3993 quo
2461 3941 2678 3982 rursum
2710 3929 2825 3984 ait:
2861 3949 2880 3982 ι
2923 3931 3002 3989 Ne
3031 3943 3236 3991 temere
3259 3939 3389 4008 quid
3415 3940 3595 4009 loqua-

2004 4013 2081 4067 ris
2099 4054 2113 4079 ,
2157 4028 2334 4084 neque
2360 4030 2456 4072 cor
2485 4026 2636 4073 tuum
2665 4020 2736 4075 sit
2781 4021 2937 4078 velox
2961 4025 3028 4081 ad
3056 4027 3440 4096 proferendum
3472 4030 3590 4087 seri

2003 4119 2437 4202 monemcoram‘
2453 4108 2564 4165 Deo
2586 4110 2757 4182 (Eccl.
2781 4114 2858 4183 v).
2894 4136 2913 4168 ι
2942 4116 3079 4173 Hinc
3108 4119 3303 4175 iterum
3330 4124 3591 4202 sqriptnm

2003 4203 2086 4250 est
2117 4214 2132 4250 :
2172 4216 2191 4248 ι
2228 4196 2529 4255 Haereditas
2561 4203 2629 4257 ad
2665 4219 2829 4273 quam
2874 4206 3157 4265 festinatur
3203 4213 3257 4267 in
3302 4196 3590 4286 principio;

2004 4286 2058 4340 in
2080 4288 2377 4347 novissimo
2416 4290 2792 4350 benedictione
2838 4298 3047 4353 carebit
3096 4299 3279 4373 (Prov.
3310 4305 3424 4377 xx).
3467 4326 3486 4359 ι
3526 4307 3595 4363 Et

2007 4376 2134 4433 alibi
2179 4379 2417 4449 legitur:
2452 4400 2472 4433 ι
2519 4383 2620 4450 Qui
2679 4385 2911 4443 festinus
2949 4399 3034 4445 est
3072 4394 3332 4461 pedibus,
3367 4397 3593 4453 offendit

2012 4465 2196 4539 (Prov.
2230 4470 2367 4543 xxx).
2415 4489 2434 4524 ι
2468 4472 2764 4544 Disciplina
2808 4490 2940 4549 ergo
2986 4480 3343 4538 immoderata
3390 4488 3594 4542 excitat

2012 4558 2259 4615 ardorem
2289 4558 2512 4628 furoris,
2536 4572 2593 4618 et
2616 4578 2822 4633 procax
2845 4566 3057 4637 loquela
3086 4572 3233 4640 parit
3271 4572 3590 4634 effusionem

2010 4651 2308 4721 sanguinis,
2357 4661 2521 4724 atque
2569 4657 2790 4713 deducit
2834 4660 2889 4714 in
2943 4660 3195 4732 laqueum
3233 4661 3446 4724 mortis.
3482 4669 3592 4728 Sed

2010 4741 2138 4812 quia
2161 4743 2220 4798 in
2245 4755 2431 4801 nostra
2458 4757 2728 4818 potestate
2752 4762 2837 4808 est
2861 4761 3044 4809 utrum
3075 4756 3211 4812 iram
3242 4760 3588 4828 perficiamus

2011 4847 2079 4887 an
2099 4849 2226 4899 non,
2256 4837 2500 4905 sequitur
2534 4857 2547 4892 :

2087 4943 2105 4975 ι
2136 4923 2197 5017 Si
2218 4926 2520 4985 suﬁlaveris
2541 4930 2596 4985 in
2620 4933 2909 4991 scintillam
2935 4939 3095 5008 quasi
3124 4941 3265 5012 ignis
3285 4947 3590 5017 exardebit,

2015 5032 2034 5063 ι
2072 5023 2127 5069 et
2152 5016 2198 5069 si
2231 5019 2513 5087 exspueris
2529 5035 2692 5091 super
2711 5022 2880 5090 illam,
2911 5029 3287 5099 exstinguetur
3315 5049 3328 5087 :
3358 5043 3415 5090 et
3440 5048 3593 5093 utra.

2015 5123 2035 5157 ι
2069 5120 2175 5176 que
2203 5122 2272 5163 ex
2292 5121 2388 5163 ore
2405 5110 2841 5179 proficiscuntur.
2876 5136 2895 5169 ι
2930 5117 3009 5172 Ex
3036 5118 3437 5180 inconsiderata
3463 5141 3592 5197 ergo

2008 5197 2279 5254 locutione
2304 5199 2385 5254 ira
2410 5202 2701 5271 excitatur,
2727 5213 2781 5261 et
2800 5207 2845 5262 si
2864 5211 3163 5278 prudenter
3188 5222 3590 5286 temperateque

2006 5292 2230 5347 verbum
2255 5294 2561 5369 profertur],
2598 5298 2832 5355 excitata
2874 5301 3152 5359 iracundia
3181 5307 3363 5361 subito
3389 5309 3591 5362 exstin-

2005 5392 2217 5461 guetur.
2258 5384 2413 5441 Unde
2440 5388 2494 5442 in
2529 5388 2838 5447 Proverbiis
2878 5392 3115 5465 legitur:
3150 5414 3169 5447 α
3202 5393 3393 5451 Sermo
3421 5398 3590 5454 durus

1976 5509 1983 5515 .
2005 5472 2231 5527 suscitat
2250 5474 2416 5541 rixas,
2431 5484 2489 5530 et
2507 5493 2687 5534 sermo
2707 5480 2844 5537 lenis
2861 5484 3069 5554 mitigat
3088 5487 3377 5539 suscitatus
3397 5489 3583 5557 (Prov.

2008 5564 2119 5635 xv).
2154 5584 2174 5617 ι
2218 5567 2287 5621 Ει
2330 5569 2467 5624 bene
2491 5570 2691 5627 dicitur
2733 5575 2875 5644 quod
2900 5584 3127 5644 utraque
3153 5589 3218 5628 ex
3246 5592 3343 5631 ore
3368 5577 3585 5647 profici-

2008 5666 2245 5722 scantur,
2304 5661 2432 5728 quia
2490 5677 2636 5716 mors
2698 5670 2752 5717 rt
2813 5663 2921 5717 vita
2973 5664 3321 5719 inmanibus
3362 5665 3584 5737 linguae,

3115 5759 3182 5816 31
