  <div class='ocr_page' id='page_1' title='image "/cluster/home/n/w/nwhite01/storage/ocr_20150623/109/hvd.32044054759741/491.png"; bbox 0 0 3926 6168; ppageno 0'>
   <div class='ocr_carea' id='block_1_1' title="bbox 351 313 448 367">
    <p class='ocr_par' dir='ltr' id='par_1_1' title="bbox 351 313 448 367">
     <span class='ocr_line' id='line_1_1' title="bbox 351 313 448 367; baseline -0.021 -1"><span class='ocrx_word' id='word_1_1' title='bbox 351 313 448 367; x_wconf 73' lang='grc' dir='ltr'><strong>θτι</strong></span> 
     </span>
    </p>
   </div>
   <div class='ocr_carea' id='block_1_2' title="bbox 351 415 1532 496">
    <p class='ocr_par' dir='ltr' id='par_1_2' title="bbox 351 415 1532 496">
     <span class='ocr_line' id='line_1_2' title="bbox 351 415 1532 496; baseline -0.013 -12"><span class='ocrx_word' id='word_1_2' title='bbox 351 427 494 484; x_wconf 77' lang='lat' dir='ltr'><strong>sicut</strong></span> <span class='ocrx_word' id='word_1_3' title='bbox 541 425 660 496; x_wconf 84' lang='lat' dir='ltr'><strong>ipsa</strong></span> <span class='ocrx_word' id='word_1_4' title='bbox 702 421 920 477; x_wconf 56' lang='lat' dir='ltr'><strong>Veritas</strong></span> <span class='ocrx_word' id='word_1_5' title='bbox 965 426 1230 481; x_wconf 74' lang='lat' dir='ltr'><strong>testatur,</strong></span> <span class='ocrx_word' id='word_1_6' title='bbox 1284 415 1471 471; x_wconf 90' lang='lat' dir='ltr'><strong>dicens</strong></span> <span class='ocrx_word' id='word_1_7' title='bbox 1517 433 1532 470; x_wconf 90' lang='lat'>:</span> 
     </span>
    </p>
   </div>
   <div class='ocr_carea' id='block_1_3' title="bbox 353 501 1938 584">
    <p class='ocr_par' dir='ltr' id='par_1_3' title="bbox 353 501 1938 584">
     <span class='ocr_line' id='line_1_3' title="bbox 353 501 1938 584; baseline -0.012 -11"><span class='ocrx_word' id='word_1_8' title='bbox 353 520 462 573; x_wconf 87' lang='lat' dir='ltr'><strong>tuis</strong></span> <span class='ocrx_word' id='word_1_9' title='bbox 481 510 884 584; x_wconf 86' lang='lat' dir='ltr'><strong>justifieabcris,</strong></span> <span class='ocrx_word' id='word_1_10' title='bbox 911 516 967 563; x_wconf 89' lang='lat' dir='ltr'><strong>et</strong></span> <span class='ocrx_word' id='word_1_11' title='bbox 998 523 1064 562; x_wconf 79' lang='lat' dir='ltr'><strong>ex</strong></span> <span class='ocrx_word' id='word_1_12' title='bbox 1107 505 1288 562; x_wconf 82' lang='lat' dir='ltr'><strong>verbis</strong></span> <span class='ocrx_word' id='word_1_13' title='bbox 1331 505 1438 560; x_wconf 89' lang='lat' dir='ltr'><strong>tuis</strong></span> <span class='ocrx_word' id='word_1_14' title='bbox 1487 501 1938 559; x_wconf 63' lang='lat' dir='ltr'><strong>condemnaberis</strong></span> 
     </span>
    </p>
   </div>
   <div class='ocr_carea' id='block_1_4' title="bbox 355 603 776 680">
    <p class='ocr_par' dir='ltr' id='par_1_4' title="bbox 355 603 776 680">
     <span class='ocr_line' id='line_1_4' title="bbox 355 603 776 680; baseline -0.019 -18"><span class='ocrx_word' id='word_1_15' title='bbox 355 607 571 680; x_wconf 76' lang='lat' dir='ltr'><strong>(Matth.</strong></span> <span class='ocrx_word' id='word_1_16' title='bbox 599 603 719 672; x_wconf 71' lang='lat' dir='ltr'><strong>ni).</strong></span> <span class='ocrx_word' id='word_1_17' title='bbox 756 620 776 654; x_wconf 74' lang='grc' dir='ltr'><strong>ι</strong></span> 
     </span>
    </p>
   </div>
   <div class='ocr_carea' id='block_1_5' title="bbox 966 685 1303 744">
    <p class='ocr_par' dir='ltr' id='par_1_5' title="bbox 966 685 1303 744">
     <span class='ocr_line' id='line_1_5' title="bbox 966 685 1303 744; baseline -0.015 0"><span class='ocrx_word' id='word_1_18' title='bbox 966 686 1194 744; x_wconf 79' lang='lat' dir='ltr'><strong>CAPUT</strong></span> <span class='ocrx_word' id='word_1_19' title='bbox 1230 685 1303 740; x_wconf 76' lang='grc' dir='ltr'><strong>ιχ</strong></span> 
     </span>
    </p>
   </div>
   <div class='ocr_carea' id='block_1_6' title="bbox 359 775 1937 852">
    <p class='ocr_par' dir='ltr' id='par_1_6' title="bbox 359 775 1937 852">
     <span class='ocr_line' id='line_1_6' title="bbox 359 775 1937 852; baseline -0.009 -12"><span class='ocrx_word' id='word_1_20' title='bbox 359 786 435 840; x_wconf 83' lang='lat' dir='ltr'><strong>De</strong></span> <span class='ocrx_word' id='word_1_21' title='bbox 475 783 616 838; x_wconf 83' lang='lat' dir='ltr'><strong>malo</strong></span> <span class='ocrx_word' id='word_1_22' title='bbox 641 782 834 852; x_wconf 77' lang='lat' dir='ltr'><strong>lingua:</strong></span> <span class='ocrx_word' id='word_1_23' title='bbox 871 783 927 836; x_wconf 80' lang='lat' dir='ltr'><strong>in</strong></span> <span class='ocrx_word' id='word_1_24' title='bbox 975 795 1258 834; x_wconf 73' lang='lat' dir='ltr'><strong>susurrone</strong></span> <span class='ocrx_word' id='word_1_25' title='bbox 1287 788 1332 832; x_wconf 89' lang='lat' dir='ltr'><strong>et</strong></span> <span class='ocrx_word' id='word_1_26' title='bbox 1362 776 1589 846; x_wconf 79' lang='lat' dir='ltr'><strong>bilingue</strong></span> <span class='ocrx_word' id='word_1_27' title='bbox 1642 775 1937 829; x_wconf 72' lang='lat' dir='ltr'><strong>commisso.</strong></span> 
     </span>
    </p>
   </div>
   <div class='ocr_carea' id='block_1_7' title="bbox 432 866 1943 940">
    <p class='ocr_par' dir='ltr' id='par_1_7' title="bbox 432 866 1943 940">
     <span class='ocr_line' id='line_1_7' title="bbox 432 866 1943 940; baseline -0.003 -14"><span class='ocrx_word' id='word_1_28' title='bbox 432 894 451 926; x_wconf 75' lang='grc' dir='ltr'>σ</span> <span class='ocrx_word' id='word_1_29' title='bbox 484 873 718 930; x_wconf 85' lang='lat' dir='ltr'><strong>Susurro</strong></span> <span class='ocrx_word' id='word_1_30' title='bbox 767 872 911 926; x_wconf 89' lang='lat' dir='ltr'><strong>enim</strong></span> <span class='ocrx_word' id='word_1_31' title='bbox 958 880 1012 926; x_wconf 91' lang='lat' dir='ltr'><strong>et</strong></span> <span class='ocrx_word' id='word_1_32' title='bbox 1057 870 1310 940; x_wconf 80' lang='lat' dir='ltr'><strong>bilinguis</strong></span> <span class='ocrx_word' id='word_1_33' title='bbox 1362 866 1943 922; x_wconf 81' lang='lat' dir='ltr'><strong>maledictuszmultos</strong></span> 
     </span>
    </p>
   </div>
   <div class='ocr_carea' id='block_1_8' title="bbox 364 957 1944 1032">
    <p class='ocr_par' dir='ltr' id='par_1_8' title="bbox 364 957 1944 1032">
     <span class='ocr_line' id='line_1_8' title="bbox 364 957 1944 1032; baseline -0.003 -15"><span class='ocrx_word' id='word_1_34' title='bbox 364 986 383 1017; x_wconf 74' lang='grc' dir='ltr'><strong>ι</strong></span> <span class='ocrx_word' id='word_1_35' title='bbox 420 982 564 1022; x_wconf 85' lang='lat' dir='ltr'><strong>enim</strong></span> <span class='ocrx_word' id='word_1_36' title='bbox 616 965 855 1019; x_wconf 60' lang='lat' dir='ltr'><strong>turbabit</strong></span> <span class='ocrx_word' id='word_1_37' title='bbox 908 978 1096 1032; x_wconf 89' lang='lat' dir='ltr'><strong>pacem</strong></span> <span class='ocrx_word' id='word_1_38' title='bbox 1142 962 1423 1016; x_wconf 88' lang='lat' dir='ltr'><strong>habentes.</strong></span> <span class='ocrx_word' id='word_1_39' title='bbox 1468 979 1486 1011; x_wconf 80' lang='grc' dir='ltr'><strong>ι</strong></span> <span class='ocrx_word' id='word_1_40' title='bbox 1531 959 1700 1026; x_wconf 83' lang='lat' dir='ltr'><strong>Quem</strong></span> <span class='ocrx_word' id='word_1_41' title='bbox 1753 957 1944 1013; x_wconf 91' lang='lat' dir='ltr'><strong>melius</strong></span> 
     </span>
    </p>
   </div>
   <div class='ocr_carea' id='block_1_9' title="bbox 361 1050 1942 1123">
    <p class='ocr_par' dir='ltr' id='par_1_9' title="bbox 361 1050 1942 1123">
     <span class='ocr_line' id='line_1_9' title="bbox 361 1050 1942 1123; baseline -0.008 -10"><span class='ocrx_word' id='word_1_42' title='bbox 361 1071 709 1113; x_wconf 89' lang='lat' dir='ltr'><strong>susurronem</strong></span> <span class='ocrx_word' id='word_1_43' title='bbox 735 1064 791 1108; x_wconf 91' lang='lat' dir='ltr'><strong>et</strong></span> <span class='ocrx_word' id='word_1_44' title='bbox 826 1053 1117 1123; x_wconf 87' lang='lat' dir='ltr'><strong>nilinguem</strong></span> <span class='ocrx_word' id='word_1_45' title='bbox 1153 1066 1440 1122; x_wconf 88' lang='lat' dir='ltr'><strong>possumus</strong></span> <span class='ocrx_word' id='word_1_46' title='bbox 1482 1050 1753 1119; x_wconf 86' lang='lat' dir='ltr'><strong>appellare</strong></span> <span class='ocrx_word' id='word_1_47' title='bbox 1781 1064 1942 1118; x_wconf 89' lang='lat' dir='ltr'><strong>quam</strong></span> 
     </span>
    </p>
   </div>
   <div class='ocr_carea' id='block_1_10' title="bbox 361 1137 1944 1212">
    <p class='ocr_par' dir='ltr' id='par_1_10' title="bbox 361 1137 1944 1212">
     <span class='ocr_line' id='line_1_10' title="bbox 361 1137 1944 1212; baseline -0.007 -12"><span class='ocrx_word' id='word_1_48' title='bbox 361 1146 668 1200; x_wconf 65' lang='lat' dir='ltr'><strong>limreticum</strong></span> <span class='ocrx_word' id='word_1_49' title='bbox 690 1184 704 1206; x_wconf 91' lang='lat'><strong>,</strong></span> <span class='ocrx_word' id='word_1_50' title='bbox 730 1144 821 1212; x_wconf 85' lang='lat' dir='ltr'><strong>qui</strong></span> <span class='ocrx_word' id='word_1_51' title='bbox 873 1142 1084 1198; x_wconf 91' lang='lat' dir='ltr'><strong>occulte</strong></span> <span class='ocrx_word' id='word_1_52' title='bbox 1114 1140 1455 1195; x_wconf 74' lang='lat' dir='ltr'><strong>machinatur</strong></span> <span class='ocrx_word' id='word_1_53' title='bbox 1484 1138 1656 1202; x_wconf 88' lang='lat' dir='ltr'><strong>dolos,</strong></span> <span class='ocrx_word' id='word_1_54' title='bbox 1688 1146 1748 1190; x_wconf 89' lang='lat' dir='ltr'><strong>ut</strong></span> <span class='ocrx_word' id='word_1_55' title='bbox 1795 1137 1944 1190; x_wconf 84' lang='lat' dir='ltr'><strong>deci-</strong></span> 
     </span>
    </p>
   </div>
   <div class='ocr_carea' id='block_1_11' title="bbox 358 1226 1946 1306">
    <p class='ocr_par' dir='ltr' id='par_1_11' title="bbox 358 1226 1946 1306">
     <span class='ocr_line' id='line_1_11' title="bbox 358 1226 1946 1306; baseline -0.007 -16"><span class='ocrx_word' id='word_1_56' title='bbox 358 1239 472 1306; x_wconf 86' lang='lat' dir='ltr'><strong>piat</strong></span> <span class='ocrx_word' id='word_1_57' title='bbox 500 1234 846 1290; x_wconf 84' lang='lat' dir='ltr'><strong>innocentes?</strong></span> <span class='ocrx_word' id='word_1_58' title='bbox 869 1232 967 1286; x_wconf 84' lang='lat' dir='ltr'><strong>Hic</strong></span> <span class='ocrx_word' id='word_1_59' title='bbox 992 1246 1120 1302; x_wconf 91' lang='lat' dir='ltr'><strong>ergo</strong></span> <span class='ocrx_word' id='word_1_60' title='bbox 1142 1229 1392 1298; x_wconf 82' lang='lat' dir='ltr'><strong>bilinguis</strong></span> <span class='ocrx_word' id='word_1_61' title='bbox 1411 1236 1514 1292; x_wconf 87' lang='lat' dir='ltr'><strong>est,</strong></span> <span class='ocrx_word' id='word_1_62' title='bbox 1541 1227 1630 1296; x_wconf 88' lang='lat' dir='ltr'><strong>qui</strong></span> <span class='ocrx_word' id='word_1_63' title='bbox 1658 1226 1946 1295; x_wconf 80' lang='lat' dir='ltr'><strong>aliquando</strong></span> 
     </span>
    </p>
   </div>
   <div class='ocr_carea' id='block_1_12' title="bbox 361 1315 1943 1396">
    <p class='ocr_par' dir='ltr' id='par_1_12' title="bbox 361 1315 1943 1396">
     <span class='ocr_line' id='line_1_12' title="bbox 361 1315 1943 1396; baseline -0.007 -15"><span class='ocrx_word' id='word_1_64' title='bbox 361 1343 414 1381; x_wconf 90' lang='grc' dir='ltr'><strong>ιιι</strong></span> <span class='ocrx_word' id='word_1_65' title='bbox 437 1326 684 1396; x_wconf 79' lang='lat' dir='ltr'><strong>dogmate</strong></span> <span class='ocrx_word' id='word_1_66' title='bbox 731 1339 828 1379; x_wconf 91' lang='lat' dir='ltr'><strong>suo</strong></span> <span class='ocrx_word' id='word_1_67' title='bbox 859 1320 1064 1392; x_wconf 84' lang='lat' dir='ltr'><strong>profert</strong></span> <span class='ocrx_word' id='word_1_68' title='bbox 1106 1335 1233 1374; x_wconf 88' lang='lat' dir='ltr'><strong>vera</strong></span> <span class='ocrx_word' id='word_1_69' title='bbox 1254 1360 1268 1385; x_wconf 89' lang='lat'><strong>,</strong></span> <span class='ocrx_word' id='word_1_70' title='bbox 1295 1318 1581 1388; x_wconf 87' lang='lat' dir='ltr'><strong>aliquando</strong></span> <span class='ocrx_word' id='word_1_71' title='bbox 1609 1333 1735 1371; x_wconf 89' lang='lat' dir='ltr'><strong>vero</strong></span> <span class='ocrx_word' id='word_1_72' title='bbox 1761 1315 1895 1371; x_wconf 90' lang='lat' dir='ltr'><strong>falsa</strong></span> <span class='ocrx_word' id='word_1_73' title='bbox 1930 1334 1943 1370; x_wconf 91' lang='lat'>:</span> 
     </span>
    </p>
   </div>
   <div class='ocr_carea' id='block_1_13' title="bbox 359 1408 1946 1473">
    <p class='ocr_par' dir='ltr' id='par_1_13' title="bbox 359 1408 1946 1473">
     <span class='ocr_line' id='line_1_13' title="bbox 359 1408 1946 1473; baseline -0.008 -2"><span class='ocrx_word' id='word_1_74' title='bbox 359 1426 416 1472; x_wconf 89' lang='lat' dir='ltr'><strong>et</strong></span> <span class='ocrx_word' id='word_1_75' title='bbox 459 1417 538 1471; x_wconf 91' lang='lat' dir='ltr'><strong>sic</strong></span> <span class='ocrx_word' id='word_1_76' title='bbox 564 1416 756 1469; x_wconf 81' lang='lat' dir='ltr'><strong>miscet</strong></span> <span class='ocrx_word' id='word_1_77' title='bbox 799 1426 852 1468; x_wconf 89' lang='lat' dir='ltr'><strong>et</strong></span> <span class='ocrx_word' id='word_1_78' title='bbox 887 1409 1164 1467; x_wconf 75' lang='lat' dir='ltr'><strong>cdnfundit</strong></span> <span class='ocrx_word' id='word_1_79' title='bbox 1193 1411 1394 1473; x_wconf 88' lang='lat' dir='ltr'><strong>omnia,</strong></span> <span class='ocrx_word' id='word_1_80' title='bbox 1417 1417 1475 1464; x_wconf 89' lang='lat' dir='ltr'><strong>ut</strong></span> <span class='ocrx_word' id='word_1_81' title='bbox 1504 1408 1757 1463; x_wconf 87' lang='lat' dir='ltr'><strong>omnibus</strong></span> <span class='ocrx_word' id='word_1_82' title='bbox 1787 1408 1946 1461; x_wconf 88' lang='lat' dir='ltr'><strong>fidem</strong></span> 
     </span>
    </p>
   </div>
   <div class='ocr_carea' id='block_1_14' title="bbox 361 1497 1946 1561">
    <p class='ocr_par' dir='ltr' id='par_1_14' title="bbox 361 1497 1946 1561">
     <span class='ocr_line' id='line_1_14' title="bbox 361 1497 1946 1561; baseline -0.008 0"><span class='ocrx_word' id='word_1_83' title='bbox 361 1521 548 1561; x_wconf 84' lang='lat' dir='ltr'><strong>sanam</strong></span> <span class='ocrx_word' id='word_1_84' title='bbox 574 1513 628 1559; x_wconf 89' lang='lat' dir='ltr'><strong>et</strong></span> <span class='ocrx_word' id='word_1_85' title='bbox 658 1513 860 1558; x_wconf 88' lang='lat' dir='ltr'><strong>rectam</strong></span> <span class='ocrx_word' id='word_1_86' title='bbox 889 1502 1212 1556; x_wconf 89' lang='lat' dir='ltr'><strong>habentibus</strong></span> <span class='ocrx_word' id='word_1_87' title='bbox 1239 1501 1348 1554; x_wconf 89' lang='lat' dir='ltr'><strong>sint</strong></span> <span class='ocrx_word' id='word_1_88' title='bbox 1383 1498 1594 1553; x_wconf 91' lang='lat' dir='ltr'><strong>inutilia</strong></span> <span class='ocrx_word' id='word_1_89' title='bbox 1625 1513 1640 1551; x_wconf 88' lang='lat'><strong>:</strong></span> <span class='ocrx_word' id='word_1_90' title='bbox 1675 1498 1762 1551; x_wconf 93' lang='lat' dir='ltr'><strong>hic</strong></span> <span class='ocrx_word' id='word_1_91' title='bbox 1802 1497 1946 1551; x_wconf 90' lang='lat' dir='ltr'><strong>enim</strong></span> 
     </span>
    </p>
   </div>
   <div class='ocr_carea' id='block_1_15' title="bbox 326 1584 1946 1661">
    <p class='ocr_par' dir='ltr' id='par_1_15' title="bbox 326 1584 1946 1661">
     <span class='ocr_line' id='line_1_15' title="bbox 326 1584 1946 1661; baseline -0.006 -15"><span class='ocrx_word' id='word_1_92' title='bbox 326 1659 328 1661; x_wconf 15' lang='grc' dir='ltr'>ν</span> <span class='ocrx_word' id='word_1_93' title='bbox 368 1615 384 1646; x_wconf 76' lang='grc' dir='ltr'><strong>ι</strong></span> <span class='ocrx_word' id='word_1_94' title='bbox 426 1593 652 1649; x_wconf 87' lang='lat' dir='ltr'><strong>turbabit</strong></span> <span class='ocrx_word' id='word_1_95' title='bbox 686 1593 882 1646; x_wconf 89' lang='lat' dir='ltr'><strong>multos</strong></span> <span class='ocrx_word' id='word_1_96' title='bbox 909 1605 1092 1659; x_wconf 88' lang='lat' dir='ltr'><strong>pacem</strong></span> <span class='ocrx_word' id='word_1_97' title='bbox 1121 1589 1400 1651; x_wconf 88' lang='lat' dir='ltr'><strong>habentes,</strong></span> <span class='ocrx_word' id='word_1_98' title='bbox 1439 1607 1458 1639; x_wconf 80' lang='grc' dir='ltr'><strong>ι</strong></span> <span class='ocrx_word' id='word_1_99' title='bbox 1499 1587 1624 1655; x_wconf 89' lang='lat' dir='ltr'><strong>quia</strong></span> <span class='ocrx_word' id='word_1_100' title='bbox 1656 1601 1750 1640; x_wconf 88' lang='lat' dir='ltr'><strong>eos</strong></span> <span class='ocrx_word' id='word_1_101' title='bbox 1775 1584 1862 1654; x_wconf 90' lang='lat' dir='ltr'><strong>qui</strong></span> <span class='ocrx_word' id='word_1_102' title='bbox 1895 1585 1946 1637; x_wconf 89' lang='lat' dir='ltr'><strong>in</strong></span> 
     </span>
    </p>
   </div>
   <div class='ocr_carea' id='block_1_16' title="bbox 362 1676 1944 1752">
    <p class='ocr_par' dir='ltr' id='par_1_16' title="bbox 362 1676 1944 1752">
     <span class='ocr_line' id='line_1_16' title="bbox 362 1676 1944 1752; baseline -0.008 -12"><span class='ocrx_word' id='word_1_103' title='bbox 362 1687 569 1742; x_wconf 88' lang='lat' dir='ltr'><strong>unitate</strong></span> <span class='ocrx_word' id='word_1_104' title='bbox 617 1686 739 1739; x_wconf 79' lang='lat' dir='ltr'><strong>fidei</strong></span> <span class='ocrx_word' id='word_1_105' title='bbox 788 1694 842 1740; x_wconf 88' lang='lat' dir='ltr'><strong>et</strong></span> <span class='ocrx_word' id='word_1_106' title='bbox 893 1699 1024 1752; x_wconf 86' lang='lat' dir='ltr'><strong>pace</strong></span> <span class='ocrx_word' id='word_1_107' title='bbox 1054 1681 1304 1736; x_wconf 80' lang='lat' dir='ltr'><strong>Ecclesiae</strong></span> <span class='ocrx_word' id='word_1_108' title='bbox 1346 1679 1673 1742; x_wconf 82' lang='lat' dir='ltr'><strong>consistunt,</strong></span> <span class='ocrx_word' id='word_1_109' title='bbox 1705 1692 1734 1730; x_wconf 87' lang='lat' dir='ltr'><strong>a</strong></span> <span class='ocrx_word' id='word_1_110' title='bbox 1765 1676 1944 1747; x_wconf 88' lang='lat' dir='ltr'><strong>regula</strong></span> 
     </span>
    </p>
   </div>
   <div class='ocr_carea' id='block_1_17' title="bbox 363 1773 1206 1834">
    <p class='ocr_par' dir='ltr' id='par_1_17' title="bbox 363 1773 1206 1834">
     <span class='ocr_line' id='line_1_17' title="bbox 363 1773 1206 1834; baseline -0.007 -2"><span class='ocrx_word' id='word_1_111' title='bbox 363 1779 608 1834; x_wconf 85' lang='lat' dir='ltr'><strong>veritatis</strong></span> <span class='ocrx_word' id='word_1_112' title='bbox 634 1777 944 1831; x_wconf 76' lang='lat' dir='ltr'><strong>discordare</strong></span> <span class='ocrx_word' id='word_1_113' title='bbox 979 1773 1206 1827; x_wconf 85' lang='lat' dir='ltr'><strong>faciunt.</strong></span> 
     </span>
    </p>
   </div>
   <div class='ocr_carea' id='block_1_18' title="bbox 440 1855 1946 1938">
    <p class='ocr_par' dir='ltr' id='par_1_18' title="bbox 440 1855 1946 1938">
     <span class='ocr_line' id='line_1_18' title="bbox 440 1855 1946 1938; baseline -0.006 -18"><span class='ocrx_word' id='word_1_114' title='bbox 440 1889 458 1920; x_wconf 71' lang='grc' dir='ltr'><strong>ι</strong></span> <span class='ocrx_word' id='word_1_115' title='bbox 496 1869 700 1938; x_wconf 78' lang='lat' dir='ltr'><strong>Lingua</strong></span> <span class='ocrx_word' id='word_1_116' title='bbox 725 1867 878 1920; x_wconf 88' lang='lat' dir='ltr'><strong>tertia</strong></span> <span class='ocrx_word' id='word_1_117' title='bbox 906 1872 1100 1918; x_wconf 86' lang='lat' dir='ltr'><strong>multos</strong></span> <span class='ocrx_word' id='word_1_118' title='bbox 1128 1861 1439 1926; x_wconf 78' lang='lat' dir='ltr'><strong>commovit,</strong></span> <span class='ocrx_word' id='word_1_119' title='bbox 1469 1868 1523 1914; x_wconf 92' lang='lat' dir='ltr'><strong>et</strong></span> <span class='ocrx_word' id='word_1_120' title='bbox 1549 1857 1803 1928; x_wconf 81' lang='lat' dir='ltr'><strong>dispersit</strong></span> <span class='ocrx_word' id='word_1_121' title='bbox 1829 1855 1946 1911; x_wconf 91' lang='lat' dir='ltr'><strong>illos</strong></span> 
     </span>
    </p>
   </div>
   <div class='ocr_carea' id='block_1_19' title="bbox 372 1947 1946 2028">
    <p class='ocr_par' dir='ltr' id='par_1_19' title="bbox 372 1947 1946 2028">
     <span class='ocr_line' id='line_1_19' title="bbox 372 1947 1946 2028; baseline -0.01 -13"><span class='ocrx_word' id='word_1_122' title='bbox 372 1979 389 2009; x_wconf 81' lang='grc' dir='ltr'><strong>ι</strong></span> <span class='ocrx_word' id='word_1_123' title='bbox 426 1960 492 2014; x_wconf 90' lang='lat' dir='ltr'><strong>de</strong></span> <span class='ocrx_word' id='word_1_124' title='bbox 515 1967 673 2028; x_wconf 84' lang='lat' dir='ltr'><strong>gente</strong></span> <span class='ocrx_word' id='word_1_125' title='bbox 704 1959 756 2011; x_wconf 91' lang='lat' dir='ltr'><strong>in</strong></span> <span class='ocrx_word' id='word_1_126' title='bbox 779 1965 1014 2027; x_wconf 78' lang='lat' dir='ltr'><strong>gentem.</strong></span> <span class='ocrx_word' id='word_1_127' title='bbox 1047 1953 1304 2010; x_wconf 82' lang='lat' dir='ltr'><strong>Civitates</strong></span> <span class='ocrx_word' id='word_1_128' title='bbox 1332 1960 1572 2005; x_wconf 84' lang='lat' dir='ltr'><strong>muralas</strong></span> <span class='ocrx_word' id='word_1_129' title='bbox 1596 1949 1820 2004; x_wconf 84' lang='lat' dir='ltr'><strong>divitum</strong></span> <span class='ocrx_word' id='word_1_130' title='bbox 1851 1947 1946 2001; x_wconf 87' lang='lat' dir='ltr'><strong>de-</strong></span> 
     </span>
    </p>
   </div>
   <div class='ocr_carea' id='block_1_20' title="bbox 373 2040 1948 2115">
    <p class='ocr_par' dir='ltr' id='par_1_20' title="bbox 373 2040 1948 2115">
     <span class='ocr_line' id='line_1_20' title="bbox 373 2040 1948 2115; baseline -0.006 -14"><span class='ocrx_word' id='word_1_131' title='bbox 373 2069 392 2101; x_wconf 76' lang='grc' dir='ltr'><strong>ι</strong></span> <span class='ocrx_word' id='word_1_132' title='bbox 426 2050 647 2112; x_wconf 82' lang='lat' dir='ltr'><strong>struxit,</strong></span> <span class='ocrx_word' id='word_1_133' title='bbox 689 2059 744 2102; x_wconf 91' lang='lat' dir='ltr'><strong>et</strong></span> <span class='ocrx_word' id='word_1_134' title='bbox 795 2048 983 2102; x_wconf 91' lang='lat' dir='ltr'><strong>domos</strong></span> <span class='ocrx_word' id='word_1_135' title='bbox 1023 2053 1400 2115; x_wconf 85' lang='lat' dir='ltr'><strong>magnatorum</strong></span> <span class='ocrx_word' id='word_1_136' title='bbox 1456 2040 1658 2096; x_wconf 75' lang='lat' dir='ltr'><strong>cﬁ‘odit.</strong></span> <span class='ocrx_word' id='word_1_137' title='bbox 1711 2040 1948 2094; x_wconf 83' lang='lat' dir='ltr'><strong>Virtutes</strong></span> 
     </span>
    </p>
   </div>
   <div class='ocr_carea' id='block_1_21' title="bbox 372 2129 1943 2210">
    <p class='ocr_par' dir='ltr' id='par_1_21' title="bbox 372 2129 1943 2210">
     <span class='ocr_line' id='line_1_21' title="bbox 372 2129 1943 2210; baseline -0.007 -18"><span class='ocrx_word' id='word_1_138' title='bbox 372 2159 390 2192; x_wconf 74' lang='grc' dir='ltr'><strong>ι</strong></span> <span class='ocrx_word' id='word_1_139' title='bbox 430 2139 750 2210; x_wconf 89' lang='lat' dir='ltr'><strong>populorum</strong></span> <span class='ocrx_word' id='word_1_140' title='bbox 804 2137 1067 2200; x_wconf 89' lang='lat' dir='ltr'><strong>concidit,</strong></span> <span class='ocrx_word' id='word_1_141' title='bbox 1111 2145 1164 2189; x_wconf 90' lang='lat' dir='ltr'><strong>et</strong></span> <span class='ocrx_word' id='word_1_142' title='bbox 1217 2143 1406 2205; x_wconf 87' lang='lat' dir='ltr'><strong>gentes</strong></span> <span class='ocrx_word' id='word_1_143' title='bbox 1456 2131 1624 2186; x_wconf 78' lang='lat' dir='ltr'><strong>fortes</strong></span> <span class='ocrx_word' id='word_1_144' title='bbox 1681 2129 1943 2184; x_wconf 84' lang='lat' dir='ltr'><strong>dissolvit.</strong></span> 
     </span>
    </p>
   </div>
   <div class='ocr_carea' id='block_1_22' title="bbox 367 2219 1949 2301">
    <p class='ocr_par' dir='ltr' id='par_1_22' title="bbox 367 2219 1949 2301">
     <span class='ocr_line' id='line_1_22' title="bbox 367 2219 1949 2301; baseline -0.006 -19"><span class='ocrx_word' id='word_1_145' title='bbox 367 2248 392 2282; x_wconf 68' lang='grc' dir='ltr'><strong>ε</strong></span> <span class='ocrx_word' id='word_1_146' title='bbox 427 2230 626 2301; x_wconf 90' lang='lat' dir='ltr'><strong>Lingua</strong></span> <span class='ocrx_word' id='word_1_147' title='bbox 674 2229 830 2283; x_wconf 86' lang='lat' dir='ltr'><strong>tertia</strong></span> <span class='ocrx_word' id='word_1_148' title='bbox 885 2227 1138 2281; x_wconf 89' lang='lat' dir='ltr'><strong>mulieres</strong></span> <span class='ocrx_word' id='word_1_149' title='bbox 1188 2225 1355 2281; x_wconf 90' lang='lat' dir='ltr'><strong>fortes</strong></span> <span class='ocrx_word' id='word_1_150' title='bbox 1402 2221 1582 2292; x_wconf 76' lang='lat' dir='ltr'><strong>eiecit,</strong></span> <span class='ocrx_word' id='word_1_151' title='bbox 1615 2229 1670 2277; x_wconf 89' lang='lat' dir='ltr'><strong>et</strong></span> <span class='ocrx_word' id='word_1_152' title='bbox 1711 2219 1949 2291; x_wconf 77' lang='lat' dir='ltr'><strong>privavit</strong></span> 
     </span>
    </p>
   </div>
   <div class='ocr_carea' id='block_1_23' title="bbox 373 2311 1948 2386">
    <p class='ocr_par' dir='ltr' id='par_1_23' title="bbox 373 2311 1948 2386">
     <span class='ocr_line' id='line_1_23' title="bbox 373 2311 1948 2386; baseline -0.004 -14"><span class='ocrx_word' id='word_1_153' title='bbox 373 2339 394 2372; x_wconf 70' lang='grc' dir='ltr'><strong>ι</strong></span> <span class='ocrx_word' id='word_1_154' title='bbox 428 2320 546 2375; x_wconf 89' lang='lat' dir='ltr'><strong>illas</strong></span> <span class='ocrx_word' id='word_1_155' title='bbox 566 2316 842 2374; x_wconf 80' lang='lat' dir='ltr'><strong>laboribus</strong></span> <span class='ocrx_word' id='word_1_156' title='bbox 863 2318 994 2372; x_wconf 90' lang='lat' dir='ltr'><strong>suis.</strong></span> <span class='ocrx_word' id='word_1_157' title='bbox 1039 2336 1057 2368; x_wconf 79' lang='grc' dir='ltr'><strong>ι</strong></span> <span class='ocrx_word' id='word_1_158' title='bbox 1092 2316 1354 2386; x_wconf 83' lang='lat' dir='ltr'><strong>Linguam</strong></span> <span class='ocrx_word' id='word_1_159' title='bbox 1393 2313 1608 2369; x_wconf 85' lang='lat' dir='ltr'><strong>tertiam</strong></span> <span class='ocrx_word' id='word_1_160' title='bbox 1649 2313 1821 2382; x_wconf 89' lang='lat' dir='ltr'><strong>ipsam</strong></span> <span class='ocrx_word' id='word_1_161' title='bbox 1854 2311 1948 2366; x_wconf 85' lang='lat' dir='ltr'><strong>do-</strong></span> 
     </span>
    </p>
   </div>
   <div class='ocr_carea' id='block_1_24' title="bbox 366 2401 1946 2480">
    <p class='ocr_par' dir='ltr' id='par_1_24' title="bbox 366 2401 1946 2480">
     <span class='ocr_line' id='line_1_24' title="bbox 366 2401 1946 2480; baseline -0.005 -14"><span class='ocrx_word' id='word_1_162' title='bbox 366 2411 599 2466; x_wconf 85' lang='lat' dir='ltr'><strong>ctrinam</strong></span> <span class='ocrx_word' id='word_1_163' title='bbox 631 2409 862 2480; x_wconf 69' lang='lat' dir='ltr'><strong>appellat</strong></span> <span class='ocrx_word' id='word_1_164' title='bbox 887 2408 1290 2468; x_wconf 69' lang='lat' dir='ltr'><strong>haereticorum,</strong></span> <span class='ocrx_word' id='word_1_165' title='bbox 1320 2421 1441 2476; x_wconf 64' lang='lat' dir='ltr'><strong>quae</strong></span> <span class='ocrx_word' id='word_1_166' title='bbox 1470 2421 1570 2460; x_wconf 90' lang='lat' dir='ltr'><strong>nec</strong></span> <span class='ocrx_word' id='word_1_167' title='bbox 1609 2405 1789 2460; x_wconf 79' lang='lat' dir='ltr'><strong>Veteri</strong></span> <span class='ocrx_word' id='word_1_168' title='bbox 1839 2401 1946 2458; x_wconf 81' lang='lat' dir='ltr'><strong>Tc-</strong></span> 
     </span>
    </p>
   </div>
   <div class='ocr_carea' id='block_1_25' title="bbox 369 2497 1950 2568">
    <p class='ocr_par' dir='ltr' id='par_1_25' title="bbox 369 2497 1950 2568">
     <span class='ocr_line' id='line_1_25' title="bbox 369 2497 1950 2568; baseline -0.006 -9"><span class='ocrx_word' id='word_1_169' title='bbox 369 2511 636 2559; x_wconf 87' lang='lat' dir='ltr'><strong>stamento</strong></span> <span class='ocrx_word' id='word_1_170' title='bbox 661 2519 756 2557; x_wconf 88' lang='lat' dir='ltr'><strong>nec</strong></span> <span class='ocrx_word' id='word_1_171' title='bbox 779 2501 924 2556; x_wconf 83' lang='lat' dir='ltr'><strong>Novo</strong></span> <span class='ocrx_word' id='word_1_172' title='bbox 939 2503 1246 2554; x_wconf 88' lang='lat' dir='ltr'><strong>concordat.</strong></span> <span class='ocrx_word' id='word_1_173' title='bbox 1267 2498 1393 2553; x_wconf 81' lang='lat' dir='ltr'><strong>llaec</strong></span> <span class='ocrx_word' id='word_1_174' title='bbox 1412 2512 1626 2568; x_wconf 76' lang='lat' dir='ltr'><strong>seraper</strong></span> <span class='ocrx_word' id='word_1_175' title='bbox 1643 2497 1950 2550; x_wconf 89' lang='lat' dir='ltr'><strong>auditorum</strong></span> 
     </span>
    </p>
   </div>
   <div class='ocr_carea' id='block_1_26' title="bbox 370 2589 1952 2662">
    <p class='ocr_par' dir='ltr' id='par_1_26' title="bbox 370 2589 1952 2662">
     <span class='ocr_line' id='line_1_26' title="bbox 370 2589 1952 2662; baseline -0.005 -14"><span class='ocrx_word' id='word_1_176' title='bbox 370 2607 592 2648; x_wconf 84' lang='lat' dir='ltr'><strong>suorum</strong></span> <span class='ocrx_word' id='word_1_177' title='bbox 620 2593 782 2646; x_wconf 88' lang='lat' dir='ltr'><strong>corda</strong></span> <span class='ocrx_word' id='word_1_178' title='bbox 826 2591 1209 2662; x_wconf 88' lang='lat' dir='ltr'><strong>superstitione</strong></span> <span class='ocrx_word' id='word_1_179' title='bbox 1234 2589 1545 2651; x_wconf 88' lang='lat' dir='ltr'><strong>conturbat,</strong></span> <span class='ocrx_word' id='word_1_180' title='bbox 1575 2596 1630 2641; x_wconf 93' lang='lat' dir='ltr'><strong>et</strong></span> <span class='ocrx_word' id='word_1_181' title='bbox 1673 2589 1740 2642; x_wconf 91' lang='lat' dir='ltr'><strong>de</strong></span> <span class='ocrx_word' id='word_1_182' title='bbox 1793 2595 1952 2658; x_wconf 90' lang='lat' dir='ltr'><strong>gente</strong></span> 
     </span>
    </p>
   </div>
   <div class='ocr_carea' id='block_1_27' title="bbox 371 2678 1952 2757">
    <p class='ocr_par' dir='ltr' id='par_1_27' title="bbox 371 2678 1952 2757">
     <span class='ocr_line' id='line_1_27' title="bbox 371 2678 1952 2757; baseline -0.006 -15"><span class='ocrx_word' id='word_1_183' title='bbox 371 2684 430 2742; x_wconf 85' lang='lat' dir='ltr'><strong>in</strong></span> <span class='ocrx_word' id='word_1_184' title='bbox 480 2694 691 2757; x_wconf 82' lang='lat' dir='ltr'><strong>gentem</strong></span> <span class='ocrx_word' id='word_1_185' title='bbox 755 2698 982 2754; x_wconf 83' lang='lat' dir='ltr'><strong>pergens</strong></span> <span class='ocrx_word' id='word_1_186' title='bbox 1025 2682 1315 2737; x_wconf 85' lang='lat' dir='ltr'><strong>seditiones</strong></span> <span class='ocrx_word' id='word_1_187' title='bbox 1359 2680 1581 2735; x_wconf 76' lang='lat' dir='ltr'><strong>excitat.</strong></span> <span class='ocrx_word' id='word_1_188' title='bbox 1636 2697 1654 2730; x_wconf 73' lang='grc' dir='ltr'><strong>ι</strong></span> <span class='ocrx_word' id='word_1_189' title='bbox 1693 2678 1952 2734; x_wconf 85' lang='lat' dir='ltr'><strong>Civitates</strong></span> 
     </span>
    </p>
   </div>
   <div class='ocr_carea' id='block_1_28' title="bbox 370 2774 1951 2843">
    <p class='ocr_par' dir='ltr' id='par_1_28' title="bbox 370 2774 1951 2843">
     <span class='ocr_line' id='line_1_28' title="bbox 370 2774 1951 2843; baseline -0.005 -8"><span class='ocrx_word' id='word_1_190' title='bbox 370 2786 617 2835; x_wconf 83' lang='lat' dir='ltr'><strong>muratas</strong></span> <span class='ocrx_word' id='word_1_191' title='bbox 657 2777 880 2832; x_wconf 90' lang='lat' dir='ltr'><strong>divitum</strong></span> <span class='ocrx_word' id='word_1_192' title='bbox 935 2775 1188 2840; x_wconf 86' lang='lat' dir='ltr'><strong>destruit,</strong></span> <span class='ocrx_word' id='word_1_193' title='bbox 1229 2784 1284 2829; x_wconf 93' lang='lat' dir='ltr'><strong>et</strong></span> <span class='ocrx_word' id='word_1_194' title='bbox 1326 2774 1514 2829; x_wconf 88' lang='lat' dir='ltr'><strong>domos</strong></span> <span class='ocrx_word' id='word_1_195' title='bbox 1575 2781 1951 2843; x_wconf 86' lang='lat' dir='ltr'><strong>magnatorum</strong></span> 
     </span>
    </p>
   </div>
   <div class='ocr_carea' id='block_1_29' title="bbox 368 2863 1951 2934">
    <p class='ocr_par' dir='ltr' id='par_1_29' title="bbox 368 2863 1951 2934">
     <span class='ocr_line' id='line_1_29' title="bbox 368 2863 1951 2934; baseline -0.006 -8"><span class='ocrx_word' id='word_1_196' title='bbox 368 2865 578 2933; x_wconf 67' lang='lat' dir='ltr'><strong>effodit,</strong></span> <span class='ocrx_word' id='word_1_197' title='bbox 621 2887 639 2918; x_wconf 74' lang='grc' dir='ltr'><strong>ι</strong></span> <span class='ocrx_word' id='word_1_198' title='bbox 669 2883 790 2922; x_wconf 91' lang='lat' dir='ltr'><strong>eum</strong></span> <span class='ocrx_word' id='word_1_199' title='bbox 836 2881 930 2921; x_wconf 87' lang='lat' dir='ltr'><strong>eos</strong></span> <span class='ocrx_word' id='word_1_200' title='bbox 954 2866 1044 2934; x_wconf 92' lang='lat' dir='ltr'><strong>qui</strong></span> <span class='ocrx_word' id='word_1_201' title='bbox 1089 2864 1266 2934; x_wconf 82' lang='lat' dir='ltr'><strong>magni</strong></span> <span class='ocrx_word' id='word_1_202' title='bbox 1324 2865 1390 2919; x_wconf 89' lang='lat' dir='ltr'><strong>ab</strong></span> <span class='ocrx_word' id='word_1_203' title='bbox 1435 2863 1555 2919; x_wconf 90' lang='lat' dir='ltr'><strong>aliis</strong></span> <span class='ocrx_word' id='word_1_204' title='bbox 1596 2863 1951 2929; x_wconf 65' lang='lat' dir='ltr'><strong>wstimantur,</strong></span> 
     </span>
    </p>
   </div>
   <div class='ocr_carea' id='block_1_30' title="bbox 373 2954 1952 3031">
    <p class='ocr_par' dir='ltr' id='par_1_30' title="bbox 373 2954 1952 3031">
     <span class='ocr_line' id='line_1_30' title="bbox 373 2954 1952 3031; baseline -0.002 -19"><span class='ocrx_word' id='word_1_205' title='bbox 373 2961 454 3016; x_wconf 88' lang='lat' dir='ltr'><strong>vel</strong></span> <span class='ocrx_word' id='word_1_206' title='bbox 474 2976 532 3017; x_wconf 90' lang='lat' dir='ltr'><strong>se</strong></span> <span class='ocrx_word' id='word_1_207' title='bbox 553 2975 774 3031; x_wconf 89' lang='lat' dir='ltr'><strong>magnos</strong></span> <span class='ocrx_word' id='word_1_208' title='bbox 805 2975 902 3029; x_wconf 90' lang='lat' dir='ltr'><strong>per</strong></span> <span class='ocrx_word' id='word_1_209' title='bbox 931 2959 1220 3013; x_wconf 86' lang='lat' dir='ltr'><strong>elationem</strong></span> <span class='ocrx_word' id='word_1_210' title='bbox 1272 2956 1468 3011; x_wconf 90' lang='lat' dir='ltr'><strong>mentis</strong></span> <span class='ocrx_word' id='word_1_211' title='bbox 1509 2969 1629 3011; x_wconf 88' lang='lat' dir='ltr'><strong>esse</strong></span> <span class='ocrx_word' id='word_1_212' title='bbox 1656 2954 1952 3021; x_wconf 88' lang='lat' dir='ltr'><strong>confidunt,</strong></span> 
     </span>
    </p>
   </div>
   <div class='ocr_carea' id='block_1_31' title="bbox 371 3047 1953 3116">
    <p class='ocr_par' dir='ltr' id='par_1_31' title="bbox 371 3047 1953 3116">
     <span class='ocr_line' id='line_1_31' title="bbox 371 3047 1953 3116; baseline -0.003 -10"><span class='ocrx_word' id='word_1_213' title='bbox 371 3066 402 3105; x_wconf 87' lang='lat' dir='ltr'><strong>a</strong></span> <span class='ocrx_word' id='word_1_214' title='bbox 435 3058 576 3106; x_wconf 88' lang='lat' dir='ltr'><strong>statu</strong></span> <span class='ocrx_word' id='word_1_215' title='bbox 608 3050 944 3104; x_wconf 85' lang='lat' dir='ltr'><strong>rectitudinis</strong></span> <span class='ocrx_word' id='word_1_216' title='bbox 973 3047 1250 3116; x_wconf 83' lang='lat' dir='ltr'><strong>dejiciunt,</strong></span> <span class='ocrx_word' id='word_1_217' title='bbox 1278 3055 1332 3100; x_wconf 91' lang='lat' dir='ltr'><strong>et</strong></span> <span class='ocrx_word' id='word_1_218' title='bbox 1358 3047 1722 3102; x_wconf 85' lang='lat' dir='ltr'><strong>habitaculum</strong></span> <span class='ocrx_word' id='word_1_219' title='bbox 1757 3049 1953 3102; x_wconf 85' lang='lat' dir='ltr'><strong>crude-</strong></span> 
     </span>
    </p>
   </div>
   <div class='ocr_carea' id='block_1_32' title="bbox 374 3118 2027 3210">
    <p class='ocr_par' dir='ltr' id='par_1_32' title="bbox 374 3118 2027 3210">
     <span class='ocr_line' id='line_1_32' title="bbox 374 3118 2027 3210; baseline -0.001 -14"><span class='ocrx_word' id='word_1_220' title='bbox 374 3143 541 3197; x_wconf 89' lang='lat' dir='ltr'><strong>litatis</strong></span> <span class='ocrx_word' id='word_1_221' title='bbox 572 3157 683 3197; x_wconf 77' lang='lat' dir='ltr'><strong>suae</strong></span> <span class='ocrx_word' id='word_1_222' title='bbox 714 3141 1204 3196; x_wconf 87' lang='lat' dir='ltr'><strong>machinationibus</strong></span> <span class='ocrx_word' id='word_1_223' title='bbox 1228 3139 1428 3194; x_wconf 90' lang='lat' dir='ltr'><strong>dolosis</strong></span> <span class='ocrx_word' id='word_1_224' title='bbox 1475 3137 1768 3205; x_wconf 74' lang='lat' dir='ltr'><strong>effodiunt,</strong></span> <span class='ocrx_word' id='word_1_225' title='bbox 1792 3149 1955 3210; x_wconf 88' lang='lat' dir='ltr'><strong>atque</strong></span> <span class='ocrx_word' id='word_1_226' title='bbox 1982 3118 2027 3178; x_wconf 63' lang='grc' dir='ltr'><strong>(ἶ</strong></span> 
     </span>
    </p>
   </div>
   <div class='ocr_carea' id='block_1_33' title="bbox 374 3227 1955 3300">
    <p class='ocr_par' dir='ltr' id='par_1_33' title="bbox 374 3227 1955 3300">
     <span class='ocr_line' id='line_1_33' title="bbox 374 3227 1955 3300; baseline -0.003 -12"><span class='ocrx_word' id='word_1_227' title='bbox 374 3234 724 3297; x_wconf 88' lang='lat' dir='ltr'><strong>subvertunt;</strong></span> <span class='ocrx_word' id='word_1_228' title='bbox 753 3231 916 3284; x_wconf 90' lang='lat' dir='ltr'><strong>robur</strong></span> <span class='ocrx_word' id='word_1_229' title='bbox 943 3229 1257 3300; x_wconf 85' lang='lat' dir='ltr'><strong>populorum</strong></span> <span class='ocrx_word' id='word_1_230' title='bbox 1280 3238 1336 3283; x_wconf 90' lang='lat' dir='ltr'><strong>et</strong></span> <span class='ocrx_word' id='word_1_231' title='bbox 1366 3227 1603 3284; x_wconf 85' lang='lat' dir='ltr'><strong>studium</strong></span> <span class='ocrx_word' id='word_1_232' title='bbox 1635 3229 1955 3284; x_wconf 88' lang='lat' dir='ltr'><strong>discentium</strong></span> 
     </span>
    </p>
   </div>
   <div class='ocr_carea' id='block_1_34' title="bbox 376 3319 1959 3391">
    <p class='ocr_par' dir='ltr' id='par_1_34' title="bbox 376 3319 1959 3391">
     <span class='ocr_line' id='line_1_34' title="bbox 376 3319 1959 3391; baseline -0.003 -12"><span class='ocrx_word' id='word_1_233' title='bbox 376 3323 582 3379; x_wconf 86' lang='lat' dir='ltr'><strong>malitia</strong></span> <span class='ocrx_word' id='word_1_234' title='bbox 607 3321 714 3376; x_wconf 72' lang='lat' dir='ltr'><strong>&#39;sua</strong></span> <span class='ocrx_word' id='word_1_235' title='bbox 742 3320 1050 3386; x_wconf 91' lang='lat' dir='ltr'><strong>concidunt,</strong></span> <span class='ocrx_word' id='word_1_236' title='bbox 1077 3329 1134 3374; x_wconf 90' lang='lat' dir='ltr'><strong>et</strong></span> <span class='ocrx_word' id='word_1_237' title='bbox 1156 3319 1324 3375; x_wconf 87' lang='lat' dir='ltr'><strong>fortes</strong></span> <span class='ocrx_word' id='word_1_238' title='bbox 1351 3327 1538 3391; x_wconf 86' lang='lat' dir='ltr'><strong>gentes</strong></span> <span class='ocrx_word' id='word_1_239' title='bbox 1564 3319 1619 3373; x_wconf 92' lang='lat' dir='ltr'><strong>in</strong></span> <span class='ocrx_word' id='word_1_240' title='bbox 1647 3320 1959 3390; x_wconf 88' lang='lat' dir='ltr'><strong>operatione</strong></span> 
     </span>
    </p>
   </div>
   <div class='ocr_carea' id='block_1_35' title="bbox 377 3405 1960 3478">
    <p class='ocr_par' dir='ltr' id='par_1_35' title="bbox 377 3405 1960 3478">
     <span class='ocr_line' id='line_1_35' title="bbox 377 3405 1960 3478; baseline -0.003 -13"><span class='ocrx_word' id='word_1_241' title='bbox 377 3411 495 3467; x_wconf 90' lang='lat' dir='ltr'><strong>utili</strong></span> <span class='ocrx_word' id='word_1_242' title='bbox 541 3409 860 3475; x_wconf 85' lang='lat' dir='ltr'><strong>dissolvunt,</strong></span> <span class='ocrx_word' id='word_1_243' title='bbox 889 3408 1015 3478; x_wconf 89' lang='lat' dir='ltr'><strong>quia</strong></span> <span class='ocrx_word' id='word_1_244' title='bbox 1051 3410 1178 3464; x_wconf 93' lang='lat' dir='ltr'><strong>dum</strong></span> <span class='ocrx_word' id='word_1_245' title='bbox 1208 3423 1396 3463; x_wconf 87' lang='lat' dir='ltr'><strong>sanam</strong></span> <span class='ocrx_word' id='word_1_246' title='bbox 1433 3405 1594 3461; x_wconf 85' lang='lat' dir='ltr'><strong>fidem</strong></span> <span class='ocrx_word' id='word_1_247' title='bbox 1628 3421 1724 3463; x_wconf 85' lang='lat' dir='ltr'><strong>eos</strong></span> <span class='ocrx_word' id='word_1_248' title='bbox 1761 3408 1960 3462; x_wconf 89' lang='lat' dir='ltr'><strong>habere</strong></span> 
     </span>
    </p>
   </div>
   <div class='ocr_carea' id='block_1_36' title="bbox 377 3498 1958 3573">
    <p class='ocr_par' dir='ltr' id='par_1_36' title="bbox 377 3498 1958 3573">
     <span class='ocr_line' id='line_1_36' title="bbox 377 3498 1958 3573; baseline -0.004 -15"><span class='ocrx_word' id='word_1_249' title='bbox 377 3517 486 3565; x_wconf 82' lang='lat' dir='ltr'><strong>non</strong></span> <span class='ocrx_word' id='word_1_250' title='bbox 508 3502 847 3573; x_wconf 88' lang='lat' dir='ltr'><strong>permittunt,</strong></span> <span class='ocrx_word' id='word_1_251' title='bbox 878 3507 1045 3557; x_wconf 82' lang='lat' dir='ltr'><strong>totum.</strong></span> <span class='ocrx_word' id='word_1_252' title='bbox 1095 3498 1338 3554; x_wconf 84' lang='lat' dir='ltr'><strong>laborem</strong></span> <span class='ocrx_word' id='word_1_253' title='bbox 1385 3498 1600 3553; x_wconf 88' lang='lat' dir='ltr'><strong>illorum</strong></span> <span class='ocrx_word' id='word_1_254' title='bbox 1625 3498 1958 3568; x_wconf 58' lang='lat' dir='ltr'><strong>disptgunt.</strong></span> 
     </span>
    </p>
   </div>
   <div class='ocr_carea' id='block_1_37' title="bbox 385 3575 1956 3661">
    <p class='ocr_par' dir='ltr' id='par_1_37' title="bbox 385 3575 1956 3661">
     <span class='ocr_line' id='line_1_37' title="bbox 385 3575 1956 3661; baseline -0.003 -15"><span class='ocrx_word' id='word_1_255' title='bbox 385 3612 404 3646; x_wconf 77' lang='grc' dir='ltr'><strong>ι</strong></span> <span class='ocrx_word' id='word_1_256' title='bbox 449 3591 578 3647; x_wconf 89' lang='lat' dir='ltr'><strong>Sine</strong></span> <span class='ocrx_word' id='word_1_257' title='bbox 607 3589 710 3646; x_wconf 84' lang='lat' dir='ltr'><strong>fide</strong></span> <span class='ocrx_word' id='word_1_258' title='bbox 737 3590 879 3646; x_wconf 90' lang='lat' dir='ltr'><strong>enim</strong></span> <span class='ocrx_word' id='word_1_259' title='bbox 909 3588 1241 3659; x_wconf 87' lang='lat' dir='ltr'><strong>impossibile</strong></span> <span class='ocrx_word' id='word_1_260' title='bbox 1265 3597 1352 3644; x_wconf 88' lang='lat' dir='ltr'><strong>est</strong></span> <span class='ocrx_word' id='word_1_261' title='bbox 1389 3589 1605 3659; x_wconf 88' lang='lat' dir='ltr'><strong>placere</strong></span> <span class='ocrx_word' id='word_1_262' title='bbox 1631 3575 1746 3643; x_wconf 16' lang='lat' dir='ltr'><strong>Deo.</strong></span> <span class='ocrx_word' id='word_1_263' title='bbox 1771 3588 1956 3661; x_wconf 66' lang='lat' dir='ltr'><strong>\Hebr.</strong></span> 
     </span>
    </p>
   </div>
   <div class='ocr_carea' id='block_1_38' title="bbox 381 3678 1960 3754">
    <p class='ocr_par' dir='ltr' id='par_1_38' title="bbox 381 3678 1960 3754">
     <span class='ocr_line' id='line_1_38' title="bbox 381 3678 1960 3754; baseline -0.003 -17"><span class='ocrx_word' id='word_1_264' title='bbox 381 3687 478 3754; x_wconf 79' lang='grc' dir='ltr'>ιιι).</span> <span class='ocrx_word' id='word_1_265' title='bbox 518 3700 537 3732; x_wconf 77' lang='grc' dir='ltr'><strong>ι</strong></span> <span class='ocrx_word' id='word_1_266' title='bbox 579 3680 689 3736; x_wconf 90' lang='lat' dir='ltr'><strong>Hoc</strong></span> <span class='ocrx_word' id='word_1_267' title='bbox 717 3679 880 3734; x_wconf 89' lang='lat' dir='ltr'><strong>etiam</strong></span> <span class='ocrx_word' id='word_1_268' title='bbox 912 3679 1182 3750; x_wconf 89' lang='lat' dir='ltr'><strong>significat</strong></span> <span class='ocrx_word' id='word_1_269' title='bbox 1219 3678 1349 3734; x_wconf 93' lang='lat' dir='ltr'><strong>illud</strong></span> <span class='ocrx_word' id='word_1_270' title='bbox 1373 3679 1518 3750; x_wconf 91' lang='lat' dir='ltr'><strong>quod</strong></span> <span class='ocrx_word' id='word_1_271' title='bbox 1543 3679 1693 3744; x_wconf 89' lang='lat' dir='ltr'><strong>dicit,</strong></span> <span class='ocrx_word' id='word_1_272' title='bbox 1721 3679 1960 3749; x_wconf 88' lang='lat' dir='ltr'><strong>linguam</strong></span> 
     </span>
    </p>
   </div>
   <div class='ocr_carea' id='block_1_39' title="bbox 381 3768 1962 3840">
    <p class='ocr_par' dir='ltr' id='par_1_39' title="bbox 381 3768 1962 3840">
     <span class='ocr_line' id='line_1_39' title="bbox 381 3768 1962 3840; baseline -0.003 -14"><span class='ocrx_word' id='word_1_273' title='bbox 381 3771 597 3828; x_wconf 86' lang='lat' dir='ltr'><strong>tertiam</strong></span> <span class='ocrx_word' id='word_1_274' title='bbox 657 3769 911 3826; x_wconf 87' lang='lat' dir='ltr'><strong>mulieres</strong></span> <span class='ocrx_word' id='word_1_275' title='bbox 939 3768 1104 3825; x_wconf 84' lang='lat' dir='ltr'><strong>fortes</strong></span> <span class='ocrx_word' id='word_1_276' title='bbox 1153 3769 1372 3840; x_wconf 86' lang='lat' dir='ltr'><strong>ejicere,</strong></span> <span class='ocrx_word' id='word_1_277' title='bbox 1401 3778 1456 3824; x_wconf 89' lang='lat' dir='ltr'><strong>et</strong></span> <span class='ocrx_word' id='word_1_278' title='bbox 1484 3769 1700 3839; x_wconf 85' lang='lat' dir='ltr'><strong>privare</strong></span> <span class='ocrx_word' id='word_1_279' title='bbox 1738 3769 1861 3823; x_wconf 89' lang='lat' dir='ltr'><strong>illas</strong></span> <span class='ocrx_word' id='word_1_280' title='bbox 1895 3769 1962 3822; x_wconf 89' lang='lat' dir='ltr'><strong>de</strong></span> 
     </span>
    </p>
   </div>
   <div class='ocr_carea' id='block_1_40' title="bbox 379 3861 1964 3932">
    <p class='ocr_par' dir='ltr' id='par_1_40' title="bbox 379 3861 1964 3932">
     <span class='ocr_line' id='line_1_40' title="bbox 379 3861 1964 3932; baseline 0.001 -16"><span class='ocrx_word' id='word_1_281' title='bbox 379 3862 657 3918; x_wconf 89' lang='lat' dir='ltr'><strong>laboribus</strong></span> <span class='ocrx_word' id='word_1_282' title='bbox 683 3863 819 3928; x_wconf 84' lang='lat' dir='ltr'><strong>suis,</strong></span> <span class='ocrx_word' id='word_1_283' title='bbox 850 3862 976 3932; x_wconf 89' lang='lat' dir='ltr'><strong>quia</strong></span> <span class='ocrx_word' id='word_1_284' title='bbox 1007 3861 1217 3916; x_wconf 88' lang='lat' dir='ltr'><strong>animas</strong></span> <span class='ocrx_word' id='word_1_285' title='bbox 1266 3861 1545 3916; x_wconf 88' lang='lat' dir='ltr'><strong>hominum</strong></span> <span class='ocrx_word' id='word_1_286' title='bbox 1573 3862 1677 3932; x_wconf 92' lang='lat' dir='ltr'><strong>piis</strong></span> <span class='ocrx_word' id='word_1_287' title='bbox 1709 3862 1964 3931; x_wconf 91' lang='lat' dir='ltr'><strong>operibus</strong></span> 
     </span>
    </p>
   </div>
   <div class='ocr_carea' id='block_1_41' title="bbox 379 3951 1958 4019">
    <p class='ocr_par' dir='ltr' id='par_1_41' title="bbox 379 3951 1958 4019">
     <span class='ocr_line' id='line_1_41' title="bbox 379 3951 1958 4019; baseline -0.004 -5"><span class='ocrx_word' id='word_1_288' title='bbox 379 3957 692 4014; x_wconf 84' lang='lat' dir='ltr'><strong>insistentes</strong></span> <span class='ocrx_word' id='word_1_289' title='bbox 717 3955 958 4011; x_wconf 87' lang='lat' dir='ltr'><strong>consiliis</strong></span> <span class='ocrx_word' id='word_1_290' title='bbox 985 3955 1232 4010; x_wconf 89' lang='lat' dir='ltr'><strong>nefandis</strong></span> <span class='ocrx_word' id='word_1_291' title='bbox 1268 3951 1621 4019; x_wconf 87' lang='lat' dir='ltr'><strong>defraudant,</strong></span> <span class='ocrx_word' id='word_1_292' title='bbox 1645 3963 1702 4008; x_wconf 91' lang='lat' dir='ltr'><strong>et</strong></span> <span class='ocrx_word' id='word_1_293' title='bbox 1719 3953 1958 4009; x_wconf 86' lang='lat' dir='ltr'><strong>laborem</strong></span> 
     </span>
    </p>
   </div>
   <div class='ocr_carea' id='block_1_42' title="bbox 381 4046 888 4116">
    <p class='ocr_par' dir='ltr' id='par_1_42' title="bbox 381 4046 888 4116">
     <span class='ocr_line' id='line_1_42' title="bbox 381 4046 888 4116; baseline -0.004 -14"><span class='ocrx_word' id='word_1_294' title='bbox 381 4060 569 4102; x_wconf 86' lang='lat' dir='ltr'><strong>eorum</strong></span> <span class='ocrx_word' id='word_1_295' title='bbox 606 4046 888 4116; x_wconf 88' lang='lat' dir='ltr'><strong>dissipant.</strong></span> 
     </span>
    </p>
   </div>
   <div class='ocr_carea' id='block_1_43' title="bbox 459 4133 1962 4206">
    <p class='ocr_par' dir='ltr' id='par_1_43' title="bbox 459 4133 1962 4206">
     <span class='ocr_line' id='line_1_43' title="bbox 459 4133 1962 4206; baseline -0.001 -17"><span class='ocrx_word' id='word_1_296' title='bbox 459 4153 480 4189; x_wconf 80' lang='grc' dir='ltr'><strong>ι</strong></span> <span class='ocrx_word' id='word_1_297' title='bbox 515 4135 617 4204; x_wconf 85' lang='lat' dir='ltr'><strong>Qui</strong></span> <span class='ocrx_word' id='word_1_298' title='bbox 641 4135 859 4206; x_wconf 74' lang='lat' dir='ltr'><strong>reapicit</strong></span> <span class='ocrx_word' id='word_1_299' title='bbox 883 4135 1030 4189; x_wconf 88' lang='lat' dir='ltr'><strong>illam</strong></span> <span class='ocrx_word' id='word_1_300' title='bbox 1055 4149 1160 4190; x_wconf 92' lang='lat' dir='ltr'><strong>non</strong></span> <span class='ocrx_word' id='word_1_301' title='bbox 1187 4133 1350 4189; x_wconf 89' lang='lat' dir='ltr'><strong>habet</strong></span> <span class='ocrx_word' id='word_1_302' title='bbox 1371 4133 1614 4204; x_wconf 88' lang='lat' dir='ltr'><strong>requiem</strong></span> <span class='ocrx_word' id='word_1_303' title='bbox 1636 4173 1650 4198; x_wconf 91' lang='lat'><strong>,</strong></span> <span class='ocrx_word' id='word_1_304' title='bbox 1690 4148 1788 4188; x_wconf 84' lang='lat' dir='ltr'><strong>nec</strong></span> <span class='ocrx_word' id='word_1_305' title='bbox 1811 4133 1962 4188; x_wconf 87' lang='lat' dir='ltr'><strong>habi-</strong></span> 
     </span>
    </p>
   </div>
   <div class='ocr_carea' id='block_1_44' title="bbox 387 4222 1960 4295">
    <p class='ocr_par' dir='ltr' id='par_1_44' title="bbox 387 4222 1960 4295">
     <span class='ocr_line' id='line_1_44' title="bbox 387 4222 1960 4295; baseline 0.001 -17"><span class='ocrx_word' id='word_1_306' title='bbox 387 4246 407 4278; x_wconf 76' lang='grc' dir='ltr'><strong>ι</strong></span> <span class='ocrx_word' id='word_1_307' title='bbox 441 4224 591 4282; x_wconf 79' lang='lat' dir='ltr'><strong>tabit‘</strong></span> <span class='ocrx_word' id='word_1_308' title='bbox 620 4241 744 4282; x_wconf 91' lang='lat' dir='ltr'><strong>cum</strong></span> <span class='ocrx_word' id='word_1_309' title='bbox 796 4225 1001 4295; x_wconf 88' lang='lat' dir='ltr'><strong>requie.</strong></span> <span class='ocrx_word' id='word_1_310' title='bbox 1053 4223 1278 4295; x_wconf 87' lang='lat' dir='ltr'><strong>Flagelli</strong></span> <span class='ocrx_word' id='word_1_311' title='bbox 1327 4224 1486 4294; x_wconf 88' lang='lat' dir='ltr'><strong>plaga</strong></span> <span class='ocrx_word' id='word_1_312' title='bbox 1518 4224 1741 4279; x_wconf 89' lang='lat' dir='ltr'><strong>livorem</strong></span> <span class='ocrx_word' id='word_1_313' title='bbox 1792 4222 1960 4290; x_wconf 82' lang='lat' dir='ltr'><strong>facit;</strong></span> 
     </span>
    </p>
   </div>
   <div class='ocr_carea' id='block_1_45' title="bbox 388 4313 1964 4386">
    <p class='ocr_par' dir='ltr' id='par_1_45' title="bbox 388 4313 1964 4386">
     <span class='ocr_line' id='line_1_45' title="bbox 388 4313 1964 4386; baseline 0.001 -18"><span class='ocrx_word' id='word_1_314' title='bbox 388 4334 407 4369; x_wconf 79' lang='grc' dir='ltr'><strong>ι</strong></span> <span class='ocrx_word' id='word_1_315' title='bbox 441 4314 594 4386; x_wconf 88' lang='lat' dir='ltr'><strong>plaga</strong></span> <span class='ocrx_word' id='word_1_316' title='bbox 622 4323 801 4369; x_wconf 87' lang='lat' dir='ltr'><strong>autem</strong></span> <span class='ocrx_word' id='word_1_317' title='bbox 825 4315 1018 4385; x_wconf 72' lang='lat' dir='ltr'><strong>lingua:</strong></span> <span class='ocrx_word' id='word_1_318' title='bbox 1039 4315 1366 4368; x_wconf 90' lang='lat' dir='ltr'><strong>comminuet</strong></span> <span class='ocrx_word' id='word_1_319' title='bbox 1397 4330 1542 4370; x_wconf 90' lang='lat' dir='ltr'><strong>ossa.</strong></span> <span class='ocrx_word' id='word_1_320' title='bbox 1575 4313 1726 4368; x_wconf 83' lang='lat' dir='ltr'><strong>Multi</strong></span> <span class='ocrx_word' id='word_1_321' title='bbox 1757 4315 1964 4370; x_wconf 89' lang='lat' dir='ltr'><strong>cecide-</strong></span> 
     </span>
    </p>
   </div>
   <div class='ocr_carea' id='block_1_46' title="bbox 387 4405 1964 4477">
    <p class='ocr_par' dir='ltr' id='par_1_46' title="bbox 387 4405 1964 4477">
     <span class='ocr_line' id='line_1_46' title="bbox 387 4405 1964 4477; baseline 0.001 -18"><span class='ocrx_word' id='word_1_322' title='bbox 387 4426 408 4459; x_wconf 73' lang='grc' dir='ltr'><strong>ι</strong></span> <span class='ocrx_word' id='word_1_323' title='bbox 443 4416 569 4462; x_wconf 89' lang='lat' dir='ltr'><strong>runt</strong></span> <span class='ocrx_word' id='word_1_324' title='bbox 594 4407 648 4460; x_wconf 89' lang='lat' dir='ltr'><strong>in</strong></span> <span class='ocrx_word' id='word_1_325' title='bbox 685 4421 780 4462; x_wconf 90' lang='lat' dir='ltr'><strong>ore</strong></span> <span class='ocrx_word' id='word_1_326' title='bbox 829 4406 1009 4477; x_wconf 83' lang='lat' dir='ltr'><strong>gladii,</strong></span> <span class='ocrx_word' id='word_1_327' title='bbox 1043 4405 1136 4460; x_wconf 90' lang='lat' dir='ltr'><strong>sed</strong></span> <span class='ocrx_word' id='word_1_328' title='bbox 1189 4420 1293 4460; x_wconf 90' lang='lat' dir='ltr'><strong>non</strong></span> <span class='ocrx_word' id='word_1_329' title='bbox 1333 4406 1411 4460; x_wconf 89' lang='lat' dir='ltr'><strong>sic</strong></span> <span class='ocrx_word' id='word_1_330' title='bbox 1454 4407 1609 4476; x_wconf 91' lang='lat' dir='ltr'><strong>quasi</strong></span> <span class='ocrx_word' id='word_1_331' title='bbox 1655 4406 1964 4461; x_wconf 88' lang='lat' dir='ltr'><strong>interierint</strong></span> 
     </span>
    </p>
   </div>
   <div class='ocr_carea' id='block_1_47' title="bbox 389 4496 1961 4567">
    <p class='ocr_par' dir='ltr' id='par_1_47' title="bbox 389 4496 1961 4567">
     <span class='ocr_line' id='line_1_47' title="bbox 389 4496 1961 4567; baseline 0.003 -19"><span class='ocrx_word' id='word_1_332' title='bbox 389 4515 408 4548; x_wconf 74' lang='grc' dir='ltr'><strong>ι</strong></span> <span class='ocrx_word' id='word_1_333' title='bbox 442 4512 536 4567; x_wconf 90' lang='lat' dir='ltr'><strong>per</strong></span> <span class='ocrx_word' id='word_1_334' title='bbox 559 4496 796 4567; x_wconf 87' lang='lat' dir='ltr'><strong>linguam</strong></span> <span class='ocrx_word' id='word_1_335' title='bbox 814 4513 988 4552; x_wconf 89' lang='lat' dir='ltr'><strong>suam.</strong></span> <span class='ocrx_word' id='word_1_336' title='bbox 1026 4518 1044 4548; x_wconf 75' lang='grc' dir='ltr'><strong>ι</strong></span> <span class='ocrx_word' id='word_1_337' title='bbox 1077 4496 1361 4566; x_wconf 75' lang='lat' dir='ltr'><strong>Nunquam</strong></span> <span class='ocrx_word' id='word_1_338' title='bbox 1383 4511 1512 4567; x_wconf 89' lang='lat' dir='ltr'><strong>ergo</strong></span> <span class='ocrx_word' id='word_1_339' title='bbox 1537 4497 1700 4552; x_wconf 89' lang='lat' dir='ltr'><strong>habet</strong></span> <span class='ocrx_word' id='word_1_340' title='bbox 1718 4498 1961 4567; x_wconf 86' lang='lat' dir='ltr'><strong>requiem</strong></span> 
     </span>
    </p>
   </div>
   <div class='ocr_carea' id='block_1_48' title="bbox 382 4589 1963 4661">
    <p class='ocr_par' dir='ltr' id='par_1_48' title="bbox 382 4589 1963 4661">
     <span class='ocr_line' id='line_1_48' title="bbox 382 4589 1963 4661; baseline 0.002 -18"><span class='ocrx_word' id='word_1_341' title='bbox 382 4589 474 4659; x_wconf 92' lang='lat' dir='ltr'><strong>qui</strong></span> <span class='ocrx_word' id='word_1_342' title='bbox 495 4590 725 4644; x_wconf 86' lang='lat' dir='ltr'><strong>attendit</strong></span> <span class='ocrx_word' id='word_1_343' title='bbox 751 4589 818 4644; x_wconf 90' lang='lat' dir='ltr'><strong>ad</strong></span> <span class='ocrx_word' id='word_1_344' title='bbox 844 4589 1219 4644; x_wconf 68' lang='lat' dir='ltr'><strong>haereticorum</strong></span> <span class='ocrx_word' id='word_1_345' title='bbox 1239 4589 1556 4654; x_wconf 88' lang='lat' dir='ltr'><strong>vanitatem,</strong></span> <span class='ocrx_word' id='word_1_346' title='bbox 1576 4590 1670 4646; x_wconf 88' lang='lat' dir='ltr'><strong>sed</strong></span> <span class='ocrx_word' id='word_1_347' title='bbox 1694 4589 1963 4661; x_wconf 81' lang='lat' dir='ltr'><strong>flagellum</strong></span> 
     </span>
    </p>
   </div>
   <div class='ocr_carea' id='block_1_49' title="bbox 382 4679 1964 4752">
    <p class='ocr_par' dir='ltr' id='par_1_49' title="bbox 382 4679 1964 4752">
     <span class='ocr_line' id='line_1_49' title="bbox 382 4679 1964 4752; baseline 0.004 -18"><span class='ocrx_word' id='word_1_348' title='bbox 382 4680 575 4752; x_wconf 65' lang='lat' dir='ltr'><strong>linguae</strong></span> <span class='ocrx_word' id='word_1_349' title='bbox 599 4695 786 4737; x_wconf 90' lang='lat' dir='ltr'><strong>eorum</strong></span> <span class='ocrx_word' id='word_1_350' title='bbox 830 4681 1001 4752; x_wconf 72' lang='lat' dir='ltr'><strong>plaga:</strong></span> <span class='ocrx_word' id='word_1_351' title='bbox 1024 4679 1140 4750; x_wconf 85' lang='lat' dir='ltr'><strong>ejus</strong></span> <span class='ocrx_word' id='word_1_352' title='bbox 1168 4680 1361 4751; x_wconf 88' lang='lat' dir='ltr'><strong>infligit</strong></span> <span class='ocrx_word' id='word_1_353' title='bbox 1383 4679 1640 4749; x_wconf 87' lang='lat' dir='ltr'><strong>livorem,</strong></span> <span class='ocrx_word' id='word_1_354' title='bbox 1669 4693 1724 4738; x_wconf 90' lang='lat' dir='ltr'><strong>et</strong></span> <span class='ocrx_word' id='word_1_355' title='bbox 1753 4686 1964 4740; x_wconf 81' lang='lat' dir='ltr'><strong>roboris</strong></span> 
     </span>
    </p>
   </div>
   <div class='ocr_carea' id='block_1_50' title="bbox 382 4771 1967 4830">
    <p class='ocr_par' dir='ltr' id='par_1_50' title="bbox 382 4771 1967 4830">
     <span class='ocr_line' id='line_1_50' title="bbox 382 4771 1967 4830; baseline 0.001 -2"><span class='ocrx_word' id='word_1_356' title='bbox 382 4773 714 4829; x_wconf 89' lang='lat' dir='ltr'><strong>comminuet</strong></span> <span class='ocrx_word' id='word_1_357' title='bbox 740 4772 1136 4829; x_wconf 76' lang='lat' dir='ltr'><strong>fortitudinem.</strong></span> <span class='ocrx_word' id='word_1_358' title='bbox 1162 4771 1349 4828; x_wconf 88' lang='lat' dir='ltr'><strong>Nullus</strong></span> <span class='ocrx_word' id='word_1_359' title='bbox 1376 4772 1520 4828; x_wconf 89' lang='lat' dir='ltr'><strong>enim</strong></span> <span class='ocrx_word' id='word_1_360' title='bbox 1547 4787 1706 4829; x_wconf 88' lang='lat' dir='ltr'><strong>casus</strong></span> <span class='ocrx_word' id='word_1_361' title='bbox 1733 4782 1820 4830; x_wconf 87' lang='lat' dir='ltr'><strong>est</strong></span> <span class='ocrx_word' id='word_1_362' title='bbox 1843 4790 1967 4830; x_wconf 87' lang='lat' dir='ltr'><strong>cru-</strong></span> 
     </span>
    </p>
   </div>
   <div class='ocr_carea' id='block_1_51' title="bbox 383 4863 1965 4936">
    <p class='ocr_par' dir='ltr' id='par_1_51' title="bbox 383 4863 1965 4936">
     <span class='ocr_line' id='line_1_51' title="bbox 383 4863 1965 4936; baseline 0.002 -18"><span class='ocrx_word' id='word_1_363' title='bbox 383 4863 553 4920; x_wconf 85' lang='lat' dir='ltr'><strong>delior</strong></span> <span class='ocrx_word' id='word_1_364' title='bbox 599 4865 770 4922; x_wconf 64' lang='lat' dir='ltr'><strong>ruinae</strong></span> <span class='ocrx_word' id='word_1_365' title='bbox 795 4866 1167 4936; x_wconf 88' lang='lat' dir='ltr'><strong>eorum,quia</strong></span> <span class='ocrx_word' id='word_1_366' title='bbox 1209 4880 1318 4920; x_wconf 88' lang='lat' dir='ltr'><strong>non</strong></span> <span class='ocrx_word' id='word_1_367' title='bbox 1359 4879 1558 4935; x_wconf 89' lang='lat' dir='ltr'><strong>corpus</strong></span> <span class='ocrx_word' id='word_1_368' title='bbox 1601 4866 1695 4922; x_wconf 86' lang='lat' dir='ltr'><strong>sed</strong></span> <span class='ocrx_word' id='word_1_369' title='bbox 1730 4867 1965 4922; x_wconf 88' lang='lat' dir='ltr'><strong>animam</strong></span> 
     </span>
    </p>
   </div>
   <div class='ocr_carea' id='block_1_52' title="bbox 383 4958 1970 5030">
    <p class='ocr_par' dir='ltr' id='par_1_52' title="bbox 383 4958 1970 5030">
     <span class='ocr_line' id='line_1_52' title="bbox 383 4958 1970 5030; baseline 0.001 -20"><span class='ocrx_word' id='word_1_370' title='bbox 383 4965 813 5027; x_wconf 87' lang='lat' dir='ltr'><strong>persequuntur;</strong></span> <span class='ocrx_word' id='word_1_371' title='bbox 834 4967 888 5014; x_wconf 91' lang='lat' dir='ltr'><strong>et</strong></span> <span class='ocrx_word' id='word_1_372' title='bbox 910 4973 1260 5030; x_wconf 87' lang='lat' dir='ltr'><strong>quoscunque</strong></span> <span class='ocrx_word' id='word_1_373' title='bbox 1279 4958 1540 5014; x_wconf 85' lang='lat' dir='ltr'><strong>seducere</strong></span> <span class='ocrx_word' id='word_1_374' title='bbox 1562 4970 1805 5024; x_wconf 79' lang='lat' dir='ltr'><strong>rossunt,</strong></span> <span class='ocrx_word' id='word_1_375' title='bbox 1831 4958 1970 5029; x_wconf 92' lang='lat' dir='ltr'><strong>igni-</strong></span> 
     </span>
    </p>
   </div>
   <div class='ocr_carea' id='block_1_53' title="bbox 383 5045 1052 5118">
    <p class='ocr_par' dir='ltr' id='par_1_53' title="bbox 383 5045 1052 5118">
     <span class='ocr_line' id='line_1_53' title="bbox 383 5045 1052 5118; baseline 0 -16"><span class='ocrx_word' id='word_1_376' title='bbox 383 5045 488 5102; x_wconf 87' lang='lat' dir='ltr'><strong>bus</strong></span> <span class='ocrx_word' id='word_1_377' title='bbox 511 5048 790 5118; x_wconf 86' lang='lat' dir='ltr'><strong>perpetuis</strong></span> <span class='ocrx_word' id='word_1_378' title='bbox 813 5049 1052 5103; x_wconf 89' lang='lat' dir='ltr'><strong>tradunt.</strong></span> 
     </span>
    </p>
   </div>
   <div class='ocr_carea' id='block_1_54' title="bbox 461 5137 1964 5210">
    <p class='ocr_par' dir='ltr' id='par_1_54' title="bbox 461 5137 1964 5210">
     <span class='ocr_line' id='line_1_54' title="bbox 461 5137 1964 5210; baseline 0.003 -20"><span class='ocrx_word' id='word_1_379' title='bbox 461 5156 482 5189; x_wconf 72' lang='lat' dir='ltr'><strong>c</strong></span> <span class='ocrx_word' id='word_1_380' title='bbox 526 5137 723 5192; x_wconf 84' lang='lat' dir='ltr'><strong>Beatus</strong></span> <span class='ocrx_word' id='word_1_381' title='bbox 747 5139 836 5208; x_wconf 91' lang='lat' dir='ltr'><strong>qui</strong></span> <span class='ocrx_word' id='word_1_382' title='bbox 885 5146 1058 5194; x_wconf 89' lang='lat' dir='ltr'><strong>tectus</strong></span> <span class='ocrx_word' id='word_1_383' title='bbox 1101 5147 1186 5193; x_wconf 90' lang='lat' dir='ltr'><strong>est</strong></span> <span class='ocrx_word' id='word_1_384' title='bbox 1205 5154 1236 5193; x_wconf 88' lang='lat' dir='ltr'><strong>a</strong></span> <span class='ocrx_word' id='word_1_385' title='bbox 1265 5137 1448 5210; x_wconf 87' lang='lat' dir='ltr'><strong>lingua</strong></span> <span class='ocrx_word' id='word_1_386' title='bbox 1478 5152 1731 5208; x_wconf 85' lang='lat' dir='ltr'><strong>nequam,</strong></span> <span class='ocrx_word' id='word_1_387' title='bbox 1756 5139 1884 5208; x_wconf 89' lang='lat' dir='ltr'><strong>quia</strong></span> <span class='ocrx_word' id='word_1_388' title='bbox 1911 5140 1964 5194; x_wconf 91' lang='lat' dir='ltr'><strong>in</strong></span> 
     </span>
    </p>
   </div>
   <div class='ocr_carea' id='block_1_55' title="bbox 393 5227 1970 5297">
    <p class='ocr_par' dir='ltr' id='par_1_55' title="bbox 393 5227 1970 5297">
     <span class='ocr_line' id='line_1_55' title="bbox 393 5227 1970 5297; baseline 0.003 -17"><span class='ocrx_word' id='word_1_389' title='bbox 393 5247 411 5280; x_wconf 74' lang='grc' dir='ltr'><strong>ι</strong></span> <span class='ocrx_word' id='word_1_390' title='bbox 453 5227 785 5284; x_wconf 87' lang='lat' dir='ltr'><strong>iracundiam</strong></span> <span class='ocrx_word' id='word_1_391' title='bbox 818 5227 961 5282; x_wconf 88' lang='lat' dir='ltr'><strong>illius</strong></span> <span class='ocrx_word' id='word_1_392' title='bbox 984 5243 1089 5282; x_wconf 93' lang='lat' dir='ltr'><strong>non</strong></span> <span class='ocrx_word' id='word_1_393' title='bbox 1123 5228 1395 5294; x_wconf 85' lang='lat' dir='ltr'><strong>transivit,</strong></span> <span class='ocrx_word' id='word_1_394' title='bbox 1425 5237 1482 5282; x_wconf 88' lang='lat' dir='ltr'><strong>et</strong></span> <span class='ocrx_word' id='word_1_395' title='bbox 1517 5228 1610 5297; x_wconf 90' lang='lat' dir='ltr'><strong>qui</strong></span> <span class='ocrx_word' id='word_1_396' title='bbox 1637 5243 1744 5283; x_wconf 90' lang='lat' dir='ltr'><strong>non</strong></span> <span class='ocrx_word' id='word_1_397' title='bbox 1795 5238 1970 5284; x_wconf 81' lang='lat' dir='ltr'><strong>attra—</strong></span> 
     </span>
    </p>
   </div>
   <div class='ocr_carea' id='block_1_56' title="bbox 393 5317 1968 5393">
    <p class='ocr_par' dir='ltr' id='par_1_56' title="bbox 393 5317 1968 5393">
     <span class='ocr_line' id='line_1_56' title="bbox 393 5317 1968 5393; baseline 0.001 -20"><span class='ocrx_word' id='word_1_398' title='bbox 393 5341 411 5373; x_wconf 74' lang='grc' dir='ltr'>σ</span> <span class='ocrx_word' id='word_1_399' title='bbox 455 5323 533 5376; x_wconf 91' lang='lat' dir='ltr'><strong>xit</strong></span> <span class='ocrx_word' id='word_1_400' title='bbox 566 5321 756 5393; x_wconf 85' lang='lat' dir='ltr'><strong>jugum</strong></span> <span class='ocrx_word' id='word_1_401' title='bbox 787 5317 934 5388; x_wconf 84' lang='lat' dir='ltr'><strong>ejus,</strong></span> <span class='ocrx_word' id='word_1_402' title='bbox 965 5328 1019 5374; x_wconf 89' lang='lat' dir='ltr'><strong>et</strong></span> <span class='ocrx_word' id='word_1_403' title='bbox 1048 5319 1101 5374; x_wconf 91' lang='lat' dir='ltr'><strong>in</strong></span> <span class='ocrx_word' id='word_1_404' title='bbox 1133 5319 1361 5375; x_wconf 88' lang='lat' dir='ltr'><strong>vinculis</strong></span> <span class='ocrx_word' id='word_1_405' title='bbox 1389 5319 1532 5376; x_wconf 89' lang='lat' dir='ltr'><strong>illius</strong></span> <span class='ocrx_word' id='word_1_406' title='bbox 1559 5335 1666 5375; x_wconf 90' lang='lat' dir='ltr'><strong>non</strong></span> <span class='ocrx_word' id='word_1_407' title='bbox 1706 5328 1793 5376; x_wconf 89' lang='lat' dir='ltr'><strong>est</strong></span> <span class='ocrx_word' id='word_1_408' title='bbox 1833 5320 1968 5392; x_wconf 81' lang='lat' dir='ltr'><strong>liga-</strong></span> 
     </span>
    </p>
   </div>
   <div class='ocr_carea' id='block_1_57' title="bbox 395 5409 1969 5484">
    <p class='ocr_par' dir='ltr' id='par_1_57' title="bbox 395 5409 1969 5484">
     <span class='ocr_line' id='line_1_57' title="bbox 395 5409 1969 5484; baseline 0.003 -21"><span class='ocrx_word' id='word_1_409' title='bbox 395 5432 410 5463; x_wconf 82' lang='grc' dir='ltr'><strong>ι</strong></span> <span class='ocrx_word' id='word_1_410' title='bbox 456 5421 563 5468; x_wconf 68' lang='lat' dir='ltr'><strong>tust</strong></span> <span class='ocrx_word' id='word_1_411' title='bbox 586 5409 782 5484; x_wconf 85' lang='lat' dir='ltr'><strong>Jugum</strong></span> <span class='ocrx_word' id='word_1_412' title='bbox 810 5411 954 5468; x_wconf 92' lang='lat' dir='ltr'><strong>enim</strong></span> <span class='ocrx_word' id='word_1_413' title='bbox 980 5411 1126 5466; x_wconf 90' lang='lat' dir='ltr'><strong>illius</strong></span> <span class='ocrx_word' id='word_1_414' title='bbox 1143 5409 1331 5480; x_wconf 87' lang='lat' dir='ltr'><strong>jugum</strong></span> <span class='ocrx_word' id='word_1_415' title='bbox 1353 5409 1588 5467; x_wconf 90' lang='lat' dir='ltr'><strong>ferreum</strong></span> <span class='ocrx_word' id='word_1_416' title='bbox 1613 5419 1719 5478; x_wconf 87' lang='lat' dir='ltr'><strong>est,</strong></span> <span class='ocrx_word' id='word_1_417' title='bbox 1754 5422 1808 5469; x_wconf 93' lang='lat' dir='ltr'><strong>et</strong></span> <span class='ocrx_word' id='word_1_418' title='bbox 1847 5415 1969 5468; x_wconf 89' lang='lat' dir='ltr'><strong>vin-</strong></span> 
     </span>
    </p>
   </div>
   <div class='ocr_carea' id='block_1_58' title="bbox 396 5498 1967 5573">
    <p class='ocr_par' dir='ltr' id='par_1_58' title="bbox 396 5498 1967 5573">
     <span class='ocr_line' id='line_1_58' title="bbox 396 5498 1967 5573; baseline 0.002 -21"><span class='ocrx_word' id='word_1_419' title='bbox 396 5521 410 5552; x_wconf 89' lang='lat' dir='ltr'><strong>I</strong></span> <span class='ocrx_word' id='word_1_420' title='bbox 452 5502 629 5556; x_wconf 91' lang='lat' dir='ltr'><strong>culum</strong></span> <span class='ocrx_word' id='word_1_421' title='bbox 685 5501 853 5573; x_wconf 89' lang='lat' dir='ltr'><strong>ipsius</strong></span> <span class='ocrx_word' id='word_1_422' title='bbox 907 5499 1179 5555; x_wconf 90' lang='lat' dir='ltr'><strong>vinculum</strong></span> <span class='ocrx_word' id='word_1_423' title='bbox 1222 5514 1421 5554; x_wconf 71' lang='lat' dir='ltr'><strong>aereum</strong></span> <span class='ocrx_word' id='word_1_424' title='bbox 1467 5508 1568 5554; x_wconf 86' lang='lat' dir='ltr'><strong>est.</strong></span> <span class='ocrx_word' id='word_1_425' title='bbox 1615 5498 1760 5556; x_wconf 84' lang='lat' dir='ltr'><strong>Mors</strong></span> <span class='ocrx_word' id='word_1_426' title='bbox 1805 5501 1967 5565; x_wconf 89' lang='lat' dir='ltr'><strong>illius,</strong></span> 
     </span>
    </p>
   </div>
   <div class='ocr_carea' id='block_1_59' title="bbox 393 5587 1969 5663">
    <p class='ocr_par' dir='ltr' id='par_1_59' title="bbox 393 5587 1969 5663">
     <span class='ocr_line' id='line_1_59' title="bbox 393 5587 1969 5663; baseline -0.001 -20"><span class='ocrx_word' id='word_1_427' title='bbox 393 5612 408 5643; x_wconf 81' lang='grc' dir='ltr'><strong>ι</strong></span> <span class='ocrx_word' id='word_1_428' title='bbox 455 5609 599 5648; x_wconf 85' lang='lat' dir='ltr'><strong>mors</strong></span> <span class='ocrx_word' id='word_1_429' title='bbox 620 5591 947 5663; x_wconf 90' lang='lat' dir='ltr'><strong>nequissima</strong></span> <span class='ocrx_word' id='word_1_430' title='bbox 969 5597 1076 5656; x_wconf 87' lang='lat' dir='ltr'><strong>est,</strong></span> <span class='ocrx_word' id='word_1_431' title='bbox 1098 5597 1152 5643; x_wconf 92' lang='lat' dir='ltr'><strong>et</strong></span> <span class='ocrx_word' id='word_1_432' title='bbox 1174 5587 1320 5644; x_wconf 90' lang='lat' dir='ltr'><strong>utilis</strong></span> <span class='ocrx_word' id='word_1_433' title='bbox 1340 5589 1519 5659; x_wconf 85' lang='lat' dir='ltr'><strong>potius</strong></span> <span class='ocrx_word' id='word_1_434' title='bbox 1540 5587 1785 5644; x_wconf 90' lang='lat' dir='ltr'><strong>infernus</strong></span> <span class='ocrx_word' id='word_1_435' title='bbox 1806 5604 1969 5658; x_wconf 89' lang='lat' dir='ltr'><strong>quam</strong></span> 
     </span>
    </p>
   </div>
   <div class='ocr_carea' id='block_1_60' title="bbox 393 5679 1972 5754">
    <p class='ocr_par' dir='ltr' id='par_1_60' title="bbox 393 5679 1972 5754">
     <span class='ocr_line' id='line_1_60' title="bbox 393 5679 1972 5754; baseline 0.001 -21"><span class='ocrx_word' id='word_1_436' title='bbox 393 5701 410 5732; x_wconf 77' lang='grc' dir='ltr'><strong>ι</strong></span> <span class='ocrx_word' id='word_1_437' title='bbox 461 5682 567 5736; x_wconf 88' lang='lat' dir='ltr'><strong>illa.</strong></span> <span class='ocrx_word' id='word_1_438' title='bbox 611 5702 629 5735; x_wconf 79' lang='grc' dir='ltr'><strong>ι</strong></span> <span class='ocrx_word' id='word_1_439' title='bbox 663 5683 1058 5740; x_wconf 73' lang='lat' dir='ltr'><strong>Reatitudinem</strong></span> <span class='ocrx_word' id='word_1_440' title='bbox 1084 5680 1160 5735; x_wconf 85' lang='lat' dir='ltr'><strong>illi</strong></span> <span class='ocrx_word' id='word_1_441' title='bbox 1189 5679 1442 5747; x_wconf 90' lang='lat' dir='ltr'><strong>ascribit,</strong></span> <span class='ocrx_word' id='word_1_442' title='bbox 1473 5680 1564 5750; x_wconf 89' lang='lat' dir='ltr'><strong>qui</strong></span> <span class='ocrx_word' id='word_1_443' title='bbox 1605 5693 1713 5735; x_wconf 91' lang='lat' dir='ltr'><strong>non</strong></span> <span class='ocrx_word' id='word_1_444' title='bbox 1733 5694 1972 5754; x_wconf 84' lang='lat' dir='ltr'><strong>consen-</strong></span> 
     </span>
    </p>
   </div>
   <div class='ocr_carea' id='block_1_61' title="bbox 987 287 2935 358">
    <p class='ocr_par' dir='ltr' id='par_1_61' title="bbox 987 287 2935 358">
     <span class='ocr_line' id='line_1_61' title="bbox 987 287 2935 358; baseline -0.006 0"><span class='ocrx_word' id='word_1_445' title='bbox 987 305 1049 358; x_wconf 85' lang='grc' dir='ltr'><strong>Β.</strong></span> <span class='ocrx_word' id='word_1_446' title='bbox 1091 287 1344 356; x_wconf 72' lang='lat' dir='ltr'><strong>RABANI</strong></span> <span class='ocrx_word' id='word_1_447' title='bbox 1382 298 1602 355; x_wconf 73' lang='lat' dir='ltr'><strong>MAURI</strong></span> <span class='ocrx_word' id='word_1_448' title='bbox 1639 296 1957 354; x_wconf 70' lang='lat' dir='ltr'><strong>ARCHIEP.</strong></span> <span class='ocrx_word' id='word_1_449' title='bbox 1999 292 2311 352; x_wconf 82' lang='lat' dir='ltr'><strong>MOGUNT.</strong></span> <span class='ocrx_word' id='word_1_450' title='bbox 2351 291 2637 350; x_wconf 76' lang='lat' dir='ltr'><strong>OPERUM</strong></span> <span class='ocrx_word' id='word_1_451' title='bbox 2675 292 2858 349; x_wconf 75' lang='lat' dir='ltr'><strong>PARS</strong></span> <span class='ocrx_word' id='word_1_452' title='bbox 2895 293 2935 348; x_wconf 76' lang='grc' dir='ltr'>ι.</span> 
     </span>
    </p>
   </div>
   <div class='ocr_carea' id='block_1_62' title="bbox 1581 401 3614 479">
    <p class='ocr_par' dir='ltr' id='par_1_62' title="bbox 1581 401 3614 479">
     <span class='ocr_line' id='line_1_62' title="bbox 1581 401 3614 479; baseline -0.002 -15"><span class='ocrx_word' id='word_1_453' title='bbox 1581 433 1600 464; x_wconf 73' lang='grc' dir='ltr'><strong>ι</strong></span> <span class='ocrx_word' id='word_1_454' title='bbox 1633 414 1711 468; x_wconf 81' lang='lat' dir='ltr'><strong>Ex</strong></span> <span class='ocrx_word' id='word_1_455' title='bbox 1756 413 1937 468; x_wconf 87' lang='lat' dir='ltr'><strong>verbis</strong></span> <span class='ocrx_word' id='word_1_456' title='bbox 1966 417 2010 474; x_wconf 83' lang='grc' dir='ltr'><strong>Α</strong></span> <span class='ocrx_word' id='word_1_457' title='bbox 2040 411 2105 465; x_wconf 89' lang='lat' dir='ltr'><strong>tit</strong></span> <span class='ocrx_word' id='word_1_458' title='bbox 2150 410 2404 479; x_wconf 67' lang='lat' dir='ltr'><strong>nequitiae</strong></span> <span class='ocrx_word' id='word_1_459' title='bbox 2452 407 2866 469; x_wconf 64' lang='lat' dir='ltr'><strong>haereticorum,</strong></span> <span class='ocrx_word' id='word_1_460' title='bbox 2897 412 2950 459; x_wconf 89' lang='lat' dir='ltr'><strong>et</strong></span> <span class='ocrx_word' id='word_1_461' title='bbox 2980 402 3134 472; x_wconf 87' lang='lat' dir='ltr'><strong>cujus</strong></span> <span class='ocrx_word' id='word_1_462' title='bbox 3172 417 3268 457; x_wconf 84' lang='lat' dir='ltr'><strong>cor</strong></span> <span class='ocrx_word' id='word_1_463' title='bbox 3313 401 3614 472; x_wconf 83' lang='lat' dir='ltr'><strong>eloquentia</strong></span> 
     </span>
    </p>
   </div>
   <div class='ocr_carea' id='block_1_63' title="bbox 3509 291 3616 349">
    <p class='ocr_par' dir='ltr' id='par_1_63' title="bbox 3509 291 3616 349">
     <span class='ocr_line' id='line_1_63' title="bbox 3509 291 3616 349; baseline 0 0"><span class='ocrx_word' id='word_1_464' title='bbox 3509 291 3616 349; x_wconf 69' lang='lat'><strong>972</strong></span> 
     </span>
    </p>
   </div>
   <div class='ocr_carea' id='block_1_64' title="bbox 2040 494 3619 566">
    <p class='ocr_par' dir='ltr' id='par_1_64' title="bbox 2040 494 3619 566">
     <span class='ocr_line' id='line_1_64' title="bbox 2040 494 3619 566; baseline -0.003 -10"><span class='ocrx_word' id='word_1_465' title='bbox 2040 518 2227 556; x_wconf 88' lang='lat' dir='ltr'><strong>eorum</strong></span> <span class='ocrx_word' id='word_1_466' title='bbox 2277 503 2592 557; x_wconf 86' lang='lat' dir='ltr'><strong>subvertere</strong></span> <span class='ocrx_word' id='word_1_467' title='bbox 2640 513 2744 552; x_wconf 91' lang='lat' dir='ltr'><strong>non</strong></span> <span class='ocrx_word' id='word_1_468' title='bbox 2793 497 3024 566; x_wconf 82' lang='lat' dir='ltr'><strong>poterit,</strong></span> <span class='ocrx_word' id='word_1_469' title='bbox 3067 495 3191 564; x_wconf 84' lang='lat' dir='ltr'><strong>quia</strong></span> <span class='ocrx_word' id='word_1_470' title='bbox 3233 495 3378 548; x_wconf 86' lang='lat' dir='ltr'><strong>sicut</strong></span> <span class='ocrx_word' id='word_1_471' title='bbox 3416 494 3619 552; x_wconf 76' lang='lat' dir='ltr'><strong>alienus</strong></span> 
     </span>
    </p>
   </div>
   <div class='ocr_carea' id='block_1_65' title="bbox 2041 584 3623 653">
    <p class='ocr_par' dir='ltr' id='par_1_65' title="bbox 2041 584 3623 653">
     <span class='ocr_line' id='line_1_65' title="bbox 2041 584 3623 653; baseline -0.005 -5"><span class='ocrx_word' id='word_1_472' title='bbox 2041 603 2125 648; x_wconf 88' lang='lat' dir='ltr'><strong>est</strong></span> <span class='ocrx_word' id='word_1_473' title='bbox 2171 593 2239 648; x_wconf 84' lang='lat' dir='ltr'><strong>ab</strong></span> <span class='ocrx_word' id='word_1_474' title='bbox 2287 608 2475 648; x_wconf 91' lang='lat' dir='ltr'><strong>eorum</strong></span> <span class='ocrx_word' id='word_1_475' title='bbox 2532 590 2760 653; x_wconf 89' lang='lat' dir='ltr'><strong>malitia,</strong></span> <span class='ocrx_word' id='word_1_476' title='bbox 2795 589 2869 642; x_wconf 92' lang='lat' dir='ltr'><strong>ita</strong></span> <span class='ocrx_word' id='word_1_477' title='bbox 2928 601 3120 643; x_wconf 78' lang='lat' dir='ltr'><strong>exsors</strong></span> <span class='ocrx_word' id='word_1_478' title='bbox 3153 587 3262 641; x_wconf 88' lang='lat' dir='ltr'><strong>erit</strong></span> <span class='ocrx_word' id='word_1_479' title='bbox 3309 586 3363 638; x_wconf 92' lang='lat' dir='ltr'><strong>in</strong></span> <span class='ocrx_word' id='word_1_480' title='bbox 3407 584 3623 640; x_wconf 85' lang='lat' dir='ltr'><strong>ultionis</strong></span> 
     </span>
    </p>
   </div>
   <div class='ocr_carea' id='block_1_66' title="bbox 2039 673 3625 753">
    <p class='ocr_par' dir='ltr' id='par_1_66' title="bbox 2039 673 3625 753">
     <span class='ocr_line' id='line_1_66' title="bbox 2039 673 3625 753; baseline -0.007 -15"><span class='ocrx_word' id='word_1_481' title='bbox 2039 700 2220 753; x_wconf 77' lang='lat' dir='ltr'><strong>pmna.</strong></span> <span class='ocrx_word' id='word_1_482' title='bbox 2260 682 2375 738; x_wconf 83' lang='lat' dir='ltr'><strong>Non</strong></span> <span class='ocrx_word' id='word_1_483' title='bbox 2420 682 2563 737; x_wconf 91' lang='lat' dir='ltr'><strong>enim</strong></span> <span class='ocrx_word' id='word_1_484' title='bbox 2615 680 2718 734; x_wconf 92' lang='lat' dir='ltr'><strong>sub</strong></span> <span class='ocrx_word' id='word_1_485' title='bbox 2745 681 2876 749; x_wconf 86' lang='lat' dir='ltr'><strong>jngo</strong></span> <span class='ocrx_word' id='word_1_486' title='bbox 2913 688 2967 732; x_wconf 92' lang='lat' dir='ltr'><strong>et</strong></span> <span class='ocrx_word' id='word_1_487' title='bbox 2997 675 3227 731; x_wconf 86' lang='lat' dir='ltr'><strong>vinculis</strong></span> <span class='ocrx_word' id='word_1_488' title='bbox 3267 673 3385 744; x_wconf 86' lang='lat' dir='ltr'><strong>ejus</strong></span> <span class='ocrx_word' id='word_1_489' title='bbox 3415 689 3476 730; x_wconf 88' lang='lat' dir='ltr'><strong>se</strong></span> <span class='ocrx_word' id='word_1_490' title='bbox 3526 673 3625 728; x_wconf 85' lang='lat' dir='ltr'><strong>im-</strong></span> 
     </span>
    </p>
   </div>
   <div class='ocr_carea' id='block_1_67' title="bbox 2043 766 3623 843">
    <p class='ocr_par' dir='ltr' id='par_1_67' title="bbox 2043 766 3623 843">
     <span class='ocr_line' id='line_1_67' title="bbox 2043 766 3623 843; baseline -0.006 -17"><span class='ocrx_word' id='word_1_491' title='bbox 2043 775 2230 843; x_wconf 86' lang='lat' dir='ltr'><strong>plicari</strong></span> <span class='ocrx_word' id='word_1_492' title='bbox 2263 772 2564 836; x_wconf 87' lang='lat' dir='ltr'><strong>consensit,</strong></span> <span class='ocrx_word' id='word_1_493' title='bbox 2602 770 2856 839; x_wconf 90' lang='lat' dir='ltr'><strong>quoniam</strong></span> <span class='ocrx_word' id='word_1_494' title='bbox 2891 768 3080 838; x_wconf 90' lang='lat' dir='ltr'><strong>jugum</strong></span> <span class='ocrx_word' id='word_1_495' title='bbox 3117 766 3235 838; x_wconf 85' lang='lat' dir='ltr'><strong>ejus</strong></span> <span class='ocrx_word' id='word_1_496' title='bbox 3276 766 3623 820; x_wconf 82' lang='lat' dir='ltr'><strong>durissimum</strong></span> 
     </span>
    </p>
   </div>
   <div class='ocr_carea' id='block_1_68' title="bbox 2041 857 3625 935">
    <p class='ocr_par' dir='ltr' id='par_1_68' title="bbox 2041 857 3625 935">
     <span class='ocr_line' id='line_1_68' title="bbox 2041 857 3625 935; baseline -0.006 -15"><span class='ocrx_word' id='word_1_497' title='bbox 2041 875 2145 930; x_wconf 90' lang='lat' dir='ltr'><strong>est,</strong></span> <span class='ocrx_word' id='word_1_498' title='bbox 2176 874 2229 920; x_wconf 93' lang='lat' dir='ltr'><strong>et</strong></span> <span class='ocrx_word' id='word_1_499' title='bbox 2257 865 2607 935; x_wconf 89' lang='lat' dir='ltr'><strong>ligamentnm</strong></span> <span class='ocrx_word' id='word_1_500' title='bbox 2635 861 2781 917; x_wconf 91' lang='lat' dir='ltr'><strong>illius</strong></span> <span class='ocrx_word' id='word_1_501' title='bbox 2814 861 3166 914; x_wconf 89' lang='lat' dir='ltr'><strong>diuturnum:</strong></span> <span class='ocrx_word' id='word_1_502' title='bbox 3201 872 3323 928; x_wconf 64' lang='lat' dir='ltr'><strong>quae</strong></span> <span class='ocrx_word' id='word_1_503' title='bbox 3365 857 3470 912; x_wconf 91' lang='lat' dir='ltr'><strong>sibi</strong></span> <span class='ocrx_word' id='word_1_504' title='bbox 3500 872 3625 912; x_wconf 82' lang='lat' dir='ltr'><strong>eon-</strong></span> 
     </span>
    </p>
   </div>
   <div class='ocr_carea' id='block_1_69' title="bbox 2045 949 3625 1028">
    <p class='ocr_par' dir='ltr' id='par_1_69' title="bbox 2045 949 3625 1028">
     <span class='ocr_line' id='line_1_69' title="bbox 2045 949 3625 1028; baseline -0.004 -16"><span class='ocrx_word' id='word_1_505' title='bbox 2045 958 2368 1012; x_wconf 87' lang='lat' dir='ltr'><strong>sentientem</strong></span> <span class='ocrx_word' id='word_1_506' title='bbox 2421 957 2474 1011; x_wconf 90' lang='lat' dir='ltr'><strong>in</strong></span> <span class='ocrx_word' id='word_1_507' title='bbox 2527 964 2758 1011; x_wconf 88' lang='lat' dir='ltr'><strong>mortem</strong></span> <span class='ocrx_word' id='word_1_508' title='bbox 2790 954 3065 1009; x_wconf 88' lang='lat' dir='ltr'><strong>deducunt</strong></span> <span class='ocrx_word' id='word_1_509' title='bbox 3112 961 3452 1028; x_wconf 86' lang='lat' dir='ltr'><strong>perpetuam.</strong></span> <span class='ocrx_word' id='word_1_510' title='bbox 3481 949 3625 1006; x_wconf 75' lang='lat' dir='ltr'><strong>Unde</strong></span> 
     </span>
    </p>
   </div>
   <div class='ocr_carea' id='block_1_70' title="bbox 2045 1045 3621 1117">
    <p class='ocr_par' dir='ltr' id='par_1_70' title="bbox 2045 1045 3621 1117">
     <span class='ocr_line' id='line_1_70' title="bbox 2045 1045 3621 1117; baseline -0.005 -13"><span class='ocrx_word' id='word_1_511' title='bbox 2045 1050 2175 1104; x_wconf 85' lang='lat' dir='ltr'><strong>dicit</strong></span> <span class='ocrx_word' id='word_1_512' title='bbox 2205 1049 2394 1103; x_wconf 87' lang='lat' dir='ltr'><strong>utilem</strong></span> <span class='ocrx_word' id='word_1_513' title='bbox 2422 1049 2604 1117; x_wconf 85' lang='lat' dir='ltr'><strong>potius</strong></span> <span class='ocrx_word' id='word_1_514' title='bbox 2634 1045 2905 1102; x_wconf 85' lang='lat' dir='ltr'><strong>infernum</strong></span> <span class='ocrx_word' id='word_1_515' title='bbox 2936 1060 3059 1101; x_wconf 87' lang='lat' dir='ltr'><strong>esse</strong></span> <span class='ocrx_word' id='word_1_516' title='bbox 3087 1061 3248 1114; x_wconf 91' lang='lat' dir='ltr'><strong>quam</strong></span> <span class='ocrx_word' id='word_1_517' title='bbox 3300 1045 3480 1109; x_wconf 86' lang='lat' dir='ltr'><strong>illam,</strong></span> <span class='ocrx_word' id='word_1_518' title='bbox 3503 1045 3621 1114; x_wconf 83' lang='lat' dir='ltr'><strong>quia</strong></span> 
     </span>
    </p>
   </div>
   <div class='ocr_carea' id='block_1_71' title="bbox 2046 1135 3621 1208">
    <p class='ocr_par' dir='ltr' id='par_1_71' title="bbox 2046 1135 3621 1208">
     <span class='ocr_line' id='line_1_71' title="bbox 2046 1135 3621 1208; baseline -0.005 -13"><span class='ocrx_word' id='word_1_519' title='bbox 2046 1141 2240 1195; x_wconf 90' lang='lat' dir='ltr'><strong>melius</strong></span> <span class='ocrx_word' id='word_1_520' title='bbox 2263 1148 2346 1194; x_wconf 90' lang='lat' dir='ltr'><strong>est</strong></span> <span class='ocrx_word' id='word_1_521' title='bbox 2372 1139 2712 1208; x_wconf 89' lang='lat' dir='ltr'><strong>corporalem</strong></span> <span class='ocrx_word' id='word_1_522' title='bbox 2767 1137 3138 1207; x_wconf 82' lang='lat' dir='ltr'><strong>telnporaliter</strong></span> <span class='ocrx_word' id='word_1_523' title='bbox 3186 1135 3418 1205; x_wconf 88' lang='lat' dir='ltr'><strong>perdere</strong></span> <span class='ocrx_word' id='word_1_524' title='bbox 3442 1135 3621 1197; x_wconf 89' lang='lat' dir='ltr'><strong>vitam,</strong></span> 
     </span>
    </p>
   </div>
   <div class='ocr_carea' id='block_1_72' title="bbox 2047 1228 3623 1301">
    <p class='ocr_par' dir='ltr' id='par_1_72' title="bbox 2047 1228 3623 1301">
     <span class='ocr_line' id='line_1_72' title="bbox 2047 1228 3623 1301; baseline -0.004 -15"><span class='ocrx_word' id='word_1_525' title='bbox 2047 1248 2208 1301; x_wconf 89' lang='lat' dir='ltr'><strong>quam</strong></span> <span class='ocrx_word' id='word_1_526' title='bbox 2244 1246 2366 1286; x_wconf 86' lang='lat' dir='ltr'><strong>cum</strong></span> <span class='ocrx_word' id='word_1_527' title='bbox 2400 1232 2487 1286; x_wconf 91' lang='lat' dir='ltr'><strong>illa</strong></span> <span class='ocrx_word' id='word_1_528' title='bbox 2535 1231 2850 1286; x_wconf 83' lang='lat' dir='ltr'><strong>societatem</strong></span> <span class='ocrx_word' id='word_1_529' title='bbox 2903 1230 2954 1283; x_wconf 90' lang='lat' dir='ltr'><strong>in</strong></span> <span class='ocrx_word' id='word_1_530' title='bbox 2988 1231 3233 1300; x_wconf 86' lang='lat' dir='ltr'><strong>gehenna</strong></span> <span class='ocrx_word' id='word_1_531' title='bbox 3256 1228 3460 1282; x_wconf 88' lang='lat' dir='ltr'><strong>habere</strong></span> <span class='ocrx_word' id='word_1_532' title='bbox 3508 1244 3623 1297; x_wconf 79' lang='lat' dir='ltr'><strong>prr-</strong></span> 
     </span>
    </p>
   </div>
   <div class='ocr_carea' id='block_1_73' title="bbox 2045 1319 3622 1392">
    <p class='ocr_par' dir='ltr' id='par_1_73' title="bbox 2045 1319 3622 1392">
     <span class='ocr_line' id='line_1_73' title="bbox 2045 1319 3622 1392; baseline -0.004 -16"><span class='ocrx_word' id='word_1_533' title='bbox 2045 1331 2283 1392; x_wconf 89' lang='lat' dir='ltr'><strong>petuam.</strong></span> <span class='ocrx_word' id='word_1_534' title='bbox 2337 1321 2479 1376; x_wconf 89' lang='lat' dir='ltr'><strong>Sane</strong></span> <span class='ocrx_word' id='word_1_535' title='bbox 2526 1323 2781 1390; x_wconf 86' lang='lat' dir='ltr'><strong>quoniam</strong></span> <span class='ocrx_word' id='word_1_536' title='bbox 2830 1335 2935 1374; x_wconf 91' lang='lat' dir='ltr'><strong>non</strong></span> <span class='ocrx_word' id='word_1_537' title='bbox 2983 1319 3235 1373; x_wconf 87' lang='lat' dir='ltr'><strong>omnibus</strong></span> <span class='ocrx_word' id='word_1_538' title='bbox 3271 1333 3470 1373; x_wconf 87' lang='lat' dir='ltr'><strong>nocere</strong></span> <span class='ocrx_word' id='word_1_539' title='bbox 3491 1333 3622 1386; x_wconf 76' lang='lat' dir='ltr'><strong>pne-</strong></span> 
     </span>
    </p>
   </div>
   <div class='ocr_carea' id='block_1_74' title="bbox 2046 1410 3626 1482">
    <p class='ocr_par' dir='ltr' id='par_1_74' title="bbox 2046 1410 3626 1482">
     <span class='ocr_line' id='line_1_74' title="bbox 2046 1410 3626 1482; baseline -0.002 -18"><span class='ocrx_word' id='word_1_540' title='bbox 2046 1411 2282 1477; x_wconf 89' lang='lat' dir='ltr'><strong>valebit,</strong></span> <span class='ocrx_word' id='word_1_541' title='bbox 2331 1412 2427 1466; x_wconf 87' lang='lat' dir='ltr'><strong>sed</strong></span> <span class='ocrx_word' id='word_1_542' title='bbox 2476 1411 2604 1466; x_wconf 87' lang='lat' dir='ltr'><strong>solis</strong></span> <span class='ocrx_word' id='word_1_543' title='bbox 2658 1410 2980 1482; x_wconf 89' lang='lat' dir='ltr'><strong>perditionis</strong></span> <span class='ocrx_word' id='word_1_544' title='bbox 3023 1410 3146 1464; x_wconf 88' lang='lat' dir='ltr'><strong>filiis</strong></span> <span class='ocrx_word' id='word_1_545' title='bbox 3187 1427 3201 1462; x_wconf 90' lang='lat'>:</span> <span class='ocrx_word' id='word_1_546' title='bbox 3239 1419 3626 1477; x_wconf 86' lang='lat' dir='ltr'><strong>consequenter</strong></span> 
     </span>
    </p>
   </div>
   <div class='ocr_carea' id='block_1_75' title="bbox 2047 1482 2560 1558">
    <p class='ocr_par' dir='ltr' id='par_1_75' title="bbox 2047 1482 2560 1558">
     <span class='ocr_line' id='line_1_75' title="bbox 2047 1482 2560 1558; baseline -0.002 0"><span class='ocrx_word' id='word_1_547' title='bbox 2047 1504 2306 1558; x_wconf 87' lang='lat' dir='ltr'><strong>ostendit.</strong></span> <span class='ocrx_word' id='word_1_548' title='bbox 2550 1482 2560 1497; x_wconf 84' lang='lat'><strong>‘</strong></span> 
     </span>
    </p>
   </div>
   <div class='ocr_carea' id='block_1_76' title="bbox 2127 1590 3624 1663">
    <p class='ocr_par' dir='ltr' id='par_1_76' title="bbox 2127 1590 3624 1663">
     <span class='ocr_line' id='line_1_76' title="bbox 2127 1590 3624 1663; baseline -0.001 -19"><span class='ocrx_word' id='word_1_549' title='bbox 2127 1610 2144 1644; x_wconf 77' lang='grc' dir='ltr'><strong>ι</strong></span> <span class='ocrx_word' id='word_1_550' title='bbox 2183 1593 2594 1648; x_wconf 86' lang='lat' dir='ltr'><strong>Perseverantia</strong></span> <span class='ocrx_word' id='word_1_551' title='bbox 2637 1592 2783 1648; x_wconf 91' lang='lat' dir='ltr'><strong>illius</strong></span> <span class='ocrx_word' id='word_1_552' title='bbox 2814 1607 2920 1646; x_wconf 91' lang='lat' dir='ltr'><strong>non</strong></span> <span class='ocrx_word' id='word_1_553' title='bbox 2969 1592 3335 1663; x_wconf 87' lang='lat' dir='ltr'><strong>permanebit,</strong></span> <span class='ocrx_word' id='word_1_554' title='bbox 3367 1590 3464 1646; x_wconf 88' lang='lat' dir='ltr'><strong>sed</strong></span> <span class='ocrx_word' id='word_1_555' title='bbox 3493 1591 3624 1645; x_wconf 85' lang='lat' dir='ltr'><strong>obti-</strong></span> 
     </span>
    </p>
   </div>
   <div class='ocr_carea' id='block_1_77' title="bbox 2057 1681 3626 1757">
    <p class='ocr_par' dir='ltr' id='par_1_77' title="bbox 2057 1681 3626 1757">
     <span class='ocr_line' id='line_1_77' title="bbox 2057 1681 3626 1757; baseline -0.004 -19"><span class='ocrx_word' id='word_1_556' title='bbox 2057 1705 2075 1738; x_wconf 73' lang='grc' dir='ltr'><strong>ι</strong></span> <span class='ocrx_word' id='word_1_557' title='bbox 2119 1686 2272 1741; x_wconf 91' lang='lat' dir='ltr'><strong>nebit</strong></span> <span class='ocrx_word' id='word_1_558' title='bbox 2329 1686 2445 1741; x_wconf 91' lang='lat' dir='ltr'><strong>vias</strong></span> <span class='ocrx_word' id='word_1_559' title='bbox 2496 1686 2851 1757; x_wconf 89' lang='lat' dir='ltr'><strong>injustorum;</strong></span> <span class='ocrx_word' id='word_1_560' title='bbox 2901 1692 2956 1738; x_wconf 90' lang='lat' dir='ltr'><strong>et</strong></span> <span class='ocrx_word' id='word_1_561' title='bbox 3013 1685 3064 1738; x_wconf 90' lang='lat' dir='ltr'><strong>in</strong></span> <span class='ocrx_word' id='word_1_562' title='bbox 3119 1681 3337 1737; x_wconf 82' lang='lat' dir='ltr'><strong>flamma</strong></span> <span class='ocrx_word' id='word_1_563' title='bbox 3387 1698 3488 1737; x_wconf 89' lang='lat' dir='ltr'><strong>sua</strong></span> <span class='ocrx_word' id='word_1_564' title='bbox 3529 1697 3626 1735; x_wconf 87' lang='lat' dir='ltr'><strong>non</strong></span> 
     </span>
    </p>
   </div>
   <div class='ocr_carea' id='block_1_78' title="bbox 1979 1769 3628 1845">
    <p class='ocr_par' dir='ltr' id='par_1_78' title="bbox 1979 1769 3628 1845">
     <span class='ocr_line' id='line_1_78' title="bbox 1979 1769 3628 1845; baseline -0.001 -17"><span class='ocrx_word' id='word_1_565' title='bbox 1979 1769 2024 1828; x_wconf 87' lang='lat' dir='ltr'><strong><em>B</em></strong></span> <span class='ocrx_word' id='word_1_566' title='bbox 2059 1794 2078 1828; x_wconf 86' lang='grc'><strong>‹</strong></span> <span class='ocrx_word' id='word_1_567' title='bbox 2123 1776 2405 1834; x_wconf 84' lang='lat' dir='ltr'><strong>comburet</strong></span> <span class='ocrx_word' id='word_1_568' title='bbox 2450 1775 2651 1845; x_wconf 75' lang='lat' dir='ltr'><strong>iustos.</strong></span> <span class='ocrx_word' id='word_1_569' title='bbox 2697 1775 2799 1842; x_wconf 83' lang='lat' dir='ltr'><strong>Qui</strong></span> <span class='ocrx_word' id='word_1_570' title='bbox 2827 1775 3212 1843; x_wconf 90' lang='lat' dir='ltr'><strong>derelinquunt</strong></span> <span class='ocrx_word' id='word_1_571' title='bbox 3240 1774 3532 1829; x_wconf 88' lang='lat' dir='ltr'><strong>Dominum</strong></span> <span class='ocrx_word' id='word_1_572' title='bbox 3556 1773 3628 1827; x_wconf 90' lang='lat' dir='ltr'><strong>in-</strong></span> 
     </span>
    </p>
   </div>
   <div class='ocr_carea' id='block_1_79' title="bbox 2053 1866 3628 1932">
    <p class='ocr_par' dir='ltr' id='par_1_79' title="bbox 2053 1866 3628 1932">
     <span class='ocr_line' id='line_1_79' title="bbox 2053 1866 3628 1932; baseline 0.001 -14"><span class='ocrx_word' id='word_1_573' title='bbox 2053 1885 2072 1918; x_wconf 71' lang='lat' dir='ltr'><strong>i</strong></span> <span class='ocrx_word' id='word_1_574' title='bbox 2118 1867 2298 1922; x_wconf 89' lang='lat' dir='ltr'><strong>cident</strong></span> <span class='ocrx_word' id='word_1_575' title='bbox 2327 1867 2379 1922; x_wconf 91' lang='lat' dir='ltr'><strong>in</strong></span> <span class='ocrx_word' id='word_1_576' title='bbox 2411 1867 2579 1932; x_wconf 90' lang='lat' dir='ltr'><strong>illam,</strong></span> <span class='ocrx_word' id='word_1_577' title='bbox 2603 1875 2658 1922; x_wconf 88' lang='lat' dir='ltr'><strong>et</strong></span> <span class='ocrx_word' id='word_1_578' title='bbox 2681 1867 2961 1922; x_wconf 82' lang='lat' dir='ltr'><strong>exardebit</strong></span> <span class='ocrx_word' id='word_1_579' title='bbox 2993 1867 3045 1920; x_wconf 92' lang='lat' dir='ltr'><strong>in</strong></span> <span class='ocrx_word' id='word_1_580' title='bbox 3082 1866 3189 1920; x_wconf 90' lang='lat' dir='ltr'><strong>illis</strong></span> <span class='ocrx_word' id='word_1_581' title='bbox 3211 1876 3268 1921; x_wconf 89' lang='lat' dir='ltr'><strong>et</strong></span> <span class='ocrx_word' id='word_1_582' title='bbox 3295 1881 3403 1920; x_wconf 91' lang='lat' dir='ltr'><strong>non</strong></span> <span class='ocrx_word' id='word_1_583' title='bbox 3431 1867 3628 1920; x_wconf 82' lang='lat' dir='ltr'><strong>exstin-</strong></span> 
     </span>
    </p>
   </div>
   <div class='ocr_carea' id='block_1_80' title="bbox 2053 1956 3628 2028">
    <p class='ocr_par' dir='ltr' id='par_1_80' title="bbox 2053 1956 3628 2028">
     <span class='ocr_line' id='line_1_80' title="bbox 2053 1956 3628 2028; baseline 0.001 -19"><span class='ocrx_word' id='word_1_584' title='bbox 2053 1976 2072 2009; x_wconf 74' lang='grc' dir='ltr'><em>α</em></span> <span class='ocrx_word' id='word_1_585' title='bbox 2117 1967 2330 2028; x_wconf 88' lang='lat' dir='ltr'><strong>guetur,</strong></span> <span class='ocrx_word' id='word_1_586' title='bbox 2359 1967 2416 2013; x_wconf 89' lang='lat' dir='ltr'><strong>et</strong></span> <span class='ocrx_word' id='word_1_587' title='bbox 2451 1958 2776 2012; x_wconf 88' lang='lat' dir='ltr'><strong>immittctur</strong></span> <span class='ocrx_word' id='word_1_588' title='bbox 2818 1957 2871 2011; x_wconf 93' lang='lat' dir='ltr'><strong>in</strong></span> <span class='ocrx_word' id='word_1_589' title='bbox 2921 1956 3042 2011; x_wconf 90' lang='lat' dir='ltr'><strong>illos</strong></span> <span class='ocrx_word' id='word_1_590' title='bbox 3084 1956 3237 2026; x_wconf 87' lang='lat' dir='ltr'><strong>quasi</strong></span> <span class='ocrx_word' id='word_1_591' title='bbox 3265 1956 3368 2019; x_wconf 89' lang='lat' dir='ltr'><strong>leo,</strong></span> <span class='ocrx_word' id='word_1_592' title='bbox 3391 1966 3450 2010; x_wconf 90' lang='lat' dir='ltr'><strong>et</strong></span> <span class='ocrx_word' id='word_1_593' title='bbox 3482 1970 3628 2026; x_wconf 84' lang='lat' dir='ltr'><strong>quast</strong></span> 
     </span>
    </p>
   </div>
   <div class='ocr_carea' id='block_1_81' title="bbox 2053 2047 3630 2118">
    <p class='ocr_par' dir='ltr' id='par_1_81' title="bbox 2053 2047 3630 2118">
     <span class='ocr_line' id='line_1_81' title="bbox 2053 2047 3630 2118; baseline 0.001 -19"><span class='ocrx_word' id='word_1_594' title='bbox 2053 2066 2072 2099; x_wconf 71' lang='grc' dir='ltr'>ί</span> <span class='ocrx_word' id='word_1_595' title='bbox 2115 2049 2316 2118; x_wconf 88' lang='lat' dir='ltr'><strong>pardus</strong></span> <span class='ocrx_word' id='word_1_596' title='bbox 2343 2049 2499 2104; x_wconf 77' lang='lat' dir='ltr'><strong>hedet</strong></span> <span class='ocrx_word' id='word_1_597' title='bbox 2519 2048 2660 2103; x_wconf 91' lang='lat' dir='ltr'><strong>illos.</strong></span> <span class='ocrx_word' id='word_1_598' title='bbox 2699 2067 2717 2100; x_wconf 78' lang='grc' dir='ltr'><strong>ι</strong></span> <span class='ocrx_word' id='word_1_599' title='bbox 2755 2047 2909 2102; x_wconf 88' lang='lat' dir='ltr'><strong>Licet</strong></span> <span class='ocrx_word' id='word_1_600' title='bbox 2929 2047 3074 2102; x_wconf 89' lang='lat' dir='ltr'><strong>enim</strong></span> <span class='ocrx_word' id='word_1_601' title='bbox 3108 2055 3317 2102; x_wconf 90' lang='lat' dir='ltr'><strong>tentare</strong></span> <span class='ocrx_word' id='word_1_602' title='bbox 3339 2054 3630 2116; x_wconf 60' lang='lat' dir='ltr'><strong>praesumat</strong></span> 
     </span>
    </p>
   </div>
   <div class='ocr_carea' id='block_1_82' title="bbox 2048 2135 3627 2207">
    <p class='ocr_par' dir='ltr' id='par_1_82' title="bbox 2048 2135 3627 2207">
     <span class='ocr_line' id='line_1_82' title="bbox 2048 2135 3627 2207; baseline -0.003 -15"><span class='ocrx_word' id='word_1_603' title='bbox 2048 2136 2341 2192; x_wconf 87' lang='lat' dir='ltr'><strong>electorum</strong></span> <span class='ocrx_word' id='word_1_604' title='bbox 2385 2138 2573 2202; x_wconf 83' lang='lat' dir='ltr'><strong>corda,</strong></span> <span class='ocrx_word' id='word_1_605' title='bbox 2612 2152 2717 2192; x_wconf 93' lang='lat' dir='ltr'><strong>non</strong></span> <span class='ocrx_word' id='word_1_606' title='bbox 2741 2136 2944 2207; x_wconf 88' lang='lat' dir='ltr'><strong>poterit</strong></span> <span class='ocrx_word' id='word_1_607' title='bbox 2969 2137 3283 2191; x_wconf 87' lang='lat' dir='ltr'><strong>subvertere</strong></span> <span class='ocrx_word' id='word_1_608' title='bbox 3315 2135 3432 2200; x_wconf 88' lang='lat' dir='ltr'><strong>illa,</strong></span> <span class='ocrx_word' id='word_1_609' title='bbox 3463 2149 3627 2204; x_wconf 87' lang='lat' dir='ltr'><strong>neque</strong></span> 
     </span>
    </p>
   </div>
   <div class='ocr_carea' id='block_1_83' title="bbox 2049 2225 3626 2295">
    <p class='ocr_par' dir='ltr' id='par_1_83' title="bbox 2049 2225 3626 2295">
     <span class='ocr_line' id='line_1_83' title="bbox 2049 2225 3626 2295; baseline -0.003 -12"><span class='ocrx_word' id='word_1_610' title='bbox 2049 2228 2102 2283; x_wconf 91' lang='lat' dir='ltr'><strong>in</strong></span> <span class='ocrx_word' id='word_1_611' title='bbox 2130 2228 2345 2283; x_wconf 73' lang='lat' dir='ltr'><strong>malitiae</strong></span> <span class='ocrx_word' id='word_1_612' title='bbox 2372 2243 2484 2284; x_wconf 67' lang='lat' dir='ltr'><strong>sua:</strong></span> <span class='ocrx_word' id='word_1_613' title='bbox 2529 2229 2848 2284; x_wconf 90' lang='lat' dir='ltr'><strong>comburere</strong></span> <span class='ocrx_word' id='word_1_614' title='bbox 2894 2226 3142 2292; x_wconf 85' lang='lat' dir='ltr'><strong>flamma;</strong></span> <span class='ocrx_word' id='word_1_615' title='bbox 3169 2228 3262 2281; x_wconf 83' lang='lat' dir='ltr'><strong>sed</strong></span> <span class='ocrx_word' id='word_1_616' title='bbox 3312 2225 3626 2295; x_wconf 87' lang='lat' dir='ltr'><strong>injustorum</strong></span> 
     </span>
    </p>
   </div>
   <div class='ocr_carea' id='block_1_84' title="bbox 2048 2317 3627 2387">
    <p class='ocr_par' dir='ltr' id='par_1_84' title="bbox 2048 2317 3627 2387">
     <span class='ocr_line' id='line_1_84' title="bbox 2048 2317 3627 2387; baseline -0.003 -13"><span class='ocrx_word' id='word_1_617' title='bbox 2048 2321 2290 2374; x_wconf 85' lang='lat' dir='ltr'><strong>actiones</strong></span> <span class='ocrx_word' id='word_1_618' title='bbox 2315 2320 2600 2384; x_wconf 87' lang='lat' dir='ltr'><strong>obtinebit,</strong></span> <span class='ocrx_word' id='word_1_619' title='bbox 2624 2327 2678 2373; x_wconf 92' lang='lat' dir='ltr'><strong>et</strong></span> <span class='ocrx_word' id='word_1_620' title='bbox 2700 2328 2909 2374; x_wconf 89' lang='lat' dir='ltr'><strong>mentes</strong></span> <span class='ocrx_word' id='word_1_621' title='bbox 2937 2317 3363 2387; x_wconf 86' lang='lat' dir='ltr'><strong>delinquentium</strong></span> <span class='ocrx_word' id='word_1_622' title='bbox 3386 2317 3444 2370; x_wconf 91' lang='lat' dir='ltr'><strong>in</strong></span> <span class='ocrx_word' id='word_1_623' title='bbox 3471 2318 3627 2371; x_wconf 82' lang='lat' dir='ltr'><strong>Deum</strong></span> 
     </span>
    </p>
   </div>
   <div class='ocr_carea' id='block_1_85' title="bbox 2049 2411 3630 2482">
    <p class='ocr_par' dir='ltr' id='par_1_85' title="bbox 2049 2411 3630 2482">
     <span class='ocr_line' id='line_1_85' title="bbox 2049 2411 3630 2482; baseline -0.003 -15"><span class='ocrx_word' id='word_1_624' title='bbox 2049 2413 2362 2482; x_wconf 85' lang='lat' dir='ltr'><strong>captivabit.</strong></span> <span class='ocrx_word' id='word_1_625' title='bbox 2402 2430 2420 2463; x_wconf 74' lang='grc' dir='ltr'><strong>ι</strong></span> <span class='ocrx_word' id='word_1_626' title='bbox 2457 2412 2750 2466; x_wconf 86' lang='lat' dir='ltr'><strong>Exardebit</strong></span> <span class='ocrx_word' id='word_1_627' title='bbox 2774 2420 2954 2466; x_wconf 87' lang='lat' dir='ltr'><strong>autem</strong></span> <span class='ocrx_word' id='word_1_628' title='bbox 2985 2413 3037 2465; x_wconf 90' lang='lat' dir='ltr'><strong>in</strong></span> <span class='ocrx_word' id='word_1_629' title='bbox 3073 2412 3179 2465; x_wconf 90' lang='lat' dir='ltr'><strong>illis</strong></span> <span class='ocrx_word' id='word_1_630' title='bbox 3206 2421 3262 2464; x_wconf 90' lang='lat' dir='ltr'><strong>et</strong></span> <span class='ocrx_word' id='word_1_631' title='bbox 3303 2426 3411 2464; x_wconf 90' lang='lat' dir='ltr'><strong>non</strong></span> <span class='ocrx_word' id='word_1_632' title='bbox 3438 2411 3630 2464; x_wconf 79' lang='lat' dir='ltr'><strong>exstin-</strong></span> 
     </span>
    </p>
   </div>
   <div class='ocr_carea' id='block_1_86' title="bbox 2050 2500 3627 2572">
    <p class='ocr_par' dir='ltr' id='par_1_86' title="bbox 2050 2500 3627 2572">
     <span class='ocr_line' id='line_1_86' title="bbox 2050 2500 3627 2572; baseline -0.002 -18"><span class='ocrx_word' id='word_1_633' title='bbox 2050 2511 2262 2572; x_wconf 88' lang='lat' dir='ltr'><strong>guetur,</strong></span> <span class='ocrx_word' id='word_1_634' title='bbox 2312 2520 2330 2554; x_wconf 78' lang='grc' dir='ltr'><strong>ι</strong></span> <span class='ocrx_word' id='word_1_635' title='bbox 2373 2501 2628 2570; x_wconf 91' lang='lat' dir='ltr'><strong>quoniam</strong></span> <span class='ocrx_word' id='word_1_636' title='bbox 2655 2502 2746 2570; x_wconf 91' lang='lat' dir='ltr'><strong>qui</strong></span> <span class='ocrx_word' id='word_1_637' title='bbox 2786 2501 2876 2556; x_wconf 90' lang='lat' dir='ltr'><strong>hic</strong></span> <span class='ocrx_word' id='word_1_638' title='bbox 2920 2501 3186 2556; x_wconf 89' lang='lat' dir='ltr'><strong>ardentin</strong></span> <span class='ocrx_word' id='word_1_639' title='bbox 3225 2500 3434 2554; x_wconf 82' lang='lat' dir='ltr'><strong>malitia</strong></span> <span class='ocrx_word' id='word_1_640' title='bbox 3465 2500 3519 2553; x_wconf 89' lang='lat' dir='ltr'><strong>in</strong></span> <span class='ocrx_word' id='word_1_641' title='bbox 3555 2501 3627 2553; x_wconf 81' lang='lat' dir='ltr'><strong>in-</strong></span> 
     </span>
    </p>
   </div>
   <div class='ocr_carea' id='block_1_87' title="bbox 2051 2588 3629 2660">
    <p class='ocr_par' dir='ltr' id='par_1_87' title="bbox 2051 2588 3629 2660">
     <span class='ocr_line' id='line_1_87' title="bbox 2051 2588 3629 2660; baseline -0.001 -18"><span class='ocrx_word' id='word_1_642' title='bbox 2051 2590 2188 2644; x_wconf 90' lang='lat' dir='ltr'><strong>ferni</strong></span> <span class='ocrx_word' id='word_1_643' title='bbox 2231 2599 2490 2660; x_wconf 87' lang='lat' dir='ltr'><strong>perpetua</strong></span> <span class='ocrx_word' id='word_1_644' title='bbox 2526 2590 2912 2644; x_wconf 86' lang='lat' dir='ltr'><strong>cruciabuntur</strong></span> <span class='ocrx_word' id='word_1_645' title='bbox 2939 2588 3174 2643; x_wconf 81' lang='lat' dir='ltr'><strong>flamma.</strong></span> <span class='ocrx_word' id='word_1_646' title='bbox 3214 2588 3314 2644; x_wconf 81' lang='lat' dir='ltr'><strong>Ubi</strong></span> <span class='ocrx_word' id='word_1_647' title='bbox 3365 2589 3454 2643; x_wconf 89' lang='lat' dir='ltr'><strong>leo</strong></span> <span class='ocrx_word' id='word_1_648' title='bbox 3497 2588 3629 2643; x_wconf 87' lang='lat' dir='ltr'><strong>fero-</strong></span> 
     </span>
    </p>
   </div>
   <div class='ocr_carea' id='block_1_88' title="bbox 2052 2679 3634 2751">
    <p class='ocr_par' dir='ltr' id='par_1_88' title="bbox 2052 2679 3634 2751">
     <span class='ocr_line' id='line_1_88' title="bbox 2052 2679 3634 2751; baseline -0.004 -15"><span class='ocrx_word' id='word_1_649' title='bbox 2052 2681 2321 2744; x_wconf 89' lang='lat' dir='ltr'><strong>cissimus,</strong></span> <span class='ocrx_word' id='word_1_650' title='bbox 2351 2682 2453 2735; x_wconf 91' lang='lat' dir='ltr'><strong>hoc</strong></span> <span class='ocrx_word' id='word_1_651' title='bbox 2479 2690 2582 2745; x_wconf 90' lang='lat' dir='ltr'><strong>est,</strong></span> <span class='ocrx_word' id='word_1_652' title='bbox 2615 2680 2861 2734; x_wconf 78' lang='lat' dir='ltr'><strong>diabolus</strong></span> <span class='ocrx_word' id='word_1_653' title='bbox 2907 2679 3020 2751; x_wconf 92' lang='lat' dir='ltr'><strong>(qui</strong></span> <span class='ocrx_word' id='word_1_654' title='bbox 3066 2688 3123 2734; x_wconf 88' lang='lat' dir='ltr'><strong>et</strong></span> <span class='ocrx_word' id='word_1_655' title='bbox 3170 2679 3372 2748; x_wconf 88' lang='lat' dir='ltr'><strong>pardus</strong></span> <span class='ocrx_word' id='word_1_656' title='bbox 3421 2694 3634 2749; x_wconf 83' lang='lat' dir='ltr'><strong>proper</strong></span> 
     </span>
    </p>
   </div>
   <div class='ocr_carea' id='block_1_89' title="bbox 2053 2771 3635 2841">
    <p class='ocr_par' dir='ltr' id='par_1_89' title="bbox 2053 2771 3635 2841">
     <span class='ocr_line' id='line_1_89' title="bbox 2053 2771 3635 2841; baseline -0.001 -15"><span class='ocrx_word' id='word_1_657' title='bbox 2053 2772 2265 2826; x_wconf 91' lang='lat' dir='ltr'><strong>diversa</strong></span> <span class='ocrx_word' id='word_1_658' title='bbox 2295 2771 2520 2836; x_wconf 87' lang='lat' dir='ltr'><strong>scelera,</strong></span> <span class='ocrx_word' id='word_1_659' title='bbox 2552 2781 2607 2825; x_wconf 89' lang='lat' dir='ltr'><strong>et</strong></span> <span class='ocrx_word' id='word_1_660' title='bbox 2625 2784 2908 2841; x_wconf 55' lang='lat' dir='ltr'><strong>poenarum</strong></span> <span class='ocrx_word' id='word_1_661' title='bbox 2936 2771 3084 2825; x_wconf 85' lang='lat' dir='ltr'><strong>varia</strong></span> <span class='ocrx_word' id='word_1_662' title='bbox 3116 2779 3384 2826; x_wconf 89' lang='lat' dir='ltr'><strong>tormenta</strong></span> <span class='ocrx_word' id='word_1_663' title='bbox 3414 2771 3523 2825; x_wconf 88' lang='lat' dir='ltr'><strong>dici</strong></span> <span class='ocrx_word' id='word_1_664' title='bbox 3555 2785 3635 2839; x_wconf 89' lang='lat' dir='ltr'><strong>po-</strong></span> 
     </span>
    </p>
   </div>
   <div class='ocr_carea' id='block_1_90' title="bbox 2055 2861 2837 2932">
    <p class='ocr_par' dir='ltr' id='par_1_90' title="bbox 2055 2861 2837 2932">
     <span class='ocr_line' id='line_1_90' title="bbox 2055 2861 2837 2932; baseline -0.004 -15"><span class='ocrx_word' id='word_1_665' title='bbox 2055 2863 2181 2932; x_wconf 87' lang='lat' dir='ltr'><strong>test)</strong></span> <span class='ocrx_word' id='word_1_666' title='bbox 2209 2862 2325 2916; x_wconf 88' lang='lat' dir='ltr'><strong>sine</strong></span> <span class='ocrx_word' id='word_1_667' title='bbox 2347 2861 2456 2916; x_wconf 85' lang='lat' dir='ltr'><strong>line</strong></span> <span class='ocrx_word' id='word_1_668' title='bbox 2477 2863 2665 2931; x_wconf 88' lang='lat' dir='ltr'><strong>puniet</strong></span> <span class='ocrx_word' id='word_1_669' title='bbox 2695 2862 2837 2916; x_wconf 89' lang='lat' dir='ltr'><strong>illos.</strong></span> 
     </span>
    </p>
   </div>
   <div class='ocr_carea' id='block_1_91' title="bbox 2129 2951 3634 3023">
    <p class='ocr_par' dir='ltr' id='par_1_91' title="bbox 2129 2951 3634 3023">
     <span class='ocr_line' id='line_1_91' title="bbox 2129 2951 3634 3023; baseline 0 -19"><span class='ocrx_word' id='word_1_670' title='bbox 2129 2973 2148 3004; x_wconf 72' lang='grc' dir='ltr'><strong>ε</strong></span> <span class='ocrx_word' id='word_1_671' title='bbox 2189 2952 2314 3023; x_wconf 86' lang='lat' dir='ltr'><strong>Sepi</strong></span> <span class='ocrx_word' id='word_1_672' title='bbox 2338 2966 2502 3008; x_wconf 87' lang='lat' dir='ltr'><strong>aures</strong></span> <span class='ocrx_word' id='word_1_673' title='bbox 2529 2962 2650 3007; x_wconf 88' lang='lat' dir='ltr'><strong>tuas</strong></span> <span class='ocrx_word' id='word_1_674' title='bbox 2691 2953 2882 3022; x_wconf 89' lang='lat' dir='ltr'><strong>spinis,</strong></span> <span class='ocrx_word' id='word_1_675' title='bbox 2916 2961 2971 3006; x_wconf 89' lang='lat' dir='ltr'><strong>et</strong></span> <span class='ocrx_word' id='word_1_676' title='bbox 3018 2951 3126 3006; x_wconf 92' lang='lat' dir='ltr'><strong>noli</strong></span> <span class='ocrx_word' id='word_1_677' title='bbox 3169 2952 3358 3006; x_wconf 87' lang='lat' dir='ltr'><strong>audire</strong></span> <span class='ocrx_word' id='word_1_678' title='bbox 3401 2951 3634 3021; x_wconf 80' lang='lat' dir='ltr'><strong>linguam</strong></span> 
     </span>
    </p>
   </div>
   <div class='ocr_carea' id='block_1_92' title="bbox 2061 3044 3634 3116">
    <p class='ocr_par' dir='ltr' id='par_1_92' title="bbox 2061 3044 3634 3116">
     <span class='ocr_line' id='line_1_92' title="bbox 2061 3044 3634 3116; baseline -0.001 -18"><span class='ocrx_word' id='word_1_679' title='bbox 2061 3066 2080 3098; x_wconf 72' lang='grc' dir='ltr'><strong>ι</strong></span> <span class='ocrx_word' id='word_1_680' title='bbox 2114 3062 2372 3116; x_wconf 86' lang='lat' dir='ltr'><strong>nequam,</strong></span> <span class='ocrx_word' id='word_1_681' title='bbox 2412 3057 2466 3100; x_wconf 92' lang='lat' dir='ltr'><strong>et</strong></span> <span class='ocrx_word' id='word_1_682' title='bbox 2501 3045 2582 3100; x_wconf 90' lang='lat' dir='ltr'><strong>ori</strong></span> <span class='ocrx_word' id='word_1_683' title='bbox 2622 3055 2714 3100; x_wconf 88' lang='lat' dir='ltr'><strong>tuo</strong></span> <span class='ocrx_word' id='word_1_684' title='bbox 2743 3045 2907 3100; x_wconf 86' lang='lat' dir='ltr'><strong>facito</strong></span> <span class='ocrx_word' id='word_1_685' title='bbox 2931 3045 3068 3099; x_wconf 90' lang='lat' dir='ltr'><strong>ostia</strong></span> <span class='ocrx_word' id='word_1_686' title='bbox 3111 3053 3166 3099; x_wconf 89' lang='lat' dir='ltr'><strong>et</strong></span> <span class='ocrx_word' id='word_1_687' title='bbox 3209 3059 3380 3099; x_wconf 87' lang='lat' dir='ltr'><strong>seras.</strong></span> <span class='ocrx_word' id='word_1_688' title='bbox 3424 3063 3445 3094; x_wconf 76' lang='grc' dir='ltr'><strong>ι</strong></span> <span class='ocrx_word' id='word_1_689' title='bbox 3492 3044 3634 3100; x_wconf 81' lang='lat' dir='ltr'><strong>Post-</strong></span> 
     </span>
    </p>
   </div>
   <div class='ocr_carea' id='block_1_93' title="bbox 2057 3137 3640 3208">
    <p class='ocr_par' dir='ltr' id='par_1_93' title="bbox 2057 3137 3640 3208">
     <span class='ocr_line' id='line_1_93' title="bbox 2057 3137 3640 3208; baseline -0.001 -17"><span class='ocrx_word' id='word_1_690' title='bbox 2057 3138 2306 3208; x_wconf 88' lang='lat' dir='ltr'><strong>quamde</strong></span> <span class='ocrx_word' id='word_1_691' title='bbox 2335 3139 2476 3194; x_wconf 90' lang='lat' dir='ltr'><strong>malo</strong></span> <span class='ocrx_word' id='word_1_692' title='bbox 2498 3137 2696 3207; x_wconf 75' lang='lat' dir='ltr'><strong>lingua:</strong></span> <span class='ocrx_word' id='word_1_693' title='bbox 2717 3139 3030 3194; x_wconf 89' lang='lat' dir='ltr'><strong>susurronis</strong></span> <span class='ocrx_word' id='word_1_694' title='bbox 3055 3138 3332 3202; x_wconf 89' lang='lat' dir='ltr'><strong>disseruit,</strong></span> <span class='ocrx_word' id='word_1_695' title='bbox 3360 3138 3430 3191; x_wconf 87' lang='lat' dir='ltr'><strong>ad</strong></span> <span class='ocrx_word' id='word_1_696' title='bbox 3455 3137 3640 3191; x_wconf 86' lang='lat' dir='ltr'><strong>doctri-</strong></span> 
     </span>
    </p>
   </div>
   <div class='ocr_carea' id='block_1_94' title="bbox 2058 3227 3636 3292">
    <p class='ocr_par' dir='ltr' id='par_1_94' title="bbox 2058 3227 3636 3292">
     <span class='ocr_line' id='line_1_94' title="bbox 2058 3227 3636 3292; baseline -0.003 -9"><span class='ocrx_word' id='word_1_697' title='bbox 2058 3243 2184 3283; x_wconf 89' lang='lat' dir='ltr'><strong>nam</strong></span> <span class='ocrx_word' id='word_1_698' title='bbox 2231 3227 2408 3283; x_wconf 92' lang='lat' dir='ltr'><strong>devoti</strong></span> <span class='ocrx_word' id='word_1_699' title='bbox 2440 3229 2703 3283; x_wconf 88' lang='lat' dir='ltr'><strong>auditoris</strong></span> <span class='ocrx_word' id='word_1_700' title='bbox 2730 3243 2790 3282; x_wconf 92' lang='lat' dir='ltr'><strong>se</strong></span> <span class='ocrx_word' id='word_1_701' title='bbox 2816 3229 3108 3292; x_wconf 90' lang='lat' dir='ltr'><strong>convertit,</strong></span> <span class='ocrx_word' id='word_1_702' title='bbox 3141 3229 3445 3281; x_wconf 89' lang='lat' dir='ltr'><strong>admonens</strong></span> <span class='ocrx_word' id='word_1_703' title='bbox 3477 3227 3636 3288; x_wconf 88' lang='lat' dir='ltr'><strong>illum,</strong></span> 
     </span>
    </p>
   </div>
   <div class='ocr_carea' id='block_1_95' title="bbox 2056 3319 3639 3391">
    <p class='ocr_par' dir='ltr' id='par_1_95' title="bbox 2056 3319 3639 3391">
     <span class='ocr_line' id='line_1_95' title="bbox 2056 3319 3639 3391; baseline -0.001 -16"><span class='ocrx_word' id='word_1_704' title='bbox 2056 3329 2118 3376; x_wconf 92' lang='lat' dir='ltr'><strong>ut</strong></span> <span class='ocrx_word' id='word_1_705' title='bbox 2170 3337 2332 3376; x_wconf 90' lang='lat' dir='ltr'><strong>aures</strong></span> <span class='ocrx_word' id='word_1_706' title='bbox 2355 3336 2482 3376; x_wconf 90' lang='lat' dir='ltr'><strong>suas</strong></span> <span class='ocrx_word' id='word_1_707' title='bbox 2508 3321 2678 3390; x_wconf 86' lang='lat' dir='ltr'><strong>spinis</strong></span> <span class='ocrx_word' id='word_1_708' title='bbox 2703 3321 2896 3391; x_wconf 67' lang='lat' dir='ltr'><strong>sopiat,</strong></span> <span class='ocrx_word' id='word_1_709' title='bbox 2920 3322 3024 3376; x_wconf 89' lang='lat' dir='ltr'><strong>hoc</strong></span> <span class='ocrx_word' id='word_1_710' title='bbox 3048 3330 3150 3386; x_wconf 82' lang='lat' dir='ltr'><strong>est,</strong></span> <span class='ocrx_word' id='word_1_711' title='bbox 3182 3319 3384 3375; x_wconf 87' lang='lat' dir='ltr'><strong>aculeis</strong></span> <span class='ocrx_word' id='word_1_712' title='bbox 3439 3320 3639 3373; x_wconf 85' lang='lat' dir='ltr'><strong>timoris</strong></span> 
     </span>
    </p>
   </div>
   <div class='ocr_carea' id='block_1_96' title="bbox 2058 3410 3641 3481">
    <p class='ocr_par' dir='ltr' id='par_1_96' title="bbox 2058 3410 3641 3481">
     <span class='ocr_line' id='line_1_96' title="bbox 2058 3410 3641 3481; baseline -0.003 -14"><span class='ocrx_word' id='word_1_713' title='bbox 2058 3410 2153 3467; x_wconf 87' lang='lat' dir='ltr'><strong>Dei</strong></span> <span class='ocrx_word' id='word_1_714' title='bbox 2175 3413 2414 3467; x_wconf 89' lang='lat' dir='ltr'><strong>auditum</strong></span> <span class='ocrx_word' id='word_1_715' title='bbox 2443 3427 2596 3466; x_wconf 87' lang='lat' dir='ltr'><strong>suum</strong></span> <span class='ocrx_word' id='word_1_716' title='bbox 2623 3420 2897 3477; x_wconf 85' lang='lat' dir='ltr'><strong>coerceat,</strong></span> <span class='ocrx_word' id='word_1_717' title='bbox 2923 3425 2994 3466; x_wconf 89' lang='lat' dir='ltr'><strong>ne</strong></span> <span class='ocrx_word' id='word_1_718' title='bbox 3037 3411 3248 3481; x_wconf 88' lang='lat' dir='ltr'><strong>loquela</strong></span> <span class='ocrx_word' id='word_1_719' title='bbox 3273 3428 3303 3462; x_wconf 82' lang='grc' dir='ltr'><strong>ιι</strong></span> <span class='ocrx_word' id='word_1_720' title='bbox 3332 3426 3494 3464; x_wconf 88' lang='lat' dir='ltr'><strong>suam</strong></span> <span class='ocrx_word' id='word_1_721' title='bbox 3524 3425 3641 3479; x_wconf 85' lang='lat' dir='ltr'><strong>pra-</strong></span> 
     </span>
    </p>
   </div>
   <div class='ocr_carea' id='block_1_97' title="bbox 2059 3502 3640 3572">
    <p class='ocr_par' dir='ltr' id='par_1_97' title="bbox 2059 3502 3640 3572">
     <span class='ocr_line' id='line_1_97' title="bbox 2059 3502 3640 3572; baseline -0.001 -15"><span class='ocrx_word' id='word_1_722' title='bbox 2059 3517 2182 3557; x_wconf 85' lang='lat' dir='ltr'><strong>vam</strong></span> <span class='ocrx_word' id='word_1_723' title='bbox 2212 3511 2270 3557; x_wconf 91' lang='lat' dir='ltr'><strong>et</strong></span> <span class='ocrx_word' id='word_1_724' title='bbox 2292 3518 2604 3572; x_wconf 89' lang='lat' dir='ltr'><strong>perversam</strong></span> <span class='ocrx_word' id='word_1_725' title='bbox 2631 3503 2871 3572; x_wconf 86' lang='lat' dir='ltr'><strong>linguam</strong></span> <span class='ocrx_word' id='word_1_726' title='bbox 2896 3504 3098 3558; x_wconf 86' lang='lat' dir='ltr'><strong>audiat.</strong></span> <span class='ocrx_word' id='word_1_727' title='bbox 3141 3502 3313 3557; x_wconf 89' lang='lat' dir='ltr'><strong>Ponat</strong></span> <span class='ocrx_word' id='word_1_728' title='bbox 3337 3504 3640 3558; x_wconf 86' lang='lat' dir='ltr'><strong>custodiam</strong></span> 
     </span>
    </p>
   </div>
   <div class='ocr_carea' id='block_1_98' title="bbox 2059 3591 3642 3659">
    <p class='ocr_par' dir='ltr' id='par_1_98' title="bbox 2059 3591 3642 3659">
     <span class='ocr_line' id='line_1_98' title="bbox 2059 3591 3642 3659; baseline 0.001 -13"><span class='ocrx_word' id='word_1_729' title='bbox 2059 3591 2142 3646; x_wconf 91' lang='lat' dir='ltr'><strong>ori</strong></span> <span class='ocrx_word' id='word_1_730' title='bbox 2168 3607 2287 3654; x_wconf 90' lang='lat' dir='ltr'><strong>suo,</strong></span> <span class='ocrx_word' id='word_1_731' title='bbox 2329 3599 2384 3646; x_wconf 90' lang='lat' dir='ltr'><strong>et</strong></span> <span class='ocrx_word' id='word_1_732' title='bbox 2409 3594 2609 3648; x_wconf 85' lang='lat' dir='ltr'><strong>ostium</strong></span> <span class='ocrx_word' id='word_1_733' title='bbox 2640 3594 3043 3649; x_wconf 82' lang='lat' dir='ltr'><strong>circunstantue</strong></span> <span class='ocrx_word' id='word_1_734' title='bbox 3083 3593 3240 3648; x_wconf 89' lang='lat' dir='ltr'><strong>labiis</strong></span> <span class='ocrx_word' id='word_1_735' title='bbox 3269 3595 3404 3659; x_wconf 91' lang='lat' dir='ltr'><strong>suis,</strong></span> <span class='ocrx_word' id='word_1_736' title='bbox 3441 3603 3504 3648; x_wconf 91' lang='lat' dir='ltr'><strong>ut</strong></span> <span class='ocrx_word' id='word_1_737' title='bbox 3545 3609 3642 3648; x_wconf 89' lang='lat' dir='ltr'><strong>non</strong></span> 
     </span>
    </p>
   </div>
   <div class='ocr_carea' id='block_1_99' title="bbox 2061 3683 3645 3750">
    <p class='ocr_par' dir='ltr' id='par_1_99' title="bbox 2061 3683 3645 3750">
     <span class='ocr_line' id='line_1_99' title="bbox 2061 3683 3645 3750; baseline 0.001 -12"><span class='ocrx_word' id='word_1_738' title='bbox 2061 3683 2292 3738; x_wconf 88' lang='lat' dir='ltr'><strong>declinet</strong></span> <span class='ocrx_word' id='word_1_739' title='bbox 2319 3699 2384 3738; x_wconf 91' lang='lat' dir='ltr'><strong>os</strong></span> <span class='ocrx_word' id='word_1_740' title='bbox 2405 3700 2559 3738; x_wconf 90' lang='lat' dir='ltr'><strong>suum</strong></span> <span class='ocrx_word' id='word_1_741' title='bbox 2589 3685 2642 3738; x_wconf 92' lang='lat' dir='ltr'><strong>in</strong></span> <span class='ocrx_word' id='word_1_742' title='bbox 2685 3685 2883 3739; x_wconf 89' lang='lat' dir='ltr'><strong>malum</strong></span> <span class='ocrx_word' id='word_1_743' title='bbox 2922 3686 3168 3750; x_wconf 90' lang='lat' dir='ltr'><strong>verbum,</strong></span> <span class='ocrx_word' id='word_1_744' title='bbox 3199 3687 3266 3739; x_wconf 91' lang='lat' dir='ltr'><strong>ad</strong></span> <span class='ocrx_word' id='word_1_745' title='bbox 3307 3687 3645 3741; x_wconf 76' lang='lat' dir='ltr'><strong>excusandas</strong></span> 
     </span>
    </p>
   </div>
   <div class='ocr_carea' id='block_1_100' title="bbox 2060 3774 3644 3848">
    <p class='ocr_par' dir='ltr' id='par_1_100' title="bbox 2060 3774 3644 3848">
     <span class='ocr_line' id='line_1_100' title="bbox 2060 3774 3644 3848; baseline 0.002 -21"><span class='ocrx_word' id='word_1_746' title='bbox 2060 3774 2437 3829; x_wconf 86' lang='lat' dir='ltr'><strong>excusationes</strong></span> <span class='ocrx_word' id='word_1_747' title='bbox 2465 3776 2519 3828; x_wconf 85' lang='lat' dir='ltr'><strong>in</strong></span> <span class='ocrx_word' id='word_1_748' title='bbox 2549 3777 2807 3844; x_wconf 88' lang='lat' dir='ltr'><strong>peccatis.</strong></span> <span class='ocrx_word' id='word_1_749' title='bbox 2863 3775 3130 3832; x_wconf 86' lang='lat' dir='ltr'><strong>Cobibcat</strong></span> <span class='ocrx_word' id='word_1_750' title='bbox 3157 3776 3396 3848; x_wconf 88' lang='lat' dir='ltr'><strong>linguam</strong></span> <span class='ocrx_word' id='word_1_751' title='bbox 3442 3794 3593 3832; x_wconf 89' lang='lat' dir='ltr'><strong>suam</strong></span> <span class='ocrx_word' id='word_1_752' title='bbox 3615 3793 3644 3830; x_wconf 92' lang='lat' dir='ltr'><strong>a</strong></span> 
     </span>
    </p>
   </div>
   <div class='ocr_carea' id='block_1_101' title="bbox 2062 3864 3646 3941">
    <p class='ocr_par' dir='ltr' id='par_1_101' title="bbox 2062 3864 3646 3941">
     <span class='ocr_line' id='line_1_101' title="bbox 2062 3864 3646 3941; baseline 0.003 -23"><span class='ocrx_word' id='word_1_753' title='bbox 2062 3865 2224 3928; x_wconf 84' lang='lat' dir='ltr'><strong>male,</strong></span> <span class='ocrx_word' id='word_1_754' title='bbox 2251 3873 2308 3918; x_wconf 90' lang='lat' dir='ltr'><strong>et</strong></span> <span class='ocrx_word' id='word_1_755' title='bbox 2354 3864 2494 3920; x_wconf 88' lang='lat' dir='ltr'><strong>labia</strong></span> <span class='ocrx_word' id='word_1_756' title='bbox 2543 3867 2661 3936; x_wconf 87' lang='lat' dir='ltr'><strong>ejus</strong></span> <span class='ocrx_word' id='word_1_757' title='bbox 2688 3883 2758 3922; x_wconf 88' lang='lat' dir='ltr'><strong>ne</strong></span> <span class='ocrx_word' id='word_1_758' title='bbox 2787 3867 3079 3937; x_wconf 88' lang='lat' dir='ltr'><strong>loquantur</strong></span> <span class='ocrx_word' id='word_1_759' title='bbox 3123 3868 3327 3923; x_wconf 91' lang='lat' dir='ltr'><strong>dolum.</strong></span> <span class='ocrx_word' id='word_1_760' title='bbox 3373 3868 3646 3941; x_wconf 85' lang='lat' dir='ltr'><strong>Scriptum</strong></span> 
     </span>
    </p>
   </div>
   <div class='ocr_carea' id='block_1_102' title="bbox 2061 3955 3649 4028">
    <p class='ocr_par' dir='ltr' id='par_1_102' title="bbox 2061 3955 3649 4028">
     <span class='ocr_line' id='line_1_102' title="bbox 2061 3955 3649 4028; baseline 0.004 -20"><span class='ocrx_word' id='word_1_761' title='bbox 2061 3964 2145 4008; x_wconf 89' lang='lat' dir='ltr'><strong>est</strong></span> <span class='ocrx_word' id='word_1_762' title='bbox 2186 3956 2328 4010; x_wconf 90' lang='lat' dir='ltr'><strong>enim</strong></span> <span class='ocrx_word' id='word_1_763' title='bbox 2368 3973 2380 4010; x_wconf 74' lang='grc' dir='ltr'><strong><em>τ</em></strong></span> <span class='ocrx_word' id='word_1_764' title='bbox 2429 3975 2447 4007; x_wconf 74' lang='grc' dir='ltr'><strong>ι</strong></span> <span class='ocrx_word' id='word_1_765' title='bbox 2498 3955 2732 4012; x_wconf 82' lang='lat' dir='ltr'><strong>Verbum</strong></span> <span class='ocrx_word' id='word_1_766' title='bbox 2779 3959 3009 4013; x_wconf 85' lang='lat' dir='ltr'><strong>mendax</strong></span> <span class='ocrx_word' id='word_1_767' title='bbox 3051 3957 3233 4028; x_wconf 82' lang='lat' dir='ltr'><strong>justus</strong></span> <span class='ocrx_word' id='word_1_768' title='bbox 3289 3961 3649 4018; x_wconf 87' lang='lat' dir='ltr'><strong>detestabitur</strong></span> 
     </span>
    </p>
   </div>
   <div class='ocr_carea' id='block_1_103' title="bbox 2064 4044 3645 4122">
    <p class='ocr_par' dir='ltr' id='par_1_103' title="bbox 2064 4044 3645 4122">
     <span class='ocr_line' id='line_1_103' title="bbox 2064 4044 3645 4122; baseline 0.004 -23"><span class='ocrx_word' id='word_1_769' title='bbox 2064 4044 2246 4116; x_wconf 85' lang='lat' dir='ltr'><strong>(Prov.</strong></span> <span class='ocrx_word' id='word_1_770' title='bbox 2279 4046 2420 4119; x_wconf 82' lang='lat' dir='ltr'><strong>xm).</strong></span> <span class='ocrx_word' id='word_1_771' title='bbox 2471 4067 2490 4100; x_wconf 80' lang='grc' dir='ltr'><strong>ι</strong></span> <span class='ocrx_word' id='word_1_772' title='bbox 2529 4048 2631 4104; x_wconf 89' lang='lat' dir='ltr'><strong>Ubi</strong></span> <span class='ocrx_word' id='word_1_773' title='bbox 2677 4061 2856 4105; x_wconf 89' lang='lat' dir='ltr'><strong>autem</strong></span> <span class='ocrx_word' id='word_1_774' title='bbox 2886 4051 3118 4122; x_wconf 90' lang='lat' dir='ltr'><strong>plurima</strong></span> <span class='ocrx_word' id='word_1_775' title='bbox 3159 4053 3322 4106; x_wconf 85' lang='lat' dir='ltr'><strong>verba</strong></span> <span class='ocrx_word' id='word_1_776' title='bbox 3375 4065 3538 4118; x_wconf 89' lang='lat' dir='ltr'><strong>sunt,</strong></span> <span class='ocrx_word' id='word_1_777' title='bbox 3578 4054 3645 4107; x_wconf 87' lang='lat' dir='ltr'><strong>ibi</strong></span> 
     </span>
    </p>
   </div>
   <div class='ocr_carea' id='block_1_104' title="bbox 2064 4133 3652 4210">
    <p class='ocr_par' dir='ltr' id='par_1_104' title="bbox 2064 4133 3652 4210">
     <span class='ocr_line' id='line_1_104' title="bbox 2064 4133 3652 4210; baseline 0.007 -23"><span class='ocrx_word' id='word_1_778' title='bbox 2064 4133 2372 4204; x_wconf 81' lang='lat' dir='ltr'><strong>frequenter</strong></span> <span class='ocrx_word' id='word_1_779' title='bbox 2399 4145 2640 4207; x_wconf 84' lang='lat' dir='ltr'><strong>egestas;</strong></span> <span class='ocrx_word' id='word_1_780' title='bbox 2671 4148 2726 4192; x_wconf 89' lang='lat' dir='ltr'><strong>et</strong></span> <span class='ocrx_word' id='word_1_781' title='bbox 2756 4140 2882 4208; x_wconf 87' lang='lat' dir='ltr'><strong>quia</strong></span> <span class='ocrx_word' id='word_1_782' title='bbox 2913 4149 3201 4210; x_wconf 88' lang='lat' dir='ltr'><strong>utrumque</strong></span> <span class='ocrx_word' id='word_1_783' title='bbox 3225 4157 3454 4198; x_wconf 84' lang='lat' dir='ltr'><strong>necesse</strong></span> <span class='ocrx_word' id='word_1_784' title='bbox 3487 4154 3574 4200; x_wconf 90' lang='lat' dir='ltr'><strong>est</strong></span> <span class='ocrx_word' id='word_1_785' title='bbox 3598 4153 3652 4199; x_wconf 91' lang='lat' dir='ltr'><strong>ut</strong></span> 
     </span>
    </p>
   </div>
   <div class='ocr_carea' id='block_1_105' title="bbox 2066 4226 3648 4300">
    <p class='ocr_par' dir='ltr' id='par_1_105' title="bbox 2066 4226 3648 4300">
     <span class='ocr_line' id='line_1_105' title="bbox 2066 4226 3648 4300; baseline 0.007 -21"><span class='ocrx_word' id='word_1_786' title='bbox 2066 4226 2227 4280; x_wconf 88' lang='lat' dir='ltr'><strong>homo</strong></span> <span class='ocrx_word' id='word_1_787' title='bbox 2252 4227 2549 4282; x_wconf 90' lang='lat' dir='ltr'><strong>catholicus</strong></span> <span class='ocrx_word' id='word_1_788' title='bbox 2576 4237 2632 4282; x_wconf 90' lang='lat' dir='ltr'><strong>et</strong></span> <span class='ocrx_word' id='word_1_789' title='bbox 2659 4245 2878 4284; x_wconf 88' lang='lat' dir='ltr'><strong>sensum</strong></span> <span class='ocrx_word' id='word_1_790' title='bbox 2914 4246 3109 4300; x_wconf 90' lang='lat' dir='ltr'><strong>purum</strong></span> <span class='ocrx_word' id='word_1_791' title='bbox 3137 4234 3335 4287; x_wconf 89' lang='lat' dir='ltr'><strong>habeat</strong></span> <span class='ocrx_word' id='word_1_792' title='bbox 3367 4244 3422 4288; x_wconf 88' lang='lat' dir='ltr'><strong>et</strong></span> <span class='ocrx_word' id='word_1_793' title='bbox 3452 4246 3648 4290; x_wconf 82' lang='lat' dir='ltr'><strong>rectam</strong></span> 
     </span>
    </p>
   </div>
   <div class='ocr_carea' id='block_1_106' title="bbox 2064 4319 3033 4394">
    <p class='ocr_par' dir='ltr' id='par_1_106' title="bbox 2064 4319 3033 4394">
     <span class='ocr_line' id='line_1_106' title="bbox 2064 4319 3033 4394; baseline 0.006 -22"><span class='ocrx_word' id='word_1_794' title='bbox 2064 4319 2412 4384; x_wconf 89' lang='lat' dir='ltr'><strong>locutionem,</strong></span> <span class='ocrx_word' id='word_1_795' title='bbox 2442 4322 2690 4390; x_wconf 90' lang='lat' dir='ltr'><strong>protinus</strong></span> <span class='ocrx_word' id='word_1_796' title='bbox 2717 4322 2991 4394; x_wconf 87' lang='lat' dir='ltr'><strong>subjungit</strong></span> <span class='ocrx_word' id='word_1_797' title='bbox 3021 4343 3033 4378; x_wconf 91' lang='lat'><strong>:</strong></span> 
     </span>
    </p>
   </div>
   <div class='ocr_carea' id='block_1_107' title="bbox 2139 4409 3654 4482">
    <p class='ocr_par' dir='ltr' id='par_1_107' title="bbox 2139 4409 3654 4482">
     <span class='ocr_line' id='line_1_107' title="bbox 2139 4409 3654 4482; baseline 0.005 -20"><span class='ocrx_word' id='word_1_798' title='bbox 2139 4429 2159 4462; x_wconf 71' lang='grc' dir='ltr'><strong>ι</strong></span> <span class='ocrx_word' id='word_1_799' title='bbox 2196 4409 2401 4465; x_wconf 79' lang='lat' dir='ltr'><strong>Aurum</strong></span> <span class='ocrx_word' id='word_1_800' title='bbox 2435 4421 2584 4465; x_wconf 91' lang='lat' dir='ltr'><strong>tuum</strong></span> <span class='ocrx_word' id='word_1_801' title='bbox 2626 4420 2682 4466; x_wconf 92' lang='lat' dir='ltr'><strong>et</strong></span> <span class='ocrx_word' id='word_1_802' title='bbox 2707 4420 2989 4482; x_wconf 87' lang='lat' dir='ltr'><strong>argentum</strong></span> <span class='ocrx_word' id='word_1_803' title='bbox 3028 4413 3222 4481; x_wconf 81' lang='lat' dir='ltr'><strong>conﬂa,</strong></span> <span class='ocrx_word' id='word_1_804' title='bbox 3247 4424 3303 4471; x_wconf 90' lang='lat' dir='ltr'><strong>et</strong></span> <span class='ocrx_word' id='word_1_805' title='bbox 3326 4417 3515 4472; x_wconf 84' lang='lat' dir='ltr'><strong>verbis</strong></span> <span class='ocrx_word' id='word_1_806' title='bbox 3551 4419 3654 4470; x_wconf 86' lang='lat' dir='ltr'><strong>tuis</strong></span> 
     </span>
    </p>
   </div>
   <div class='ocr_carea' id='block_1_108' title="bbox 2073 4501 3651 4572">
    <p class='ocr_par' dir='ltr' id='par_1_108' title="bbox 2073 4501 3651 4572">
     <span class='ocr_line' id='line_1_108' title="bbox 2073 4501 3651 4572; baseline 0.003 -17"><span class='ocrx_word' id='word_1_807' title='bbox 2073 4521 2092 4555; x_wconf 67' lang='grc' dir='ltr'><em>ς</em></span> <span class='ocrx_word' id='word_1_808' title='bbox 2125 4501 2290 4557; x_wconf 91' lang='lat' dir='ltr'><strong>facito</strong></span> <span class='ocrx_word' id='word_1_809' title='bbox 2334 4511 2618 4568; x_wconf 86' lang='lat' dir='ltr'><strong>stateram,</strong></span> <span class='ocrx_word' id='word_1_810' title='bbox 2649 4510 2704 4558; x_wconf 90' lang='lat' dir='ltr'><strong>et</strong></span> <span class='ocrx_word' id='word_1_811' title='bbox 2746 4501 2927 4558; x_wconf 83' lang='lat' dir='ltr'><strong>frenos</strong></span> <span class='ocrx_word' id='word_1_812' title='bbox 2971 4505 3054 4559; x_wconf 89' lang='lat' dir='ltr'><strong>ori</strong></span> <span class='ocrx_word' id='word_1_813' title='bbox 3085 4514 3176 4561; x_wconf 94' lang='lat' dir='ltr'><strong>tuo</strong></span> <span class='ocrx_word' id='word_1_814' title='bbox 3223 4517 3442 4572; x_wconf 90' lang='lat' dir='ltr'><strong>rectos;</strong></span> <span class='ocrx_word' id='word_1_815' title='bbox 3478 4515 3534 4561; x_wconf 89' lang='lat' dir='ltr'><strong>et</strong></span> <span class='ocrx_word' id='word_1_816' title='bbox 3573 4519 3651 4559; x_wconf 69' lang='grc' dir='ltr'>ιιι-</span> 
     </span>
    </p>
   </div>
   <div class='ocr_carea' id='block_1_109' title="bbox 2075 4594 3654 4667">
    <p class='ocr_par' dir='ltr' id='par_1_109' title="bbox 2075 4594 3654 4667">
     <span class='ocr_line' id='line_1_109' title="bbox 2075 4594 3654 4667; baseline 0.003 -21"><span class='ocrx_word' id='word_1_817' title='bbox 2075 4613 2093 4646; x_wconf 73' lang='grc' dir='ltr'><strong>ι</strong></span> <span class='ocrx_word' id='word_1_818' title='bbox 2129 4595 2286 4650; x_wconf 90' lang='lat' dir='ltr'><strong>tende</strong></span> <span class='ocrx_word' id='word_1_819' title='bbox 2317 4611 2387 4650; x_wconf 89' lang='lat' dir='ltr'><strong>ne</strong></span> <span class='ocrx_word' id='word_1_820' title='bbox 2416 4595 2556 4650; x_wconf 87' lang='lat' dir='ltr'><strong>forte</strong></span> <span class='ocrx_word' id='word_1_821' title='bbox 2591 4594 2792 4651; x_wconf 90' lang='lat' dir='ltr'><strong>labaris</strong></span> <span class='ocrx_word' id='word_1_822' title='bbox 2839 4597 2894 4651; x_wconf 87' lang='lat' dir='ltr'><strong>in</strong></span> <span class='ocrx_word' id='word_1_823' title='bbox 2944 4595 3123 4667; x_wconf 87' lang='lat' dir='ltr'><strong>lingua</strong></span> <span class='ocrx_word' id='word_1_824' title='bbox 3156 4607 3268 4662; x_wconf 90' lang='lat' dir='ltr'><strong>tua,</strong></span> <span class='ocrx_word' id='word_1_825' title='bbox 3301 4608 3357 4651; x_wconf 82' lang='lat' dir='ltr'><strong>et</strong></span> <span class='ocrx_word' id='word_1_826' title='bbox 3409 4599 3578 4653; x_wconf 84' lang='lat' dir='ltr'><strong>cadas</strong></span> <span class='ocrx_word' id='word_1_827' title='bbox 3605 4599 3654 4652; x_wconf 91' lang='lat' dir='ltr'><strong>in</strong></span> 
     </span>
    </p>
   </div>
   <div class='ocr_carea' id='block_1_110' title="bbox 2075 4687 3656 4756">
    <p class='ocr_par' dir='ltr' id='par_1_110' title="bbox 2075 4687 3656 4756">
     <span class='ocr_line' id='line_1_110' title="bbox 2075 4687 3656 4756; baseline 0.002 -16"><span class='ocrx_word' id='word_1_828' title='bbox 2075 4704 2093 4738; x_wconf 70' lang='grc' dir='ltr'><strong>ι</strong></span> <span class='ocrx_word' id='word_1_829' title='bbox 2126 4693 2417 4756; x_wconf 90' lang='lat' dir='ltr'><strong>conspectu</strong></span> <span class='ocrx_word' id='word_1_830' title='bbox 2437 4687 2784 4742; x_wconf 90' lang='lat' dir='ltr'><strong>inimicorum</strong></span> <span class='ocrx_word' id='word_1_831' title='bbox 2811 4695 3026 4743; x_wconf 90' lang='lat' dir='ltr'><strong>tuorum</strong></span> <span class='ocrx_word' id='word_1_832' title='bbox 3056 4689 3429 4744; x_wconf 87' lang='lat' dir='ltr'><strong>insidiantium</strong></span> <span class='ocrx_word' id='word_1_833' title='bbox 3457 4691 3575 4755; x_wconf 90' lang='lat' dir='ltr'><strong>tibi,</strong></span> <span class='ocrx_word' id='word_1_834' title='bbox 3606 4698 3656 4744; x_wconf 90' lang='lat' dir='ltr'><strong>et</strong></span> 
     </span>
    </p>
   </div>
   <div class='ocr_carea' id='block_1_111' title="bbox 2075 4775 3655 4832">
    <p class='ocr_par' dir='ltr' id='par_1_111' title="bbox 2075 4775 3655 4832">
     <span class='ocr_line' id='line_1_111' title="bbox 2075 4775 3655 4832; baseline 0.001 -4"><span class='ocrx_word' id='word_1_835' title='bbox 2075 4795 2094 4828; x_wconf 71' lang='grc' dir='ltr'><strong>ι</strong></span> <span class='ocrx_word' id='word_1_836' title='bbox 2131 4775 2204 4831; x_wconf 88' lang='lat' dir='ltr'><strong>sit</strong></span> <span class='ocrx_word' id='word_1_837' title='bbox 2246 4791 2406 4830; x_wconf 89' lang='lat' dir='ltr'><strong>casus</strong></span> <span class='ocrx_word' id='word_1_838' title='bbox 2433 4783 2561 4832; x_wconf 88' lang='lat' dir='ltr'><strong>tuus</strong></span> <span class='ocrx_word' id='word_1_839' title='bbox 2604 4776 2923 4831; x_wconf 88' lang='lat' dir='ltr'><strong>insanabilis</strong></span> <span class='ocrx_word' id='word_1_840' title='bbox 2977 4777 3032 4830; x_wconf 91' lang='lat' dir='ltr'><strong>in</strong></span> <span class='ocrx_word' id='word_1_841' title='bbox 3082 4786 3335 4831; x_wconf 87' lang='lat' dir='ltr'><strong>mortem.</strong></span> <span class='ocrx_word' id='word_1_842' title='bbox 3378 4794 3398 4829; x_wconf 82' lang='grc' dir='ltr'><strong>ι</strong></span> <span class='ocrx_word' id='word_1_843' title='bbox 3450 4776 3655 4831; x_wconf 79' lang='lat' dir='ltr'><strong>Aurum</strong></span> 
     </span>
    </p>
   </div>
   <div class='ocr_carea' id='block_1_112' title="bbox 2069 4866 3655 4939">
    <p class='ocr_par' dir='ltr' id='par_1_112' title="bbox 2069 4866 3655 4939">
     <span class='ocr_line' id='line_1_112' title="bbox 2069 4866 3655 4939; baseline -0.001 -16"><span class='ocrx_word' id='word_1_844' title='bbox 2069 4881 2201 4938; x_wconf 88' lang='lat' dir='ltr'><strong>ergo</strong></span> <span class='ocrx_word' id='word_1_845' title='bbox 2253 4883 2410 4923; x_wconf 89' lang='lat' dir='ltr'><strong>suum</strong></span> <span class='ocrx_word' id='word_1_846' title='bbox 2464 4877 2626 4939; x_wconf 88' lang='lat' dir='ltr'><strong>atque</strong></span> <span class='ocrx_word' id='word_1_847' title='bbox 2687 4877 2966 4939; x_wconf 88' lang='lat' dir='ltr'><strong>argentum</strong></span> <span class='ocrx_word' id='word_1_848' title='bbox 3023 4866 3240 4932; x_wconf 75' lang='lat' dir='ltr'><strong>confiat,</strong></span> <span class='ocrx_word' id='word_1_849' title='bbox 3287 4869 3381 4939; x_wconf 90' lang='lat' dir='ltr'><strong>qui</strong></span> <span class='ocrx_word' id='word_1_850' title='bbox 3441 4883 3655 4925; x_wconf 84' lang='lat' dir='ltr'><strong>sensum</strong></span> 
     </span>
    </p>
   </div>
   <div class='ocr_carea' id='block_1_113' title="bbox 2073 4957 3657 5032">
    <p class='ocr_par' dir='ltr' id='par_1_113' title="bbox 2073 4957 3657 5032">
     <span class='ocr_line' id='line_1_113' title="bbox 2073 4957 3657 5032; baseline 0.002 -21"><span class='ocrx_word' id='word_1_851' title='bbox 2073 4965 2470 5027; x_wconf 89' lang='lat' dir='ltr'><strong>tractatumque</strong></span> <span class='ocrx_word' id='word_1_852' title='bbox 2517 4957 2700 5012; x_wconf 90' lang='lat' dir='ltr'><strong>cordis</strong></span> <span class='ocrx_word' id='word_1_853' title='bbox 2753 4959 2834 5013; x_wconf 89' lang='lat' dir='ltr'><strong>sui</strong></span> <span class='ocrx_word' id='word_1_854' title='bbox 2887 4969 2942 5012; x_wconf 91' lang='lat' dir='ltr'><strong>et</strong></span> <span class='ocrx_word' id='word_1_855' title='bbox 2997 4958 3322 5014; x_wconf 88' lang='lat' dir='ltr'><strong>locutionem</strong></span> <span class='ocrx_word' id='word_1_856' title='bbox 3375 4959 3495 5016; x_wconf 87' lang='lat' dir='ltr'><strong>oris</strong></span> <span class='ocrx_word' id='word_1_857' title='bbox 3543 4960 3657 5032; x_wconf 87' lang='lat' dir='ltr'><strong>igne</strong></span> 
     </span>
    </p>
   </div>
   <div class='ocr_carea' id='block_1_114' title="bbox 2072 5047 3655 5121">
    <p class='ocr_par' dir='ltr' id='par_1_114' title="bbox 2072 5047 3655 5121">
     <span class='ocr_line' id='line_1_114' title="bbox 2072 5047 3655 5121; baseline 0.002 -19"><span class='ocrx_word' id='word_1_858' title='bbox 2072 5047 2306 5117; x_wconf 85' lang='lat' dir='ltr'><strong>Spiritus</strong></span> <span class='ocrx_word' id='word_1_859' title='bbox 2351 5048 2522 5102; x_wconf 89' lang='lat' dir='ltr'><strong>sancti</strong></span> <span class='ocrx_word' id='word_1_860' title='bbox 2571 5049 2934 5103; x_wconf 75' lang='lat' dir='ltr'><strong>examinanda</strong></span> <span class='ocrx_word' id='word_1_861' title='bbox 2967 5057 3201 5121; x_wconf 85' lang='lat' dir='ltr'><strong>purgat,</strong></span> <span class='ocrx_word' id='word_1_862' title='bbox 3233 5059 3294 5104; x_wconf 91' lang='lat' dir='ltr'><strong>ut</strong></span> <span class='ocrx_word' id='word_1_863' title='bbox 3324 5051 3544 5105; x_wconf 86' lang='lat' dir='ltr'><strong>veritati</strong></span> <span class='ocrx_word' id='word_1_864' title='bbox 3573 5064 3655 5105; x_wconf 82' lang='lat' dir='ltr'><strong>ca-</strong></span> 
     </span>
    </p>
   </div>
   <div class='ocr_carea' id='block_1_115' title="bbox 2071 5137 3657 5209">
    <p class='ocr_par' dir='ltr' id='par_1_115' title="bbox 2071 5137 3657 5209">
     <span class='ocr_line' id='line_1_115' title="bbox 2071 5137 3657 5209; baseline 0 -17"><span class='ocrx_word' id='word_1_865' title='bbox 2071 5137 2283 5192; x_wconf 67' lang='lat' dir='ltr'><strong>tholicae</strong></span> <span class='ocrx_word' id='word_1_866' title='bbox 2311 5137 2467 5202; x_wconf 87' lang='lat' dir='ltr'><strong>fidei,</strong></span> <span class='ocrx_word' id='word_1_867' title='bbox 2499 5147 2554 5192; x_wconf 89' lang='lat' dir='ltr'><strong>et</strong></span> <span class='ocrx_word' id='word_1_868' title='bbox 2580 5137 2777 5208; x_wconf 78' lang='lat' dir='ltr'><strong>regula:</strong></span> <span class='ocrx_word' id='word_1_869' title='bbox 2811 5153 3090 5193; x_wconf 88' lang='lat' dir='ltr'><strong>sacrarum</strong></span> <span class='ocrx_word' id='word_1_870' title='bbox 3128 5137 3537 5209; x_wconf 87' lang='lat' dir='ltr'><strong>Scripturarum</strong></span> <span class='ocrx_word' id='word_1_871' title='bbox 3565 5153 3657 5209; x_wconf 88' lang='lat' dir='ltr'><strong>per</strong></span> 
     </span>
    </p>
   </div>
   <div class='ocr_carea' id='block_1_116' title="bbox 2071 5228 3654 5299">
    <p class='ocr_par' dir='ltr' id='par_1_116' title="bbox 2071 5228 3654 5299">
     <span class='ocr_line' id='line_1_116' title="bbox 2071 5228 3654 5299; baseline -0.001 -17"><span class='ocrx_word' id='word_1_872' title='bbox 2071 5228 2251 5283; x_wconf 90' lang='lat' dir='ltr'><strong>omnia</strong></span> <span class='ocrx_word' id='word_1_873' title='bbox 2286 5243 2515 5283; x_wconf 89' lang='lat' dir='ltr'><strong>concors</strong></span> <span class='ocrx_word' id='word_1_874' title='bbox 2563 5229 2684 5292; x_wconf 82' lang='lat' dir='ltr'><strong>fiat;</strong></span> <span class='ocrx_word' id='word_1_875' title='bbox 2731 5230 2822 5299; x_wconf 92' lang='lat' dir='ltr'><strong>qui</strong></span> <span class='ocrx_word' id='word_1_876' title='bbox 2852 5238 3030 5284; x_wconf 88' lang='lat' dir='ltr'><strong>autem</strong></span> <span class='ocrx_word' id='word_1_877' title='bbox 3070 5244 3383 5284; x_wconf 86' lang='lat' dir='ltr'><strong>sermonum</strong></span> <span class='ocrx_word' id='word_1_878' title='bbox 3435 5245 3654 5284; x_wconf 87' lang='lat' dir='ltr'><strong>suorum</strong></span> 
     </span>
    </p>
   </div>
   <div class='ocr_carea' id='block_1_117' title="bbox 2071 5319 3654 5391">
    <p class='ocr_par' dir='ltr' id='par_1_117' title="bbox 2071 5319 3654 5391">
     <span class='ocr_line' id='line_1_117' title="bbox 2071 5319 3654 5391; baseline -0.002 -17"><span class='ocrx_word' id='word_1_879' title='bbox 2071 5319 2336 5374; x_wconf 88' lang='lat' dir='ltr'><strong>cautelam</strong></span> <span class='ocrx_word' id='word_1_880' title='bbox 2384 5320 2588 5374; x_wconf 88' lang='lat' dir='ltr'><strong>habere</strong></span> <span class='ocrx_word' id='word_1_881' title='bbox 2631 5335 2737 5375; x_wconf 90' lang='lat' dir='ltr'><strong>non</strong></span> <span class='ocrx_word' id='word_1_882' title='bbox 2779 5331 2964 5387; x_wconf 87' lang='lat' dir='ltr'><strong>curat,</strong></span> <span class='ocrx_word' id='word_1_883' title='bbox 2997 5336 3338 5391; x_wconf 88' lang='lat' dir='ltr'><strong>consequens</strong></span> <span class='ocrx_word' id='word_1_884' title='bbox 3366 5329 3450 5376; x_wconf 81' lang='lat' dir='ltr'><strong>est</strong></span> <span class='ocrx_word' id='word_1_885' title='bbox 3497 5330 3556 5374; x_wconf 91' lang='lat' dir='ltr'><strong>ut</strong></span> <span class='ocrx_word' id='word_1_886' title='bbox 3603 5319 3654 5372; x_wconf 91' lang='lat' dir='ltr'><strong>in</strong></span> 
     </span>
    </p>
   </div>
   <div class='ocr_carea' id='block_1_118' title="bbox 2072 5409 3651 5482">
    <p class='ocr_par' dir='ltr' id='par_1_118' title="bbox 2072 5409 3651 5482">
     <span class='ocr_line' id='line_1_118' title="bbox 2072 5409 3651 5482; baseline -0.001 -19"><span class='ocrx_word' id='word_1_887' title='bbox 2072 5419 2362 5478; x_wconf 90' lang='lat' dir='ltr'><strong>conspectu</strong></span> <span class='ocrx_word' id='word_1_888' title='bbox 2394 5409 2737 5463; x_wconf 89' lang='lat' dir='ltr'><strong>inimicorum</strong></span> <span class='ocrx_word' id='word_1_889' title='bbox 2763 5425 3008 5475; x_wconf 89' lang='lat' dir='ltr'><strong>suorum,</strong></span> <span class='ocrx_word' id='word_1_890' title='bbox 3034 5411 3135 5466; x_wconf 89' lang='lat' dir='ltr'><strong>hoc</strong></span> <span class='ocrx_word' id='word_1_891' title='bbox 3159 5422 3267 5474; x_wconf 86' lang='lat' dir='ltr'><strong>est,</strong></span> <span class='ocrx_word' id='word_1_892' title='bbox 3298 5410 3651 5482; x_wconf 83' lang='lat' dir='ltr'><strong>malignorqu</strong></span> 
     </span>
    </p>
   </div>
   <div class='ocr_carea' id='block_1_119' title="bbox 2069 5500 3651 5572">
    <p class='ocr_par' dir='ltr' id='par_1_119' title="bbox 2069 5500 3651 5572">
     <span class='ocr_line' id='line_1_119' title="bbox 2069 5500 3651 5572; baseline -0.001 -18"><span class='ocrx_word' id='word_1_893' title='bbox 2069 5501 2360 5571; x_wconf 88' lang='lat' dir='ltr'><strong>spirituum</strong></span> <span class='ocrx_word' id='word_1_894' title='bbox 2385 5501 2488 5555; x_wconf 89' lang='lat' dir='ltr'><strong>sibi</strong></span> <span class='ocrx_word' id='word_1_895' title='bbox 2515 5500 2887 5555; x_wconf 88' lang='lat' dir='ltr'><strong>insidiantium</strong></span> <span class='ocrx_word' id='word_1_896' title='bbox 2915 5511 3135 5555; x_wconf 88' lang='lat' dir='ltr'><strong>corruat</strong></span> <span class='ocrx_word' id='word_1_897' title='bbox 3163 5520 3174 5555; x_wconf 95' lang='lat'>:</span> <span class='ocrx_word' id='word_1_898' title='bbox 3205 5501 3365 5557; x_wconf 82' lang='lat' dir='ltr'><strong>etiam</strong></span> <span class='ocrx_word' id='word_1_899' title='bbox 3392 5502 3509 5572; x_wconf 85' lang='lat' dir='ltr'><strong>ejus</strong></span> <span class='ocrx_word' id='word_1_900' title='bbox 3567 5513 3651 5553; x_wconf 80' lang='lat' dir='ltr'><strong>ca-</strong></span> 
     </span>
    </p>
   </div>
   <div class='ocr_carea' id='block_1_120' title="bbox 2076 5594 3183 5664">
    <p class='ocr_par' dir='ltr' id='par_1_120' title="bbox 2076 5594 3183 5664">
     <span class='ocr_line' id='line_1_120' title="bbox 2076 5594 3183 5664; baseline 0 -14"><span class='ocrx_word' id='word_1_901' title='bbox 2076 5610 2170 5651; x_wconf 88' lang='lat' dir='ltr'><strong>sus</strong></span> <span class='ocrx_word' id='word_1_902' title='bbox 2200 5594 2255 5650; x_wconf 92' lang='lat' dir='ltr'><strong>in</strong></span> <span class='ocrx_word' id='word_1_903' title='bbox 2280 5602 2454 5651; x_wconf 88' lang='lat' dir='ltr'><strong>morte</strong></span> <span class='ocrx_word' id='word_1_904' title='bbox 2475 5603 2732 5664; x_wconf 86' lang='lat' dir='ltr'><strong>perpetua</strong></span> <span class='ocrx_word' id='word_1_905' title='bbox 2757 5595 3072 5652; x_wconf 71' lang='lat' dir='ltr'><strong>insanabilis</strong></span> <span class='ocrx_word' id='word_1_906' title='bbox 3101 5607 3183 5650; x_wconf 82' lang='lat' dir='ltr'><strong>est</strong></span> 
     </span>
    </p>
   </div>
  </div>
