3902 6162
322 250 433 311 ⁸973
1172 245 1532 304 cum.
1568 246 1640 303 1N
1676 237 2295 305 KCCLESIASTICUI.
2335 277 2402 288 --
2442 245 2571 302 LIB.
2611 244 2724 301 VII.

948 359 1177 417 CAPUT
1212 361 1283 417 Χ.

325 456 407 514 De
449 454 655 527 fenore,
683 459 739 507 et
777 449 907 522 quid
954 450 1457 577 ἰταεέέεῇοηάιηιι
1505 452 1576 507 sit
1605 452 1795 525 quidue
1845 454 1915 506 ri-

400 637 553 711 (ϐυ.
580 636 760 710 nix.)
795 657 813 689 ι
845 637 949 705 Qui
977 637 1108 692 facit
1157 635 1613 702 misericordiam,
1643 636 1925 694 fenerator

331 749 354 783 ι
387 726 642 801 proximo
680 744 812 794 suo;
861 739 917 783 et
960 726 1052 798 qui
1101 727 1359 797 praevalet
1405 743 1608 793 manu,
1666 729 1923 783 mandata

328 841 355 874 4
396 829 603 877 servat.
647 842 667 874 ι
720 820 986 885 Hortatur
1029 821 1300 891 sapientia
1356 821 1634 877 auditores
1678 836 1808 878 suos
1854 822 1925 878 ad

332 914 722 984 benignitatem
747 912 1159 977 misericordiae,
1191 920 1249 967 et
1270 910 1338 967 ad
1381 911 1691 981 largitatem
1719 912 1925 969 beneﬂ-

322 1005 546 1070 «centiae,
571 1002 867 1059 ostendens
912 1001 994 1057 eis
1053 1002 1196 1072 quod
1246 1002 1338 1073 qui
1398 1011 1680 1073 promptus
1724 1003 1800 1058 sit
1854 1004 1924 1059 ad

326 1093 767 1151 misericordiam
790 1131 808 1159 ,
853 1100 909 1148 ct
943 1092 1128 1164 largus
1149 1092 1216 1147 ad
1240 1091 1583 1163 prmbcudam
1621 1092 1923 1167 eleemosy-

336 1201 482 1252 uam,
506 1184 818 1240 mandatum
847 1183 940 1240 Dei
965 1192 1165 1249 servet,
1188 1193 1351 1253 atque
1370 1198 1475 1254 pro
1493 1184 1597 1239 hoc
1619 1188 1923 1241 mercedem

337 1278 529 1333 bonam
558 1275 663 1331 sibi
693 1275 747 1330 in
778 1275 962 1330 futuro
985 1283 1284 1344 pramaret;
1310 1274 1385 1330 ait
1412 1274 1557 1330 enim
1594 1278 1710 1346 ipse
1736 1276 1923 1330 Domi-

335 1386 436 1424 nus
464 1386 480 1421 :
519 1388 540 1419 ι
567 1367 669 1436 Qui
693 1367 829 1438 petit
854 1382 885 1422 a
917 1375 992 1429 te,
1025 1367 1093 1421 da
1121 1367 1203 1431 ei;
1233 1377 1289 1422 et
1330 1367 1533 1424 volenti
1583 1376 1758 1423 tecum
1801 1384 1922 1424 mu-

325 1460 478 1516 tuari
519 1478 586 1516 ne
634 1460 905 1516 averseris
955 1459 1175 1530 (Matth.
1197 1462 1289 1532 v);
1335 1482 1355 1515 ι
1388 1472 1443 1517 et
1498 1463 1672 1519 item:
1708 1483 1727 1514 ι
1766 1464 1924 1528 Date,

338 1556 533 1624 inquit,
559 1563 615 1608 et
659 1552 879 1607 dabitur
933 1552 1087 1609 vobis
1116 1552 1273 1625 (Luc.
1297 1553 1401 1623 ut).
1454 1575 1479 1607 ι
1512 1553 1624 1610 Sed
1667 1556 1923 1625 quoniam

3505 252 3609 313 97'.

1948 362 2001 422 Α
2030 376 2055 411 ι
2097 359 2327 431 pecunia
2357 376 2478 427 sua,
2507 368 2565 414 et
2583 359 2880 430 possidebit
2903 357 3052 414 illum
3103 360 3381 421 inimicum
3421 366 3609 435 gratis,

2029 472 2052 507 ι
2086 464 2144 509 et
2169 455 2407 511 convitia
2436 464 2490 511 et
2523 455 2808 510 maledicta
2838 456 3027 511 reddet
3056 455 3167 523 illi,
3199 468 3255 513 et
3276 472 3378 528 pro
3403 458 3613 517 honore

2031 561 2051 595 ι
2090 552 2149 598 et
2178 543 2443 600 beneﬁcio
2468 544 2656 600 reddet
2682 544 2755 598 illi
2795 544 3197 604 contumeliam.
3238 566 3258 600 ι
3293 546 3610 621 "ejusmodi

2020 649 2156 705 ergo
2194 635 2450 712 morbum
2492 637 2750 706 nequitim
2795 652 2903 692 non
2954 637 3059 692 alia
3091 654 3180 694 res
3211 639 3404 696 melius
3432 655 3614 710 curat,

2024 741 2187 797 quam
2216 726 2381 782 timor
2400 728 2938 799 majestatisdivioaa.
2968 729 3074 796 Qui
3097 744 3227 797 ergo
3270 731 3439 785 Deum
3468 748 3616 787 sem-

2016 832 2123 888 per
2156 819 2209 873 in
2239 820 2404 874 corde
2434 820 2597 875 habet
2620 830 2967 890 praesulem,
2994 822 3223 880 nimium
3278 824 3611 893 pertimescit

2013 918 2216 964 contra
2245 909 2411 965 ullum
2438 909 2713 964 hominem
2745 910 2799 965 in
2829 909 3007 981 aliqua
3037 927 3098 967 re
3126 921 3443 983 perpetrare
3470 912 3617 969 frau-

2025 1000 2170 1055 dent.

2102 1111 2121 1145 ι
2166 1091 2317 1148 Multi
2367 1109 2474 1150 non
2522 1109 2687 1150 causa
2741 1095 2999 1166 nequitiae
3048 1095 3471 1166 (oneraverunt,
3522 1099 3619 1155 sed

2032 1204 2050 1236 ι
2085 1185 2327 1242 fraudari
2362 1188 2538 1259 gratis
2577 1189 2891 1245 timuerunt.
2930 1210 2953 1243 ι
3000 1189 3113 1246 Hac
3146 1192 3311 1263 igitur
3346 1197 3615 1249 sententia

2028 1276 2243 1332 illorum
2273 1280 2590 1349 qualitatem
2615 1281 2904 1352 exprimrt,
2942 1282 3034 1353 qui
3078 1283 3202 1339 dolo
3236 1285 3490 1356 nequitiae
3520 1303 3617 1341 ne-

2028 1367 2230 1422 minem
2268 1367 2465 1424 laedere
2499 1379 2787 1440 appetunt;
2832 1370 2930 1427 sed
2979 1371 3032 1426 in
3081 1373 3187 1428 hoc
3233 1373 3619 1444 vituperabilcs

2026 1470 2173 1525 sunt,
2195 1461 2338 1530 quod
2367 1461 2490 1517 aliis
2508 1471 2732 1534 propter
2760 1463 3011 1519 timorem
3041 1465 3405 1534 periturarum
3437 1482 3618 1521 rerum

2021 1551 2287 1621 prodesse
2312 1552 2523 1607 nolunt.
2556 1553 2712 1609 Unde
2732 1563 2923 1609 contra
2950 1555 3054 1610 hoc
3079 1555 3285 1610 malum
3311 1555 3621 1612 misericor-

330 1660 518 1700 euram
536 1642 658 1699 Deo
683 1642 894 1715 justum
924 1656 1008 1698 est
1035 1651 1097 1698 ut
1122 1644 1348 1713 aequitas
1381 1644 1435 1699 in
1455 1645 1708 1700 omnibus
1740 1659 1927 1701 serve-
2028 1638 2133 1694 dite
2153 1648 2210 1694 et
2240 1641 2523 1699 citat-italis
2548 1643 2762 1699 medela
2790 1647 3107 1715 opponenda
3131 1654 3243 1712 est,
3273 1654 3330 1702 et
3360 1648 3617 1702 recorda-

334 1745 445 1801 tur,
470 1737 573 1792 hoc
591 1746 697 1800 est,
726 1744 787 1790 ut
833 1735 1096 1805 indigenti
1123 1735 1374 1807 proximo
1423 1734 1579 1791 fenus
1599 1744 1922 1805 praestetur;
1955 1716 2002 1776 Β
2031 1729 2107 1785 tio
2135 1729 2279 1786 illius
2308 1732 2602 1788 Dominicte
2629 1737 2932 1802 sententiae,
2960 1751 3067 1807 qua
3094 1736 3173 1791 ait
3204 1754 3219 1791 :
3251 1756 3268 1787 ι
3301 1736 3478 1792 Nolite
3505 1739 3623 1793 the-

337 1841 392 1885 et
418 1831 614 1886 iterum
666 1829 960 1886 feneratori
1009 1829 1114 1892 ille,
1152 1830 1244 1899 qui
1297 1839 1541 1885 mutuum
1587 1830 1815 1901 accepit,
1838 1828 1931 1899 jus

339 1935 496 1974 suum
523 1921 875 1986 reddat,cuni
898 1927 1085 1975 tamen
1132 1919 1285 1975 multi
1308 1920 1420 1975 sint
1438 1920 1528 1991 qui
1584 1918 1828 1977 fraudem
1872 1920 1927 1977 in

334 2012 634 2067 funerando
666 2010 892 2076 faciunt,
918 2025 987 2066 ne
1027 2009 1205 2080 aliqua
1238 2010 1386 2067 fraus
1415 2010 1510 2067 fiat
1532 2012 1590 2067 in
1623 2011 1736 2068 ullo
1774 2026 1927 2068 com-

334 2100 559 2160 mercio,
584 2100 833 2170 protinus
852 2098 1151 2170 subiungit,
1175 2101 1402 2157 dicens:

415 2208 433 2240 ι
476 2189 746 2246 Fenerare
784 2192 1041 2262 :proximo
1071 2199 1164 2247 tuo
1202 2192 1257 2247 in
1292 2199 1545 2262 tempore
1587 2193 1931 2249 necessitatis

343 2299 367 2331 ι
408 2280 657 2343 illius,-et
704 2281 900 2339 iterum
928 2282 1096 2337 redde
1140 2282 1388 2354 proximo
1430 2283 1485 2337 in
1532 2291 1774 2354 tempore
1805 2299 1924 2340 suo.

344 2387 364 2421 ι
400 2368 674 2426 tlonl‘trma
707 2373 968 2438 verbum,
998 2380 1055 2427 et
1085 2370 1318 2428 ﬁdeliter
1345 2387 1446 2443 age
1476 2388 1601 2428 cum
1628 2372 1752 2440 illo;
1783 2382 1839 2430 et
1874 2374 1929 2429 in

346 2477 365 2510 ι
406 2459 554 2514 omni
605 2466 849 2530 tempore
899 2460 1146 2517 invenies
1207 2460 1353 2530 quod
1406 2461 1503 2516 tibi
1561 2463 1930 2519 necessarium

340 2568 366 2603 ι
406 2559 510 2606 est.
553 2568 574 2603 ι
598 2548 665 2605 Si
686 2550 837 2606 enim
870 2551 1000 2608 fides
1020 2560 1075 2608 et
1086 2552 1305 2624 justitia
1322 2553 1392 2607 ab
1417 2560 1671 2622 utroque,
1697 2554 1803 2610 hoc
1822 2564 1933 2621 est,

339 2658 369 2695 a
397 2644 676 2697 t‘encrante
699 2649 757 2697 et
784 2651 1028 2696 mutuum
1057 2642 1378 2712 accipiente,
1402 2651 1674 2709 servatur,
1708 2652 1764 2699 et
1786 2646 1932 2701 nulla

336 2732 493 2787 fraus
533 2732 586 2787 in
632 2747 821 2788 eorum
868 2733 1088 2804 negotio
1134 2734 1397 2792 dominari
1444 2734 1820 2803 permittitur,
1872 2736 1933 2790 in

341 2823 489 2878 omni
542 2831 784 2894 tempore
809 2824 1086 2879 invenient
1110 2824 1255 2895 quod
1276 2824 1381 2880 sibi
1416 2824 1786 2881 necessarium
1825 2833 1931 2892 est,

342 2913 467 2984 quia
522 2914 753 2985 gratiam
800 2913 893 2969 Dei
950 2914 1250 2981 habebunt,
1283 2929 1406 2985 qua:
1434 2914 1698 2971 omnium
1750 2929 1932 2982 rerum

334 3004 765 3061 emolumentum
814 3005 1109 3061 maximum
1153 3014 1274 3072 est;
1304 3007 1384 3061 ait
1416 3007 1562 3062 enim
1586 3005 1703 3077 ipse
1744 3006 1931 3062 Domi-

339 3114 485 3153 niis:
521 3115 541 3150 ¢
573 3096 818 3153 Primum
866 3098 1092 3168 qumrite
1137 3113 1364 3168 regnum
1417 3098 1513 3154 Dei
1563 3106 1621 3154 et
1657 3096 1928 3168 justitiam

344 3189 484 3261 ejus,
508 3197 564 3245 et
586 3189 703 3247 haec
727 3189 908 3246 omnia
935 3188 1271 3260 .adjicientur
1306 3188 1461 3245 vobis
1492 3187 1725 3261 (Matth.
1767 3187 1868 3261 vr).
1905 3209 1925 3242 ι

344 3282 454 3336 Sed
475 3279 732 3352 quoniam
762 3279 915 3335 multi
938 3287 1071 3336 sunt
1092 3279 1354 3350 qui'banc
1373 3294 1471 3348 per
1497 3277 1607 3335 doli
1635 3279 1934 3350 nequitiam

340 3371 620 3442 perdunt,
647 3369 1075 3426 machinationes
1096 3384 1285 3426 eorum
1314 3377 1371 3424 et
1392 3383 1576 3427 mores
1602 3367 1663 3425 in
1698 3384 1935 3440 sequen-

345 3464 491 3519 tibus
511 3463 788 3519 describit.

421 3577 441 3608 ι
471 3555 631 3611 Iulli
679 3554 835 3625 quasi
890 3554 1256 3611 inventionem
1305 3552 1714 3609 :estimaverunt
1750 3552 1930 3618 fenus,

344 3665 373 3700 ι
418 3646 869 3716 etprtestiterunt
913 3643 1221 3700 molestiam
1273 3643 1360 3700 his
1388 3643 1480 3715 qui
1507 3658 1568 3699 se
1590 3642 1931 3715 adiuverunt.

351 3755 373 3790 ι
417 3736 932 3808 Douecaccipiant,
953 3733 1269 3791 osculantur
1309 3750 1530 3789 manum
1574 3733 1775 3800 dantis,
1796 3742 1855 3789 ct
1879 3733 1937 3787 in

350 3850 372 3881 ε
407 3828 870 3900 promissionibus
923 3827 1213 3884 humiliant
1256 3841 1448 3883 vocem
1495 3840 1650 3883 suam
1697 3865 1711 3881 .
1770 3834 1826 3881 et
1878 3825 1938 3881 in

354 3940 375 3974 ι
424 3931 671 3991 tempore
690 3920 1008 3976 redditionis
1024 3918 1329 3989 postulabit
1349 3925 1583 3988 tempus,
1604 3923 1660 3972 et
1681 3916 1936 3987 loquetur

355 4030 377 4064 ι
420 4013 585 4067 verba
617 4011 760 4067 ttedii
790 4020 846 4066 et
895 4010 1420 4076 murmurationum,
1455 4016 1511 4064 et
1560 4017 1774 4079 tempus
1800 4023 1934 4065 cau-

346 4121 374 4153 t
421 4102 650 4159 sabitur.
708 4102 768 4158 Si
808 4112 990 4158 autem
1031 4102 1278 4173 potuerit
1319 4101 1577 4166 reddere,
1618 4100 1939 4155 adversatur

347 4213 376 4245 4
419 4193 612 4261 solide,
643 4194 730 4249 vix
781 4194 970 4253 reddet
993 4194 1299 4259 dimidium,
1323 4201 1381 4249 et
1420 4192 1755 4262 computahit
1807 4191 1939 4250 illud

356 4304 377 4339 ο
423 4288 580 4356 quasi
638 4286 1022 4343 inventionem.
1072 4284 1168 4341 Sin
1198 4293 1419 4351 autem,
1467 4283 1740 4340 (laudabit
1786 4284 1935 4341 illum

358 4458 773 4477 ,μ’

2030 1821 2309 1878 aaurizare
2345 1824 2501 1880 vobis
2544 1824 2833 1882 thesauros
2875 1826 2933 1883 in
2975 1835 3154 1892 terra,
3202 1826 3296 1882 ubi
3340 1843 3521 1898 ωιῚιιζο
3569 1837 3624 1884 et

2024 1912 2176 1969 tinea
2206 1913 2531 1981 demolitur,
2570 1925 2625 1971 et
2653 1916 2745 1972 ubi
2776 1917 2930 1974 fures
2969 1918 3233 1974 effodiunt
3259 1928 3316 1974 et
3350 1918 3620 1974 furantur.

2032 2004 2423 2062 Thesaurizate
2451 2017 2633 2063 autem
2663 2009 2818 2065 vobis
2846 2011 3132 2067 thesauros
3153 2011 3206 2065 in
3230 2011 3389 2077 caelo,
3412 2012 3505 2067 tibi
3532 2027 3627 2067 ne—

2029 2112 2138 2169 que
2166 2112 2378 2169 arugo,
2406 2114 2582 2168 neque
2617 2101 2762 2155 tinea
2790 2100 3106 2164 demolitur,
3139 2108 3193 2155 et
3219 2101 3309 2156 ubi
3337 2101 3486 2158 fures
3515 2118 3623 2158 non

2028 2185 2296 2243 effodiunt
2328 2202 2427 2244 nec
2459 2188 2710 2243 furantur
2736 2187 2954 2259 (Matth.
2985 2189 3075 2261 vi)
3122 2209 3140 2240 ι
3173 2189 3309 2245 Hinc
3334 2189 3462 2245 alibi
3495 2192 3618 2263 legi-

2031 2285 2123 2330 tur
2142 2276 2209 2332 de
2232 2275 2473 2345 ejusdem
2503 2277 2788 2334 cbaritatis
2814 2278 3088 2348 opulentia
3119 2298 3134 2333 :
3168 2297 3188 2331 ς
3218 2279 3377 2335 Omni
3406 2281 3624 2338 habenti

2032 2366 2270 2433 dabitur,
2299 2378 2353 2424 et
2383 2368 2681 2424 abundabit
2714 2387 2728 2425 :
2760 2369 2811 2426 ei
2837 2377 3018 2425 autem
3047 2369 3140 2440 qui
3162 2385 3272 2424 non
3299 2370 3483 2437 habet,
3520 2374 3624 2429 hoc

2030 2460 2176 2529 quod
2217 2460 2432 2516 videtur
2461 2462 2664 2519 habere
2690 2461 2971 2518 auferetur
2992 2462 3064 2519 ab
3089 2475 3156 2518 eo
3182 2480 3198 2516 :
3228 2463 3315 2519 cui
3344 2464 3507 2520 etiam
3537 2480 3624 2521 sc.

2032 2566 2204 2622 quens
2220 2552 2591 2609 testimonium
2622 2554 2939 2610 concordat.

2113 2662 2133 2695 ι
2170 2643 2557 2701 Verumtamen
2583 2660 2746 2715 super
2772 2646 3030 2702 humilem
3056 2630 3246 2704 animo
3265 2645 3461 2703 fortior
3483 2656 3621 2712 esto,

2039 2755 2059 2790 ι
2096 2746 2150 2792 et
2176 2752 2280 2806 pro
2317 2737 2661 2808 eleemosyua
2698 2753 2812 2794 non
2853 2739 3041 2795 trahas
3069 2738 3247 2794 illum.
3288 2759 3315 2792 ν»
3362 2738 3459 2794 Est
3494 2753 3627 2810 ergo

2035 2828 2408 2884 misericordia
2441 2829 2591 2886 omni
2634 2829 2901 2900 indigenti
2949 2830 3143 2887 devoto
3186 2830 3374 2887 animo
3413 2831 3625 2901 impen-

2035 2919 2241 2984 denda,
2284 2934 2384 2975 nec
2426 2929 2654 2990 propter
2695 2920 3047 2991 pecuniarum
3088 2934 3336 2976 antorem
3383 2920 3627 2977 charitas

2035 3012 2272 3084 proximi
2300 3014 2616 3068 amittenda.
2653 3031 2671 3063 ι
2700 3011 2806 3081 Qui
2829 3010 2975 3067 enim
2999 3010 3195 3066 viderit
3214 3010 3443 3067 fratrem
3468 3026 3627 3066 suum

2039 3104 2424 3161 necessitatem
2454 3103 2652 3157 habere
2671 3142 2688 3165 ,
2721 3109 2777 3156 et
2801 3100 3292 3157 clauseritviscera
3318 3116 3414 3157 sua
3445 3102 3514 3156 ab
3540 3115 3628 3161 cn,

2041 3192 2314 3264 quomodo
2337 3192 2583 3248 cbaritas
2620 3191 2711 3248 Dei
2752 3201 2936 3247 manet
2970 3190 3026 3246 in
3061 3191 3173 3246 eo?
3211 3212 3232 3245 ι
3265 3191 3419 3265 Qupd
3444 3199 3628 3246 autem

2033 3297 2140 3354 pro
2160 3281 2505 3355 eieemosyua
2533 3291 2588 3337 et
2628 3281 2815 3341 fenore
2844 3281 2975 3338 dato
3008 3296 3113 3337 non
3142 3290 3229 3338 est
3262 3296 3468 3353 pauper
3492 3281 3630 3337 allii-

2042 3375 2275 3448 gendus,
2298 3373 2536 3431 ostendit
2559 3372 2860 3443 Scriptura,
2892 3373 3081 3429 dicens
3111 3391 3125 3427 :
3159 3391 3179 3423 ι
3210 3371 3349 3427 Cum
3375 3369 3578 3442 repetis
3598 3384 3633 3426 a

2038 3467 2292 3537 proximo
2323 3479 2439 3521 rem
2477 3464 2719 3535 aliquam
2744 3478 2908 3535 quam
2940 3463 3100 3519 debet
3130 3462 3267 3528 tibi,
3309 3478 3417 3518 non
3452 3461 3635 3534 ingre-

2041 3556 2208 3615 dieris
2237 3556 2293 3611 in
2321 3555 2541 3611 domum
2577 3555 2697 3626 ejus
2726 3564 2788 3610 ut
2822 3554 3021 3626 pignus
3057 3553 3305 3617 auferas,
3336 3553 3430 3608 sed
3465 3551 3635 3608 stabis

2042 3644 2207 3711 foris,
2250 3653 2307 3702 et
2338 3644 2428 3702 ille
2458 3644 2554 3700 tibi
2588 3642 2836 3715 proferet
2875 3644 3020 3714 quod
3052 3643 3326 3699 habuerit.
3360 3640 3418 3696 Si
3448 3651 3632 3697 autem

2035 3749 2246 3807 pauper
2279 3742 2395 3800 est,
2434 3750 2543 3790 non
2580 3734 2921 3804 pernoctabit
2961 3734 3105 3805 apud
3166 3742 3220 3790 te
3268 3734 3495 3804 pignus,
3533 3733 3631 3789 sed

2042 3830 2228 3886 statim
2256 3830 2447 3884 reddes
2473 3828 2525 3884 ei
2546 3837 2678 3885 ante
2707 3827 2836 3884 solis
2854 3841 3112 3883 occasum
3146 3843 3161 3880 :
3194 3834 3255 3882 ut
3281 3824 3555 3882 dormiens
3575 3825 3631 3880 iu

2043 3921 2369 3977 vestimento
2414 3934 2513 3975 suo
2554 3918 2840 3975 benedicat
2877 3918 3005 3983 tibi,
3038 3926 3096 3973 et
3125 3917 3331 3973 habeas
3362 3915 3631 3985 justitiam

2043 4026 2229 4066 coram
2268 4010 2503 4066 Domino
2547 4010 2656 4065 Deo
2696 4017 2790 4066 tuo
2824 4008 3018 4081 (Deut.
3044 4024 3216 4075 xxiv).
3237 4026 3259 4061 ι
3294 4005 3495 4063 Verum
3529 4006 3633 4063 hoc

2045 4103 2188 4157 idem
2217 4115 2452 4171 sequens
2478 4115 2659 4156 sermo
2691 4100 3032 4156 abundanter
3058 4101 3334 4163 declarat,
3370 4095 3515 4166 quod
3547 4103 3631 4149 ta-

2045 4206 2170 4250 men
2194 4193 2301 4250 alio
2327 4192 2687 4248 inchoandum
2715 4199 2800 4248 est
2822 4192 3065 4248 exordio.

1561 4599 1858 4678 LIBER
1908 4596 2461 4679 SEPTIMUS.

869 4825 1105 4883 CAPUT
1136 4823 1432 4881 Ριιιιιυιι.

355 4923 586 4980 nedum
613 4923 668 4976 in
692 4919 933 4992 proximo
981 4917 1036 4972 id
1063 4927 1138 4999 est
1166 4932 1370 4970 omnem
1399 4915 1660 4970 hominem
1673 4915 1806 4970 dicit
1825 4930 1949 4986 pro-

1034 5003 1258 5042 ximam.

429 5122 458 5155 4
494 5102 720 5173 Propter
744 5098 1059 5155 mandatum
1083 5110 1300 5153 assume
1317 5109 1631 5167 pauperem,
1650 5103 1705 5151 et
1728 5101 1949 5166 propter

355 5214 384 5249 ‹
424 5197 661 5268 inopiam
689 5193 808 5266 ejus
845 5208 921 5248 ne»
945 5191 1190 5247 dimittas
1230 5189 1379 5245 illum
1416 5204 1665 5244 vacuum.
1700 5208 1719 5243 I
1751 5188 1948 5246 Horta-

355 5302 454 5344 tur
496 5302 593 5342 nos
628 5285 891 5357 sapientia
926 5282 999 5339 ad
1027 5282 1494 5353 eleemosynarum
1523 5280 1855 5353 largitatem,
1888 5291 1951 5339 ut

348 5379 632 5452 piissimus
658 5379 886 5453 gratiam
917 5379 1011 5433 Dei
1043 5376 1379 5449 promereri,
1403 5376 1494 5447 qui
1516 5374 1680 5446 jussit
1707 5378 1947 5450 inopiam

356 5480 582 5525 uerrente
608 5469 801 5526 solatio
826 5468 1141 5526 sustentari.
1168 5466 1444 5538 Scriptum
1466 5475 1553 5523 est
1568 5467 1715 5523 enim
1744 5486 1757 5523 :
1796 5485 1816 5520 ι
1842 5467 1946 5538 Qui

351 5562 583 5617 obturat
603 5559 789 5620 aurem
815 5578 968 5619 suam
993 5563 1060 5617 ad
1079 5560 1373 5616 clamorem
1395 5561 1665 5632 pauperis,
1693 5561 1949 5619 clamabit

355 5661 419 5707 et
454 5652 603 5723 ipse,
646 5663 701 5709 et
742 5670 847 5711 non
890 5653 1211 5708 exaudietur
1249 5650 1431 5724 (Prov.
1466 5651 1602 5718 ut).
1647 5672 1668 5706 ι
1711 5652 1947 5710 Divitem

1970 4828 2025 4888 D
2044 4832 2404 4895 purpuratum
2435 4829 2494 4877 et
2517 4819 2730 4887 deliciis
2756 4818 3065 4875 afﬂuentem
3100 4816 3331 4887 legimus
3369 4816 3423 4873 in
3459 4816 3637 4874 Evan-

2051 4914 2193 4987 gelio
2217 4922 2443 4984 propter
2474 4910 2740 4968 tcuaciam
2767 4923 2922 4966 suam
2947 4908 3003 4963 in
3023 4904 3240 4963 inferno
3263 4906 3556 4979 sepultum,
3580 4922 3639 4964 et

2050 5022 2084 5067 e
2113 5005 2389 5062 contrario
2416 5002 2727 5059 mendicum
2754 5000 3023 5058 Lazarum
3056 5006 3181 5070 post
3208 5009 3441 5056 mortem
3481 4999 3535 5055 in
3564 5001 3636 5055 si-

2051 5113 2181 5154 num
2217 5097 2448 5152 Abrahae
2472 5101 2752 5165 receptum
2777 5090 2933 5166 (Luc.
2974 5089 3109 5164 ινι).
3138 5090 3266 5146 Ideo
3295 5104 3523 5146 necesse
3551 5098 3640 5144 est

2052 5188 2281 5260 utjuxta
2309 5193 2642 5258 pneceptum
2674 5182 2974 5238 Salvatoris
3008 5179 3280 5237 faciamus
3316 5180 3472 5235 nobis
3496 5180 3637 5232 ami-

2052 5297 2146 5339 cos
2173 5282 2241 5338 dc
2271 5295 2580 5338 mammona
2616 5278 2946 5351 iniquitatis,
2976 5284 3058 5344 ut,
3095 5291 3219 5332 cum
3247 5270 3636 5334 defecerimus,

2053 5358 2322 5446 recipiant
2350 5390 2452 5431 nos
2480 5374 2534 5429 in
2561 5381 2765 5428 :eterna
2798 5367 3148 5427 tabernacula
3171 5365 3324 5438 (Luc.
3354 5360 3488 5432 xvi).

2121 5485 2148 5521 ι
2185 5466 2360 5522 Perde
2389 5465 2676 5537 pecuniam
2708 5471 2934 5534 propter
2958 5459 3188 5515 fratrem
3214 5464 3274 5511 et
3299 5453 3553 5519 amicum,

2054 5577 2078 5611 ί
2113 5572 2221 5614 non
2250 5556 2553 5613 abscondas
2591 5554 2740 5611 illam
2766 5554 2871 5609 sub
2895 5551 3075 5621 lapide
3104 5548 3159 5603 in
3186 5544 3571 5619 perditionem.
3612 5562 3631 5595 ι

2050 5648 2236 5705 Perdit
2268 5647 2556 5718 pecuniam
2598 5643 3006 5714 temporaliter,
3044 5638 3140 5708 qui
3190 5635 3470 5693 distribuit
3512 5648 3634 5691 eant
