3902 6162
294 319 397 374 975

295 537 400 592 ter,
433 525 648 596 quando
674 534 794 594 post
819 533 1100 593 peractum
1133 523 1396 594 judicium
1427 538 1458 576 a
1489 536 1615 593 rege
1641 521 1883 576 omnium

291 617 524 673 smeulor
541 631 610 668 un
636 616 703 667 ad
727 631 949 684 regnum
971 625 1236 668 internum
1266 613 1669 683 percipiendum
1693 611 1886 665 invita-

289 707 756 764 biturfeliciter.ls
796 719 976 764 autem
1022 709 1113 778 qui
1158 708 1440 764 abscondit
1471 707 1752 778 pecuniam
1785 707 1887 762 sub

292 804 502 873 lapide,
539 801 643 856 hoc
671 809 786 864 est,
819 800 918 854 sub
939 800 1142 854 immiti
1170 808 1225 854 et
1255 801 1392 855 duro
1423 803 1613 864 corde,
1648 807 1888 854 reservat

293 894 398 950 sibi
429 908 548 948 eam
593 893 646 946 in
685 891 1364 962 perditionem,quoniam
1408 901 1529 961 post
1559 893 1718 946 linem
1751 907 1889 961 prae-

293 985 469 1040 sentis
499 984 624 1038 Viue
647 983 934 1053 parcitatis
959 998 1068 1036 sua:
1087 983 1234 1052 justo
1255 982 1434 1052 judice
1464 983 1736 1036 trilmtinte
1758 997 1888 1036 con-

291 1074 507 1144 dignam
542 1073 770 1143 recipiet
796 1072 1103 1128 mercedem
1129 1091 1140 1125 :
1171 1074 1385 1141 quando
1417 1091 1434 1124 ι
1475 1073 1623 1142 impii
1652 1074 1804 1127 ibunt
1833 1074 1886 1126 in

291 1167 617 1236 supplicium
644 1175 908 1221 aeternum
934 1207 949 1231 ,
975 1165 1108 1234 justi
1138 1177 1316 1221 autem
1354 1166 1406 1220 in
1437 1168 1600 1220 vitam
1630 1175 1889 1221 aeternam

294 1255 510 1327 (Matth.
551 1259 702 1326 xxv).
746 1276 764 1308 ι

371 1363 390 1395 α
427 1344 576 1400 Pone
606 1346 922 1399 thesaurum
954 1354 1104 1399 tuum
1131 1347 1182 1398 in
1212 1345 1494 1415 praeceptis
1523 1344 1806 1409 Altissimi,
1836 1353 1890 1399 et

301 1455 318 1485 ι
359 1436 602 1506 proderit
631 1437 724 1490 tibi
760 1437 931 1507 magis
959 1453 1119 1505 quam
1151 1452 1362 1490 aurum.
1394 1456 1412 1489 ι
1449 1438 1783 1506 Praeceptum
1807 1446 1891 1490 est

293 1528 439 1583 enim
481 1527 740 1580 Altissimi
781 1536 837 1580 ut
878 1527 1272 1597 elecmosynam
1319 1527 1510 1581 demus
1557 1527 1818 1595 indigenti
1871 1547 1887 1580 :

297 1620 441 1687 quod
471 1619 643 1690 magis
671 1619 825 1672 nobis
853 1619 1095 1688 proderit
1125 1634 1286 1688 quam
1317 1635 1532 1683 aurum,
1567 1619 1691 1688 quia
1727 1627 1891 1673 aeter-

299 1725 380 1763 na:
417 1709 540 1763 vitae
584 1708 826 1763 conferet
867 1708 1169 1778 prmmium.
1217 1707 1368 1763 Unde
1411 1709 1529 1778 ipsa
1577 1710 1791 1764 Veritas
1836 1709 1889 1762 in

954 319 1010 372 Β.
1055 315 1306 371 RABANI
1345 314 1562 371 MAURI
1603 311 1922 368 ARCHIEP.
1959 308 2274 367 'MOCUNT.
2313 310 2599 369 OPERUM
2637 311 2820 367 PARS
2851 311 2889 366 Ι.
3467 313 3575 368 9η

291 434 624 510 pauperibus
649 432 1108 494 misericorditer;
1145 431 1243 486 sed
1281 431 1511 500 recipiet
1551 428 1874 499 centuplici-
1909 435 1954 492 Λ
1984 429 2088 483 hoc
2137 427 2359 494 mundo,
2409 437 2467 482 ut
2491 438 2708 484 mter-nm
2751 428 3100 484 beatitudinis
3154 429 3285 484 flant
3330 435 3576 503 perpetui
3643 451 3674 484 .·

1986 532 2351 586 possessores.
2385 517 2510 574 Ilaec
2540 520 2705 572 etiam
2751 520 2895 589 quod
2919 528 2973 573 et
3006 529 3195 574 contra
3241 536 3433 576 omnes
3473 523 3581 578 iui-

1986 609 2157 662 mieos
2213 607 2437 663 tutelam
2497 608 2743 676 tribuat,
2794 610 3105 666 manifestat
3156 627 3394 682 sequens
3452 630 3582 670 sen-

1987 702 2175 755 tentia.

2064 811 2082 844 ι
2115 792 2292 863 Super
2324 802 2536 848 scutum
2557 797 2814 864 potentis,
2840 804 2892 851 et
2921 812 3086 866 super
3113 799 3359 855 lanceam
3382 802 3585 856 adrer-

1993 904 2012 934 ι
2041 901 2134 939 ειιε
2169 885 2446 940 inimicum
2479 895 2629 940 tuum
2656 888 2933 957 pugnabit.
2966 909 2984 941 ι
3021 888 3210 945 Oratio
3241 892 3386 946 enim
3435 894 3584 948 elec-

1988 991 2230 1046 mosyna:
2263 977 2438 1046 magis
2458 976 2606 1030 valet
2650 987 2836 1031 contra
2879 979 3044 1049 ignita
3093 981 3196 1035 tela
3241 985 3581 1051 nequissimi.

1988 1076 2043 1122 et
2081 1076 2266 1120 contra
2303 1083 2521 1122 omnem
2550 1078 2807 1123 virtutem
2837 1070 3060 1136 inimici,
3089 1089 3254 1142 quam
3286 1090 3437 1130 arma
3468 1086 3584 1128 ter-

1989 1175 2120 1213 rena
2146 1167 2336 1214 contra
2359 1161 2672 1230 corporales
2699 1161 2882 1216 hostes
2915 1165 2964 1216 in
2988 1166 3242 1234 prmsenti
3279 1168 3384 1220 vita
3411 1185 3425 1231 ;
3454 1169 3583 1236 quia

1991 1248 2110 1302 haec
2153 1263 2369 1316 semper
2417 1250 2516 1303 sub
2566 1250 2727 1304 dubia
2771 1260 2917 1310 sorte
2954 1253 3161 1322 jaceat,
3203 1253 3345 1309 illius
3399 1266 3584 1311 autem

1991 1339 2351 1392 certissimam
2374 1340 2659 1394 victoriam
2692 1341 2805 1394 suis
2852 1341 3113 1396 militibus
3140 1343 3374 1413 parient,
3406 1345 3480 1398 ita
3526 1355 3584 1402 ut

1993 1428 2106 1497 ipsa
2145 1445 2290 1482 mors
2311 1430 2666 1484 absorbeatur
2708 1431 2762 1484 in
2805 1432 3050 1499 victoria,
3093 1441 3148 1487 et
3174 1433 3227 1486 id
3257 1435 3402 1504 quod
3438 1451 3588 1490 mor-

1993 1519 2098 1572 tale
2124 1528 2209 1574 est
2227 1528 2579 1574 consumatur
2605 1536 2634 1574 a
2665 1521 2796 1576 vita.

2068 1649 2086 1681 ι
2129 1631 2224 1684 Vir
2254 1630 2426 1685 bonus
2458 1630 2618 1685 ﬁdem
2654 1630 2784 1686 facit
2813 1647 2910 1702 pro
2951 1633 3200 1702 proximo
3230 1648 3361 1699 suo,
3393 1644 3448 1689 et
3493 1637 3584 1704 qui

1995 1742 2017 1773 ι
2050 1723 2347 1794 perdiderit
2375 1721 2772 1788 confusionem,
2795 1724 3132 1795 derelinquet
3159 1726 3260 1780 sibi
3286 1727 3538 1796 gratiam.
3563 1747 3582 1778 ι

301 1799 595 1868 Evangelio
625 1798 904 1867 discipulis
939 1799 1052 1853 suis
1078 1797 1367 1866 praecepit,
1397 1799 1581 1854 dicens
1613 1817 1625 1852 :
1650 1818 1680 1851 -‹
1715 1798 1891 1853 Nolite

2007 1814 2107 1869 Hoc
2148 1814 2293 1884 quod
2333 1814 2584 1883 superius
2621 1815 2856 1870 diximus
2879 1815 2946 1870 de
2973 1815 3200 1884 spiritali
3241 1817 3584 1887 eleemosyna

301 1891 670 1944 thesaurizare
699 1890 851 1944 vobis
882 1891 1165 1943 thesauros
1207 1889 1260 1943 in
1292 1897 1466 1953 terra,
1495 1889 1585 1943 ubi
1625 1904 1806 1960 :erugo
1835 1898 1892 1944 et

303 1981 446 2034 tinea
482 1980 798 2040 demolitur,
839 1990 893 2034 et
922 1980 1011 2035 ubi
1053 1979 1201 2036 iures
1237 1979 1498 2035 elfodiuut
1528 1989 1584 2034 et
1619 1979 1888 2035 furantur.

301 2072 693 2126 Thesaurizate
718 2080 897 2126 autem
919 2073 1074 2127 vobis
1101 2073 1388 2127 thesauros
1414 2071 1467 2126 in
1498 2071 1656 2137 ctelo,
1679 2070 1770 2125 ubi
1799 2085 1894 2125 ne-

302 2180 407 2234 que
439 2181 651 2235 axi-ngo,
685 2179 860 2234 neque
891 2165 1032 2220 tinea
1059 2164 1368 2228 demolitur,
1400 2172 1455 2219 et
1478 2163 1567 2217 ubi
1609 2162 1756 2218 fures
1786 2177 1891 2216 non

297 2258 562 2313 eli'odiuut
598 2274 697 2313 nec
726 2257 992 2312 furantur.
1020 2257 1119 2313 Ubi
1151 2259 1296 2312 enim
1321 2266 1406 2313 est
1431 2257 1718 2312 thesaurus
1748 2264 1890 2319 tuus,

301 2351 374 2405 ibi
404 2360 486 2406 est
514 2359 569 2406 et
597 2367 691 2406 cor
723 2360 872 2406 tuum
905 2350 1122 2422 (Matth.
1155 2349 1290 2422 νὴ.»

931 2465 1159 2521 CAPUT
1197 2464 1259 2519 11.

685 2557 763 2610 De
785 2557 1146 2610 misericordia
1168 2556 1222 2609 in
1242 2571 1515 2625 pauperes.

382 2665 400 2697 ι
431 2645 704 2700 Conelude
726 2645 1120 2714 eleemosynam
1147 2645 1198 2697 in
1221 2644 1382 2698 corde
1402 2644 1676 2714 pauperis,
1699 2651 1756 2699 et
1778 2645 1893 2699 lucc

310 2756 329 2791 ι
365 2753 463 2808 pro
487 2746 540 2790 te
573 2736 820 2791 exorabit
850 2735 918 2789 ab
961 2734 1107 2790 omni
1153 2734 1315 2788 malo.
1344 2753 1360 2785 ι
1415 2733 1786 2805 Eleemosyna,
1835 2741 1898 2786 ut

303 2830 501 2899 saepius
545 2828 799 2891 diximus,
850 2842 954 2881 non
995 2825 1336 2880 solummodo
1371 2833 1456 2880 est
1488 2825 1542 2879 in
1579 2824 1724 2878 victu
1755 2830 1810 2877 et
1839 2822 1892 2877 in

303 2919 526 2986 vestitu,
577 2919 774 2988 quibus
817 2917 1119 2974 consulitur
1158 2917 1358 2989 egenti,
1413 2915 1506 2971 sed
1543 2916 1601 2970 in
1647 2916 1791 2970 omni
1836 2931 1896 2970 re

305 3030 411 3084 qua
469 3027 565 3082 per
611 3010 1040 3066 misericordiam
1092 3009 1312 3064 favetur
1364 3008 1743 3063 necessitatem
1798 3022 1896 3076 pa-

304 3103 498 3166 tienti,
557 3101 915 3172 corporaliter
973 3100 1182 3155 scilicet
1231 3101 1345 3154 sive
1398 3099 1732 3169 spiritaliter.
1791 3098 1892 3166 Qui

305 3211 434 3265 ergo
459 3161 677 3248 instruit
712 3193 1071 3263 ignorantem,
1106 3199 1200 3244 aut
1226 3191 1292 3244 ad
1321 3161 1582 3259 hoc-quod
1615 3190 1764 3244 novit
1794 3192 1894 3244 bo—
1924 3161 1967 3222 Ο

308 3301 437 3338 ιιιιιιι
479 3293 539 3336 ιιι
573 3283 739 3346 faciat
785 3282 976 3335 incitat
1009 3281 1242 3350 pigrum,
1295 3281 1690 3351 eleemosynam
1748 3289 1896 3336 recte

308 3375 456 3428 facit.
495 3373 648 3428 Unde
687 3382 741 3426 et
785 3373 1062 3442 signanter
1105 3371 1218 3426 ait:
1249 3389 1268 3422 ι
1303 3371 1574 3426 Conclude
1598 3371 1898 3442 eleemosy-

307 3478 432 3518 nam
492 3462 544 3516 in
590 3462 751 3516 corde
797 3461 1074 3531 pauperis,
1107 3481 1126 3513 ι
1157 3469 1216 3515 ιιι
1263 3460 1575 3516 ostenderet
1622 3461 1897 3515 internam

308 3568 466 3622 opem
495 3567 616 3606 esse
645 3551 1042 3622 eleemosyaam
1064 3591 1079 3617 ,
1111 3552 1237 3620 quia
1269 3552 1408 3606 sicut
1444 3551 1495 3605 in
1527 3565 1756 3619 corpore
1777 3591 1790 3615 ,
1825 3551 1897 3604 ita

309 3653 364 3699 et
388 3645 440 3697 in
466 3643 645 3696 anima
676 3641 1044 3697 misericordia
1079 3641 1179 3696 ri;e
1210 3641 1452 3695 exerceri
1484 3647 1681 3710 potest.
1701 3639 1817 3695 Sed
1846 3649 1902 3694 et

309 3737 427 3789 haec
467 3734 777 3802 largitorem
820 3748 977 3786 suum
1015 3732 1264 3786 exorabit
1305 3734 1373 3786 ab
1401 3731 1546 3786 omni
1588 3731 1751 3796 malo,
1797 3732 1901 3786 hoc

309 3836 413 3890 est,
443 3825 704 3880 cmundat
725 3825 793 3880 ab
824 3824 972 3880 omni
997 3823 1212 3879 delicto.
1260 3823 1585 3878 Sicutenim
1628 3840 1766 3894 aqua
1807 3820 1902 3877 ei-

314 3918 540 3987 stiuguit
566 3918 764 3986 ignem,
799 3917 870 3970 ita
903 3915 1242 3986 eleemosyna
1270 3915 1566 3986 exstinguit
1597 3923 1896 3984 peccatum.

389 4025 408 4057 ι
443 4007 794 4075 Eleemosyna
847 4005 946 4058 viri
990 4006 1142 4073 quasi
1189 4003 1437 4059 sacculus
1486 4019 1611 4058 eum
1648 4004 1801 4074 ipso,
1848 4012 1905 4058 et

319 4117 337 4150 ι
367 4097 596 4168 gratiam
619 4095 856 4150 hominis
876 4096 1031 4164 quasi
1057 4095 1312 4165 pupillam
1343 4095 1604 4160 servabit,
1633 4101 1688 4148 et
1714 4101 1901 4164 postea

320 4208 337 4240 ι
377 4194 623 4256 resurget
649 4194 706 4238 ut
737 4185 1001 4239 retribuat
1029 4185 1134 4240 illis
1160 4186 1569 4240 retributionem
1612 4183 1904 4253 unicuique

321 4299 339 4332 ι
376 4281 429 4334 in
452 4290 616 4348 caput
648 4277 880 4332 illorum.
909 4298 927 4330 ι
969 4277 1122 4344 Quod
1150 4287 1328 4332 autem
1371 4277 1734 4348 eleemosyna,
1781 4292 1905 4347 qua:

316 4375 406 4429 hic
435 4388 606 4443 egeno
653 4371 1077 4427 misericorditer
1110 4371 1388 4436 tribuitur,
1439 4372 1492 4426 in
1522 4369 1702 4427 futura
1738 4370 1847 4425 vita
1875 4386 1906 4426 a

319 4471 725 4519 remuneratore
769 4462 1012 4516 omnium
1045 4459 1264 4530 copiose
1304 4462 1654 4528 restituatur,
1698 4469 1751 4516 et
1776 4478 1904 4533 pro-

317 4557 535 4629 phetica
565 4567 618 4612 et
655 4555 948 4626 apostolica
978 4554 1177 4609 locutio
1211 4555 1366 4609 testis
1392 4563 1492 4610 est.
1527 4554 1660 4609 Nam
1687 4554 1817 4609 dicit
1839 4555 1906 4610 de

321 4655 422 4707 hoc
447 4651 734 4706 Psalmista
770 4669 782 4704 ;
819 4668 836 4700 ι
873 4648 1159 4717 Dispersit,
1194 4647 1342 4701 dedit
1368 4648 1717 4717 pauperibus,
1742 4645 1908 4716 justi-

324 4744 394 4797 tia
424 4743 540 4812 ejus
569 4750 750 4796 manet
781 4741 834 4794 in
874 4737 1132 4794 sreculum
1164 4737 1366 4802 saeculi,
1405 4753 1573 4791 cornu
1606 4734 1722 4805 ejus
1762 4737 1906 4791 exal-

323 4835 528 4888 tabitur
574 4833 628 4886 in
673 4831 841 4900 gloria
863 4827 1194 4903 (Psal.cx1).
1220 4847 1239 4880 ι
1276 4827 1413 4904 Hinc
1447 4836 1502 4882 et
1539 4827 1736 4882 Paulus
1785 4827 1860 4881 ait
1893 4845 1904 4880 :

329 4945 346 4976 ι
385 4925 486 4992 Qui
527 4926 760 4979 seminat
795 4925 848 4978 in
893 4922 1377 4980 benedictionibus.
1423 4921 1490 4976 de
1527 4920 1912 4976 benedictioni-

323 5015 426 5069 bus
453 5023 622 5068 metet
665 5016 828 5068 vitam
878 5022 1138 5068 aeternam
1196 5011 1294 5084 (Η
1335 5011 1456 5066 Cor.
1491 5028 1545 5066 1x
1571 5011 1610 5083 ).
1649 5032 1666 5064 ι
1703 5012 1768 5066 Ει
1807 5013 1908 5066 ite-

327 5122 446 5162 rum
480 5123 495 5159 :
532 5123 550 5155 ι
581 5104 682 5171 Qui
713 5113 915 5171 autem,
955 5105 1151 5174 inquit,
1187 5104 1462 5159 ministrat
1513 5118 1695 5158 semen
1751 5104 1912 5158 semi-

326 5196 501 5262 nanti,
546 5203 601 5248 et
651 5210 844 5262 panem
891 5197 959 5250 ad
1006 5196 1440 5251 manducandum
1491 5194 1788 5263 pra-stabit.
1844 5195 1912 5250 Et

329 5286 706 5357 multiplicabit
731 5300 913 5340 semen
945 5295 1207 5352 vestrum,
1251 5294 1307 5339 et
1336 5283 1552 5354 augebit
1576 5283 1909 5339 incrementa

330 5383 542 5452 frugum
583 5376 813 5447 justitia:
852 5384 1046 5431 vestrae
1081 5393 1093 5429 :
1127 5385 1185 5429 ut
1217 5377 1268 5430 in
1304 5374 1554 5430 omnibus
1602 5374 1911 5444 locupletati

334 5471 618 5527 abundetis
655 5469 750 5540 (II
777 5468 899 5525 Cor.
943 5467 1058 5538 ix).
1094 5487 1114 5521 ι
1161 5467 1299 5523 Hinc
1338 5477 1394 5522 et
1447 5467 1566 5537 ipsa
1611 5465 1823 5522 Veritas
1859 5467 1912 5521 in

335 5565 628 5635 Evangelio
663 5562 930 5632 promittit
975 5576 1036 5616 se
1073 5559 1324 5615 daturum
1377 5559 1431 5613 in
1474 5558 1560 5613 die
1596 5557 1787 5627 judicii
1829 5573 1914 5612 re—

337 5670 500 5722 gnum
537 5655 711 5710 Patris
742 5655 824 5716 sui
869 5654 954 5708 his
998 5651 1088 5722 qui
1119 5667 1149 5706 a
1179 5650 1385 5706 dextris
1428 5649 1544 5718 ejus
1581 5657 1772 5715 erunt,
1817 5663 1916 5718 pro

338 5743 602 5799 beneﬁcio
633 5761 740 5814 quo
781 5745 1155 5800 sustentabant
1185 5743 1438 5800 minimos
1469 5741 1666 5799 fratres
1697 5756 1822 5797 suos
1862 5741 1916 5794 in

1933 4513 1984 4573 D

1992 1921 2232 1976 prmsens
2257 1908 2454 1976 probat
2479 1906 2780 1972 sententia,
2815 1906 2942 1977 quia
2980 1908 3174 1962 doctor
3212 1909 3437 1978 quilibet
3463 1926 3587 1980 pro-

1992 1998 2239 2071 pteerei
2284 2010 2524 2052 amorem
2565 2005 2622 2052 et
2667 1999 3097 2067 compassionem
3137 2000 3442 2054 communis
3490 2016 3590 2052 na-

1988 2099 2130 2146 turte
2158 2089 2530 2161 proximorum
2566 2104 2787 2144 suorum
2829 2089 3053 2158 suscipit
3078 2105 3282 2144 curam.
3314 2089 3429 2144 Nec
3456 2105 3587 2145 eru-

1995 2183 2168 2238 bescit
2191 2181 2528 2236 inﬁrmorum
2552 2181 2825 2236 deservire
2853 2181 3118 2247 moribus,
3145 2189 3198 2236 et
3218 2196 3408 2236 eorum
3431 2181 3590 2252 aegri-

1995 2275 2238 2329 tudinem
2283 2289 2481 2329 curare
2518 2273 2878 2338 sermonibus,
2937 2273 3142 2329 habens
3187 2288 3254 2328 ex
3299 2273 3394 2329 Dei
3446 2273 3590 2328 dono

1998 2366 2139 2421 unde
2182 2365 2441 2436 prodesse
2483 2364 2660 2434 possit
2689 2364 2741 2418 in
2764 2363 3076 2419 eruditione
3112 2363 3405 2434 proximo:
3431 2362 3588 2431 juxta

1998 2457 2125 2511 illud
2169 2457 2446 2526 prophetze
2477 2474 2489 2509 :
2532 2472 2550 2506 ι
2579 2455 2874 2518 Dominus,
2913 2455 3108 2525 inquit,
3140 2455 3287 2510 dedit
3316 2457 3449 2510 mihi
3479 2455 3589 2510 Iin-

1995 2565 2155 2621 guam
2184 2549 2470 2612 eruditam,
2501 2559 2558 2603 nt
2587 2549 2753 2604 sciam
2785 2556 3091 2603 sustentare
3119 2564 3262 2615 cum,
3296 2550 3386 2620 qui
3415 2550 3593 2606 lassus

1995 2647 2078 2693 est
2124 2640 2289 2694 verbo
2337 2637 2493 2707 (Ιδτι.
2519 2637 2602 2709 ι).
2636 2657 2654 2691 ι
2691 2637 2886 2693 Procul
2936 2637 3100 2693 dubio
3142 2639 3466 2710 condignam
3509 2641 3591 2694 sui

1998 2729 2196 2783 laboris
2247 2729 2471 2798 recipiet
2517 2728 2854 2791 mercedem,
2906 2744 3008 2784 nec
3036 2729 3298 2785 doctrinre
3338 2745 3450 2785 suae
3497 2747 3593 2784 un—

1998 2836 2158 2891 quam
2200 2820 2389 2890 perdet
2431 2820 2693 2891 gratiam,
2743 2822 2836 2876 sed
2864 2829 3125 2877 aeternam
3167 2837 3267 2892 pro
3313 2838 3374 2878 ca
3415 2839 3444 2878 a
3491 2823 3593 2878 Do-

1998 2913 2146 2968 mino
2176 2912 2410 2966 inveniet
2434 2911 2881 2966 miscricordiam.

2075 3022 2093 3054 ι
2138 3001 2503 3072 Fidejussoris
2543 3017 2610 3056 ne
2648 3001 3009 3067 obliviscaris,
3051 3004 3198 3058 dedit
3229 3004 3375 3059 enim
3407 3021 3506 3074 pro
3541 3015 3588 3059 te

2002 3095 2237 3148 animam
2289 3108 2464 3148 suam.
2502 3111 2519 3145 ι
2552 3093 2864 3163 Fidejussor
2906 3103 2989 3149 est
3033 3095 3224 3151 doctor
3269 3098 3586 3160 catholicus,

2000 3185 2088 3254 qui
2109 3185 2454 3254 semetipsum
2478 3183 2622 3238 dedit
2642 3199 2740 3252 pro
2762 3185 3132 3253 proximorum
3157 3186 3349 3251 salute,
3376 3189 3590 3257 quando

1999 3290 2185 3330 eorum
2216 3290 2399 3329 curam
2432 3275 2666 3344 suscepit
2687 3276 2786 3328 sub
2818 3290 2919 3330 suo
2944 3277 3208 3345 regimine
3242 3295 3255 3330 :
3287 3294 3450 3349 quem
3477 3279 3587 3332 dis-

2001 3367 2301 3435 cipulorum
2333 3366 2552 3421 solertia
2588 3381 2692 3420 non
2726 3366 2889 3421 debet
2916 3367 3180 3434 oblivisci,
3217 3370 3345 3437 quia
3377 3369 3479 3423 hoc
3501 3369 3588 3436 ju-

1999 3455 2090 3510 bet
2117 3457 2326 3511 sanctio
2355 3455 2634 3524 apostolici
2659 3456 2912 3525 prmcepti
2945 3479 2958 3511 ς
2986 3465 3044 3512 ιιι
3074 3465 3157 3512 est
3181 3457 3310 3511 illud
3335 3476 3349 3510 :
3387 3477 3406 3508 ι
3433 3457 3590 3512 Coni-

2001 3548 2240 3601 nmnicet
2277 3559 2457 3602 autem
2502 3547 2546 3601 is
2580 3549 2670 3616 qui
2707 3549 3294 3615 catechizatur'verho,
3326 3551 3376 3604 ei
3407 3551 3499 3620 qui
3536 3565 3590 3605 sc

2000 3638 2301 3692 catechizat
2341 3638 2391 3691 in
2429 3637 2682 3692 omnibus
2724 3638 2880 3693 bonis
2912 3638 3067 3711 (Cal.
3107 3638 3204 3710 vi).
3237 3659 3256 3691 ι
3293 3639 3446 3695 Unde
3479 3643 3590 3710 ipsa

2003 3729 2216 3783 Veritas
2235 3729 2288 3782 in
2319 3728 2611 3798 Evangelio
2638 3729 2702 3783 ad
2722 3729 3014 3798 discipulos
3035 3740 3163 3785 suos
3188 3730 3295 3784 ait:
3331 3749 3349 3781 ι
3373 3731 3478 3798 Qui
3499 3747 3592 3785 vos

2003 3818 2214 3888 recipit.
2242 3833 2326 3873 me
2344 3820 2533 3888 recipit
2550 3834 2564 3873 :
2580 3820 2736 3888 etqui
2752 3835 2846 3874 vos
2865 3822 3091 3890 spernit,
3105 3836 3193 3876 me
3215 3823 3427 3891 spernit
3441 3822 3589 3892 (Luc.

2003 3909 2114 3979 χ).ι
2145 3909 2208 3962 Et
2239 3909 2405 3965 item:
2439 3929 2458 3959 ι
2496 3910 2550 3963 ln
2581 3925 2960 3980 quamcunque
2991 3913 3208 3966 domum
3235 3912 3589 3977 intraveritis,

2004 4003 2237 4072 primum
2268 4002 2430 4056 dicite
2457 4017 2470 4055 :
2495 4003 2604 4056 Pax
2638 4003 2765 4057 huic
2795 4003 2975 4058 domui
3005 4021 3016 4031 ο
3049 4011 3104 4057 et
3141 4003 3184 4058 si
3216 4004 3289 4058 ibi
3334 4003 3499 4059 fuerit
3533 4004 3591 4057 tio

2005 4093 2108 4146 lius
2133 4093 2302 4161 pacis,
2334 4092 2636 4161 requiescet
2659 4106 2822 4162 super
2846 4107 2965 4147 eam
3003 4109 3105 4163 pax
3132 4101 3348 4158 vestra;
3381 4096 3463 4148 sin
3494 4110 3578 4147 au-

2007 4191 2138 4247 tem,
2170 4183 2237 4238 ad
2275 4198 2370 4237 vos
2401 4190 2721 4238 revertetur.
2754 4182 2810 4236 In
2845 4183 3035 4238 eadem
3059 4193 3238 4239 autem
3281 4184 3442 4239 domo
3483 4200 3582 4238 ma-

2007 4286 2152 4340 nete,
2180 4275 2404 4330 edentes
2442 4285 2497 4330 et
2521 4275 2768 4330 bibentes
2801 4291 2921 4346 quae
2964 4275 3105 4346 apud
3149 4277 3267 4332 illos
3307 4287 3473 4332 sunt:
3508 4278 3589 4332 Di-

2008 4380 2146 4437 gnus
2195 4365 2338 4420 enim
2389 4374 2475 4420 est
2520 4367 2801 4437 operarius
2841 4366 3092 4421 mercede
3134 4382 3230 4422 sua
3261 4354 3589 4439 (Matthfx:

2012 4457 2139 4512 Luc.
2159 4455 2247 4533 ιι).
2271 4477 2289 4510 ι
2322 4456 2460 4513 Hinc
2488 4466 2544 4513 et
2561 4457 2759 4512 Paulus
2787 4457 2863 4512 ait
2891 4475 2904 4511 :
2944 4477 2962 4509 ‹
2984 4457 3254 4529 Rogamus
3275 4469 3455 4513 autem
3478 4475 3590 4520 vos.

2012 4551 2232 4617 fratres,
2277 4559 2338 4604 ut
2381 4550 2642 4606 noveritis
2679 4565 2774 4605 eos
2817 4550 2910 4620 qui
2945 4549 3194 4605 laborant
3241 4551 3385 4604 inter
3413 4567 3504 4605 vos
3542 4560 3594 4604 et

2011 4649 2252 4714 pnesunt
2278 4640 2430 4698 vobis
2466 4642 2518 4696 in
2543 4642 2786 4703 Domino,
2827 4649 2882 4697 et
2909 4650 3133 4696 monent
3158 4656 3276 4705 vos,
3309 4651 3366 4695 ut
3399 4643 3592 4696 habeao

2015 4733 2085 4788 tis
2110 4731 2230 4786 illos
2259 4731 2624 4786 abundantius
2662 4731 2714 4784 in
2742 4730 3029 4796 charitate,
3066 4740 3288 4801 propter
3314 4747 3451 4801 opus
3477 4731 3590 4785 illo—

2014 4842 2134 4881 rum
2158 4841 2346 4897 pacem
2377 4825 2570 4880 habete
2603 4839 2726 4879 cum
2757 4825 2837 4879 eis
2861 4823 2926 4895 (1
2967 4825 3144 4880 Thess.
3168 4822 3243 4896 v).
3279 4843 3296 4875 ι
3328 4824 3397 4878 Ει
3425 4825 3549 4879 item
3577 4839 3590 4876 :

2021 4937 2038 4969 ι
2067 4915 2443 4972 Beneficentiat
2492 4923 2691 4972 autem.
2742 4915 2937 4984 inquit,
2990 4927 3046 4970 et
3092 4915 3593 4970 communicationis

2014 5009 2181 5065 nolite
2233 5008 2517 5073 oblivisci;
2570 5007 2767 5063 talibus
2823 5008 2967 5062 enim
3017 5008 3208 5061 hostiis
3259 5019 3593 5076 promeretur

2013 5103 2176 5157 Deus.
2218 5099 2443 5156 Obedlte
2481 5098 2786 5168 praapositis
2814 5098 3029 5160 vestris,
3078 5106 3132 5152 et
3167 5097 3445 5167 suhjaeete
3483 5098 3588 5163 eis;

2014 5193 2114 5265 ipsi
2145 5192 2288 5247 enim
2333 5190 2657 5261 pervigilant
2693 5189 2847 5258 quasi
2881 5188 3144 5243 rationem
3186 5202 3286 5256 pro
3319 5188 3590 5241 animabus

2013 5284 2210 5339 vestris
2257 5282 2485 5337 Domino
2529 5279 2832 5336 reddituri:
2865 5293 2924 5337 ut
2968 5295 3089 5335 cum
3130 5280 3326 5349 gaudio
3371 5279 3472 5334 hoc
3513 5278 3588 5331 l‘a-

2019 5376 2186 5440 ciant,
2228 5383 2282 5429 et
2319 5389 2428 5429 non
2465 5379 2742 5445 gementes
2774 5385 2789 5424 :
2821 5371 2927 5428 hoc
2948 5370 3090 5425 enim
3129 5384 3237 5423 non
3265 5367 3478 5438 expedit
3507 5384 3590 5422 vo-

2019 5471 2102 5525 bis
2133 5468 2320 5540 (Hebr.
2349 5467 2492 5538 xui).
2521 5486 2538 5518 ι
2570 5465 2638 5520 Ει
2661 5466 2787 5535 quia
2810 5464 3098 5534 aliquando
3125 5462 3369 5534 ingratus
3391 5474 3470 5516 est
3497 5479 3585 5514 au-

2019 5562 2182 5625 ditor,
2211 5568 2265 5615 et
2294 5559 2500 5629 spernit
2526 5558 2802 5612 doctorem
2842 5570 3020 5617 suum,
3053 5553 3171 5608 ideo
3210 5552 3580 5622 subjungitur:

2097 5668 2115 5701 ι
2153 5648 2619 5719 Repromissorem
2657 5645 2792 5716 fugit
2829 5654 3083 5716 peccator
3121 5651 3178 5696 et
3210 5639 3526 5695 immundus.
3562 5654 3578 5688 ι

2023 5741 2180 5813 Fugit
2229 5740 2376 5797 enim
2427 5739 2764 5796 facinorosus
2818 5734 3296 5806 repromissorcm,
3347 5733 3444 5786 hoc
3487 5739 3581 5790 est.
