3902 6162
328 318 444 372 977

1181 308 1535 371 COMMENT.
1576 310 1648 365 ΙΝ
1684 304 2297 371 ECCLESIASTICUM.
2339 335 2412 345 -—
2447 303 2575 360 LIB.
2614 303 2725 361 VII.

3499 309 3600 363 ς)τὸ

327 430 607 484 dottorcm
660 442 840 491 suum,
892 424 993 495 qui.
1027 424 1132 480 sibi
1176 425 1439 495 promittit
1480 440 1512 478 a
1557 422 1786 477 Domino
1817 437 1917 491 pro
1946 424 1993 482 Α
2024 416 2201 490 (Deut.
2241 416 2431 488 xxvu).
2482 418 2511 468 »⁷
2540 416 2696 484 Quia,
2722 416 2876 486 juxta
2917 413 3224 473 Salomonis
3254 422 3603 490 sententiam,

331 526 487 580 bonis
507 523 764 595 operibus
791 522 959 576 vitam
986 530 1267 584 aeternam,
1299 534 1405 574 non
1430 518 1686 574 mutando
1714 518 1913 582 locum,

327 619 425 676 sed
461 618 766 688 spernendo
794 633 861 672 ae
883 616 1182 672 deserendo
1204 622 1553 685 praeceptum,
1582 620 1638 669 et
1666 612 1787 667 ideo
1806 626 1918 667 co:-

322 710 466 767 leste
497 728 603 766 non
648 717 1015 779 consequetur
1059 704 1374 777 prmmium,
1425 707 1569 776 quod
1612 705 1742 761 solis
1778 705 1916 761 bene

328 802 674 865 facientibus,
704 811 760 857 et
788 802 883 857 Dei
915 800 1169 856 mandata
1204 799 1551 855 servantibus
1580 799 1913 869 repromitti-

328 905 420 949 tur
439 894 700 948 futurum.
738 892 845 948 Sed
867 892 994 961 quia
1018 891 1173 947 multi
1211 900 1339 947 sunt
1359 891 1449 962 qui
1483 907 1581 946 suo
1608 906 1668 946 se
1698 890 1911 953 merito,

304 1002 435 1045 ,non
484 985 625 1039 dono
673 999 733 1039 se
780 992 1002 1053 sperant
1045 982 1334 1039 salvandos
1380 995 1502 1038 esse
1536 981 1737 1043 divino,
1789 995 1916 1050 pro-

323 1086 514 1148 pterea
547 1076 826 1147 redarguit
849 1090 943 1130 eos
969 1090 1204 1145 sequens
1227 1074 1517 1137 sententia,
1552 1073 1767 1127 dicens:

402 1188 427 1219 ι
449 1168 598 1222 Bona
627 1165 1037 1235 repromissoris
1065 1165 1167 1221 sibi
1195 1163 1419 1220 ascribit
1447 1170 1716 1232 peccator,
1749 1171 1806 1216 et
1833 1162 1915 1216 in-

332 1277 351 1309 ι
384 1267 573 1329 gratus
597 1273 758 1312 sensu
783 1256 1107 1325 derelinquit
1125 1256 1443 1312 liberantem
1468 1272 1547 1310 se.
1574 1275 1592 1307 ι
1621 1254 1734 1309 lloc
1764 1254 1913 1309 testi-

325 1348 508 1403 monio
546 1347 848 1418 percutitur
901 1346 1171 1417 Pelagius,
1221 1346 1313 1416 qui
1354 1346 1585 1400 liberum
1625 1345 1911 1401 arbitrium

324 1438 591 1507 prmponit
615 1438 837 1508 gratiae,
866 1453 989 1492 cum
1022 1453 1119 1507 per
1152 1437 1321 1492 solam
1352 1436 1553 1492 Christi
1585 1438 1814 1508 gratiam
1847 1436 1913 1491 ab

323 1529 474 1583 oumi
528 1529 787 1583 seandalo
838 1528 1139 1583 liberentur
1186 1526 1366 1583 electi.
1425 1526 1577 1583 Unde
1625 1525 1913 1596 Apostolus

324 1620 403 1671 ait
432 1635 447 1670 :
478 1636 498 1669 ι
530 1616 718 1673 Gratia
763 1617 908 1672 enim
953 1616 1147 1670 salvati
1176 1631 1363 1670 sumus
1397 1614 1612 1686 (Ephcs.
1659 1615 1742 1685 ιι).
1792 1633 1812 1667 ι
1847 1615 1914 1670 Et

325 1708 455 1761 item
491 1723 505 1758 :
546 1725 564 1758 ι
600 1706 734 1773 Quis
756 1724 861 1773 me,
893 1707 1087 1777 inquit,
1130 1705 1382 1761 liberabit
1409 1706 1477 1761 de
1514 1720 1744 1776 corpore
1769 1721 1912 1761 mor-

2027 527 2045 559 l
2068 507 2159 577 qui
2178 507 2407 563 custodit
2429 507 2764 572 mandatum,
2780 507 3016 562 custodit
3040 509 3275 564 animam
3293 526 3445 565 suam
3472 530 3485 565 :
3510 515 3603 582 qui

2021 606 2201 652 autem
2230 598 2454 669 negligit
2479 599 2593 653 vias
2614 614 2758 664 suas,
2784 599 3200 655 mortiﬁcabitur
3216 599 3399 673 (Prov.
3419 606 3555 674 xix).
3578 625 3597 657 ›

2019 688 2082 744 Et
2110 691 2236 761 quia
2271 690 2539 745 instabilis
2559 700 2643 746 est
2671 707 2886 762 semper
2904 693 3247 747 conversatio
3276 701 3331 750 et
3360 695 3604 764 operatio

2017 797 2419 851 perversorum,
2448 782 2569 837 ideo
2590 780 2932 853 subjungitur
2956 800 2969 836 :
3005 802 3024 835 ‹
3058 782 3159 851 Qui
3187 794 3414 840 conatur
3435 786 3602 840 multa

2018 888 2179 944 agere
2231 873 2433 929 incidet
2483 874 2535 927 in
2573 872 2899 942 judicium.»
2937 873 3101 928 Multa
3150 887 3379 931 conatur
3420 893 3600 948 agerc,

2017 965 2108 1035 qui
2155 965 2418 1019 unitatem
2456 972 2626 1022 rectae.
2663 965 2783 1020 ﬁdei
2819 974 2874 1019 et
2916 967 3285 1022 sinceritatem
3331 969 3465 1040 legis
3508 971 3602 1026 Dei

2015 1072 2123 1112 non
2149 1065 2304 1110 curat
2330 1056 2625 1121 custodire,
2668 1056 2761 1111 sed
2788 1058 3062 1113 erroribus
3094 1058 3259 1113 variis
3297 1069 3351 1114 et
3385 1060 3603 1116 sceleri-

2014 1147 2117 1202 bus
2143 1146 2372 1202 diversis
2393 1146 2598 1201 mavult
2627 1162 2685 1202 se
2712 1148 3011 1217 implicare.
3043 1147 3150 1203 Iste
3194 1149 3396 1205 incidet
3432 1150 3601 1220 inju-

2014 1238 2217 1305 dicium
2246 1238 2624 1311 reproborum,
2672 1239 2775 1295 hoc
2809 1246 2914 1306 est,
2953 1241 3354 1297 damnationem
3402 1257 3597 1315 perpe-

2015 1338 2186 1395 tuam,
2224 1331 2440 1401 quando
2469 1331 2518 1385 ei
2561 1331 2615 1386 iu
2644 1340 2890 1387 extremo
2909 1329 3116 1401 judicio
3139 1335 3346 1389 dicetur
3365 1349 3489 1390 cum
3516 1335 3602 1391 bis

2015 1423 2106 1503 qui
2128 1424 2195 1479 ad
2214 1423 2490 1503 sinistram
2507 1423 2707 1495 judicis
2745 1426 2966 1480 stabunt
2992 1444 3006 1480 :
3043 1444 3061 1476 ι
3088 1426 3186 1491 lle,
3217 1427 3511 1495 maledicti,
3540 1430 3594 1485 in

2014 1496 2195 1587 ignem
2234 1500 2522 1584 teternum,
2556 1518 2647 1587 qui
2678 1528 3014 1589 pratparatus
3051 1529 3137 1575 est
3173 1521 3388 1577 diabolo
3421 1532 3476 1578 et
3504 1540 3600 1578 au-

2014 1612 2149 1681 gelis
2173 1611 2290 1680 ejus
2308 1615 2331 1688 (
2344 1613 2538 1668 Matth.
2562 1614 2715 1685 xxv).
2739 1634 2757 1666 i
2784 1614 3077 1687 Propterea
3111 1617 3388 1688 Sapientia
3420 1620 3551 1674 dicit
3581 1637 3595 1673 :

2012 1702 2592 1770 «Filimi,neinmultis
2621 1704 2731 1759 sint
2750 1706 3001 1769 actustui
3027 1706 3196 1776 (Eccl.
3228 1710 3328 1780 xx);
3365 1729 3383 1760 ›
3412 1717 3466 1764 et
3492 1709 3596 1764 Ec-

327 1798 399 1849 tis
426 1770 645 1863 hujusf
665 1770 855 1868 gratia.
878 1770 987 1852 Dei
1022 1770 1119 1866 per
1154 1793 1430 1851 Christum
1484 1770 1771 1850 Dominum
1816 1808 1913 1848 no-
1944 1770 1989 1830 Β
2016 1791 2334 1849 clcsiastes:
2371 1814 2389 1846 ι
2424 1794 2648 1861 Multas,
2683 1798 2778 1863 ait,
2831 1814 2992 1854 curas
3027 1770 3339 1869 sequuntur.
3367 1805 3596 1869 somnia,

324 1893 498 1939 strum
518 1884 700 1957 (Rom.
732 1887 850 1955 vn).
879 1906 898 1939 ι
934 1886 1002 1940 Et
1032 1901 1249 1941 rursum
1277 1904 1292 1939 :
1329 1903 1347 1936 ι
1367 1883 1553 1939 Gratia
1583 1884 1679 1941 Dei
1706 1899 1827 1940 sum
1858 1883 1912 1938 id

322 1974 469 2042 quod
510 1972 990 2044 sum(tCor.xv).t
1011 1974 1342 2032 EtuGratia
1389 1974 1506 2045 ejus
1534 1975 1590 2029 in
1627 1990 1713 2030 me
1741 1989 1910 2029 vacua

323 2078 436 2119 non
480 2062 583 2119 fuit
758 2064 971 2136 (llud).
1008 2083 1027 2116 ι
1062 2064 1130 2117 Et
1155 2064 1283 2134 quia
1323 2064 1563 2119 lucretici
1605 2062 1910 2132 hujusmodi

320 2152 628 2207 doctrinam
668 2163 988 2229 spernentes
1032 2162 1212 2209 sectas
1238 2154 1602 2209 construendo
1627 2153 1909 2215 nefandas,

323 2245 596 2313 perversis
654 2246 995 2316 dogmatibus
1055 2261 1405 2317 quoscunque
1465 2254 1693 2315 possunt
1752 2246 1911 2302 sedu-

320 2345 473 2399 cunt,
512 2336 774 2406 quosdam
811 2352 942 2391 vero
976 2353 1072 2408 per
1107 2337 1501 2407 impudicitiam
1530 2352 1721 2401 sensus
1754 2338 1835 2391 sui
1877 2354 1906 2391 a

318 2446 380 2487 se
402 2431 696 2488 abscedere
726 2429 950 2487 faciunt.
990 2430 1138 2487 Unde
1162 2430 1502 2500 subiungitur
1533 2448 1545 2481 :

358 2568 365 2569 κ
447 2522 543 2576 Vir
572 2523 901 2593 repromittit
937 2523 1005 2578 de
1035 2522 1286 2592 proximo
1325 2536 1443 2586 suo,
1475 2531 1529 2577 et
1571 2537 1692 2576 cum
1733 2521 1910 2591 perdi-

315 2608 463 2665 derit
497 2620 881 2678 reverentiam,
915 2612 1251 2682 relinquetur
1275 2613 1341 2667 ab
1369 2627 1456 2667 eo.
1486 2630 1505 2663 ι
1541 2611 1724 2666 Perdit
1754 2627 1908 2666 reve-

315 2700 552 2755 rentiam
598 2701 691 2771 qui
721 2700 1126 2772 Scripturarum
1175 2716 1457 2757 sacrarunt
1500 2716 1608 2755 non
1652 2701 1907 2757 observat

316 2790 583 2860 regulam.
632 2790 925 2862 Propterea
966 2807 997 2846 a
1039 2792 1215 2848 cautis
1244 2792 1548 2862 quibusque
1590 2791 1695 2847 iste
1742 2790 1906 2847 relin-

279 2898 285 2903 ‘
314 2885 524 2953 quitur,
557 2885 685 2954 quia
711 2885 959 2941 doctrina
989 2884 1243 2940 veritatis
1261 2883 1315 2938 in
1342 2898 1407 2938 eo
1432 2898 1539 2938 non
1570 2883 1865 2938 invenitur.

394 2995 415 3026 ι
450 2973 823 3045 Repromissio
866 2976 1198 3043 nequissima
1248 2975 1445 3030 multos
1494 2974 1729 3044 perdidit
1770 2974 1903 3029 diri-

318 3090 337 3121 ι
365 3077 589 3139 gentes;
639 3077 695 3125 et
736 3069 1027 3125 commovit
1067 3069 1185 3124 illos
1221 3071 1377 3138 quasi
1419 3067 1614 3123 ﬂuctus
1651 3067 1838 3122 maris.
1877 3085 1896 3118 ι

313 3157 704 3214 Haereticorutn
743 3172 875 3229 ergo
916 3173 1085 3228 prava
1121 3158 1341 3213 traditio
1364 3158 1584 3222 multos,
1620 3156 1713 3228 qui
1757 3172 1815 3212 se
1845 3157 1902 3212 in

312 3248 452 3305 calle
475 3250 704 3321 justitite
730 3250 1008 3306 ambulare
1039 3250 1470 3314 arbitrabantur,
1509 3250 1579 3306 ob
1618 3250 1900 3322 pusillani-

311 3341 559 3396 mitatem
586 3342 767 3398 cordis
802 3357 991 3398 eorum
1020 3357 1053 3396 a
1090 3350 1234 3398 recta
1283 3340 1389 3398 ﬁde
1429 3343 1484 3397 in
1518 3343 1721 3399 erroris
1748 3343 1903 3399 devia

309 3432 557 3500 abducit,
588 3442 646 3489 et
684 3435 842 3504 quasi
874 3443 1199 3505 tempestate
1220 3450 1317 3491 eos
1353 3433 1570 3489 avulsos
1595 3435 1662 3489 ad
1690 3434 1901 3489 ruinam

309 3524 614 3595 compellit,
654 3525 784 3595 quia
828 3540 934 3581 non
964 3541 1128 3597 super
1172 3534 1406 3597 petram,
1443 3525 1539 3581 sed
1576 3539 1738 3594 super
1776 3537 1902 3578 are-

310 3629 439 3671 nam
477 3615 774 3672 collocatos
812 3617 1035 3673 invenit.
1067 3616 1171 3685 Qui
1201 3617 1369 3683 enim,
1400 3614 1555 3685 juxta
1601 3615 1903 3671 Salvatoris

306 3708 642 3763 sententiam
666 3747 684 3775 ,
734 3710 954 3764 domum
1005 3708 1134 3766 ﬁdei
1183 3724 1298 3766 suae
1339 3708 1575 3765 aediﬁcat
1615 3724 1778 3779 super
1801 3722 1898 3779 pe-

308 3807 498 3866 tram,
539 3800 811 3857 turbinem
856 3809 1239 3872 tempestatum
1284 3818 1392 3857 non
1443 3802 1658 3865 metuit,
1703 3802 1799 3857 sed
1838 3801 1901 3856 il-

307 3889 475 3946 laesos
526 3892 597 3947 ab
629 3893 775 3948 omni
813 3893 1068 3949 seandalo
1110 3893 1447 3971 permanebit
1480 3891 1707 3964 (Matth.
1749 3907 1824 3947 vu
1854 3890 1897 3963 ).

306 3984 415 4053 Qui
452 3996 632 4043 autem
680 4003 846 4058 super
894 4004 1116 4045 arenam
1160 3989 1357 4045 domus
1392 4004 1505 4046 sua;
1551 3989 1900 4046 fundamenta

304 4078 577 4142 collocat,
618 4080 670 4134 vi
716 4089 1002 4135 ventorum
1043 4096 1110 4137 ac
1149 4081 1405 4137 imbrium
1453 4081 1767 4146 nimietate,
1801 4080 1901 4135 llu-

306 4177 609 4237 etuumquc
643 4169 955 4225 valetudine
1005 4179 1400 4243 conquassatus
1432 4170 1684 4226 maximae
1730 4171 1899 4225 ruina:

304 4256 537 4327 patebit.

383 4367 406 4400 ‹
444 4348 605 4404 Viros
630 4359 881 4421 potentes
921 4368 1121 4423 gymns
1160 4367 1398 4421 migrare
1443 4351 1592 4417 fecit,
1632 4360 1688 4407 et
1719 4361 1896 4422 vagati

2013 1888 2068 1935 et
2086 1881 2138 1935 in
2162 1884 2348 1939 multis
2366 1887 3030 1945 sermonibusim'enietur
3049 1891 3276 1946 stultitia
3295 1893 3465 1963 (Eccl.
3486 1893 3558 1964 γ).
3576 1914 3592 1945 ι

2013 1973 2080 2027 Et
2120 1974 2174 2028 in
2224 1976 2415 2031 eodem
2465 1977 2604 2033 libro
2647 1979 2791 2033 idem
2837 1979 3027 2035 doctor
3072 1982 3327 2037 admonet
3369 1985 3596 2041 dicens-

2017 2085 2035 2117 ι
2067 2068 2240 2123 Verba
2271 2070 2594 2138 sapientium
2623 2072 2765 2127 sicut
2799 2074 3037 2139 stimuli,
3085 2083 3140 2129 et
3179 2078 3334 2145 quasi
3364 2077 3502 2132 clavi
3540 2080 3595 2134 in

2010 2157 2179 2212 altum
2215 2160 2411 2225 deﬁxi,
2444 2177 2564 2231 quae
2590 2179 2690 2232 per
2724 2166 3105 2233 magistrorum
3147 2169 3429 2223 consilium
3471 2172 3598 2226 data

2010 2261 2135 2308 sunt
2160 2270 2187 2307 a
2213 2265 2429 2322 pastore
2454 2272 2581 2311 uno.
2600 2256 2694 2311 llis
2720 2258 2971 2327 amplius,
2992 2259 3173 2325 ﬁlimi,
3196 2276 3304 2316 non
3324 2262 3592 2332 requiras,

2011 2342 2240 2398 faciendi
2278 2346 2463 2416 plures
2506 2346 2672 2402 libros
2702 2348 2880 2404 nullus
2906 2359 2991 2405 est
3014 2350 3136 2406 ﬁnis
3183 2351 3352 2423 (Eccl.
3403 2353 3524 2427 xu).
3570 2375 3588 2406 ι

2012 2435 2178 2492 Moris
2196 2446 2281 2492 est
2303 2437 2731 2509 Scripturarum,
2768 2445 3019 2513 quamvis
3041 2445 3225 2515 plures
3248 2447 3416 2505 libros
3440 2450 3486 2504 si
3518 2450 3597 2505 in-

2011 2535 2093 2582 ter
2127 2542 2187 2583 se
2228 2543 2335 2584 non
2379 2529 2720 2600 discrepent,
2768 2536 2825 2587 et
2862 2533 2942 2589 de.
2973 2536 3165 2591 eadem
3212 2552 3271 2591 re
3313 2537 3593 2604 scribant,

2008 2634 2175 2687 unum
2212 2620 2463 2677 volumen
2508 2624 2728 2689 dicere;
2771 2641 2898 2681 nam
2945 2634 3001 2683 et
3048 2628 3296 2685 volumen
3345 2631 3400 2686 in
3439 2632 3594 2688 Isaize

2007 2725 2269 2768 sermone
2285 2714 2557 2784 signatura
2584 2726 2669 2771 est
2706 2719 2885 2785 pinnis
2926 2718 3207 2789 Scriptura
3242 2721 3373 2789 Dei,
3404 2733 3460 2781 et
3484 2743 3594 2781 uno

2006 2802 2249 2871 capitulo
2286 2802 2409 2859 libri
2452 2804 2722 2871 Ezechiel,
2752 2806 3085 2879 Joannisque
3115 2822 3435 2867 noscuntur.
3471 2816 3595 2869 Sai-

2006 2903 2162 2950 vator
2187 2912 2409 2966 quoque
2429 2900 2670 2954 omnium
2704 2910 2850 2956 retro
2878 2912 3191 2959 sanctorum
3221 2907 3445 2962 vocibus
3468 2922 3592 2977 pro-

2004 2986 2262 3055 plictatns
2312 2988 2425 3042 ait:
2458 3008 2477 3040 ι
2509 2988 2567 3043 In
2609 2991 2786 3060 capite
2824 2992 2946 3046 libri
2977 2994 3237 3064 scriptum
3286 3005 3372 3051 est
3408 2997 3477 3052 de
3504 3002 3592 3053 ine

2008 3077 2182 3151 (Paul.
2230 3080 2441 3153 χχχιχ).
2466 3101 2484 3133 ι
2516 3083 2675 3138 Juxta
2711 3100 2928 3140 sensum
2974 3087 3120 3143 hunc
3156 3089 3321 3158 igitur
3352 3090 3593 3145 arbitror

2007 3188 2152 3227 nunc
2198 3180 2547 3243 praeceptum,
2597 3190 2665 3229 ne
2710 3176 2894 3245 plures
2946 3177 3067 3233 libri
3120 3177 3271 3233 ﬁant.
3321 3180 3591 3250 Quidquid

2004 3261 2148 3316 enim
2178 3263 2403 3326 dixeris,
2436 3264 2480 3318 si
2517 3263 2584 3318 ad
2614 3280 2736 3320 eum
2766 3265 3067 3334 referatur,
3099 3269 3191 3339 qui
3234 3269 3288 3324 in
3327 3270 3592 3341 principio

2003 3361 2122 3408 erat
2164 3354 2306 3424 apud
2341 3353 2505 3410 Deum
2536 3355 2679 3411 Deus
2704 3357 2965 3424 Verbum,
2994 3374 3161 3413 unum
3196 3361 3447 3421 volumen
3483 3370 3587 3426 est,

2001 3454 2058 3500 et
2087 3445 2513 3501 innumerabiles
2540 3446 2688 3513 libri,
2733 3464 2839 3503 una
2866 3448 2975 3513 lex,
3007 3466 3171 3504 unum
3205 3451 3588 3522 Evangelium;

2000 3538 2144 3606 quod
2168 3537 2213 3591 si
2249 3536 2481 3601 diversa,
2500 3536 2873 3608 discrepantia
2910 3538 3292 3609 disputaveris,
3320 3551 3376 3596 et
3406 3542 3587 3596 curio-

2001 3627 2161 3681 sitate
2191 3626 2356 3681 nimia
2387 3627 2492 3682 huc
2523 3627 2756 3696 illucque
2789 3628 3030 3683 animum
3057 3629 3378 3695 adduxeris,
3418 3631 3584 3685 etiam

2000 3717 2054 3772 in
2095 3734 2200 3772 uno
2247 3718 2388 3773 libro
2433 3718 2588 3773 multi
2640 3719 2762 3773 libri
2810 3727 2956 3775 sunt.
3009 3719 3159 3776 Unde
3205 3722 3411 3776 dictum
3457 3730 3585 3777 est:

2006 3824 2024 3858 ε
2059 3806 2138 3861 Ex
2170 3807 2509 3876 multiloquio
2534 3824 2640 3863 non
2667 3808 2891 3881 ell'ugies
2923 3819 3205 3880 peccatum
3234 3811 3254 3884 (
3278 3810 3532 3883 Procax):
3561 3832 3581 3863 ι

2076 3917 2094 3948 ι
2127 3897 2408 3968 Recupera
2454 3899 2762 3968 proximum
2797 3903 3095 3956 secundum
3125 3903 3380 3958 virtutem
3411 3912 3582 3970 tuam,

2005 4006 2023 4040 α
2057 3994 2113 4041 et
2145 3987 2362 4042 attende
2395 3988 2490 4044 tibi
2532 4002 2601 4043 ne
2639 3988 2870 4046 incidas.
2904 4010 2923 4042 ι
2964 3991 3283 4047 [lectissima
3312 3993 3581 4058 doctrina,

1997 4089 2054 4134 et
2081 4078 2426 4135 utilissimum
2452 4080 2762 4147 consilium,
2782 4089 2842 4136 ut
2864 4082 3115 4150 proximo
3129 4085 3423 4139 secundum
3440 4085 3588 4139 vires

1996 4170 2237 4241 praebeas
2275 4170 2554 4237 solatium,
2593 4181 2650 4227 et
2692 4172 3006 4241 tibimetipsi
3045 4175 3375 4244 pmvideas,
3426 4191 3493 4231 ne
3524 4176 3578 4230 in

1998 4264 2205 4333 peccati
2231 4264 2315 4318 vel
2338 4265 2545 4319 erroris
2570 4264 2778 4321 incidas
2802 4264 3087 4335 laqueum.
3106 4267 3235 4323 Hice
3261 4281 3476 4338 quoque
3503 4269 3584 4323 ia—

1997 4352 2170 4422 signia
2200 4362 2325 4408 sunt
2362 4352 2684 4411 Christiana:
2712 4355 2985 4427 religionis
3004 4397 3039 4421 ,η
3060 4358 3183 4414 haec
3204 4359 3288 4414 via
3314 4360 3578 4423 veritatis,

310 4460 330 4490 ι
369 4446 501 4495 sunt
550 4439 603 4493 in
645 4440 897 4509 gentibus
934 4441 1146 4497 alienis.
1181 4460 1200 4494 ι
1223 4440 1380 4495 Viros
1423 4451 1694 4511 potentes,
1744 4442 1893 4498 viros
1919 4473 1971 4532 Ι)
1998 4444 2113 4498 haec
2158 4444 2340 4514 regula
2363 4445 2607 4516 justitiae.
2658 4444 2810 4502 Unde
2842 4456 2896 4502 et
2935 4446 3166 4504 Iacobus
3207 4449 3503 4521 apostolus.
3528 4451 3580 4504 in

304 4530 577 4600 superbos
617 4540 673 4585 et
715 4541 1032 4603 arrogantes
1074 4533 1188 4587 vult
1231 4533 1477 4603 intelligi,
1528 4548 1665 4604 quos
1695 4549 1892 4606 gyrans

304 4621 547 4691 migrare
591 4620 740 4687 fecit,
780 4624 883 4679 hoc
917 4633 1017 4688 est,
1066 4640 1255 4679 errore
1289 4624 1440 4680 vario
1473 4639 1503 4678 a
1547 4632 1693 4684 statu
1727 4632 1893 4681 rectm

308 4717 435 4773 ﬁdei
484 4718 711 4784 evellit,
755 4726 812 4773 et
856 4720 1154 4774 errantium
1196 4720 1367 4775 turba:
1404 4719 1766 4776 commiscet:
1799 4720 1892 4791 qui

266 4820 275 4827 ‘
306 4809 506 4863 merito
537 4808 793 4864 dicuntur
813 4810 991 4881 gentis
1011 4810 1217 4869 aliena).
1252 4810 1375 4881 quia
1405 4819 1652 4865 extorres
1673 4818 1798 4864 sunt
1824 4812 1893 4865 ab

304 4899 519 4955 unitate
554 4899 814 4956 Ecclesia:
853 4901 1154 4956 catholicae.
1189 4902 1265 4956 De
1300 4902 1500 4971 quibus
1532 4916 1628 4971 per
1663 4900 1891 4955 Psalmi—

305 5002 451 5049 stam
491 4992 731 5048 dicitur:
765 5011 784 5044 ε
813 4991 1047 5047 Alienati
1093 5001 1224 5047 sunt
1266 5001 1581 5061 peccatores
1617 4993 1686 5047 ab
1717 5002 1889 5057 utero,

301 5091 631 5138 erraverunt
655 5098 687 5137 a
715 5090 925 5147 ventre,
960 5081 1125 5137 locuti
1163 5092 1291 5137 sunt
1316 5081 1450 5138 falsa
1482 5080 1658 5156 (Psal.
1685 5080 1839 5155 Lvtt).
1869 5102 1886 5134 ι

383 5195 404 5227 ι
446 5173 713 5231 Peccator
758 5174 1163 5246 transgrediens
1208 5174 1462 5228 mandata
1502 5174 1713 5230 Domini
1759 5173 1893 5229 inci-

309 5286 331 5318 ι
366 5265 462 5321 det
510 5265 565 5320 in
618 5264 1035 5335 promissionem
1092 5279 1357 5335 nequam;
1415 5273 1470 5319 et
1518 5265 1612 5336 qui
1663 5273 1893 5321 conatur

309 5376 329 5405 σ
358 5354 529 5409 multa
549 5368 730 5426 agere,
753 5353 953 5409 incidet
981 5353 1035 5408 in
1066 5352 1352 5422 judicium.
1384 5375 1402 5405 ι
1434 5356 1693 5411 Peccator
1714 5365 1890 5411 trans-

303 5444 560 5515 grediens
585 5444 838 5500 mandata
884 5444 1119 5509 Domini,
1161 5444 1363 5500 incidet
1398 5445 1448 5498 in
1476 5446 1890 5514 promissionem

305 5551 567 5607 nequam.
604 5535 759 5591 Illam
794 5535 1046 5592 videlicet
1092 5536 1159 5592 de
1203 5551 1312 5606 qua
1368 5536 1422 5589 in
1473 5537 1890 5592 Deuteronomio

303 5627 572 5697 scriptum
600 5634 685 5682 est
711 5643 727 5681 :
766 5645 787 5678 ι
813 5624 1130 5682 Maledictus
1154 5626 1333 5682 omnis
1355 5626 1446 5697 qui
1475 5641 1579 5681 non
1609 5636 1889 5696 permanet

307 5719 365 5771 in
387 5717 731 5785 sermonibus
771 5715 908 5788 legis
947 5717 1157 5774 Domini
1177 5758 1191 5785 ,
1240 5733 1343 5775 nec
1370 5733 1533 5790 opere
1558 5732 1653 5776 eos
1680 5720 1892 5789 perﬁcit

2000 4532 2238 4602 Epistula
2285 4549 2383 4590 sua
2420 4535 2656 4607 scripsit,
2706 4538 2890 4594 dicens
2926 4557 2938 4593 :
2977 4558 2994 4590 ι
3029 4539 3236 4611 Religio
3284 4542 3482 4597 munda
3525 4551 3583 4598 et

1999 4623 2345 4680 immaculata
2391 4626 2532 4695 apud
2572 4629 2742 4683 Deum
2783 4639 2840 4683 et
2872 4629 3089 4685 Patrem
3139 4632 3254 4687 haec
3288 4642 3409 4688 est:
3444 4633 3581 4689 Visi-

2000 4726 2117 4772 tare
2141 4717 2370 4788 pupillos
2388 4727 2447 4774 et
2474 4718 2664 4774 viduas
2698 4722 2750 4774 in
2775 4719 3123 4777 tribulatione
3148 4737 3355 4787 eorum,
3387 4733 3444 4778 et
3469 4724 3577 4779 im-

2000 4810 2328 4865 maculatum
2365 4824 2425 4865 se
2454 4809 2730 4866 custodire
2770 4811 2838 4866 ab
2874 4811 2978 4867 hoc
3011 4812 3206 4868 saaeulo
3260 4813 3404 4887 (Jac.
3450 4814 3512 4885 ι).
3555 4837 3573 4868 ι

1999 4900 2138 4969 Quia
2173 4902 2391 4957 dixerat
2412 4901 2675 4957 faetorem
2713 4900 2893 4974 aperis
2936 4902 3152 4959 beatum
3195 4905 3250 4960 in
3289 4906 3434 4962 facto
3478 4923 3579 4963 suo

1993 4993 2420 5060 futurutn,nune
2446 5009 2566 5063 quae
2589 4994 2727 5050 facta
2752 4994 2863 5051 Deo
2890 4996 3125 5051 maxime
3143 4996 3394 5066 placeant
3424 4999 3579 5061 dicit,

1996 5084 2363 5140 misericordia
2401 5085 2612 5141 scilicet
2659 5094 2716 5140 et
2759 5086 3089 5142 innocentia.
3129 5087 3469 5160 Namque'in
3512 5108 3578 5145 eo

1993 5176 2135 5246 quod
2173 5176 2400 5247 pupillos
2427 5186 2483 5232 et
2513 5178 2718 5233 viduas.
2745 5178 2800 5232 in
2841 5178 3187 5236 tribulatione
3213 5197 3417 5237 eorum.
3444 5183 3574 5237 visi-

1996 5277 2112 5324 tare
2131 5268 2313 5340 jussit,
2344 5264 2534 5324 euneta
2561 5285 2689 5340 quas
2710 5286 2855 5342 erga:
2868 5272 3171 5342 proximum
3202 5274 3539 5328 misericordi

2000 5364 2082 5412 ter
2106 5372 2268 5428 agere
2307 5358 2601 5415 debeamus
2626 5360 2906 5415 insinuat:
2943 5362 3072 5431 quia
3103 5371 3360 5432 quantum
3400 5362 3575 5415 valeat

1999 5446 2115 5517 ipso
2137 5448 2328 5518 judicii
2371 5456 2612 5519 tempore
2646 5449 2934 5519 pandetur,
2983 5450 3076 5503 ubi
3102 5450 3344 5503 dicturus
3368 5457 3453 5503 est
3481 5449 3570 5517 ju-

1999 5538 2142 5592 dex:
2176 5556 2195 5590 ι
2232 5536 2482 5605 Quandiu
2525 5537 2747 5594 fecistis.
2774 5539 2885 5593 uni-
2911 5552 2989 5593 ex.
3016 5537 3101 5592 his
3141 5536 3263 5590 fratt
3278 5537 3399 5592 ibus
3439 5539 3574 5594 meis

1996 5627 2266 5693 minimis,
2315 5628 2448 5682 mihi
2475 5627 2679 5684 fecistis
2721 5627 2954 5699 (Matth.
2984 5622 3170 5690 xxv)»
3204 5624 3374 5683 Porro
3409 5628 3464 5682 in
3507 5646 3574 5684 eo

1995 5716 2137 5786 quod
2163 5716 2534 5774 immaculatos
2559 5732 2656 5774 uos
2679 5718 2748 5775 ab
2780 5716 2884 5772 hoc
2908 5715 3109 5772 saeculo
3138 5716 3413 5774 custodire
3432 5733 3571 5790 pra:-
