3926 6168
400 369 470 420 79
1003 362 1064 416 Β.
1107 359 1361 416 RABANI
1400 352 1620 415 MAUBI
1659 346 1974 412 ARCIIII‘LD.
2015 351 2322 412 MOGUNT.
2361 345 2647 409 OPERUH
2682 345 2861 406 PARS
2895 345 2936 404 ῐ.

3521 354 3634 408 950

361 480 524 549 cepit,
547 478 795 535 universa
824 475 876 528 in
906 474 1101 542 quibus
1125 473 1372 544 nosipsos
1395 480 1576 526 castos
1596 484 1815 524 servare
1843 469 1933 523 de-
1964 475 2012 532 Α
2111 487 2131 517 ι
2155 465 2433 519 Minimum
2473 481 2571 536 pro
2611 481 2809 534 magno
2839 465 3052 534 placeat
3096 463 3214 529 tibi,
3253 473 3310 519 et
3355 465 3628 536 imprope-

363 581 453 626 cet
490 567 740 626 ostendit.
771 565 828 619 In
858 566 1052 634 quibus
1081 575 1202 620 sunt
1234 575 1288 620 et
1313 580 1375 618 ea
1404 580 1526 634 qua:
1561 577 1723 630 supra
1748 562 1937 616 obser-

370 680 493 718 vare
535 667 836 725 monuerat,
873 667 932 712 ut
974 657 1115 712 tardi
1157 659 1326 713 simus
1371 657 1438 711 ad
1482 655 1843 725 loquendum,
1886 660 1944 708 et

365 751 505 807 tardi
539 751 607 806 ad
630 751 788 805 iram.

971 837 1197 894 CAPUT
1232 836 1317 891 111.

369 924 446 984 De
466 928 766 1000 frugalitate
797 929 1032 1000 honesta,
1055 927 1109 980 id
1129 924 1564 1000 esteontinentia,
1591 933 1638 976 et
1665 921 1940 993 parcitate,

933 1009 978 1052 et
1002 997 1376 1068 hospitalitate.

445 1131 463 1164 ‹
497 1109 711 1166 initium
757 1111 880 1165 vitae
919 1110 1197 1164 hominum
1234 1123 1372 1179 aqua
1407 1115 1462 1163 et
1501 1105 1654 1176 panis
1689 1111 1744 1159 et
1775 1101 1944 1158 vesti-

375 1221 394 1253 α
434 1210 698 1266 mentum,
745 1209 798 1254 ct
847 1200 1036 1254 domus
1075 1206 1360 1268 protegens
1401 1193 1846 1264 turpitudinem.)
1884 1189 1943 1244 In

372 1290 474 1348 hoc
501 1292 735 1362 capitulo
777 1291 1039 1360 sapientia
1067 1292 1224 1344 docet
1269 1287 1654 1357 frugalitatem,
1693 1284 1946 1337 honesta-

373 1393 503 1448 tem,
534 1393 589 1441 et
625 1383 1068 1453 hospitalitatem,
1105 1390 1164 1436 ut
1201 1379 1496 1435 habeamus
1535 1375 1944 1446 temperantiam

374 1475 428 1530 ln
451 1476 596 1530 victu
639 1484 692 1530 et
723 1474 938 1536 vestitu,
977 1474 1313 1527 honestatem
1341 1471 1394 1524 in
1424 1469 1683 1532 moribus,
1720 1466 1944 1538 largita-

374 1574 483 1622 tem
520 1567 573 1620 in
619 1565 971 1636 suscipiendis
1001 1564 1278 1618 fratribus.
1323 1561 1475 1627 Quod
1504 1559 1649 1614 enim
1679 1557 1809 1613 dicit
1845 1553 1948 1610 ini-

374 1657 512 1710 tium
541 1656 813 1711 hominum
857 1655 976 1709 vita:
1003 1669 1122 1710 esse
1156 1669 1350 1724 aquam
1390 1660 1444 1708 et
1469 1661 1662 1722 panem
1684 1686 1700 1714 ν
1738 1655 1948 1703 vestem

376 1755 431 1801 ct
455 1747 670 1800 domum
702 1755 1066 1816 protegentem
1096 1743 1502 1818 turpitudinem,
1532 1739 1767 1795 ostendit
1805 1736 1949 1807 quod

2045 577 2064 608 ι
2100 557 2237 610 rium
2267 555 2722 625 peregrinationis
2763 571 2869 608 non
2903 554 3108 609 audies.
3142 573 3160 606 ι
3188 553 3268 609 Ac
3307 555 3352 608 si
3382 564 3632 624 patenter

2040 649 2220 703 dicat:
2251 647 2494 702 Snliieiat
2521 648 2615 700 tibi
2643 647 2786 716 quod
2818 647 3005 712 habes,
3055 661 3156 701 nec
3192 645 3464 715 superﬂue
3499 663 3632 718 opus

2040 760 2272 814 qmeras,
2299 757 2436 813 quas
2479 744 2703 812 adipisci
2749 759 2854 797 non
2897 742 3062 797 vales.
3109 741 3262 798 Unde
3289 740 3510 810 quidam
3545 756 3632 795 sa.

2039 833 2300 904 pientium
2335 832 2671 886 aitzﬂeliut
2707 841 2785 886 est
2833 849 2940 885 non
2984 831 3176 885 habere
3219 833 3360 901 quod
3406 832 3631 893 tribuas,

2039 937 2198 994 quam
2235 924 2558 994 impudenter
2584 933 2822 994 expetere
2849 924 2992 994 quod
3022 938 3126 976 non
3156 921 3370 977 habeas.
3418 923 3497 978 De
3521 940 3633 993 quo

2041 1024 2096 1070 et
2129 1014 2182 1068 in
2219 1014 2528 1070 Proverbiis
2574 1015 2836 1084 scriptum
2878 1022 2962 1068 est
2988 1031 3000 1066 :
3031 1031 3049 1065 ‹
3080 1013 3267 1068 Melius
3311 1023 3394 1068 est
3437 1030 3629 1084 parum

2043 1121 2166 1160 eum
2191 1107 2382 1160 timore
2403 1106 2524 1170 Dei,
2549 1121 2710 1176 quam
2744 1104 2980 1159 thesauri
3027 1105 3207 1174 magni
3239 1113 3294 1158 et
3326 1105 3626 1160 instabiles.

2043 1194 2144 1260 Qui
2170 1193 2345 1265 diligit
2385 1194 2590 1264 epulas,
2637 1195 2690 1248 iu
2717 1203 2957 1265 egestate
2983 1194 3120 1248 erit:
3145 1195 3237 1262 qui
3266 1204 3414 1248 amat
3444 1195 3628 1247 vinum

2047 1301 2102 1346 et
2136 1292 2380 1358 pinguia,
2419 1303 2524 1342 non
2570 1287 2832 1343 dilabitur
2869 1283 3055 1357 (Prov.
3092 1288 3226 1355 nl).
3268 1305 3288 1339 ι
3335 1287 3402 1340 Et
3434 1287 3562 1339 item
3595 1301 3622 1339 :

2054 1403 2073 1436 ε
2113 1384 2304 1438 Melius
2334 1392 2420 1438 est
2454 1397 2648 1437 nomen
2681 1381 2884 1434 bonum
2917 1393 3076 1449 quam
3123 1376 3323 1432 divitia
3369 1376 3558 1430 murta:
3606 1391 3628 1430 :

2055 1491 2219 1544 super
2240 1489 2430 1530 aurmn
2451 1483 2505 1529 et
2525 1484 2839 1544 argentum,
2854 1473 3026 1542 gratia
3042 1471 3183 1524 bona
3203 1468 3390 1539 (Prov.
3414 1470 3580 1537 xm).
3599 1485 3624 1519 ι

2122 1580 2141 1613 ι
2176 1562 2294 1616 Vita
2337 1577 2569 1630 nequam
2598 1561 2905 1631 hospitandi
2936 1561 3003 1614 de
3030 1560 3190 1614 domo
3216 1559 3267 1611 in
3291 1559 3511 1612 domum
3539 1573 3554 1618 ;
3580 1569 3632 1608 et

2053 1671 2072 1704 ι
2109 1652 2197 1707 ubi
2228 1653 2611 1722 hospitabitur,
2641 1669 2746 1708 non
2779 1651 3108 1706 ﬁducialiter
3125 1658 3266 1720 aget,
3296 1665 3397 1704 nec
3429 1649 3634 1717 aperiet

2055 1763 2072 1794 ς
2105 1758 2186 1796 os.
2211 1761 2228 1794 ›
2265 1742 2434 1810 Quam
2474 1745 2671 1798 bonum
2699 1743 2771 1798 sit
2808 1743 3056 1798 stabilem
3092 1741 3390 1811 quemlibet
3428 1755 3550 1793 esse
3583 1741 3632 1790 in

379 1837 431 1890 in
463 1836 617 1890 initio
647 1851 752 1889 non
783 1844 900 1888 erat
930 1835 981 1888 in
1005 1833 1309 1888 hominibus
1341 1839 1486 1886 tanta
1512 1829 1722 1884 luxuria
1757 1827 1861 1884 cibi
1892 1835 1947 1880 et
1971 1831 2018 1890 Β
2048 1831 2213 1902 gradu
2245 1848 2344 1888 suo
2385 1843 2438 1888 et
2484 1834 2537 1888 in
2583 1834 2996 1888 conversatione
3033 1847 3152 1896 sua,
3187 1841 3241 1886 et
3268 1847 3431 1900 quam
3477 1840 3636 1898 turpe

376 1936 534 1997 potus
564 1934 766 1995 quanta
783 1939 928 1978 nunc
958 1934 1078 1990 est;
1115 1937 1216 1978 nec
1249 1924 1371 1979 talis
1403 1923 1625 1978 ambitio
1667 1923 1719 1976 in
1753 1928 1946 1976 ornatu

377 2017 624 2080 vestium,
648 2023 702 2069 et
729 2015 779 2069 in
823 2015 1220 2069 constructione
1256 2014 1481 2068 turrium
1520 2021 1682 2082 atque
1715 2011 1945 2082 palatio-

378 2121 492 2159 rum
523 2111 545 2158 :'
565 2105 658 2159 sed
688 2103 974 2172 unicuique
995 2103 1044 2156 in
1077 2118 1142 2158 eo
1165 2101 1462 2156 suiliciebat
1481 2100 1622 2172 quod
1645 2109 1788 2154 terra
1815 2099 1947 2152 sim«

375 2195 496 2265 plici
523 2195 699 2250 fructu
741 2195 1104 2259 ministrabat,
1135 2203 1191 2248 et
1219 2201 1410 2247 natura
1448 2192 1552 2248 loci
1577 2193 1632 2246 in
1667 2192 1949 2246 habitacu-

376 2277 439 2339 ΕΒ
468 2285 758 2354 praebebat.
787 2283 940 2340 Unde
975 2283 1170 2355 legitur
1210 2283 1352 2353 quod
1395 2283 1570 2352 pomis
1615 2281 1867 2337 arborum
1894 2288 1950 2335 et

375 2378 704 2448 germinibus
751 2375 959 2432 olerum
1015 2387 1360 2430 vescerentur
1407 2375 1648 2444 antiqui;
1701 2382 1758 2428 et
1807 2372 1949 2441 quod

375 2477 592 2540 propter
618 2476 896 2538 peccatum
933 2465 1063 2522 Ada:
1091 2465 1306 2522 fecisset
1341 2465 1391 2520 ei
1421 2464 1676 2519 Dominus
1711 2471 1764 2519 et
1795 2461 1948 2516 uxori

377 2574 488 2615 sum
520 2559 735 2615 tunicas
755 2557 1031 2628 pelliceas,
1063 2565 1118 2613 et
1139 2556 1402 2611 induisset
1428 2571 1541 2610 eos.
1570 2555 1639 2609 At
1667 2568 1810 2609 nunc
1842 2567 1951 2622 quo

377 2647 548 2717 majus
569 2656 655 2704 est
675 2648 914 2702 studium
938 2647 990 2701 in
1025 2647 1282 2702 varietate
1306 2646 1595 2717 praebenda
1624 2645 1868 2701 ciborum
1895 2655 1950 2700 et

377 2739 714 2810 poculorum,
738 2748 794 2795 et
820 2737 874 2793 in
905 2738 1052 2793 cultu
1083 2739 1311 2794 vestium
1341 2744 1504 2807 atque
1544 2737 1826 2792 domorum
1853 2738 1951 2792 hae

375 2831 568 2895 benda,
600 2841 666 2886 eo
691 2831 868 2886 minor
892 2838 977 2886 est
1015 2829 1287 2901 diligentia
1321 2829 1374 2883 in
1411 2829 1754 2884 observantia
1780 2828 1951 2883 bona-

376 2938 494 2977 rum
523 2921 950 2992 disciplinarum,
985 2931 1040 2976 et
1076 2920 1248 2990 major
1277 2921 1536 2990 iniquitas
1564 2920 1618 2974 in
1650 2926 1955 2989 transgres-t

375 3015 526 3071 sione
561 3015 869 3070 divinorum
916 3012 1310 3067 mandatorum.
1354 3010 1508 3068 Unde
1537 3011 1794 3066 Dominus
1831 3008 1954 3064 red-

378 3119 611 3174 arguens
656 3104 992 3174 iniquitatem
1033 3093 1354 3166 Jerusalem,
1386 3102 1454 3156 ad
1495 3099 1798 3170 exemplum
1827 3114 1954 3170 pro-

378 3171 496 3251 tulit
547 3171 824 3265 peccatum
887 3192 1264 3257 Sodomorum,
1319 3190 1473 3263 cujus
1531 3192 1619 3246 illa
1669 3192 1950 3255 imitatrix,
1980 3171 2024 3233 (ἶ

381 3291 486 3343 imo
515 3288 817 3357 superatrix
849 3285 1022 3340 fuerat
1063 3284 1082 3354 (
1110 3283 1299 3337 Matth.
1339 3299 1369 3336 κ
1396 3283 1435 3353 ).
1487 3282 1640 3337 Sicut
1677 3283 1954 3352 propheta:

383 3378 544 3432 verba
581 3384 887 3431 testantur:
917 3395 935 3427 ε
961 3375 1118 3439 Ecce,
1167 3373 1360 3442 inquit,
1408 3374 1522 3427 haec
1559 3371 1661 3426 fuit
1699 3372 1956 3440 iniquitas

383 3466 631 3521 Sodoma:
661 3464 865 3520 sororis
906 3448 1049 3518 tuter
1086 3463 1354 3533 superbia,
1400 3462 1657 3516 saturitas
1685 3462 1862 3531 panis,
1901 3469 1956 3516 et

383 3550 728 3621 abundantia,
755 3564 811 3612 et
833 3557 1002 3612 otium
1047 3556 1232 3627 ipsius,
1263 3564 1318 3610 et
1345 3554 1572 3609 ﬁliarum
1598 3555 1734 3625 ejus.
1760 3563 1814 3608 et
1843 3569 1957 3608 ma-

385 3662 511 3700 num
532 3661 703 3718 egeno
735 3654 792 3700 et
823 3646 1041 3716 pauperi
1084 3661 1189 3700 non
1221 3645 1587 3716 porrigebant.
1636 3645 1702 3699 Et
1737 3645 1957 3700 elevata:

386 3751 532 3802 sunt,
563 3745 618 3792 et
649 3737 890 3793 fecerunt
920 3738 1348 3792 abominationes
1378 3753 1560 3793 coram
1608 3753 1712 3800 me,
1757 3746 1812 3791 et
1835 3737 1958 3792 abs-

386 3830 479 3884 tuli
519 3845 612 3885 eas
653 3828 794 3884 sicut
837 3828 1014 3883 vidisti
1050 3839 1066 3881 :‘
1091 3837 1145 3883 et
1178 3829 1419 3883 Samaria
1451 3829 1729 3884 dimidimn
1773 3844 1958 3898 pecca-

383 3931 560 3978 torum
586 3930 799 3977 tuorum
835 3935 939 3975 non
971 3923 1230 3991 peccavit,
1268 3922 1361 3976 sed
1390 3921 1563 3976 vicisti
1610 3936 1703 3976 eas
1741 3920 1960 3975 sceleri-

384 4015 484 4069 bus
535 4013 660 4077 tuis,
707 4022 764 4068 et
804 4011 1111 4080 justilicasti
1163 4023 1378 4066 sorores
1431 4020 1550 4066 tuas
1603 4011 1655 4064 in
1707 4011 1959 4064 omnibus

383 4101 874 4157 abominationibus
914 4103 1018 4156 tuis
1045 4115 1180 4170 quas
1200 4109 1419 4170 operata
1444 4117 1504 4156 es
1537 4100 1754 4171 (Ezeeh.
1774 4101 1907 4165 xvi).
1935 4120 1951 4151 ι

461 4213 480 4245 ι
515 4193 704 4248 Melior
727 4201 811 4248 est
833 4185 1008 4248 victus
1035 4193 1286 4263 pauperis
1306 4193 1406 4246 sub
1432 4193 1664 4263 tegmine
1689 4208 1954 4255 asserum,

387 4305 406 4334 ε
441 4301 602 4356 quam
631 4284 799 4355 epulm
828 4285 1119 4355 splendidae
1141 4285 1193 4338 in
1224 4298 1450 4354 peregre
1479 4284 1595 4338 sine
1618 4283 1908 4338 domicilio.
1936 4302 1952 4332 ›

382 4368 541 4430 quta
583 4391 805 4432 sensum
868 4375 1180 4430 historicum
1227 4374 1563 4430 commodius
1607 4385 1692 4430 est
1741 4384 1954 4430 tenuem

385 4467 586 4520 victum
608 4465 709 4522 sub
740 4465 828 4520 vili
859 4467 1072 4536 tugurio
1091 4465 1384 4535 quemlibet
1409 4479 1528 4520 cum
1553 4465 1842 4519 securitate
1863 4481 1953 4518 su-

383 4566 550 4621 mere,
575 4572 733 4628 quam
761 4558 1067 4628 splendidas
1093 4557 1279 4627 epulas
1299 4573 1420 4612 cum
1451 4555 1760 4626 fatigatione
1789 4559 1952 4611 nimia

384 4663 449 4704 ac
492 4649 852 4704 sollicitudine
901 4647 1164 4717 superflua
1210 4648 1263 4701 in
1314 4648 1534 4702 incertis
1583 4648 1716 4702 locis
1753 4649 1954 4717 passim

384 4753 645 4810 qmerere.
674 4737 832 4794 Juxta
877 4738 1186 4809 allegoriam
1227 4747 1404 4792 autem
1447 4737 1636 4792 melior
1676 4747 1760 4792 est
1788 4739 1958 4793 victus

385 4830 642 4900 spiritalis
685 4845 900 4895 sensus,-
932 4831 1020 4900 qui
1064 4831 1165 4885 sub
1195 4829 1285 4884 vili
1318 4831 1552 4897 tegmine
1600 4829 1902 4884 litterarum
1928 4849 1956 4885 a

387 4929 623 4989 paupere
663 4912 916 4976 Ecclesia:
944 4920 1140 4992 populo
1180 4921 1234 4975 in
1260 4921 1464 4977 unitate
1493 4922 1758 4977 catholica
1788 4923 1956 4978 habes

389 5020 498 5074 tur,
529 5025 713 5078 quam,
761 5011 1060 5066 ambitiosae
1087 5004 1289 5066 deliciae
1326 5011 1815 5082 philosophicorum
1859 5013 1956 5068 do—

388 5096 656 5170 gmatnm,’
678 5110 798 5170 qua:
830 5101 883 5156 in
917 5102 1145 5157 ditersis
1183 5103 1336 5157 libris
1365 5104 1642 5158 rhetorum
1666 5120 1695 5158 a
1724 5104 1960 5174 philoso-

390 5192 512 5262 phis
552 5191 666 5247 sive
695 5191 964 5247 harreticis
990 5207 1218 5248 errones
1246 5201 1302 5248 et
1330 5195 1568 5262 putative
1597 5195 1766 5264 magis
1798 5210 1956 5264 quam

390 5282 656 5337 veraciter
685 5281 1031 5337 continentur
1053 5300 1067 5336 :
1093 5284 1185 5337 ubi
1215 5298 1438 5353 magnus
1479 5285 1651 5348 labor,
1683 5295 1736 5338 et
1767 5301 1960 5354 super‘

392 5369 493 5427 ilua
530 5388 680 5436 cura,
713 5380 768 5427 et
788 5380 956 5442 parva
983 5373 1187 5427 utilitas
1217 5373 1506 5428 invenitur.
1538 5375 1611 5429 De
1651 5377 1844 5444 quibus
1866 5387 1963 5445 per

391 5464 610 5518 l‘auitttn
660 5464 894 5520 dicitur:
924 5483 943 5516 ‹
981 5462 1206 5534 Semper
1248 5465 1540 5529 discentes,
1585 5475 1641 5522 et
1688 5464 1971 5538 nunquam

390 5556 457 5609 tul
488 5555 770 5612 scientiam
801 5555 1046 5610 veritatis
1073 5556 1447 5625 pervenientes
1487 5556 1591 5628 (η
1627 5557 1762 5611 Tim.
1795 5559 1900 5630 in).
1939 5579 1957 5609 ι

391 5647 658 5712 Quoniam
679 5646 899 5701 stultam
921 5645 1052 5734 fecit
1073 5644 1214 5701 Deus
1233 5647 1551 5716 sapientiam
1575 5647 1734 5716 hujus
1754 5649 1962 5712 mundi,

393 5746 492 5792 nec
517 5745 604 5792 est
632 5738 686 5792 in
713 5753 964 5794 sermone
991 5749 1215 5809 regnum
1243 5737 1367 5802 Dei,
1395 5738 1489 5793 sed
1520 5738 1574 5792 in
1600 5737 1820 5793 virtute.

2050 1925 2418 1982 eireellionum
2454 1939 2606 1980 more
2630 1939 2728 1995 per
2749 1925 2958 1978 diversa
3001 1922 3116 1978 loca
3146 1923 3351 1992 vagari,
3402 1937 3636 1992 evange-

2050 2015 2150 2069 lica
2182 2023 2234 2070 et
2274 2015 2568 2086 apostolica
2601 2015 2847 2069 doctrina
2880 2012 3156 2084 patefacit.
3201 2011 3351 2068 Unde
3385 2012 3635 2066 Salvator

2048 2107 2326 2176 discipulis
2366 2107 2479 2162 suis
2523 2107 2813 2176 praecepit,
2866 2106 3090 2160 dicens:
3127 2124 3144 2156 ‹
3175 2103 3351 2158 Nolite
3401 2105 3634 2159 transire

2049 2200 2115 2254 de
2139 2199 2300 2254 domo
2337 2199 2390 2252 in
2433 2199 2688 2263 domum;
2746 2203 2799 2251 et
2838 2197 2892 2251 in
2933 2209 3310 2265 quamcunque
3359 2194 3630 2249 civitatem

2048 2291 2406 2355 intraveritis,
2438 2299 2492 2346 et
2515 2290 2988 2360 susceperintvos,
3031 2289 3352 2344 manalneate
3381 2306 3503 2359 qua:
3541 2302 3631 2359 ap-

2048 2392 2321 2453 ponuntur
2347 2384 2519 2448 vobis,
2564 2393 2618 2437 et
2662 2394 2852 2438 curate
2886 2382 3129 2438 infirmos
3164 2382 3334 2451 quiin
3382 2382 3471 2435 illa
3509 2389 3634 2436 sunt

2051 2471 2203 2544 (Luc.
2244 2473 2351 2544 x).v
2389 2472 2526 2528 llinc
2566 2480 2622 2527 et
2655 2472 2852 2527 Paulus
2891 2471 3469 2528 Thessalonicemibus
3498 2475 3629 2527 scri-

2051 2565 2208 2630 hens,
2238 2580 2538 2636 gyrovagos
2573 2565 2854 2636 redarguit
2873 2566 3099 2620 dicens:
3135 2582 3154 2616 ι
3188 2563 3510 2619 Audivimns
3534 2582 3628 2619 au—

2049 2661 2160 2708 tem
2197 2655 2457 2724 quosdam
2491 2653 2636 2708 inter
2669 2669 2763 2710 vos
2798 2653 3138 2708 ambulantes
3187 2653 3448 2722 inquiete,
3501 2651 3637 2707 nihl!

2049 2750 2377 2810 operantes,
2428 2740 2522 2795 sed
2567 2741 2782 2795 curiose
2837 2752 3080 2808 agentes.
3145 2735 3242 2793 His
3293 2750 3477 2791 autem
3535 2735 3631 2805 qui

2050 2834 2315 2902 ejusmodi
2347 2841 2496 2898 sunt,
2528 2833 2917 2886 denuntiamus
2943 2840 2997 2883 et
3029 2830 3388 2883 obSecramus
3435 2829 3491 2882 in
3526 2827 3629 2883 Do-

2053 2927 2202 2981 mino
2228 2923 2358 2981 Jesu
2389 2926 2630 2989 Christo,
2659 2933 2717 2976 ut
2746 2939 2870 2977 cum
2901 2922 3119 2978 silentio
3149 2932 3445 2991 Oper-antes
3473 2939 3629 2973 smmi

2055 3033 2248 3088 panem
2275 3020 2597 3072 manducent
2618 3016 2667 3088 (1
2679 3017 2702 3070 1
2729 3015 2903 3070 Thess.
2925 3013 3028 3084 tu).
3044 3031 3064 3066 ι
3087 3014 3239 3078 Quod
3264 3023 3447 3066 autem
3472 3016 3630 3066 dicit:

2063 3126 2081 3158 ι
2114 3105 2216 3162 Ubi
2251 3107 2612 3177 hospitabitur
2643 3123 2746 3160 non
2779 3104 3095 3158 ﬁducialiter
3130 3111 3283 3181 aget,
3304 3117 3406 3156 nec
3433 3102 3635 3171 aperiet

2055 3216 2138 3264 os,
2161 3225 2178 3252 ι
2215 3198 2448 3253 ostendit
2471 3197 2612 3266 quod
2653 3195 2864 3249 difﬁcile
2885 3195 3227 3248 securitatem
3255 3193 3400 3246 inter
3431 3191 3636 3261 ignotus

2054 3290 2310 3350 inveniat,
2345 3303 2504 3356 quam
2547 3285 2798 3341 Salomon
2831 3285 3038 3338 cunctis
3071 3283 3280 3337 deliciis
3319 3280 3634 3352 praeposuit,

2055 3381 2240 3435 dicens
2269 3398 2281 3432 :
2320 3399 2337 3430 ί
2358 3379 2561 3433 Secura
2590 3392 2744 3431 mens
2773 3376 2927 3445 quasi
2944 3375 3070 3446 juge
3105 3374 3414 3428 convivium
3437 3373 3454 3436 (
3477 3369 3619 3424 Prov

2057 3491 2124 3528 xv
2142 3473 2180 3543 ).
2216 3493 2234 3526 ι
2259 3472 2491 3527 Grandis
2518 3470 2659 3524 enim
2687 3484 2844 3537 poena
2874 3476 2958 3521 est
2992 3469 3133 3520 inter
3157 3480 3257 3520 eos
3280 3463 3468 3518 sedulo
3503 3477 3624 3515 ρους

2055 3567 2282 3630 versari,
2332 3580 2558 3634 qnormn
2591 3578 2688 3617 nec
2725 3562 2910 3615 animo
2945 3576 3042 3615 nec
3071 3559 3251 3614 verbis
3291 3561 3513 3620 credat,
3546 3559 3639 3611 sed

2057 3675 2270 3729 semper
2297 3659 2600 3727 suspicetur
2629 3655 2695 3709 de
2738 3653 2901 3708 infido
2932 3653 3110 3706 animo
3150 3651 3403 3719 laqueum
3433 3650 3640 3720 captio.

2062 3753 2146 3806 uis
2177 3759 2232 3804 et
2259 3749 2571 3804 scandalum
2601 3745 2934 3799 offensionis.

2134 3859 2151 3890 ι
2184 3837 2573 3909 Hospitabitur,
2603 3846 2658 3891 et
2681 3844 2888 3905 pascet,
2935 3844 2991 3887 et
3032 3833 3239 3902 potabit
3267 3831 3515 3900 ingratos
3547 3843 3561 3881 :
3589 3839 3642 3883 et

2063 3952 2080 3984 ι
2117 3931 2183 3984 ad
2215 3931 2326 3984 hare
2370 3944 2551 3982 amara
2583 3928 2780 3980 audiet.
2818 3945 2836 3977 ι
2891 3922 3260 3993 Hospitabitur
3298 3920 3553 3974 videlicet
3586 3918 3642 3970 in

2057 4026 2231 4080 aliena
2273 4023 2432 4076 domo
2465 4022 2673 4091 ingrate
2702 4025 3014 4087 susceptus,
3047 4015 3138 4069 ubi
3165 4014 3296 4077 edit,
3324 4022 3380 4067 et
3401 4011 3559 4072 bibit,
3586 4018 3642 4064 et

2057 4131 2274 4184 semper
2319 4113 2546 4167 adversa
2589 4109 2953 4180 pertimescit;
3011 4118 3260 4176 saepeque
3305 4104 3372 4157 ab
3421 4102 3646 4156 alterius

2060 4211 2238 4280 lingua
2261 4209 2506 4262 irritatus
2535 4204 2918 4274 improperium
2944 4201 3113 4255 audit.

2130 4316 2152 4350 ι
2181 4297 2398 4362 Transi,
2419 4297 2633 4364 hospes.
2652 4302 2706 4347 et
2724 4308 2855 4347 orna
2881 4308 3152 4354 mensam;
3177 4298 3233 4343 et
3253 4303 3374 4357 qnze
3397 4286 3450 4341 in
3476 4299 3640 4339 manu

2063 4405 2082 4437 ‹
2111 4387 2277 4441 babes
2307 4387 2426 4440 ciba
2462 4393 2708 4439 αξιοι-οε.
2742 4383 2838 4436 Exi
2867 4399 2895 4435 a
2925 4382 3063 4435 facie
3087 4380 3306 4434 honoris
3340 4378 3637 4433 amicorum

2063 4495 2081 4526 ‹
2117 4492 2334 4540 eorum;
2384 4473 2779 4529 necessitudine
2821 4472 3012 4526 domus
3063 4485 3198 4523 mete
3233 4467 3472 4536 hospitio
3511 4462 3641 4520 mihi

2065 4589 2082 4619 ι
2115 4570 2288 4623 factus
2330 4576 2413 4622 est
2465 4565 2652 4618 frater.
2692 4584 2708 4615 ι
2755 4562 2879 4617 Haec
2921 4570 3048 4616 sunt
3086 4560 3249 4614 verba
3293 4558 3640 4627 improperii,

2060 4675 2180 4728 qua:
2223 4658 2361 4712 dixit
2411 4656 2775 4725 hospitantem
2815 4655 2882 4706 ab
2927 4651 3138 4718 hospite
3186 4665 3374 4702 amara
3419 4649 3640 4712 sentire,

2061 4766 2287 4820 quorum
2318 4756 2604 4802 contextus
2636 4745 2795 4798 talem
2827 4750 3001 4810 potest
3030 4741 3228 4794 habere
3272 4754 3493 4793 sensum
3523 4757 3536 4790 :
3565 4737 3640 4790 Tu

2062 4841 2152 4910 qui
2181 4851 2393 4907 semper
2413 4837 2496 4890 vis
2525 4835 2746 4890 alterius
2791 4833 3023 4900 hospitio
3053 4831 3128 4884 uti
3147 4867 3162 4893 ,
3209 4831 3405 4884 recede
3432 4845 3463 4883 a
3490 4829 3643 4884 nobis

2061 4941 2117 4986 et
2143 4931 2252 4985 redi
2278 4929 2346 4983 ad
2369 4937 2479 4994 tua,
2508 4927 2688 4996 ibique
2707 4938 2772 4979 ex
2797 4932 2889 4979 tuo
2916 4923 3099 4977 labore
3119 4930 3170 4974 te
3190 4929 3247 4976 et
3268 4921 3407 4976 alios
3433 4936 3642 4991 pascas,

2063 5029 2115 5074 et
2146 5018 2253 5073 noli
2303 5017 2370 5071 de
2399 5016 2569 5069 aliena
2606 5014 2767 5067 domo
2797 5012 3007 5065 tibimet
3047 5018 3261 5080 pastum
3313 5011 3642 5078 superﬂuum

2065 5123 2334 5178 spnerere;
2395 5104 2590 5160 sumi-it
2643 5103 2771 5156 mihi
2817 5102 2884 5154 ad
2937 5100 3400 5155 cohabimtionem
3458 5101 3645 5156 domus

2067 5213 2198 5252 mea:
2225 5196 2498 5265 susceptio
2522 5193 2911 5264 proximorum,
2939 5198 2994 5244 et
3023 5189 3357 5244 consortium
3395 5187 3638 5243 fratrum.

2067 5285 2142 5340 Te
2164 5293 2342 5338 autem
2387 5283 2639 5338 convenit
2671 5298 2703 5335 a
2734 5279 3004 5335 domicilio
3050 5278 3350 5332 amicorum
3403 5294 3646 5331 meorum

2066 5381 2348 5440 recedere.
2379 5387 2436 5434 et
2473 5380 2614 5432 inter
2641 5386 2764 5431 tuos
2799 5377 2852 5430 id
2889 5390 3049 5445 agere
3086 5379 3231 5443 quod
3265 5376 3407 5428 inter
3441 5373 3647 5429 alienos

2065 5486 2170 5528 non
2198 5483 2382 5527 cessas
2412 5470 2752 5540 impudenter
2777 5477 3049 5535 expetere.

2141 5582 2162 5614 ο
2192 5563 2388 5618 Gravia
2436 5561 2552 5614 haec
2584 5557 2786 5614 homini
2831 5552 3048 5611 habenti
3089 5569 3309 5610 sensum
3339 5553 3647 5622 :eorreptio

2073 5670 2092 5702 ι
2121 5654 2330 5716 domus,
2375 5659 2429 5706 et
2473 5648 2856 5718 improperium
2905 5645 3246 5700 feneratoris.
3277 5663 3297 5695 ι
3347 5643 3454 5710 Qui
3498 5644 3644 5697 enim

2067 5741 2298 5806 pudicus
2321 5755 2504 5804 sensu,
2530 5753 2696 5808 grave
2729 5744 2815 5790 cst
2840 5735 2914 5791 illi
2941 5733 3311 5802 hujuscemodi
3345 5733 3642 5800 correptio-
