3902 6162
330 313 431 370 981

1202 308 1554 368 COMMENT.
1593 309 1660 366 IN
1700 308 2304 369 ECCLESIASTICUII.
2345 340 2416 350 -——
2453 253 2580 364 [:lB.
2627 307 2729 362 ΠΙ.

3487 310 3594 367 082

328 438 453 479 nem
493 428 550 477 et
586 418 969 492 nnpropcrium
1019 419 1088 475 ab
1125 434 1221 475 ore
1248 419 1575 476 feneratoris
1617 421 1913 491 suscipere.
1944 431 1991 486 Α
2021 431 2217 478 cernat
2240 423 2413 478 sancti
2463 420 2691 493 apostoli
2734 429 2790 474 et
2831 420 2997 490 primi
3033 418 3283 478 doctores
3316 422 3593 489 Ecclesite,

328 514 436 571 Sed
467 514 560 585 qui
588 513 874 584 impudens
897 520 1001 576 est,
1039 526 1141 568 nec
1162 512 1308 568 dicto
1339 513 1666 586 corrigetur,
1693 529 1795 568 nec
1832 529 1917 571 rc-

325 606 692 678 prchensione
720 604 1118 661 emendabitur.
1162 605 1387 678 Mystice
1420 615 1600 661 autem
1637 608 1725 662 hic
1766 607 1916 667 locus

326 700 586 755 admonet
604 699 781 754 virum
807 697 1233 755 ecclesiasticum
1262 699 1316 754 in
1357 700 1518 754 domo
1548 699 1801 755 Ecclesia:
1832 716 1917 755 se-

327 792 453 848 dulo
476 806 719 857 manere,
747 790 838 845 ubi
864 789 1120 860 pabulum
1145 806 1288 846 verae
1315 791 1595 861 sapientiae
1620 799 1801 860 potest
1820 790 1916 844 ha-

327 882 488 949 bere,
509 891 561 937 et
593 882 711 937 sine
746 880 963 935 laesione
996 895 1376 950 perversorum
1417 882 1728 951 dogmatum
1771 887 1916 936 tutus

328 987 569 1028 manere.
601 971 681 1028 Ne
710 971 757 1027 si
790 972 930 1026 inter
970 970 1316 1041 philosophos
1356 981 1411 1026 et
1447 972 1731 1027 haereticos
1772 986 1916 1041 pert-

326 1061 512 1118 culose
562 1062 885 1132 bospitando
937 1060 1214 1116 saecularis
1268 1060 1546 1130 sapientiae
1611 1060 1913 1138 doctrinam

328 1153 631 1223 qnmsien't,
666 1153 755 1208 ubi
783 1161 965 1208 tamen
1004 1151 1288 1208 utilitatem
1327 1151 1444 1209 sani
1475 1151 1741 1222 dogmatis
1769 1150 1915 1206 nullo

328 1244 488 1300 tundo
516 1246 760 1301 invenire
806 1244 1039 1315 poterit,
1070 1243 1187 1313 ipse
1218 1245 1273 1298 in
1310 1242 1493 1298 futuro
1539 1242 1789 1297 examine
1817 1256 1915 1311 pro

328 1336 625 1406 petulantia
653 1351 751 1392 sua
780 1345 1002 1391 mterna:
1039 1334 1376 1391 confusionis
1406 1333 1793 1405 improperium
1824 1346 1915 1388 co-

324 1438 487 1498 gatur
517 1429 815 1485 sustinere.
852 1428 1003 1483 Dicat
1039 1442 1170 1499 ergo
1208 1426 1381 1497 magis
1417 1427 1582 1481 homo
1613 1424 1914 1481 catholicus

324 1518 392 1572 ad
443 1518 707 1590 collegam
749 1533 908 1573 suum
961 1516 1091 1572 illud
1141 1515 1556 1587 propheticum:
1599 1533 1618 1566 ι
1655 1514 1737 1569 Τιι
1783 1529 1913 1569 vero

324 1612 490 1667 homo
519 1610 796 1666 unanimis
821 1610 930 1666 dux
956 1624 1113 1665 meus
1133 1618 1191 1663 et
1221 1618 1380 1663 notus
1416 1622 1592 1672 meus,
1635 1608 1726 1678 qui
1753 1606 1913 1661 simul

324 1716 539 1756 mecum
581 1699 769 1755 dulces
802 1698 1058 1769 capiebas
1096 1698 1246 1753 cibos
1276 1715 1289 1750 :
1320 1696 1374 1751 in
1405 1697 1565 1752 domo
1601 1695 1697 1750 Dei
1723 1695 1913 1750 ambu-

2019 513 2120 566 nisi
2145 512 2210 567 de
2234 511 2526 583 nutrimine
2552 527 2653 567 suo
2676 520 2799 580 post
2836 526 2894 566 se
2924 511 3329 582 dereliquerunt
3350 521 3617 583 pastores-

2017 614 2072 658 et
2103 611 2340 658 rectores
2369 602 2626 672 plebium,
2655 610 2715 656 ut
2733 600 2836 671 ipsi
2856 593 3015 657 more
3041 610 3266 672 patente
3294 611 3448 659 scuto
3473 602 3596 658 ﬁdei

2016 703 2073 748 et
2120 679 2371 749 veritatis
2393 693 2711 749 resisterent
2754 692 3102 759 adversariis,
3143 700 3198 749 et
3223 693 3452 750 subditis
3494 694 3597 750 sibi

2016 795 2179 842 recta:
2244 786 2506 842 doctrinae
2568 794 2624 840 et
2690 786 2955 841 bonorum
3024 784 3392 856 exemplorum
3443 786 3598 841 exhi-

2017 880 2208 932 bercnt
2230 877 2460 949 gratiam
2480 877 2503 931 ?
2534 876 2624 932 Sic
2642 877 2789 932 enim
2808 877 2876 930 ab
2898 876 3026 946 ipso-
3044 877 3269 932 Domino
3291 876 3597 931 institutum

2015 976 2121 1032 est,
2169 975 2230 1022 ut
2260 968 2316 1022 in
2361 981 2547 1021 mensa
2603 966 2936 1021 tabernaculi
2988 980 3157 1036 panes
3212 965 3609 1037 propositionis

2016 1055 2296 1111 duodecim
2341 1056 2559 1110 assidue
2598 1063 2898 1119 manerent,
2944 1054 3017 1109 ita
3051 1063 3230 1111 tamen
3259 1064 3317 1110 ut
3345 1071 3443 1126 per
3487 1055 3599 1111 sin-

2014 1144 2137 1215 gula
2164 1143 2407 1208 sabbata,
2437 1145 2662 1201 sublatis
2677 1145 2971 1210 veteribus,
2985 1146 3111 1200 novi
3132 1160 3299 1217 panes
3325 1146 3377 1200 in
3406 1161 3596 1202 eorum

2015 1237 2192 1292 locum
2238 1245 2635 1308 apponerentur
2682 1236 2871 1309 (Leuit.
2904 1235 3087 1307 xxiv):
3128 1244 3183 1292 et
3229 1236 3358 1307 quid
3385 1236 3489 1292 hoc
3519 1237 3598 1292 si—

2013 1327 2252 1399 gniﬁcat,
2290 1329 2392 1384 nisi
2421 1329 2564 1399 quod
2595 1329 2844 1384 doctores
2865 1328 3067 1400 quique
3099 1336 3301 1384 sanctae
3321 1328 3600 1393 Ecclesiaz,

2012 1421 2282 1492 completo
2302 1429 2546 1493 tempore
2573 1423 2657 1477 sui
2684 1422 2859 1477 sancti
2889 1421 3108 1487 laboris,
3138 1429 3339 1481 aeterna
3362 1421 3417 1475 in
3444 1421 3608 1477 caelis

2012 1513 2196 1582 quiete
2220 1522 2635 1570 remunerantur
2664 1555 2679 1581 ,
2708 1522 2764 1568 et
2793 1514 2927 1570 alios
2948 1524 3071 1584 post
3104 1529 3163 1569 se
3202 1514 3255 1568 in
3287 1514 3428 1568 idem
3461 1524 3599 1584 opus

2012 1605 2293 1661 laborandi
2340 1605 2394 1660 in
2424 1606 2592 1661 verbo
2646 1608 2748 1661 sub
2790 1606 3031 1678 ejusdem
3082 1619 3179 1676 spe
3223 1605 3605 1662 retributionis

2012 1697 2357 1767 relinquunt?
2381 1697 2533 1764 Quod
2563 1699 2780 1753 intuens
2813 1698 3096 1754 Psalmista
3140 1697 3457 1769 prophetico
3483 1697 3595 1769 spi-

321 1791 501 1846 lvmus
539 1807 665 1847 cum
710 1806 1004 1846 consensu.
1050 1788 1246 1843 Veniat
1272 1803 1419 1843 mors
1460 1802 1622 1858 supra
1651 1788 1911 1843 adversa-
1939 1777 1984 1836 Β
2014 1788 2116 1844 ritu
2136 1789 2484 1859 prmcinebat,
2503 1789 2689 1845 dicens
2715 1808 2728 1844 :
2758 1808 2777 1841 ι
2816 1790 2917 1845 Pro
2932 1789 3176 1860 patribus
3199 1789 3307 1845 tuis
3333 1791 3444 1845 nati
3471 1798 3600 1846 sunt

323 1884 439 1938 rios
474 1891 709 1947 nostros,
757 1890 814 1936 et
853 1880 1187 1936 descendant
1224 1878 1280 1933 in
1326 1877 1595 1934 infernum
1641 1878 1904 1933 viventes.

320 1974 588 2040 Quoniam
640 1974 899 2043 nequitiae
951 1973 1004 2027 in
1055 1971 1307 2042 hospitiis
1348 1985 1570 2037 eorum,
1622 1970 1680 2026 in
1729 1970 1910 2027 medio

318 2064 584 2134 ipsorum,
611 2074 720 2119 etc.
757 2060 933 2136 (Paul.
964 2059 1096 2132 uv).
1136 2079 1154 2112 ι

928 2156 1158 2254 CAPUT
1216 2194 1306 2251 tv.

317 2311 398 2365 De
418 2309 697 2381 disciplina
723 2309 962 2379 ﬁliorum
982 2350 997 2373 ,
1026 2326 1130 2392 quo
1162 2309 1357 2432 ageam
1384 2305 1648 2379 diligendi
1675 2318 1798 2362 sunt
1833 2307 1909 2363 vel

933 2396 1195 2432 corrimen
1238 2396 1276 2432 ι.

933 2396 1276 2449 corripienat.

388 2512 541 2584 (CAP.
572 2512 728 2586 xxx.)
757 2534 775 2565 ι
810 2513 911 2581 Qui
941 2514 1112 2584 diligit
1149 2513 1319 2569 ﬁlium
1352 2527 1531 2580 suum,
1562 2514 1806 2571 assideat
1833 2514 1910 2569 illi

218 2610 231 2615 ‘
318 2624 337 2655 ι
376 2603 548 2675 ﬁagell
569 2624 604 2669 ι,
639 2613 700 2659 ιιι
733 2603 947 2659 laetetur
971 2604 1025 2658 in
1067 2604 1363 2658 novissimo
1391 2617 1511 2667 suo,
1543 2612 1600 2659 et
1650 2618 1758 2659 non
1785 2603 1905 2673 pal-

319 2715 337 2747 ο
379 2704 473 2765 pet
496 2695 866 2766 proximorum
918 2695 1081 2750 ostia.
1119 2713 1138 2745 ι
1170 2694 1298 2749 llaec
1339 2694 1603 2750 sententia
1647 2711 1755 2750 non
1797 2704 1905 2750 tam

312 2800 502 2863 patres
558 2790 807 2847 carnales
857 2806 1022 2861 quam
1072 2790 1238 2848 etiam
1292 2788 1566 2859 spiritales
1591 2830 1607 2855 ,
1643 2788 1747 2845 hoc
1781 2797 1906 2857 est,

311 2884 564 2938 doctores
590 2882 823 2937 ﬁdelium
853 2881 1140 2947 admonet,
1172 2889 1231 2934 ut
1265 2896 1452 2936 curam
1499 2880 1602 2935 sibi
1648 2881 1906 2937 commis—

311 2988 498 3027 sorum
520 2973 779 3036 habeant,
804 2982 861 3029 et
886 2971 1121 3027 studium
1150 2979 1313 3041 atque
1335 2971 1668 3042 diligentiam
1701 2971 1753 3026 in
1783 2986 1909 3026 eru-

310 3060 519 3116 ditione
537 3069 591 3117 et
602 3058 934 3116 nutrimento
945 3058 1177 3115 ﬁliorum
1190 3074 1410 3115 suorum
1424 3060 1760 3132 impendant,
1774 3076 1908 3133 qua-

2011 1880 2107 1959 tibi
2135 1879 2265 1947 ﬁlii;
2291 1880 2592 1936 constitues
2615 1896 2709 1936 eos
2746 1881 3017 1951 principes
3053 1895 3217 1951 super
3244 1895 3460 1938 omnem
3491 1891 3597 1936 ter-

2009 1988 2157 2039 ram';
2211 1987 2482 2029 memores
2539 1980 2701 2027 erunt
2753 1972 2989 2028 nominis
3034 1972 3158 2039 tui,
3215 1972 3477 2037 Domine,
3537 1970 3593 2026 in

2006 2062 2155 2119 omni
2184 2063 2529 2135 generatione
2578 2070 2634 2118 et
2661 2062 2920 2134 progenie
2963 2060 3435 2134 (Psal.xuv).Sed
3468 2061 3597 2133 quia

2010 2152 2125 2222 ipse
2175 2160 2352 2208 ccetus
2399 2160 2713 2206 sanctorum
2761 2150 3046 2207 doctorum
3093 2166 3199 2205 non
3246 2150 3422 2206 solum
3465 2150 3592 2205 ﬁliis

2007 2241 2122 2297 suis
2170 2241 2500 2310 compatitur
2543 2242 2735 2296 intimo
2794 2241 2976 2297 cordis
3040 2239 3237 2296 aﬁ‘cctu
3265 2281 3281 2307 ,
3326 2242 3447 2297 imo
3496 2256 3594 2311 pro

2006 2330 2182 2387 salute
2222 2344 2412 2386 eorum
2460 2331 2735 2385 cruciatus
2767 2329 3014 2400 corporis
3051 2329 3136 2385 sui
3181 2329 3449 2388 sustinere
3475 2369 3491 2395 ,
3538 2337 3595 2385 et

2005 2420 2220 2476 animas
2248 2435 2375 2476 suas
2406 2435 2610 2490 ponere
2637 2429 2862 2492 paratus
2883 2428 2988 2476 est.
3013 2418 3170 2477 Unde
3195 2419 3541 2492 snbjungitur
3573 2438 3597 2475 τ

2084 2532 2103 2566 ι
2144 2513 2251 2569 Pro
2277 2514 2562 2570 animabus
2607 2513 2839 2569 ﬁliorum
2881 2513 3159 2585 colligabit
3201 2514 3421 2569 vulnera
3467 2529 3597 2579 sna,

2014 2621 2032 2654 ι
2064 2612 2121 2658 et
2146 2619 2309 2674 super
2331 2618 2547 2660 omnem
2568 2619 2756 2660 vocem
2782 2603 3144 2660 turbabuntur
3174 2604 3379 2660 viscera
3398 2603 3533 2674 ejus.
3565 2622 3588 2657 ›

2010 2691 2147 2748 llinc
2193 2700 2279 2750 est
2316 2694 2462 2763 quod
2514 2693 2705 2750 doctor
2752 2694 2997 2766 gentium
3052 2709 3312 2766 reSpuens
3374 2710 3593 2752 omnem

2010 2799 2195 2839 vocem
2224 2798 2493 2855 perversae
2513 2785 2804 2850 doctrinae,
2831 2794 2887 2840 et
2910 2786 3276 2857 evangelicam
3311 2786 3592 2841 veritatem

2008 2890 2252 2941 servans,
2276 2875 2539 2947 gloriatur
2564 2876 2618 2931 in
2656 2877 2995 2946 passionibus
3016 2917 3030 2939 ,
3065 2877 3119 2931 in
3153 2876 3591 2942 necessitatibus,

2010 2968 2063 3022 in
2114 2966 2572 3033 tribulationibus,
2622 2968 2676 3022 in
2724 2969 2987 3040 angustiis
3015 2983 3151 3038 quas
3193 2967 3449 3023 sustinuit
3492 2982 3593 3037 pro

2007 3058 2242 3123 Christo,
2294 3059 2368 3114 ita
2403 3059 2636 3114 dicens:
2681 3078 2699 3110 ι
2737 3059 3007 3115 Πίιιιθιιιιιε
3055 3067 3234 3114 autem
3276 3060 3592 3115 thesaurum

314 3161 472 3208 tenus
493 3166 588 3208 eos
605 3151 1070 3222 disciplinabilitcr
1102 3152 1309 3218 vivere,
1336 3160 1394 3208 et
1429 3167 1644 3209 omnem
1678 3153 1902 3210 inbone-
1933 3147 1978 3208 C
2012 3151 2174 3206 istum
2219 3151 2272 3205 in
2311 3152 2458 3206 vasis
2498 3150 2774 3218 ﬁctilibus,
2823 3161 2882 3205 ut
2919 3152 3223 3207 sublimitas
3261 3150 3334 3206 sit
3374 3150 3597 3207 virtutis

311 3250 511 3299 statent
540 3241 730 3312 fugere
758 3243 1011 3307 doceant,
1056 3242 1203 3298 domi
1222 3243 1407 3313 probis
1434 3243 1675 3299 moribus
1697 3243 1903 3310 vivant,

310 3350 382 3390 ne
428 3335 759 3392 lasciviendo
788 3352 884 3407 per
925 3335 1158 3391 aliorum
1187 3335 1441 3406 dogmata
1476 3335 1746 3390 inutiliter
1792 3335 1905 3392 dis-

311 3436 556 3482 currant.
585 3427 734 3484 Undc
761 3428 814 3483 in
831 3427 1136 3483 Proverbiis
1159 3427 1421 3497 scriptum
1441 3436 1525 3483 cst
1549 3445 1562 3481 :
1595 3447 1613 3479 ‹
1650 3427 1814 3481 Erudi
1843 3426 1905 3483 ﬁ-

312 3517 446 3570 lium
475 3523 648 3583 tuum,
687 3532 757 3572 ne
803 3517 1086 3588 desperes;
1124 3516 1192 3571 ad
1246 3515 1681 3571 interfectionem
1720 3524 1902 3572 autem

312 3609 434 3679 ejus
454 3623 522 3663 ne
547 3624 722 3679 ponas
747 3609 982 3665 animam
1006 3618 1153 3663 tuam
1183 3606 1364 3680 (Prov.
1393 3608 1531 3680 xix).
1561 3627 1581 3659 ι

390 3721 409 3753 ι
441 3701 543 3768 Qui
570 3701 731 3757 docet
759 3700 927 3755 ﬁlium
966 3716 1147 3765 suum,
1184 3700 1492 3756 laudabitur
1531 3699 1585 3754 in
1620 3698 1731 3765 illo,
1766 3708 1822 3755 et
1850 3698 1902 3753 in

316 3811 335 3842 ι
373 3792 553 3847 medio
579 3784 999 3846 domesticorum
1018 3788 1428 3860 glorificabitur.
1458 3808 1477 3841 ι
1504 3788 1750 3856 Quisana
1777 3788 1905 3843 doc-

313 3882 459 3937 trina
482 3881 807 3952 discipulum
840 3897 998 3937 suum
1022 3881 1267 3947 instruit,
1294 3889 1350 3936 et
1378 3881 1500 3936 ﬁdei
1540 3880 1769 3936 veritate
1796 3880 1903 3935 im-

315 3975 456 4039 buit,
481 3973 572 4029 hic
606 3973 862 4033 nimirum
901 3988 1001 4044 pro
1048 3972 1419 4045 hujuscemodi
1465 3972 1641 4027 studio
1686 3970 1900 4027 laudem

311 4078 372 4122 et
398 4065 628 4139 gloriam
663 4073 978 4135 perpetuam
1008 4063 1064 4118 in
1103 4062 1378 4120 consortio
1419 4069 1732 4117 sanctorum
1763 4063 1903 4117 obti-

311 4157 488 4220 nebit,
518 4155 734 4225 quando
774 4153 1056 4224 Scriptura
1100 4153 1264 4218 dicat,
1295 4154 1437 4223 quod
1466 4152 1599 4224 justi
1641 4154 1762 4216 viri,
1808 4155 1900 4225 qui

313 4269 332 4299 ι
366 4248 547 4319 palam
591 4245 755 4302 faciet
794 4245 1131 4317 disciplinam
1157 4245 1417 4302 doctrina:
1462 4260 1596 4310 suae,
1627 4244 1757 4300 etin
1786 4244 1901 4315 lege

310 4339 624 4407 testamenti
654 4338 872 4395 Domini
905 4338 1256 4409 gloriabitur;
1295 4337 1449 4392 multi
1480 4336 1776 4392 laudabunt
1806 4353 1900 4392 sa.-

304 4431 572 4502 pientiam
596 4429 735 4500 ejus,
788 4439 847 4486 et
880 4445 1053 4500 usque
1085 4430 1140 4484 in
1172 4429 1425 4486 sarculum
1466 4444 1572 4484 non
1611 4429 1896 4484 delebitnr.

304 4523 431 4579 Non
478 4522 695 4578 recedet
741 4524 1002 4578 memoria
1054 4521 1193 4592 ejus,
1228 4530 1283 4577 et
1311 4536 1508 4576 nomen
1550 4514 1669 4590 ejus
1717 4521 1899 4591 reqni-
1925 4503 1976 4562 D

304 4625 465 4675 retur
485 4630 515 4668 a
530 4615 877 4685 generatione
891 4615 944 4669 in
958 4615 1357 4690 generationem
1374 4612 1602 4684 (Eccles.
1626 4612 1842 4683 χχχιι).
1869 4631 1889 4664 ι

387 4726 409 4759 ι
444 4705 689 4761 Mortuus
725 4713 808 4762 est
832 4715 988 4777 pater
1011 4704 1176 4771 illius,
1218 4713 1273 4760 et
1299 4703 1454 4775 quasi
1483 4719 1588 4758 non
1625 4712 1712 4760 est
1751 4720 1898 4760 mor-

312 4820 333 4853 ι
375 4798 801 4855 tuuszsimilem
846 4797 993 4852 enim
1030 4797 1251 4868 reliquit
1294 4797 1396 4853 sibi
1431 4804 1555 4865 post
1600 4810 1660 4852 sc
1702 4796 1754 4851 in
1781 4795 1895 4850 vita

308 4911 334 4943 ι
360 4905 483 4947 sua.
518 4909 538 4942 ι
560 4888 845 4945 Successio
868 4889 1013 4944 enim
1038 4889 1270 4944 ﬁliorum
1297 4895 1631 4953 sanctorum,
1655 4887 1746 4957 qui
1772 4895 1895 4958 post

304 4988 499 5051 patres
525 4994 651 5035 suos
685 4994 752 5034 ex
786 4978 888 5033 har
911 4978 1023 5033 vita
1048 4978 1370 5032 decedentcs
1415 4976 1614 5031 bonum
1656 4977 1891 5030 studium

305 5085 504 5127 eorum
549 5069 605 5124 in
654 5077 842 5124 sancta
887 5066 1146 5139 religione
1188 5074 1242 5120 et
1284 5066 1425 5121 bona
1481 5064 1897 5119 conversatione

307 5166 641 5228 imitantur,
692 5174 936 5217 mortuos
984 5166 1237 5230 parentes
1282 5157 1437 5228 quasi
1478 5157 1749 5212 redivivos
1798 5174 1894 5212 ex-

307 5257 486 5319 hibet,
514 5268 642 5310 cum
669 5269 856 5311 eorum
887 5251 1190 5308 doctrinam
1220 5258 1275 5307 et
1319 5249 1665 5320 disciplinam
1684 5249 1738 5303 in
1783 5249 1902 5304 suis

306 5353 477 5411 dictis
497 5360 555 5408 et
579 5350 742 5407 factis
760 5349 1012 5406 omnibus
1040 5346 1308 5404 servando
1325 5344 1611 5401 manifeste
1633 5343 1903 5399 declarat.

388 5463 411 5497 ι
442 5442 590 5501 Vidit
614 5442 909 5499 etlaatatus
945 5449 1033 5494 est
1050 5439 1105 5493 in
1134 5438 1261 5505 illo;
1291 5436 1347 5492 in
1369 5435 1521 5492 obitu
1546 5450 1645 5492 suo
1677 5449 1784 5490 non
1811 5440 1897 5489 est

311 5560 341 5588 ο
374 5537 752 5599 contristatus,
776 5548 878 5590 nec
900 5532 1161 5588 confusus
1182 5538 1267 5584 est
1292 5542 1478 5586 coram
1516 5526 1779 5594 inimicis;
1811 5541 1898 5583 re-

262 5684 265 5687 ,
306 5655 338 5683 ν
376 5631 535 5701 liquit
557 5630 704 5686 enim
732 5628 1075 5685 defensorem
1102 5627 1293 5681 domus
1319 5631 1507 5679 contra
1538 5621 1809 5685 inimicos,
1841 5628 1899 5676 et

312 5747 343 5775 ο
374 5721 901 5780 ,ιιιιίεὶεκιωειιωιιι
938 5718 1187 5791 gratiam.
1217 5734 1236 5768 ι
1277 5714 1416 5782 Quid
1439 5722 1622 5773 autem
1646 5713 1796 5768 aliud
1816 5712 1895 5771 fc-

2007 3240 2124 3304 Dei,
2155 3250 2210 3297 et
2249 3258 2355 3298 non
2385 3256 2453 3296 ex
2485 3240 2662 3296 nobis.
2701 3242 2758 3295 ln
2796 3242 3046 3297 omnilms
3071 3241 3471 3297 tribulationem
3492 3258 3590 3312 pa-

2009 3334 2197 3395 timur.
2246 3333 2343 3390 sed
2390 3349 2498 3388 non
2546 3334 3441 3404 angustiamur;aporiamur,sed
3485 3349 3595 3389 non
3670 3384 3675 3390 .

2005 3425 2832 3494 destituimur;pcrsecutionem
2857 3426 3118 3495 patimur,
3162 3425 3258 3479 sed
3285 3439 3391 3478 non
3434 3424 3591 3478 dere-
3658 3426 3661 3431 ’

2003 3518 2337 3587 linquimnr;
2385 3518 2736 3572 humiliamur
2767 3557 2785 3584 ,
2843 3517 2938 3572 sed
2991 3534 3098 3572 non
3166 3518 3589 3583 confundimur;

2005 3607 2305 3677 dejicimur,
2334 3608 2430 3663 sed
2460 3623 2565 3662 non
2591 3608 2853 3678 perimus,
2881 3607 3099 3677 semper
3116 3608 3590 3664 mortiﬁcationem

2003 3700 2130 3756 Jcsu
2186 3701 2238 3755 in
2287 3715 2515 3770 corpore
2564 3708 2752 3755 nostro
2785 3699 3250 3767 circumferentes,
3292 3706 3434 3754 utet
3478 3701 3592 3756 vita

2002 3790 2129 3847 .lesu
2176 3793 2230 3846 in
2272 3791 2593 3862 corporibus
2644 3791 2844 3846 nostris
2896 3792 3274 3847 manifestetur
3325 3792 3428 3865 (Il
3460 3792 3586 3848 Cor.

2004 3883 2101 3956 tv).
2138 3904 2156 3935 ι
2196 3884 2335 3951 Quid
2360 3891 2542 3937 autem
2575 3882 2644 3938 de
2677 3882 3091 3952 indisciplinatis
3145 3882 3273 3938 ﬁliis
3319 3883 3593 3954 sapientia.

2003 3978 2223 4043 sentiat,
2249 3977 2536 4031 audiamus
2560 3993 2574 4029 :

2076 4091 2097 4122 ι
2132 4069 2313 4140 Equus
2334 4068 2631 4123 indomitus
2647 4066 2829 4122 evadit
2857 4067 3051 4134 durus,
3076 4076 3132 4122 et
3152 4067 3293 4124 ﬁlius
3321 4069 3593 4126 remissus.

2008 4183 2029 4215 ι
2059 4162 2240 4217 evadit
2270 4159 2529 4231 prmcep's.
2569 4159 2737 4215 Laeta
2758 4159 2947 4224 ﬁlium,
2978 4168 3034 4214 et
3081 4172 3381 4231 paventem.
3417 4171 3469 4218 te
3500 4163 3585 4218 fa-

2008 4274 2027 4306 ι
2061 4254 2203 4319 ciet;
2234 4253 2358 4307 lude
2372 4268 2494 4306 cum
2518 4266 2609 4315 eo,
2627 4257 2682 4306 et
2709 4251 3053 4306 contristabit
3079 4260 3150 4307 te.
3170 4251 3284 4306 Non
3307 4254 3587 4309 corrideas

2007 4364 2029 4396 ι
2061 4344 2163 4410 illi,
2188 4358 2257 4400 ne
2298 4343 2502 4407 doleas,
2533 4351 2589 4397 et
2638 4342 2691 4396 in
2722 4342 3015 4397 novissimo
3049 4344 3434 4413 obstupeseent
3455 4345 3589 4400 den-

2007 4457 2029 4489 ι
2057 4446 2138 4493 tes
2160 4436 2259 4492 tui.
2290 4435 2409 4491 Non
2452 4434 2547 4490 des
2576 4433 2649 4488 illi
2676 4440 3000 4504 potestatem
3028 4434 3080 4487 in
3103 4433 3405 4502 iuventute,
3430 4444 3485 4491 et
3517 4453 3589 4494 ne

2008 4551 2027 4584 ι
2067 4529 2336 4601 despicias
2360 4528 2631 4599 cogitatus
2672 4526 2836 4582 illius.
2873 4526 3053 4582 Curva
3088 4529 3357 4584 cervicem
3383 4527 3499 4599 ejus
3526 4531 3584 4587 in

2007 4641 2026 4673 ι
2057 4621 2371 4692 juventutc,
2393 4627 2448 4674 et
2477 4618 2649 4674 tunde
2672 4617 2848 4672 latera
2866 4616 2990 4687 ejus
3011 4616 3138 4672 dum
3160 4617 3338 4673 infans
3366 4627 3473 4685 est,
3509 4630 3581 4676 ne

2008 4730 2027 4762 ι
2055 4710 2194 4777 forte
2222 4709 2469 4772 induret,
2484 4716 2537 4763 et
2566 4724 2674 4761 non
2704 4706 2894 4762 credat
2919 4706 3048 4768 tibi,
3076 4715 3131 4761 et
3170 4708 3275 4762 erit
3304 4708 3400 4763 tibi
3430 4709 3595 4765 dolor

2007 4818 2029 4851 ι
2056 4799 2269 4855 animae.
2297 4798 2439 4853 Doce
2460 4798 2626 4852 ﬁlium
2660 4805 2830 4863 tuum,
2862 4806 2918 4853 et
2946 4813 3172 4867 operare
3211 4799 3265 4854 in
3289 4799 3399 4867 illo,
3430 4818 3497 4857 ne
3527 4804 3587 4858 in

2008 4910 2029 4943 ι
2056 4889 2443 4960 turpitudinem
2468 4888 2614 4943 illius
2637 4887 2898 4942 oﬁ’cndas.
2929 4907 2947 4938 ι
2984 4887 3136 4942 Sicut
3157 4890 3300 4944 enim
3328 4893 3584 4963 superbia
3634 4886 3637 4889 ’

2001 4979 2125 5050 equi
2149 4980 2391 5035 indomiti
2426 4980 2480 5033 in
2502 4979 2859 5050 praecipitium
2906 4995 3074 5051 prona
3110 4990 3213 5046 est,
3250 4982 3323 5035 ita
3360 4981 3584 5040 lascivia

1999 5071 2095 5125 ﬁlii
2143 5070 2524 5141 indisciplinati
2557 5071 2610 5124 in
2653 5070 2860 5141 peccati
2894 5073 3051 5124 ruina
3094 5074 3339 5142 proxima
3387 5084 3491 5141 est,
3530 5085 3588 5131 et

1998 5162 2122 5220 ideo
2145 5162 2301 5218 docet
2333 5162 2652 5232 prazpositos
2691 5161 2946 5217 Ecclesia:
2975 5170 3031 5217 et
3053 5161 3250 5219 Patres
3289 5164 3583 5236 spiritales,

2000 5262 2061 5309 ut
2091 5253 2229 5308 ﬁlios
2272 5269 2402 5309 suos
2430 5265 2592 5324 atque
2643 5253 2939 5324 discipulos
2980 5270 3105 5309 cum
3158 5255 3438 5326 disciplina
3484 5272 3591 5309 nu-

2002 5348 2188 5412 triant,
2220 5355 2278 5402 et
2316 5361 2445 5403 cum
2482 5345 2631 5402 omni
2678 5346 2887 5401 cautela
2918 5360 3133 5416 semper
3177 5353 3412 5411 servent,
3461 5360 3590 5401 cor‘

2001 5440 2200 5511 ripiant
2248 5446 2490 5508 tempore
2536 5444 2840 5509 opportuno
2872 5478 2887 5504 ,
2926 5446 2983 5494 et
3016 5452 3291 5507 nunquam
3338 5436 3587 5492 libertati

1999 5530 2355 5588 immoderate
2387 5528 2468 5586 eis
2500 5528 2653 5584 frena
2688 5527 2955 5596 relaxent,
2992 5543 3059 5582 ne
3106 5526 3248 5582 forte
3283 5526 3482 5582 cadant
3528 5527 3585 5581 in

2000 5620 2387 5693 turpitudinem
2412 5620 2690 5686 vitiorum,
2714 5627 2767 5675 et
2796 5617 3022 5690 proinde
3051 5615 3399 5686 ignominiam
3418 5619 3581 5671 susti-

2001 5722 2165 5771 neant
2192 5712 2603 5782 sempiternam.
2694 5756 2697 5759 ,
