3926 6168
448 302 558 361 983

1086 411 1313 469 CAPUT
1344 411 1407 468 V.

453 510 531 566 De
561 513 694 565 bona
717 507 976 573 sanitatis,
999 506 1434 631 quiadrnel‘ior'est
1457 516 1739 579 paupertas
1765 516 1814 562 et
1833 507 2035 562 sanitas

1170 594 1236 632 wi
1262 593 1351 631 ηε.
1996 622 2001 629 .

528 715 545 744 ι
587 692 772 747 Melior
810 698 895 745 est
940 704 1143 760 pauper
1171 704 1337 744 sanus
1361 697 1418 745 et
1451 687 1609 745 {ortis
1647 689 1855 745 viribus
1900 690 2035 757 suis,

456 802 474 834 ι
513 796 678 852 quam
703 780 850 836 dives
880 778 1163 835 imbecillis
1186 788 1241 834 et
1270 778 1570 850 ﬂagellatus
1608 778 1837 833 malitia.
1866 797 1886 830 ι
1917 778 2036 834 Νοη

450 883 558 926 tam
590 887 719 943 ergo
747 871 837 926 hic
866 870 1153 926 sanitatem
1185 870 1429 940 corporis
1478 885 1640 939 quam
1677 870 1872 923 animus
1899 883 2037 938 prte-

447 967 615 1031 dirat,
664 964 789 1033 quia
834 962 925 1032 qui
975 978 1139 1017 sanus
1168 970 1251 1016 est
1308 971 1510 1025 mente,
1561 977 1665 1015 non
1715 971 1873 1015 nocet
1910 976 2034 1015 eum

446 1055 633 1110 vexari
670 1056 725 1110 in
778 1054 1049 1124 corporali
1108 1052 1473 1108 tribulatione.
1534 1051 1689 1106 Unde
1737 1050 1940 1104 Paulus
1969 1051 2035 1104 de

445 1146 738 1216 semetipso
761 1146 837 1199 ait
862 1163 874 1198 :
906 1164 925 1195 ί
955 1143 1185 1211 Quando
1207 1143 1474 1206 inﬁrmor,
1505 1151 1633 1196 tunc
1659 1151 1852 1211 potens
1876 1155 2030 1204 sum;

345 1284 353 1297 .
446 1237 679 1294 libenter
728 1238 893 1309 igitur
919 1237 1195 1309 gloriabor
1223 1236 1276 1290 in
1322 1234 1730 1290 inﬁrmitatibus
1769 1233 1925 1296 meis,
1976 1239 2036 1285 ut

445 1329 711 1384 inhabitet
732 1329 784 1382 in
812 1344 898 1383 me
923 1328 1096 1381 virtus
1121 1325 1321 1381 Christi
1350 1324 1435 1396 (II
1464 1323 1586 1380 Cor.
1618 1323 1739 1395 ιιι).
1769 1344 1786 1375 ι
1807 1322 1917 1378 Νεε
1938 1323 2037 1377 ali-

447 1420 575 1489 quid
610 1420 853 1490 adjuvat,
896 1418 1194 1488 quemlibet
1221 1418 1457 1472 sanitate
1501 1415 1773 1485 corporali
1805 1424 1860 1469 et
1894 1413 2034 1468 divi-

448 1514 537 1564 tis
567 1511 918 1566 satcularibus
964 1510 1260 1576 abundare,
1309 1510 1354 1565 si
1385 1509 1669 1565 imbecillis
1704 1509 1775 1563 sit
1813 1507 1938 1569 fide,
1979 1515 2035 1561 et

445 1613 672 1657 \‘t‘xnittt‘
692 1604 912 1659 stimulo
932 1605 1152 1660 malitia:
1179 1624 1190 1658 :
1227 1605 1481 1674 quoniam
1506 1604 1699 1659 melior
1721 1612 1806 1658 est
1830 1617 2036 1674 pauper

448 1695 730 1750 ambulans
766 1696 818 1749 in
849 1696 1193 1766 simplicitate
1221 1711 1337 1761 sua,
1370 1710 1533 1764 quam
1580 1695 1728 1749 dives
1767 1695 1820 1748 in
1850 1693 2035 1765 pravis

448 1785 757 1841 itineribus.
806 1784 952 1840 Nihil
992 1786 1134 1840 enim
1168 1785 1321 1841 deest
1364 1786 1691 1856 pauperibus
1730 1785 1926 1843 ChriSti
1966 1785 2032 1839 ti-

450 1877 720 1931 mentibus
743 1891 886 1932 eum.
916 1875 1121 1932 Divites
1143 1885 1323 1932 autem
1350 1876 1536 1931 mundi
1566 1876 1803 1947 egebant
1828 1882 1881 1930 et
1911 1888 2037 1929 esu-

452 1968 613 2032 rient,
664 1967 799 2022 etin
829 1975 1070 2038 egestate
1111 1967 1431 2039 spiritalium
1469 1976 1636 2037 atque
1670 1981 1924 2021 verarum
1955 1965 2037 2019 di—

448 2058 703 2111 vitiarum
728 2058 985 2127 ,qnotidie
1026 2057 1307 2123 deﬁcient;
1340 2058 1677 2128 inquirentes
1720 2064 1901 2111 autem
1932 2055 2038 2111 Do-

448 2148 657 2203 minum
686 2164 793 2203 non
838 2147 1094 2203 deficient
1131 2149 1278 2203 omni
1321 2148 1480 2203 bono.
1522 2146 1674 2213 Quod
1703 2155 1760 2201 et
1803 2161 2039 2217 sequens

444 2237 711 2290 settlt‘ntia
748 2236 960 2307 probat,
991 2236 1176 2292 dicens
1201 2254 1213 2289 :

526 2347 542 2382 ι
582 2328 743 2384 Salus
784 2328 980 2383 anima:
1033 2328 1086 2382 in
1114 2327 1403 2382 sanctitate
1445 2326 1670 2398 iustitia:
1712 2326 1908 2381 melior
1954 2333 2040 2379 est

452 2442 470 2471 ε
508 2421 654 2477 omni
700 2436 836 2476 auro
887 2429 942 2476 et
967 2430 1191 2491 argento
1222 2460 1239 2485 ,
1274 2431 1328 2474 et
1359 2433 1558 2489 corpus
1605 2418 1843 2473 validum
1873 2432 2037 2487 quam

449 2531 466 2562 ι
500 2527 695 2567 census
745 2513 1061 2567 immensus.
1095 2529 1114 2564 ι
1147 2509 1285 2566 Vera
1312 2509 1457 2565 salus
1495 2509 1691 2564 anima:
1712 2507 1923 2579 justitia
1953 2516 2039 2564 est

446 2605 743 2660 secundum
787 2605 1042 2660 mandata
1072 2602 1169 2658 Dei
1202 2602 1488 2664 custodita,
1517 2616 1620 2656 nec
1651 2601 1701 2656 ei
1729 2599 2035 2671 comparari

443 2698 628 2754 valent
664 2696 783 2751 auri
817 2705 874 2750 et
900 2692 1106 2765 argenti
1151 2692 1413 2747 immensa
1452 2692 1725 2761 pondera,
1765 2691 1890 2761 quia
1921 2691 2039 2745 haec

446 2800 575 2846 sunt
600 2788 822 2846 decidua
854 2795 911 2843 et
938 2785 1193 2843 velociter
1221 2785 1540 2849 transitura,
1570 2783 1661 2839 illa
1695 2792 1874 2840 autem
1907 2798 2036 2854 per-

442 2879 735 2951 petualiler
763 2892 1040 2933 mansura.
1070 2872 1224 2932 Unde
1252 2875 1370 2944 ipsa
1399 2872 1617 2930 Veritas
1638 2874 1753 2929 ait:
1789 2892 1809 2927 ‹
1842 2872 2037 2929 Videte

444 2983 499 3029 et
524 2983 709 3029 cavete
730 2972 800 3027 ab
831 2971 977 3027 omni
1011 2970 1263 3035 avaritia,
1314 2969 1442 3039 quia
1462 2983 1571 3024 non
1617 2968 1675 3024 in
1704 2968 2037 3025 abundantia

440 3065 760 3135 cujusquam
810 3060 919 3116 vita
967 3059 1086 3129 ejus
1122 3068 1207 3113 est
1235 3073 1303 3112 ex
1333 3059 1421 3115 his
1458 3074 1579 3131 qua:
1600 3059 1860 3129 possidet.
1894 3057 2035 3126 Quid

447 3155 593 3209 enim
620 3151 864 3224 proderit
900 3150 1110 3204 homini
1137 3149 1181 3204 si
1208 3149 1520 3204 universum
1567 3149 1828 3204 mundum
1857 3149 2033 3205 lucre-

446 3253 556 3309 tur,
598 3244 795 3298 anima:
832 3255 961 3295 vero
996 3255 1114 3294 sua!
1145 3239 1526 3293 detrimentum
1565 3239 1841 3309 patiatur?
1875 3238 2028 3310 (Luc.

465 3334 572 3405 η.)
612 3353 629 3384 ι
674 3332 812 3387 Hinc
848 3340 903 3385 et
957 3329 1209 3384 Salomon
1242 3330 1363 3384 ait:
1401 3349 1417 3380 ι
1464 3328 1579 3383 Non
1613 3330 1911 3398 proderunt
1951 3329 2034 3384 di-

442 3425 591 3479 vitia:
620 3424 674 3478 in
705 3422 794 3478 die
817 3418 1283 3490 ultionis,justitia
1305 3427 1485 3473 :mtem
1510 3419 1760 3474 liberabit
1778 3434 1809 3473 a
1833 3426 2029 3473 morte.

441 3515 663 3571 Justit‘ia
685 3512 950 3585 simplicis
978 3513 1176 3584 diriget
1217 3512 1358 3565 viam
1389 3509 1529 3580 ejus,
1573 3519 1628 3566 et
1668 3511 1724 3566 in
1751 3511 2032 3582 impietate

443 3622 540 3661 sua
559 3613 779 3660 corruet
823 3604 1040 3675 impius.
1072 3602 1290 3659 Iustitia
1315 3615 1587 3659 rectorum
1630 3603 1887 3659 liberabit
1914 3619 2030 3671 eos,

441 3701 574 3755 etin
606 3699 818 3756 insidiis
845 3699 958 3754 suis
986 3699 1272 3770 capientur
1294 3698 1464 3770 iniqui
1488 3697 1671 3770 (Prov.
1703 3698 1803 3769 χι).
1839 3697 2032 3766 »Ωυυά

442 3802 622 3848 autem
660 3790 795 3847 dicit
831 3804 1031 3862 corpus
1064 3788 1300 3844 validum
1330 3789 1525 3845 melius
1553 3803 1676 3845 esse
1705 3803 1868 3860 quam
1896 3803 2029 3843 cen-

440 3899 560 3937 sum
588 3882 939 3946 immensum,
985 3880 1222 3936 ostendit
1255 3895 1454 3952 corpus
1503 3889 1633 3937 tunc
1660 3881 1799 3937 bene
1837 3896 2031 3936 sanum

442 3991 583 4041 esse,
615 3974 834 4046 quando
857 3973 1034 4028 valide
1055 3973 1267 4029 laborat
1289 3972 1343 4028 in
1382 3972 1569 4028 divino
1606 3986 1791 4044 opere,
1823 3972 1911 4028 cui
1938 3986 2033 4027 va-

443 4068 669 4122 letudini
708 4080 814 4121 non
857 4074 1170 4134 comquatur
1202 4080 1398 4120 census
1445 4064 1634 4138 ingens
1678 4065 2028 4130 divitiarum,

440 4160 588 4229 quia,
635 4156 791 4226 juxta
838 4156 1182 4212 Ecelesiastis
1237 4155 1583 4221 sententiam,
1637 4175 1656 4207 ι
1707 4153 1889 4209 Dulcis
1946 4161 2034 4209 est

440 4267 666 4306 somnus
685 4250 960 4321 operanti,
986 4249 1102 4305 sive
1124 4264 1313 4319 parum
1344 4249 1458 4304 sive
1486 4247 1712 4304 multum
1738 4247 1986 4304 comedat
2012 4265 2026 4301 :

442 4343 917 4397 saturitasautem
949 4340 1131 4396 divitis
1169 4355 1275 4394 non
1316 4338 1447 4394 sinit
1474 4339 1711 4395 dormire
1754 4354 1876 4394 eum
1904 4337 2032 4410 (Ec-

1101 301 1161 355 B.
1202 300 1456 356 RABAN!
1496 300 1716 357 MAURI
1754 296 2078 357 ARCHIEP.
2122 299 2436 359 MOGUNT.
2478 300 2767 360 OPERUM
2801 302 2978 359 PARS
3012 305 3058 359 ι.
3572 315 3654 372 9M

2065 417 2115 479 Α
2143 414 2245 470 bus
2272 414 2557 479 virtutum,
2587 414 2786 484 quibus
2823 429 3037 485 semper
3077 415 3275 472 insistit
3321 418 3513 476 devotio
3549 428 3650 482 tide-

2140 505 2296 571 lium,
2347 505 2566 576 aliquod
2615 506 2889 576 negotium
2919 504 3078 575 hujus
3108 507 3289 562 mundi
3324 508 3562 581 adaquari
3585 530 3651 575 γι.

2140 596 2259 653 let:
2298 598 2424 667 quia
2450 608 2716 668 quantum
2761 600 2963 655 distant
3009 599 3370 668 diuturnitate,
3415 609 3649 666 tatttodis-

2139 699 2438 745 cernuntur
2456 698 2511 744 et
2538 691 2820 761 dignitate.

2216 800 2235 833 ‹
2265 780 2454 837 Melior
2478 790 2563 836 est
2604 797 2753 837 mors
2791 797 2953 851 quam
2991 781 3102 837 vita
3146 797 3359 850 amara;
3387 791 3438 840 et
3476 790 3649 859 requies

2143 890 2164 923 ι
2192 880 2394 926 aeterna
2447 888 2609 942 quam
2658 872 2889 945 languor
2939 888 3307 943 perseverans.
3345 894 3364 927 ι
3402 877 3463 931 ιιι·
3494 879 3642 935 Eccle-
3712 916 3719 919 -

2138 962 2304 1016 siaste
2334 963 2593 1031 scriptum
2621 973 2706 1017 est
2733 981 2746 1017 :
2775 982 2793 1015 ι
2826 963 3068 1018 Laudavi
3096 964 3267 1035 magis
3291 975 3508 1023 mortuos
3524 985 3649 1039 quam

2138 1053 2409 1118 viventes;
2440 1063 2494 1109 et
2518 1055 2812 1109 feliciorem
2841 1064 3071 1125 utroque
3086 1055 3342 1125 judicavi,
3374 1058 3454 1127 qui
3473 1062 3649 1116 necdum

2138 1154 2300 1201 natus
2338 1157 2443 1204 est.
2476 1164 2578 1203 nec
2597 1149 2744 1203 videt
2763 1148 2903 1202 mala
2925 1163 3046 1218 qua:
3071 1150 3176 1204 sub
3199 1149 3307 1205 sole
3333 1159 3446 1205 sunt
3470 1151 3646 1223 (Eccies.

2138 1234 2234 1305 tv).
2271 1255 2289 1285 ι
2327 1236 2427 1291 Ubi
2469 1237 2711 1293 ostendit
2751 1237 2818 1292 ad
2861 1239 3320 1308 comparationem
3355 1239 3647 1306 miseriarum,

2136 1342 2257 1396 quae
2314 1327 2366 1381 in
2411 1328 2514 1382 hoc
2551 1327 2751 1382 saeculo
2797 1328 3058 1384 mortales
3110 1337 3399 1398 premunt,
3438 1329 3648 1389 feliciores

2136 1434 2255 1475 esse
2287 1427 2530 1474 mortuos
2571 1434 2735 1489 quam
2779 1420 3044 1476 viventes.
3095 1421 3361 1477 Meliorem
3406 1431 3555 1478 autem
3587 1424 3649 1478 his

2138 1510 2366 1575 duobus,
2398 1510 2616 1565 vivente
2647 1511 2900 1567 videlicet
2937 1521 2993 1567 et
3019 1511 3306 1578 defuncto,
3350 1513 3433 1584 qui
3474 1515 3648 1570 necdum

2136 1608 2297 1655 natus
2325 1609 2439 1666 est;
2473 1600 2612 1655 alius
2635 1601 2781 1655 enim
2803 1602 2980 1657 adhuc
2998 1603 3207 1672 patitur
3229 1604 3380 1669 mala,
3399 1605 3518 1660 alius
3534 1607 3648 1675 quasi

2137 1689 2204 1745 de
2238 1688 2520 1759 naufragio
2552 1691 2730 1746 nudus
2754 1693 2948 1748 evasit.
2979 1692 3152 1749 Porro
3173 1695 3262 1763 qui
3289 1695 3493 1750 necdum
3530 1708 3647 1748 nauis

2065 1770 2107 1828 Β
2135 1789 2251 1847 est,
2304 1781 2358 1834 in
2413 1796 2481 1836 eo
2510 1781 2716 1837 felicior
2757 1791 2843 1838 est
2893 1786 3039 1853 quod
3086 1785 3309 1839 necdum
3346 1785 3470 1838 niala
3510 1786 3647 1839 mundi

2134 1878 2394 1938 expertus
2439 1879 2545 1925 est.
2587 1869 2711 1926 Haec
2741 1882 2921 1927 autem
2960 1873 3230 1928 sententia
3255 1913 3269 1938 ,
3299 1888 3395 1943 qua
3421 1875 3534 1929 dixit
3568 1889 3649 1929 me-

2136 1958 2325 2015 liorem
2353 1975 2474 2016 esse
2497 1968 2727 2016 mortem
2751 1976 2914 2031 quam
2933 1963 3100 2017 vitam
3117 1978 3372 2030 amaram,
3395 1973 3445 2018 et
3462 1967 3647 2033 requiem

2135 2062 2394 2108 mternam
2415 2070 2576 2124 quam
2603 2053 2914 2124 languorem
2936 2068 3387 2127 perseverantem,
3406 2056 3538 2126 juxta
3553 2058 3648 2109 siis.

2135 2144 2332 2213 plicem
2367 2145 2800 2217 intelligentiam,
2832 2147 3074 2202 ostendit
3116 2146 3380 2203 meliorem
3413 2162 3515 2203 esse
3544 2148 3646 2202 hanc

2138 2245 2368 2292 mortem
2396 2238 2463 2292 de
2498 2253 2603 2307 qua
2630 2238 2893 2309 scriptum
2923 2246 3009 2294 est
3040 2252 3057 2292 :
3092 2257 3112 2291 ι
3141 2239 3372 2294 Pretiosa
3397 2238 3536 2294 estin
3554 2253 3647 2291 con-

2139 2336 2330 2398 spectu
2388 2327 2605 2384 Domini
2649 2343 2795 2385 mors
2836 2308 3157 2386 sanctorum
3185 2330 3299 2403 ejus
3325 2330 3643 2403 (Psai.cxv),i

2136 2436 2299 2507 quam
2335 2421 2501 2476 vitam
2526 2438 2793 2489 amaram,
2816 2440 2925 2495 qua
2949 2425 3154 2496 degunt
3183 2435 3471 2494 peccatores
3497 2425 3648 2495 iniquis

2135 2513 2390 2583 operibus
2419 2521 2698 2580 vacantes,
2729 2522 2783 2570 et
2811 2516 3059 2586 requiem
3103 2525 3354 2574 mternam
3380 2559 3395 2585 ,
3420 2533 3555 2587 quam
3588 2526 3646 2572 te-

2136 2613 2270 2661 nent
2290 2604 2424 2674 justi
2466 2606 2521 2660 in
2571 2614 2865 2676 conspectu
2902 2607 3144 2674 Domini,
3187 2624 3346 2680 quam
3393 2609 3644 2679 languorem

2133 2706 2574 2767 perseverantem
2620 2712 2729 2767 quo
2768 2699 2822 2753 in
2870 2700 3114 2769 peccatis
3156 2708 3423 2756 versantes
3466 2698 3649 2771 quotidie

2135 2790 2443 2857 tabescent;
2476 2805 2703 2860 quorum
2743 2791 2868 2846 ﬁnis
2905 2801 3005 2847 ~est
3048 2792 3326 2858 interitus,
3353 2802 3403 2848 et
3422 2793 3572 2864 gloria
3608 2790 3647 2844 iu

2134 2882 2510 2938 confusionem
2535 2884 2795 2953 ipsorum,
2828 2884 2921 2954 qui
2946 2894 3164 2940 terrena
3186 2886 3407 2957 sapiunt.

2209 2993 2229 3027 ε
2268 2973 2417 3029 Bona
2450 2975 2765 3031 abscondita
2797 2976 2850 3030 in
2881 2991 2979 3031 ore
3003 2977 3211 3044 clauso,
3244 2977 3387 3049 quasi
3413 2973 3645 3046 appositio-

2141 3084 2162 3119 ι
2200 3080 2298 3121 nes
2349 3065 2628 3136 epularum
2684 3067 3086 3139 circumposita:
3137 3068 3193 3125 in
3233 3068 3477 3139 sepulcro.
3514 3083 3530 3119 ι
3564 3064 3645 3118 lloc

2139 3157 2508 3213 testimonium
2557 3166 2746 3215 contra
2782 3174 2876 3215 eos
2911 3161 3082 3224 valet,
3134 3159 3228 3230 qui
3262 3161 3493 3217 talentum
3532 3156 3644 3212 verbi

2135 3249 2229 3305 Dei
2257 3251 2402 3321 quod
2422 3251 2523 3320 ipsi
2554 3250 2827 3307 intellectu
2859 3263 3219 3323 perceperunt
3259 3253 3372 3309 aliis
3408 3250 3644 3324 pradicant

2133 3341 2429 3413 negligunt,
2453 3357 2684 3412 quorum
2706 3344 2935 3399 scientia
2956 3345 3034 3399 ita
3066 3345 3357 3401 viventibus
3376 3343 3548 3399 inutilis
3562 3348 3643 3405 est,

2133 3432 2275 3487 sicut
2304 3434 2474 3503 epula:
2494 3435 2893 3505 circumposita:
2939 3448 3277 3494 mortuorum
3303 3437 3548 3507 sepulcris,
3578 3433 3647 3503 qui

2133 3538 2240 3577 non
2268 3524 2622 3592 manducaui,
2672 3542 2847 3597 neque
2894 3528 3108 3595 bibunt,
3144 3544 3311 3599 neque
3339 3528 3541 3598 aliquem
3565 3523 3647 3577 fru-

2132 3620 2282 3668 ctum
2311 3630 2378 3669 ει
2416 3614 2521 3669 illis
2549 3616 2791 3687 capiunt.
2828 3615 2982 3674 Unde
3006 3627 3067 3674 et
3094 3619 3334 3689 sequitur
3352 3637 3371 3672 :

2210 3723 2229 3755 ι
2262 3703 2401 3771 Quid
2424 3706 2566 3761 enim
2592 3707 2834 3777 proderit
2854 3708 3044 3764 libatio
3070 3709 3246 3767 idolo?
3271 3708 3375 3765 Nec
3394 3707 3519 3763 enim
3536 3718 3649 3758 man-

2139 3813 2158 3846 ‹
2189 3793 2408 3850 ducabit
2454 3812 2556 3852 nec
2601 3797 2938 3854 odorabitur.
2979 3798 3075 3856 Sic
3109 3801 3201 3871 qui
3242 3799 3485 3870 etfugatur
3512 3811 3538 3849 a
3571 3792 3649 3846 θυι

2138 3907 2158 3940 ι
2188 3888 2359 3955 mino,
2388 3897 2442 3943 et
2470 3897 2692 3960 portans
2715 3891 2995 3947 mercedes
3013 3892 3327 3964 iniquitatis.
3354 3890 3527 3945 Videas
3552 3899 3649 3939 ocu-

2140 3999 2158 4033 ι
2193 3980 2263 4035 lis
2291 3991 2348 4035 et
2366 3980 2748 4052 ingemiscens,
2772 3983 2915 4039 sicut
2954 3974 3126 4054 spado
3160 3983 3496 4055 complectens
3520 3973 3644 4045 virgi-

2139 4089 2156 4121 c
2193 4087 2317 4127 nem
2342 4080 2397 4127 et
2421 4073 2725 4144 suspirans.
2762 4092 2782 4127 ι
2817 4073 2973 4130 Nulla
3003 4076 3151 4132 enim
3176 4076 3311 4131 ratio
3338 4082 3433 4138 est,
3451 4080 3504 4125 ut
3520 4068 3648 4123 homo

2133 4160 2415 4217 rationalis
2462 4162 2680 4218 deserat
2706 4164 2874 4219 Deum
2917 4164 3182 4221 factorem
3225 4179 3393 4229 suum,
3440 4159 3519 4230 qui
3553 4169 3646 4210 eum

2134 4252 2415 4308 creavitad
2443 4253 2702 4309 honorem
2726 4270 2791 4310 ac
2806 4254 3035 4326 gloriam
3050 4256 3284 4313 nominis
3310 4256 3405 4311 sui.
3423 4250 3647 4320 Quatenus

2133 4342 2238 4399 sibi
2273 4342 2468 4400 offerat
2535 4347 2862 4402 sacriﬁcium
2882 4346 3141 4416 iustitiae,
3163 4356 3219 4404 et
3246 4354 3415 4419 speret
3441 4344 3487 4398 in
3507 4336 3647 4394 Domi-

2060 3119 2106 3182 (Σ

440 4435 564 4489 vles.
590 4450 622 4489 v
643 4433 684 4507 ).
722 4453 741 4487 ι
771 4433 942 4490 Porro
979 4434 1106 4505 quia
1155 4450 1377 4491 somnus
1407 4434 1707 4489 naturalem
1732 4431 2030 4504 aliquando
2054 4469 2108 4530 Β
2133 4448 2224 4501 no,
2246 4441 2303 4489 et
2319 4433 2530 4491 deferat
2584 4436 2872 4494 libationes
2901 4439 3062 4496 idolis
3112 4440 3284 4502 vanis,
3321 4436 3407 4508 qui
3442 4448 3528 4489 nec
3550 4443 3645 4485 sen-

438 4527 700 4597 quietem,
740 4525 1031 4595 aliquando
1053 4541 1190 4580 vero
1210 4539 1552 4581 communem
1581 4525 1647 4580 de
1677 4526 1780 4580 hac
1807 4523 1916 4577 vita
1948 4523 2026 4579 si-
2050 4538 2054 4544 '

441 4616 667 4687 gnificat
696 4618 921 4679 exitum,
952 4615 1144 4672 melior
1168 4618 1273 4671 erit
1330 4616 1543 4684 requies
1566 4614 1682 4684 ejus
1718 4616 1771 4670 in
1822 4613 2025 4681 futuro,

446 4710 539 4779 qui
568 4719 828 4781 operatur
850 4711 904 4765 in
934 4710 1209 4780 praesenti,
1234 4717 1288 4761 et
1311 4706 1604 4763 secundum
1633 4706 1777 4762 vires
1801 4721 1932 4761 suas
1971 4706 2025 4761 iu

441 4800 601 4856 bonis
621 4803 875 4871 operibus
905 4810 1280 4864 conversatur,
1308 4815 1471 4870 quam
1500 4814 1689 4854 eorum
1714 4798 1936 4864 divitiae,
1959 4801 2026 4854 de

436 4895 633 4963 quibus
655 4897 913 4952 scribitur
936 4913 953 4950 :
977 4914 996 4947 ι
1016 4893 1109 4950 Va:
1132 4895 1282 4950 vobis
1298 4894 1577 4957 divitibus,
1600 4893 1725 4963 quia
1747 4892 2026 4962 recepistis

438 4987 861 5042 consolationem
882 4997 1121 5043 vestram
1147 4986 1300 5058 (Luc.
1325 4986 1424 5057 v1).
1463 5004 1486 5038 ι

516 5099 536 5131 ι
567 5078 684 5134 Νοιι
713 5091 797 5135 est
820 5096 1015 5136 census
1041 5096 1202 5150 super
1229 5094 1448 5135 censum
1468 5078 1657 5132 salutis
1686 5077 1950 5147 corporis,
1972 5085 2028 5132 et

449 5192 467 5223 s
510 5187 614 5226 non
630 5180 715 5225 est
735 5170 1028 5225 oblectatio
1057 5187 1218 5242 super
1251 5170 1428 5225 cordis
1454 5169 1727 5239 gaudium.
1766 5188 1783 5220 ι
1815 5168 1927 5223 [loc
1948 5176 2032 5222 est

437 5264 591 5336 quod
595 5261 896 5333 supradixit
927 5261 977 5314 in
1001 5262 1288 5315 sanctitate
1294 5260 1518 5331 justitiae
1533 5261 1757 5315 salutem
1786 5275 1908 5315 esse
1922 5259 2033 5315 ani-

438 5373 560 5422 mae,
592 5362 648 5410 et
660 5353 714 5409 in
738 5367 963 5422 corpore
977 5353 1154 5408 valido
1174 5352 1491 5423 dignitatem
1507 5352 1622 5408 fieri
1638 5368 1800 5422 super
1820 5353 2034 5407 thesau-

442 5464 561 5502 rum
581 5446 707 5502 auri
713 5444 1014 5517 etargenti,
1037 5443 1162 5513 quia
1186 5442 1532 5498 delectationi
1559 5458 1701 5499 vera:
1730 5444 2027 5516 sapientiae,

438 5555 559 5610 quae
591 5540 645 5594 in
692 5554 819 5595 vera
850 5536 1114 5593 charitate
1162 5534 1413 5589 consistit
1441 5575 1456 5599 ,
1487 5542 1547 5590 et
1583 5532 2025 5603 contemplationi

442 5632 609 5701 ipsius
639 5633 887 5688 veritatis
919 5646 1039 5702 qua:
1089 5637 1175 5686 est
1220 5636 1369 5683 certa
1415 5628 1619 5699 agnitio
1648 5627 1743 5682 Dei
1771 5667 1786 5693 ,
1821 5624 2025 5680 nullum

444 5725 695 5791 gendum)
722 5734 994 5781 terrenum
1050 5719 1357 5793 comparari
1401 5727 1602 5790 potest.
1627 5717 1812 5788 Neque
1842 5717 2024 5788 operi-

2135 4523 2295 4591 tiunt,
2319 4540 2421 4581 nec
2453 4526 2656 4598 aliquid
2679 4530 2913 4597 sapiunt,
2936 4545 3037 4585 nec
3063 4530 3206 4586 victu
3221 4530 3441 4584 humano
3455 4532 3649 4580 commit:

2137 4617 2340 4715 nicapt.
2372 4617 2525 4674 Unde
2571 4628 2627 4674 et
2655 4619 2935 4691 Scriptura
2979 4622 3154 4678 dicit:
3186 4641 3206 4675 ‹
3237 4617 3512 4677 Simulacra
3543 4624 3645 4715 geg-

2138 4701 2283 4765 tium'
2296 4719 2577 4781 argentum
2591 4719 2647 4766 et
2658 4728 2848 4767 aurum
2858 4754 2873 4778 ,
2888 4728 3054 4784 opera
3068 4729 3316 4770 manuum
3329 4710 3583 4768 hominum.
3593 4701 3648 4756 0⁵

2136 4803 2337 4858 habent
2367 4810 2422 4857 et
2443 4818 2548 4857 non
2572 4802 2877 4873 loquentur.
2905 4805 3092 4862 oculos
3119 4805 3311 4861 habent
3334 4811 3386 4859 et
3404 4816 3497 4856 non
3527 4791 3647 4848 vide-

2132 4893 2287 4949 bunt.
2326 4893 2500 4949 Aures
2529 4894 2730 4948 habent
2770 4904 2827 4950 et
2851 4911 2955 4949 non
2982 4896 3222 4961 audient,
3254 4907 3403 4948 nares
3421 4889 3588 4944 habent
3605 4888 3645 4934 et

2121 5000 2231 5040 non
2250 4984 2573 5039 odorabunt.
2604 4983 2790 5040 Manus
2805 4987 3005 5041 habent
3020 4995 3197 5041 etnon
3215 4982 3499 5057 palpabunt,
3520 4972 3646 5046 petit!

2125 5078 2328 5134 habent
2350 5085 2407 5133 et
2426 5092 2532 5131 non
2554 5077 2926 5143 ambulabunt,
2960 5092 3068 5133 non
3089 5076 3387 5133 clamabunt
3406 5073 3452 5125 iu
3473 5075 3644 5139 gutture

2129 5185 2228 5225 suo
2267 5168 2444 5242 (Psal.
2500 5168 2680 5241 exin),
2718 5189 2736 5221 ι
2766 5185 2944 5240 neque
2988 5170 3133 5226 enim
3161 5176 3242 5225 est
3272 5165 3474 5239 spiritus
3493 5160 3538 5214 in
3572 5166 3644 5209 om

2133 5261 2395 5330 ipsorum.
2428 5260 2570 5328 Quid
2622 5269 2805 5315 autem
2834 5260 3136 5317 factoribus
3177 5260 3288 5316 suis
3330 5250 3642 5311 mercedisro'

2134 5360 2545 5421 compensetur,
2591 5365 2826 5421 sequens
2863 5350 3162 5407 versiculus
3195 5345 3416 5404 ostendit
3457 5340 3636 5432 dicenti

2132 5462 2155 5494 ι
2184 5442 2401 5498 Similes
2448 5442 2553 5498 illis
2603 5444 2739 5497 fiant
2782 5444 2875 5513 qui
2912 5442 3116 5498 faciunt
3167 5456 3251 5506 ea,
3285 5445 3341 5493 et
3371 5444 3534 5492 omnes
3567 5438 3637 5513 (iul

2130 5533 2409 5588 confidunt
2445 5534 2499 5589 in
2530 5534 2629 5589 eis.
2662 5554 2681 5585 ι
2715 5510 2870 5600 Quod
2896 5543 2951 5589 et
2989 5530 3317 5602 comparatio
3354 5517 3570 5595 spadonis
3585 5510 3637 5612 ξά

2127 5624 2390 5694 virginem
2438 5627 2539 5681 sub
2588 5626 2693 5681 alio
2738 5627 3111 5698 paradigmate
3164 5620 3496 5707 demonstrat,

2102 5715 2268 5773 -sicut
2315 5718 2481 5788 spado
2533 5716 2793 5774 inhabilis
2834 5726 2921 5773 est
2973 5718 3046 5774 ad
3075 5712 3396 5785 complexum
3440 5700 3634 5770 virum:
