3926 6168
1170 305 1522 362 οοιιιιΕΝΤ.
1563 305 1630 360 ιιι
1669 304 2281 363 ECCLESIASTICUM.
2323 339 2393 350 -—
2429 308 2558 365 LIB.
2601 306 2712 363 ΥΠ.

3469 317 3573 370 986

291 441 376 480 sic
401 432 458 481 et
481 423 729 479 adoratio
760 421 1024 476 idolorum
1055 422 1135 475 eis
1159 422 1413 476 indecens
1439 429 1524 476 est
1547 419 1640 490 qui
1665 419 1883 489 aliquod
1912 422 1960 482 Α
1987 419 2230 475 oblatum
2253 436 2436 477 coram
2479 422 2590 477 Deo
2631 422 2744 491 jam
2772 423 2877 477 erit
2906 434 3209 494 acceptum.
3244 424 3400 482 Unde
3435 427 3571 497 Apo-

291 521 546 585 quteruut
561 512 630 566 ab
657 510 764 566 illis
784 500 1132 580 adjutorium,
1155 509 1297 579 quod
1322 519 1500 564 tamen
1528 510 1751 562 omnino
1778 525 1886 563 non

291 607 602 662 inveniunt.

371 719 390 751 ι
425 697 735 753 Tristitiam
775 711 882 750 non
913 695 1008 750 des
1034 695 1230 750 animae
1255 704 1378 758 tute,
1415 703 1471 750 et
1519 709 1624 748 non
1680 692 1886 762 affligas

294 813 315 843 ς
364 792 714 860 temetipsum
742 787 800 842 in
828 788 1054 843 consilio
1076 797 1187 843 ttto.
1230 809 1247 840 ι
1286 789 1529 842 Tristitia
1553 803 1682 858 ergo
1716 803 1884 842 unum

288 893 377 939 est
408 883 606 937 vilium
643 881 711 939 de
739 889 863 936 octo
903 880 1292 950 principalibus
1327 879 1506 943 vitiis;
1547 879 1765 933 tristitia
1808 877 1888 931 vi-

287 974 490 1030 delicet
509 972 713 1038 saeculi,
744 987 863 1041 qua:
892 980 1124 1027 mortem
1156 980 1434 1041 operatur,
1468 979 1524 1024 et
1554 971 1607 1023 in
1627 969 1885 1038 despera-

289 1067 496 1121 tionem
524 1064 799 1120 hominem
818 1064 1002 1118 mittit.
1023 1063 1099 1116 Ea
1114 1070 1292 1117 autem
1316 1061 1537 1116 tristitia
1558 1076 1678 1130 qua:
1699 1075 1886 1114 secun-

288 1159 420 1214 dum
448 1157 618 1212 Deum
635 1165 740 1223 est,
766 1155 1012 1210 stabilem
1027 1154 1258 1209 salutem
1281 1162 1558 1222 operatur,
1584 1160 1640 1206 et
1661 1153 1886 1206 mundat

287 1251 568 1308 hominem
595 1250 664 1304 ab
691 1249 944 1306 omnibus
978 1247 1214 1312 delictis,
1267 1245 1524 1315 quoniam
1551 1244 1708 1313 juxta
1735 1243 1884 1298 Psal-

286 1343 470 1397 mista:
518 1341 865 1404 sententiam,
927 1357 945 1390 ι
991 1336 1329 1393 Sacrificium
1378 1345 1463 1392 est
1516 1336 1626 1391 Deo
1661 1334 1883 1405 spiritus

288 1431 708 1496 eontribulatus,
737 1446 853 1486 .cor
889 1430 1187 1486 contritum
1230 1437 1286 1484 et
1331 1428 1677 1483 humiliatum
1739 1427 1882 1481 Deus

287 1535 400 1575 non
429 1521 634 1591 spernit
655 1520 827 1593 (Psal.
859 1519 932 1590 ι).
973 1539 992 1571 ι
1021 1519 1349 1585 Tristitiam,
1386 1520 1582 1588 inquit,
1632 1533 1740 1573 non
1785 1519 1881 1574 des

288 1612 490 1665 animae
514 1622 621 1666 tuae
663 1619 718 1666 et
765 1625 873 1666 non
908 1610 1112 1681 aflligas
1161 1611 1511 1679 temetipsum
1563 1609 1619 1662 in
1655 1608 1880 1663 consilio

288 1713 410 1767 tuo,
454 1705 558 1760 hoc
580 1715 686 1770 est,
741 1705 795 1758 in
830 1704 1070 1775 cogitatu
1105 1712 1196 1759 tuo
1223 1743 1239 1769 ,
1268 1705 1393 1774 quia
1425 1704 1684 1774 cogitatio
1709 1703 1880 1758 tristis

287 1795 450 1850 valde
476 1794 661 1866 afﬂigit
703 1796 962 1850 animam.
998 1794 1152 1850 Unde
1203 1810 1427 1850 necesse
1473 1803 1557 1849 est
1608 1802 1670 1848 ut
1717 1795 1880 1848 homo

287 1903 507 1957 semper
537 1888 776 1942 animum
821 1904 979 1943 suum
1027 1889 1092 1942 ad
1135 1887 1302 1942 Deum
1364 1895 1562 1952 vertat,
1624 1901 1882 1955 spemque

293 1994 452 2034 suam
484 1979 702 2034 assidue
727 1979 826 2048 ipsi
857 1978 1182 2042 committat,
1213 1993 1240 2031 a
1278 1993 1385 2046 quo
1412 1986 1616 2032 certam
1647 1977 1878 2032 salutem

287 2069 549 2124 inveniet.
593 2069 747 2125 Unde
769 2070 1030 2138 propheta
1063 2083 1195 2123 voce
1238 2069 1600 2123 consolatoria
1643 2069 1879 2123 animam

287 2175 446 2214 suam
485 2162 806 2232 interrogat,
842 2162 1062 2215 dicens:
1103 2180 1121 2211 ι
1165 2159 1343 2226 Quare
1385 2160 1555 2214 tristis
1589 2175 1667 2223 es,
1701 2160 1882 2213 anima

287 2265 432 2315 mea,
461 2259 516 2304 et
538 2266 709 2320 quare
756 2251 1050 2306 conturbas
1085 2252 1204 2305 me?
1240 2250 1409 2321 Spera
1438 2251 1492 2304 in
1525 2251 1720 2316 Deum,
1746 2264 1880 2318 quo-

287 2342 434 2396 niam
481 2343 780 2397 confitebor
828 2342 933 2405 illi,
977 2342 1214 2396 salutare
1263 2341 1444 2396 vultus
1489 2340 1599 2396 mei
1621 2347 1680 2394 et
1733 2339 1880 2395 Deus

283 2448 442 2488 meus
468 2431 642 2505 (Psal.
675 2432 809 2505 xu).
847 2452 866 2484 ι

364 2543 384 2574 ι
421 2523 740 2578 Jucuuditas
770 2523 950 2579 cordis
979 2523 1094 2578 hare
1131 2531 1214 2578 est
1238 2522 1348 2577 vita
1385 2522 1645 2587 hominis,
1675 2529 1732 2575 et
1757 2521 1877 2575 the-

289 2630 310 2662 c
345 2627 540 2666 saurus
578 2612 698 2667 sine
736 2611 1042 2668 defectione
1085 2613 1415 2668 sanctitatis.
1452 2631 1471 2663 ι
1496 2612 1639 2668 Vera
1679 2612 1878 2683 jucun-

285 2705 432 2759 ditas
453 2706 634 2761 cordis
660 2722 764 2760 nou
800 2707 924 2761 alibi
962 2723 1125 2777 quam
1157 2709 1209 2762 in
1238 2723 1366 2763 vera
1393 2707 1659 2763 charitate
1693 2706 1880 2762 consl-

285 2796 406 2860 stit,
434 2796 526 2850 ubi
555 2805 611 2850 et
638 2797 746 2849 vita
774 2797 1007 2851 hominis
1032 2813 1154 2852 cum
1193 2797 1454 2852 virtutum
1487 2797 1742 2850 thesauro
1762 2797 1880 2848 sine

285 2885 593 2940 defectione
618 2887 922 2941 sanctitatis
943 2896 1248 2957 permanet,
1277 2903 1344 2942 eo
1365 2887 1507 2956 quod
1535 2886 1678 2940 nulla
1706 2886 1881 2940 virtus

283 2975 407 3029 siue
432 2975 550 3045 ejus
573 2991 675 3047 cpe
706 2979 1000 3034 subsistere
1043 2979 1212 3034 valet.
1251 2978 1378 3034 Haec
1430 2978 1574 3032 enim
1605 2977 1877 3034 excellen-

282 3067 395 3122 tior
419 3077 504 3122 est
533 3068 622 3123 via
648 3107 663 3132 ,
694 3083 854 3138 quam
884 3070 1174 3140 Apostolus
1200 3071 1468 3125 universis
1501 3068 1701 3140 linguis
1735 3083 1878 3122 mar-

287 3159 454 3229 tyrio,
481 3168 644 3230 atque
670 3161 1028 3234 eleemosynis
1061 3173 1187 3217 ante
1217 3163 1424 3228 statuit,
1457 3170 1513 3216 et
1564 3161 1687 3216 fidei
1716 3168 1880 3230 atque

285 3251 402 3318 spei
433 3252 743 3320 praecellere
768 3254 1023 3316 ostendit,
1062 3254 1248 3307 dicens
1273 3268 1286 3307 :
1319 3272 1337 3304 ο
1366 3253 1518 3307 Nunc
1544 3260 1726 3306 autem
1761 3266 1879 3305 ma-

288 3349 427 3395 nent
483 3342 632 3404 fides,
679 3359 821 3412 spes,
855 3345 1119 3410 charitas,
1166 3345 1266 3398 tria
1305 3345 1438 3409 haec,
1494 3342 1669 3412 major
1691 3351 1875 3398 autem

285 3435 481 3490 horum
505 3446 590 3492 est
619 3439 877 3504 charitas,
918 3425 1039 3508 quia
1089 3439 1298 3495 caeteris
1347 3437 1734 3493 decedentibus
1764 3437 1880 3507 ipsa

285 3527 400 3581 sola
433 3539 713 3595 permanet
734 3528 785 3601 (I
817 3529 940 3584 Cor.
977 3531 1119 3599 xm).
1155 3549 1174 3582 ι

365 3638 384 3668 ι
416 3618 718 3675 Exsultatio
739 3620 839 3675 viri
855 3628 936 3675 est
959 3621 1291 3692 longaevitas.
1329 3639 1348 3672 ι
1384 3620 1498 3677 Hoc
1519 3623 1748 3680 dicendo
1772 3639 1878 3678 non

285 3709 355 3764 de
383 3712 665 3778 praesentis
695 3712 820 3766 vitae
863 3713 1237 3778 diuturnitate,
1285 3714 1380 3769 sed
1415 3717 1482 3769 de
1527 3714 1719 3771 futurae
1764 3715 1880 3770 feli-

285 3803 454 3856 citate
479 3802 740 3872 disputat,
765 3805 889 3874 quia
929 3804 1001 3859 ibi
1031 3821 1159 3860 vera
1185 3815 1268 3860 est
1289 3807 1603 3872 exsultatio,
1627 3807 1718 3861 ubi
1750 3823 1880 3861 vera

285 3901 373 3946 est
400 3901 454 3946 et
475 3893 771 3947 beatitudo.
790 3894 1054 3948 Caeterum
1083 3911 1323 3965 prmsens
1341 3897 1452 3950 vita
1481 3903 1592 3950 tota
1615 3905 1699 3952 est
1722 3897 1880 3966 plena

287 3986 534 4050 miseria,
556 3994 612 4039 et
639 3986 909 4042 instabilis
955 3996 1116 4056 atque
1162 3987 1436 4042 mutabilis
1474 3976 1710 4058 semper,
1738 3990 1880 4060 quod

287 4085 344 4128 et
380 4083 541 4144 poeta
570 4074 766 4130 nobilis
800 4075 1046 4131 versibus
1083 4077 1337 4148 explicat,
1373 4077 1559 4133 dicens
1592 4097 1606 4132 :

417 4217 608 4281 Optima
631 4232 842 4281 qumque
864 4221 972 4268 dies
994 4223 1186 4270 miseris
1211 4222 1499 4272 mortalibus
1521 4226 1611 4273 aevi

419 4280 581 4348 [rigua
607 4282 986 4348 fugit,_subeuu_t
1014 4285 1188 4348 morbi.
1215 4287 1464 4345 tristisque
1485 4295 1748 4348 senectus,

415 4339 483 4392 Et
502 4341 636 4391 labor
660 4351 714 4393 et
730 4343 849 4391 diras
871 4345 994 4405 rapit
1018 4345 1331 4395 inclementia
1352 4339 1537 4395 mortis.

1251 4406 1461 4468 (Vincit.
1490 4409 1662 4472 Georg.
1691 4409 1784 4472 ut).

290 4526 435 4594 Quid
480 4533 662 4582 autem
704 4527 862 4582 nobis
917 4535 1121 4582 certam
1174 4528 1415 4597 requiem
1468 4528 1744 4595 conferat,
1795 4546 1880 4586 se—

291 4633 469 4689 quens
491 4618 759 4673 sententia
782 4617 1090 4673 manifestat
1133 4637 1148 4672 :

370 4728 392 4760 ι
424 4709 680 4764 Miserere
722 4709 917 4764 anima:
955 4717 1060 4764 tua:
1104 4709 1322 4780 placens
1354 4710 1488 4775 Deo,
1538 4720 1594 4766 et
1626 4713 1877 4779 contine;

293 4820 316 4852 ς
350 4809 409 4855 et
445 4815 711 4871 congrega
748 4815 846 4855 cor
876 4810 1022 4856 tuum
1057 4803 1112 4855 in
1143 4811 1430 4856 sanctitate
1451 4801 1587 4871 ejus,
1627 4811 1682 4857 et
1709 4804 1881 4858 tristi-

297 4914 318 4945 α
355 4895 487 4948 tiam
512 4894 670 4962 longe
702 4893 912 4962 expelle
939 4910 968 4947 a
1001 4904 1070 4948 te.
1106 4894 1300 4950 Multos
1325 4896 1467 4948 enim
1491 4897 1690 4950 occidit
1721 4898 1883 4952 tristi-

297 5006 317 5038 ι
358 4986 454 5049 tia,
490 4994 547 5039 et
596 4999 704 5039 non
733 4993 818 5040 est
866 4985 1073 5040 utilitas
1123 4986 1175 5038 in
1209 4985 1316 5040 illa.
1356 5005 1374 5038 ι
1413 4985 1577 5041 Multa
1622 4997 1750 5042 sunt
1779 4989 1880 5042 mi-

290 5074 608 5129 sericordiae
648 5088 868 5144 genera,
907 5082 966 5127 ut
1011 5089 1150 5142 saepe
1177 5073 1290 5142 jam
1339 5074 1593 5141 diximus,
1653 5077 1748 5131 sed
1775 5077 1878 5132 hoc

290 5163 627 5233 praecipuum
658 5171 741 5217 est
771 5203 787 5228 ,
834 5163 976 5232 quod
1023 5163 1112 5217 hic
1157 5174 1638 5230 commemoratur,
1689 5174 1747 5220 ut
1781 5181 1879 5235 per

291 5250 705 5318 continentiam,
736 5253 1102 5317 sanctitatem,
1149 5262 1205 5307 et
1237 5252 1511 5320 justitiam
1562 5255 1877 5309 Studeamus

290 5343 514 5415 placem
542 5342 671 5408 Deo,
706 5351 762 5397 et
807 5345 876 5399 ad
914 5343 1020 5400 hoc
1068 5358 1458 5414 congregemus
1505 5354 1674 5401 totum
1708 5347 1877 5401 nostri

292 5433 464 5488 animi
493 5433 762 5497 affectum,
793 5444 854 5489 ut
888 5435 988 5505 ipsi
1017 5436 1374 5506 acceptabiles
1401 5437 1588 5502 simus,
1620 5446 1676 5492 et
1710 5439 1877 5492 bono-

291 5541 419 5579 rum
448 5539 672 5594 operum
694 5524 900 5580 fructus
926 5541 1049 5579 cum
1081 5525 1384 5579 humilitate
1404 5533 1459 5579 et
1486 5525 1572 5596 pia
1595 5525 1880 5580 devotione

288 5614 368 5668 illi
398 5611 724 5680 offeramus;
762 5614 1033 5668 tristitiam
1063 5622 1242 5668 autem
1269 5613 1427 5684 longe
1451 5628 1481 5667 a
1516 5613 1670 5668 nobis
1700 5613 1880 5682 expel-

285 5709 489 5772 latnus,
539 5709 662 5778 quia
704 5707 906 5763 nullum
939 5722 1136 5763 munus
1185 5722 1308 5762 cum
1357 5707 1574 5762 tristitia
1607 5707 1878 5762 mundana
1919 5748 1932 5758 .

1988 511 2160 566 stolus
2187 512 2276 565 ubi
2326 513 2393 567 ad
2423 512 2886 584 eleemosynarum
2931 514 3237 585 largitatem
3267 516 3578 574 Corinthios

1986 602 2258 669 hortatur,
2305 603 2529 660 dicens:
2571 626 2589 658 ‹
2639 605 2742 673 Qui
2797 623 2960 677 parce
3005 610 3270 676 seminat,
3303 626 3468 680 parce
3523 623 3575 668 et

1986 701 2185 759 metet;
2212 703 2266 749 et
2300 695 2395 764 qui
2424 696 2657 751 seminat
2691 698 2745 751 in
2777 699 3263 765 benedictionibus,
3313 702 3380 756 de
3413 703 3562 759 bene-

1986 781 2315 838 dictionibus
2375 793 2542 840 metet
2595 785 2762 839 vitam
2823 796 3080 841 aeternam
3127 786 3210 862 (11
3244 787 3366 843 Cor.
3404 793 3512 864 ιχ),
3552 814 3568 844 ι

1985 870 2243 924 continuo
2291 872 2612 942 subjunxit:
2654 894 2672 925 ι
2715 875 3096 946 Unusquisque
3138 888 3298 947 prout
3347 880 3560 936 distina-

1985 961 2064 1014 vit
2099 963 2263 1018 corde
2285 979 2403 1031 suo,
2457 981 2564 1020 non
2609 983 2675 1021 ex
2706 969 2946 1034 tristitia,
2976 980 3067 1023 aut
3113 987 3178 1025 ex
3206 977 3570 1032 necessitate:

1985 1047 2217 1104 hilarem
2258 1052 2402 1106 enim
2427 1053 2674 1108 datorem
2703 1055 2877 1127 diligit
2913 1058 3054 1113 Deus
3087 1059 3296 1130 (lbid.).
3331 1083 3350 1112 ι
3380 1064 3576 1121 Multos

1983 1143 2130 1196 enim
2155 1143 2352 1198 occidit
2379 1145 2618 1209 tristitia,
2648 1155 2699 1200 et
2731 1162 2836 1201 non
2867 1157 2951 1204 est
2981 1151 3184 1205 utilitas
3207 1153 3259 1205 in
3289 1153 3401 1207 illa.
3431 1155 3568 1221 Quo-

1983 1232 2143 1288 modo
2165 1234 2309 1289 enim
2338 1244 2516 1302 potest
2548 1236 2619 1289 ibi
2670 1252 2789 1292 esse
2832 1239 3011 1308 aliqua
3061 1241 3286 1306 utilitas,
3337 1243 3426 1298 ubi
3477 1245 3558 1301 bo

1983 1340 2174 1380 norum
2213 1340 2437 1398 operum
2476 1339 2564 1383 est
2609 1331 2868 1386 sterilitas
2892 1372 2907 1396 ,
2965 1343 3021 1387 et
3073 1335 3237 1390 totius
3274 1337 3398 1391 vita:
3432 1339 3548 1406 peri

1981 1418 2190 1474 clitatio
2238 1428 2401 1489 atque
2445 1421 2784 1477 mortalitas?
2818 1425 2960 1479 sicut
3022 1441 3257 1497 sequens
3296 1431 3566 1484 sententia

1980 1509 2191 1576 prohat.

2057 1615 2075 1648 ι
2111 1597 2272 1654 Zelus
2297 1606 2355 1654 et
2373 1599 2652 1655 iracundia
2680 1602 2926 1658 minuent
2956 1605 3092 1671 dies,
3126 1615 3180 1661 et
3206 1618 3333 1664 ante
3358 1619 3568 1679 tempus

1989 1707 2007 1740 ι
2038 1699 2312 1744 senectam
2335 1691 2870 1764 adducetcogitatus.
2912 1716 2930 1747 ι
2959 1697 3300 1754 Manifestum
3325 1702 3571 1771 estjuxta

1911 1767 1954 1825 Β
1984 1777 2263 1834 historiam
2281 1779 2586 1847 quodzelus
2612 1790 2667 1836 et
2705 1797 2993 1852 perversos
3023 1787 3188 1841 animi
3226 1767 3455 1845 affectus
3481 1791 3573 1845 de-

1982 1871 2160 1927 bilitat
2192 1887 2408 1942 corpus.
2440 1872 2594 1929 Sicut
2615 1874 2813 1945 legitur
2855 1877 2907 1931 in
2939 1878 3078 1933 libro
3101 1879 3405 1946 Geneseos,
3431 1883 3574 1950 quod

1981 1971 2204 2033 propter
2255 1963 2396 2018 iram
2444 1972 2502 2018 et
2553 1964 2809 2020 invidiam
2857 1968 3165 2024 consideret
3206 1972 3386 2026 vultus
3439 1971 3572 2027 Cain

1982 2047 2136 2122 (Gen.
2165 2050 2262 2122 tv).
2308 2053 2375 2106 Et
2400 2052 2457 2108 in
2488 2052 2628 2108 libro
2657 2054 2886 2124 Regum,
2919 2055 3164 2113 Jonadab
3207 2061 3416 2116 amicus
3442 2061 3573 2116 Am-

1979 2156 2107 2196 mon
2133 2141 2230 2195 filii
2280 2142 2472 2204 David,
2509 2158 2609 2212 per
2653 2145 2881 2199 maciem
2931 2147 3114 2202 vultus
3153 2149 3572 2218 deprehenderit

1980 2231 2150 2286 animi
2178 2233 2668 2302 perturbationem,
2698 2250 2862 2304 quam
2886 2237 3075 2292 habuit
3101 2240 3154 2294 in
3182 2242 3572 2310 concupiscen—

1985 2324 2109 2378 tiam
2141 2325 2376 2379 Thamar
2403 2327 2609 2381 sororis
2639 2341 2750 2381 suae
2781 2327 2868 2397 (II
2906 2329 3036 2399 Reg.
3062 2331 3204 2402 χιιι).
3231 2331 3396 2399 Cujus
3446 2349 3569 2388 seu-

1984 2414 2164 2469 tentite
2195 2414 2600 2470 similitudinem
2627 2415 2879 2472 Salomon
2906 2419 2961 2472 in
2986 2417 3295 2476 Proverbiis
3317 2423 3566 2492 protulit,

1982 2505 2206 2560 dicens:
2249 2525 2267 2558 ι
2308 2506 2538 2562 Animus
2577 2509 2818 2578 gaudens
2867 2521 3082 2566 aetatem
3127 2511 3372 2568 floridam
3415 2514 3570 2580 facit,

1980 2597 2205 2665 Spiritus
2243 2597 2416 2651 tristis
2469 2599 2709 2652 exsiccat
2757 2615 2879 2654 ossa
2941 2598 3122 2672 (Prov.
3162 2603 3317 2658 χιιι).
3353 2623 3372 2655 ι
3411 2603 3575 2659 Juxta-

1981 2685 2289 2756 allcgoriam
2345 2701 2480 2741 vero
2524 2687 2672 2742 zelus
2717 2696 2774 2741 et
2815 2688 3095 2744 iracundia
3151 2692 3398 2747 minuent
3452 2693 3568 2748 dies

1979 2776 2235 2842 hominis,
2274 2793 2399 2831 cum
2440 2792 2564 2831 eum
2595 2777 2702 2830 vita
2729 2788 2935 2832 aeterna
2979 2780 3255 2850 indignum
3305 2781 3567 2845 efficient,

1979 2879 2105 2925 ante
2140 2879 2355 2939 tempus
2381 2879 2715 2924 senectutem
2761 2871 3044 2935 adducent,
3077 2873 3203 2941 quia
3245 2891 3263 2924 ι
3295 2874 3398 2927 viri
3439 2889 3566 2928 san-

1978 2958 2200 3028 guinum
2239 2967 2294 3011 et
2321 2957 2491 3012 dolosi
2539 2973 2644 3012 non
2679 2958 3040 3014 dimidiabunt
3077 2961 3194 3015 dies
3229 2977 3356 3016 suos
3389 2962 3564 3034 (Psal.

1979 3048 2109 3122 Liv),
2143 3068 2162 3101 ι
2195 3050 2299 3105 hoc
2331 3059 2437 3127 est,
2475 3050 2888 3119 prosperitatetn
2902 3053 3018 3107 sine
3031 3052 3442 3122 vindictaquam
3463 3054 3567 3109 sibi

1905 3125 1950 3187 (ἶ
1981 3125 2743 3212 promittunt,perpetualiter
2767 3142 2971 3196 habere
2993 3156 3098 3196 non
3138 3152 3385 3212 possunt.

2057 3251 2076 3285 ι
2114 3232 2464 3303 Splendidam
2497 3248 2591 3288 cor
2633 3233 2831 3288 bonum
2885 3232 2938 3285 in
2987 3233 3161 3302 epulis
3186 3273 3200 3298 ,
3231 3234 3401 3302 epulae
3423 3234 3568 3288 enim

1986 3342 2004 3377 ι
2035 3324 2179 3378 illius
2214 3324 2495 3394 diligentes
2541 3324 2696 3377 fiunt.
2731 3342 2750 3374 ι
2789 3322 2984 3392 Utique
3008 3324 3145 3377 bona
3174 3323 3423 3378 voluntas
3457 3324 3569 3379 ele-

1979 3423 2188 3471 ctorum
2218 3415 2546 3486 jucundatur
2589 3414 2644 3467 in
2693 3413 2868 3482 epulis
2902 3415 3189 3478 virtutum,
3241 3429 3361 3482 qua:
3397 3416 3570 3485 epulae

1981 3508 2336 3564 indefectivas
2363 3507 2564 3561 habent
2590 3521 2720 3575 opes
2751 3506 3072 3575 spiritalium
3100 3505 3434 3561 divitiarum.

2613 3618 2840 3673 CAPUT
2882 3619 2967 3673 Vl.

1989 3712 2182 3784 Vigifia
2210 3721 2423 3782 propter
2453 3710 2565 3784 Dei”
2594 3711 2831 3784 timerent
2875 3710 3124 3783 tabefacu
3169 3726 3372 3784 carnes,
3408 3711 3463 3784 id
3493 3721 3568 3764 est

2051 3780 2253 3849 domat,
2278 3780 2400 3836 nam
2426 3783 2604 3851 uigilia
2625 3781 2695 3835 ad
2723 3781 2866 3834 mala
2883 3780 3239 3850 perpetranda
3281 3783 3567 3834 criminosa

2053 3864 2149 3908 est.

2050 3967 2200 4038 (Car.
2228 3965 2406 4032 χιιι.)
2438 3985 2457 4018 ι
2486 3965 2682 4036 Vigilia
2707 3963 3012 4020 honestatis
3033 3961 3328 4018 tabefaciet
3347 3977 3570 4028 carnes,

1985 4078 2003 4111 ι
2037 4067 2093 4114 et
2115 4059 2382 4129 cogitatus
2406 4059 2550 4114 illius
2571 4057 2781 4112 auferet
2811 4072 3085 4112 somnum.
3119 4074 3138 4108 ι
3171 4055 3364 4126 Vigilia
3404 4056 3571 4110 bone-

1980 4151 2136 4206 statis
2157 4159 2241 4206 est
2262 4159 2420 4207 cauta
2446 4149 2726 4220 vigilantia
2746 4147 2911 4203 animi
2937 4162 3058 4201 cum
3083 4147 3262 4201 studio
3288 4147 3570 4211 virtutum,

1979 4259 2101 4314 quae
2137 4243 2394 4300 tabefacit
2434 4257 2629 4299 carnes
2655 4282 2670 4305 ,
2724 4243 2849 4310 quia
2891 4241 2944 4294 in
2993 4239 3184 4294 electis
3235 4239 3330 4292 Dei
3373 4253 3569 4293 carna-

1980 4336 2060 4392 les
2081 4335 2374 4392 mortificat
2396 4337 2726 4405 voluptates.
2751 4332 3030 4403 Cogitatus
3051 4332 3198 4386 enim
3219 4330 3365 4386 illius
3391 4329 3570 4384 aufert

1983 4444 2255 4493 somnum,
2287 4427 2416 4497 quia
2448 4428 2656 4482 intenta
2695 4424 3001 4480 sollicitudo
3029 4437 3218 4478 eorum
3245 4437 3407 4492 quam
3431 4436 3568 4489 quo-

1985 4521 2114 4576 tidie
2157 4522 2212 4575 in
2242 4521 2464 4577 servitio
2491 4521 2587 4575 Dei
2616 4521 2836 4582 habent,
2887 4517 3117 4587 pigritia:
3149 4516 3218 4571 ab
3247 4515 3328 4570 eis
3357 4514 3570 4584 repellit

1985 4613 2222 4668 kedium.
2283 4613 2438 4669 Unde
2464 4613 2747 4683 propheta,
2770 4610 2862 4681 qui
2892 4625 2951 4664 se
2980 4607 3251 4664 sentiebat
3270 4607 3325 4662 in
3346 4607 3588 4665 servitio

1985 4705 2080 4760 Dei
2111 4703 2398 4774 prolicere,
2421 4713 2477 4760 et
2501 4705 2553 4758 in
2573 4718 2758 4758 amore
2782 4702 2926 4756 illius
2948 4698 3308 4764 crescere,ait
3335 4713 3349 4751 :
3378 4718 3395 4750 ι
3424 4697 3573 4764 Quo—

1986 4794 2147 4850 modo
2175 4795 2336 4850 dilexi
2362 4794 2531 4864 legem
2571 4804 2736 4855 tuam,
2767 4791 3010 4854 Domine,
3043 4799 3153 4845 tota
3178 4791 3264 4845 die
3287 4789 3571 4845 meditatio

1987 4899 2109 4939 mea
2137 4893 2240 4939 est.
2265 4885 2322 4938 lu
2347 4884 2617 4937 mandatis
2649 4884 2755 4937 tuis
2795 4882 3114 4946 exercehor,
3138 4891 3195 4936 et
3214 4882 3572 4936 considerabo

1982 4973 2099 5027 vias
2139 4979 2280 5026 tuas.
2311 4971 2475 5042 lnfige
2508 4971 2702 5025 timore
2731 4982 2827 5025 tuo
2853 4986 3048 5026 carnes
3088 4986 3269 5036 meas;
3301 4987 3330 5024 a
3349 4970 3574 5042 judiciis

1981 5063 2125 5118 enim
2158 5063 2264 5117 tuis
2292 5063 2443 5117 timui
2476 5061 2648 5134 (Psal.
2677 5063 2886 5132 cxvut).
2916 5083 2934 5114 ι

2059 5174 2078 5207 ‹
2110 5154 2386 5225 Cogitatus
2406 5155 2758 5224 praescientia:
2777 5156 3228 5222 avertitsensum,
3255 5164 3311 5212 et
3333 5155 3566 5210 infirmi—

1986 5263 2005 5296 ι
2040 5253 2122 5299 tas
2149 5245 2332 5313 gravis
2365 5245 2601 5300 sobriam
2622 5244 2751 5300 facit
2774 5246 3030 5301 animam.
3065 5266 3083 5298 ι
3115 5246 3394 5318 Cogitatus
3421 5247 3568 5300 enim

1984 5337 2220 5392 hominis
2247 5353 2408 5408 quem
2434 5339 2486 5391 in
2513 5339 2706 5393 timore
2733 5338 2828 5392 Dei
2852 5339 3034 5404 habet,
3063 5338 3398 5408 praesciendo
3423 5337 3568 5405 quod

1984 5443 2111 5482 vera
2143 5438 2269 5482 sunt
2293 5429 2474 5483 omnia
2503 5445 2623 5498 quat
2648 5429 2929 5499 Scriptura
2963 5445 3118 5484 sacra
3153 5428 3475 5498 praenuntiat
3500 5427 3570 5482 de

1985 5519 2167 5574 futuro
2179 5521 2401 5589 praemio
2419 5521 2680 5575 bonorum
2703 5529 2759 5574 et
2771 5523 2838 5576 de
2863 5530 3088 5576 ventura
3103 5533 3262 5589 poena
3277 5517 3569 5584 malorum,
3609 5509 3614 5514 ’

1983 5613 2182 5669 avertit
2199 5628 2415 5668 sensum
2432 5615 2666 5669 hominis
2687 5614 2756 5668 ab
2775 5615 2921 5669 omni
2943 5611 3384 5682 concupiscentia
3399 5610 3536 5666 mala
3551 5650 3568 5678 ,

1984 5721 2053 5762 ne
2081 5721 2145 5761 ea
2167 5705 2514 5775 concupiscat
2543 5705 2595 5760 in
2626 5705 2968 5773 possessione
2983 5703 3204 5768 habere,
3239 5703 3325 5760 vel
3351 5703 3403 5757 in
3426 5702 3566 5758 desi-
