3926 6168
401 301 506 360 981

1034 269 1094 322 Β.
1138 265 1391 322 ῐίᾹΒΑΝΙ
1432 265 1654 322 MAURI
1695 263 1982 319 ARCHIEP

2089 264 2371 321 IOGUNT.
2411 263 2698 321 OPERUM
2737 261 2916 316 PARS
2953 261 2994 315 I.

3562 261 3673 316 988

393 389 549 445 derio
568 400 795 456 nequam
818 383 1131 453 adimplere,
1151 397 1272 452 qua:
1293 381 1724 436 novitconditori
1745 395 1844 435 suo
1866 380 1975 437 dis-
2006 389 2047 441 Α
2080 380 2361 434 avaritiam
2415 379 2706 449 colligitur,
2759 389 2815 432 et
2865 393 2963 447 per
3003 374 3328 446 parcitatem
3384 377 3437 430 in
3468 375 3675 431 malum

393 480 613 552 plicerc.
665 475 929 531 Similiter
977 482 1032 528 et
1069 473 1359 527 infirmitas
1401 473 1583 542 gravis
1612 471 1855 542 corporis
1885 485 1974 524 so—

396 572 570 626 briam
598 569 728 623 facit
771 584 801 621 a
845 566 1056 621 delictis
1084 567 1338 620 animam.
1369 564 1520 620 Unde
1543 564 1669 618 alibi
1711 564 1972 631 scriptum

393 670 520 716 est:
567 679 585 712 ‹
622 659 782 713 Livor
824 656 1064 711 vulneris
1103 656 1378 724 absterget
1408 655 1569 720 mala,
1615 665 1672 708 et
1703 654 1873 724 plagaz
1919 653 1972 706 in

393 750 786 806 secretioribus
812 748 1018 801 ventris
1070 744 1250 817 (Prov.
1285 746 1399 816 xx).
1438 764 1454 795 ι
1490 745 1624 798 Mala
1651 745 1795 799 enim
1837 744 2007 815 livor.

395 840 628 896 vulneris
676 841 966 908 absterget,
998 837 1124 907 quia
1155 836 1487 907 ﬂagellorum
1532 836 1686 890 dolor
1709 835 1792 888 vel
1830 836 1977 905 cogi-

396 939 535 984 tatas
585 929 670 984 vel
719 937 1058 998 perpetratas
1104 930 1374 997 nequitias
1423 928 1596 982 diluit.
1648 927 1798 982 Solet
1848 944 1978 983 vero

395 1020 600 1075 ventris
639 1021 996 1090 appellatione
1031 1036 1182 1075 mens
1215 1022 1409 1090 accipi,
1445 1021 1569 1090 quia
1605 1022 1746 1076 sicut
1789 1031 1978 1076 venter

396 1111 665 1164 consumit
689 1125 865 1175 escas,
898 1110 972 1163 ita
999 1125 1152 1164 mens
1173 1112 1550 1179 pertractando
1573 1112 1826 1180 excoquit
1846 1111 1976 1166 iras.

396 1198 532 1265 Quia
557 1199 703 1252 enim
724 1207 911 1252 venter
931 1213 1083 1252 mens
1101 1199 1317 1262 dicitur,
1341 1213 1404 1252 ea
1433 1200 1706 1254 sententia
1728 1200 1976 1264 docetur,

395 1305 498 1358 qua
543 1291 803 1359 scriptum
849 1297 979 1345 est:
1018 1308 1036 1340 ‹
1079 1290 1321 1344 Lucerna
1379 1289 1594 1345 Domini
1648 1290 1976 1360 spiraculum

397 1380 659 1443 hominis,
718 1395 838 1450 quae
900 1380 1194 1451 investigat
1249 1380 1426 1435 omnia
1495 1390 1707 1436 secreta
1774 1382 1978 1436 ventris

398 1472 628 1544 (Ibid.):
667 1492 682 1523 ι
715 1487 779 1527 ac
829 1473 874 1527 si
913 1472 1119 1526 diceret
1148 1491 1161 1525 ε
1188 1472 1375 1525 Divina
1406 1471 1617 1526 afflatus
1658 1471 1980 1527 illuminatio

395 1579 519 1618 cum
567 1564 621 1617 in
675 1572 909 1617 mentem
935 1563 1170 1617 hominis
1204 1563 1411 1616 venerit
1445 1603 1459 1628 ,
1492 1577 1615 1617 eam
1658 1562 1976 1632 sibimetipsi

399 1655 708 1708 illuminans
735 1653 990 1717 ostendit,
1021 1668 1142 1722 quae
1171 1659 1299 1705 ante
1324 1651 1559 1721 Spiritus
1579 1652 1750 1706 sancti
1781 1651 1976 1705 adven-

2079 486 2235 523 suum
2287 471 2673 525 reservabitur.
2727 468 2830 536 Qui
2881 476 3064 521 autem
3115 466 3167 520 in
3222 467 3326 520 hac
3376 467 3678 524 ambitione

2080 569 2398 628 praesentem
2425 561 2698 616 consumit
2730 561 2894 614 vitam
2923 599 2938 624 ,
2965 569 3170 613 αξιοι-ηδ
3199 557 3499 628 replebitur
3524 559 3679 630 igno-

2079 652 2271 705 millia.

2153 761 2171 793 ι
2212 741 2362 796 Multi
2407 743 2517 797 dati
2556 752 2683 797 sunt
2728 742 2780 796 in
2830 741 2949 795 auri
2994 755 3190 805 casus,
3233 748 3288 795 et
3331 739 3476 794 facta
3509 749 3590 794 est
3626 740 3679 793 in

2084 853 2101 883 ε
2133 834 2312 902 specie
2344 834 2512 904 ipsius
2537 834 2768 904 perditio
2798 833 3030 887 illorum.
3062 851 3079 882 ι
3115 830 3175 886 in
3199 848 3387 888 casum
3425 832 3543 885 auri
3580 833 3680 884 da-

2081 931 2187 987 tur,
2220 923 2312 992 qui
2341 923 2460 992 ejus
2487 923 2784 978 ambitione
2811 924 3060 991 captivus
3094 930 3328 976 tenetur.
3360 921 3530 989 Cujus
3555 936 3680 987 5pc-

2080 1015 2192 1070 cies
2222 1015 2296 1069 illi
2332 1016 2692 1085 perditionem
2719 1022 2966 1085 generat,
3006 1013 3131 1082 quia
3166 1013 3336 1082 ipsius
3373 1027 3561 1068 amore
3599 1011 3681 1066 ul—

2081 1113 2160 1158 tra
2222 1107 2439 1161 modum
2501 1106 2857 1160 exardescere
2920 1118 3025 1158 non
3097 1103 3370 1157 formidat.
3431 1102 3677 1155 Avaritia

2077 1195 2247 1259 enim,
2277 1204 2337 1249 ut
2358 1195 2436 1250 ait
2458 1195 2768 1264 Apostolus,
2795 1193 3059 1250 idolorum
3082 1201 3168 1248 est
3193 1193 3427 1247 servitus
3449 1191 3659 1264 (Calor.

2082 1284 2208 1356 ut.),
2250 1293 2307 1339 et
2333 1285 2423 1339 ubi
2454 1285 2692 1340 cultores
2730 1299 2796 1340 ac
2819 1283 3116 1340 servitores
3157 1283 3424 1338 idolorum
3451 1284 3678 1352 deputa-

2080 1375 2281 1429 buntur
2304 1375 2408 1430 nisi
2429 1376 2484 1429 iu
2512 1384 2774 1430 tartarum
2797 1373 2993 1430 inferni
3027 1373 3050 1426 ?
3087 1393 3104 1425 ι
3142 1373 3233 1427 ubi
3257 1373 3460 1427 vermis
3489 1389 3679 1426 eorum

2079 1481 2184 1519 non
2211 1467 2474 1532 moritur,
2503 1475 2560 1521 et
2589 1465 2729 1536 ignis
2758 1480 2862 1520 non
2889 1465 3257 1535 exstinguitur
3278 1463 3421 1536 (Ita.
3449 1464 3620 1536 uvt).
3655 1484 3675 1516 ι

2079 1553 2154 1609 De
2182 1569 2290 1623 quo
2316 1554 2567 1624 protinus
2593 1552 2967 1624 sultjungitur:

2161 1665 2178 1697 ι
2210 1647 2438 1718 Lignum
2462 1647 2776 1703 offensionis
2798 1655 2883 1700 est
2904 1660 3094 1699 aurum
3118 1643 3566 1710 sacrificantium,
3591 1643 3683 1699 Va:

399 1753 510 1797 tmn
535 1743 889 1814 cogitationes
923 1758 1120 1812 pravas
1149 1749 1204 1796 et
1243 1749 1462 1810 portare
1505 1749 1739 1810 poterat,
1769 1750 1824 1796 et
1848 1756 1978 1812 pen-
2007 1735 2053 1802 Β
2087 1755 2106 1788 ι
2147 1738 2252 1792 illis
2277 1739 2368 1807 qui
2395 1747 2677 1792 sectantur
2704 1737 2853 1800 illud,
2883 1744 2938 1790 et
2959 1735 3135 1790 omnis
3175 1735 3492 1803 imprudens
3519 1737 3684 1804 depe-

398 1850 456 1887 sa
465 1849 520 1888 re
538 1834 812 1888 nesciebat
835 1848 851 1887 :
885 1853 903 1884 ‹
938 1833 1099 1887 Livor
1117 1847 1248 1899 ergo
1265 1832 1505 1888 vulneris
1527 1834 1800 1903 absterget
1820 1833 1980 1897 mala,

395 1934 452 1977 et
473 1925 639 1994 plagae
661 1926 713 1979 in
738 1923 1123 1980 secretioribus
1136 1924 1367 1988 ventris,
1402 1942 1421 1975 ι
1450 1924 1575 1992 quia
1597 1938 1719 1978 cum
1743 1925 1986 1980 exterius

397 2013 732 2080 percutimur
759 2053 774 2075 ,
821 2013 886 2065 ad
915 2020 1254 2080 peccatorum
1301 2021 1610 2066 nostrorum
1662 2013 1982 2068 memoriam

400 2102 550 2156 taciti
612 2102 901 2170 aﬂlictique
964 2116 1325 2166 revocamur,
1385 2114 1550 2171 atque
1604 2111 1731 2158 ante
1794 2104 1982 2159 oculos

401 2202 614 2247 nostros
641 2203 834 2248 cuncta
863 2208 982 2262 qua:
1011 2209 1040 2246 a
1072 2192 1226 2247 nobis
1272 2202 1400 2247 sunt
1440 2194 1582 2248 male
1607 2205 1782 2265 gesta,
1818 2197 1984 2251 redu-

405 2285 602 2347 cimus,
639 2293 694 2338 et
731 2299 828 2353 per
857 2284 960 2337 hoc
995 2283 1137 2352 quod
1169 2282 1299 2337 foris
1335 2283 1574 2351 patimur
1621 2286 1794 2357 magis
1835 2287 1981 2342 intus

405 2376 549 2445 quod
607 2375 834 2430 fecimus
888 2376 1149 2440 dolemus,
1201 2375 1341 2430 unde
1387 2376 1446 2452 fit
1493 2385 1554 2430 ut
1604 2377 1745 2433 inter
1790 2388 1976 2449 aperta

402 2465 628 2520 vulnera
671 2466 916 2535 corporis
961 2466 1191 2534 amplius
1218 2481 1316 2521 nos
1347 2467 1531 2522 abluat
1557 2467 1714 2540 plaga
1768 2480 1980 2527 secreta

401 2556 629 2621 ventris,
653 2557 777 2624 quia
805 2565 961 2610 sanat
1005 2557 1274 2627 nequitias
1305 2559 1456 2628 pravi
1478 2560 1663 2630 operis
1704 2562 1977 2617 occultum

403 2644 592 2700 vulnus
620 2645 838 2701 doloris.
865 2645 994 2701 Hinc
1024 2657 1080 2702 et
1112 2647 1312 2702 Paulus
1342 2650 1419 2704 ait
1448 2668 1461 2704 :
1495 2669 1513 2702 ‹
1545 2650 1776 2717 Quando
1819 2653 1979 2707 infir-

404 2748 521 2788 mor
550 2773 564 2800 ,
599 2743 725 2791 tunc
779 2743 971 2806 potens
1024 2753 1164 2793 sum.
1203 2757 1222 2791 ι
1255 2738 1478 2806 Quando
1531 2742 1678 2795 enim
1725 2745 1984 2798 sustinuit

404 2826 703 2882 forinsecus
729 2826 932 2899 ﬂagella
962 2832 1420 2900 persecutionum,
1462 2833 1791 2892 intrinsecus
1814 2839 1983 2894 crevit

401 2919 546 2973 dono
574 2920 892 2987 spiritalium
915 2923 1236 2991 gratiarum.

476 3028 494 3060 ι
527 3009 813 3064 Laboravit
840 3011 992 3065 dives
1022 3013 1074 3066 in
1113 3016 1527 3086 congregatione
1557 3017 1889 3085 substantiis,
1929 3032 1984 3076 et

407 3119 425 3152 ι
465 3102 516 3155 in
549 3102 734 3171 requie
773 3118 867 3158 sua
916 3105 1210 3174 replebitur
1239 3110 1501 3164 bonorum
1534 3127 1754 3168 suorum
1781 3131 1795 3180 ;
1838 3114 1984 3172 labo-
2011 3087 2059 3152 ϐ

409 3207 428 3242 ‹
465 3194 601 3247 ravit
624 3209 830 3263 pauper
851 3195 902 3248 in
933 3196 1286 3254 diminutione
1308 3200 1500 3260 victus.
1532 3213 1588 3258 et
1611 3204 1663 3259 in
1693 3205 1800 3261 fine
1830 3208 1985 3278 inops

407 3299 429 3331 ι
469 3282 545 3335 fit.
579 3301 597 3334 ι
634 3283 814 3338 Multis
849 3284 903 3336 in
925 3284 1058 3340 locis
1096 3286 1496 3358 Scripturarum
1537 3292 1826 3350 laudantur
1852 3297 1988 3352 divi-

407 3371 494 3425 tia:
518 3411 534 3436 ,
575 3380 631 3426 et
666 3372 718 3426 in
763 3373 948 3429 multis
977 3376 1356 3446 vituperantur
1378 3421 1393 3447 ,
1436 3381 1530 3436 sed
1557 3382 1650 3438 ubi
1678 3383 1984 3453 laudantur,

404 3463 607 3517 divitia:
655 3464 929 3534 spiritales
969 3467 1371 3538 significantur;
1414 3472 1506 3527 ubi
1556 3483 1737 3530 autem
1784 3478 1988 3548 vitupe-

406 3562 613 3617 rantur,
647 3556 958 3625 corporales
981 3573 1110 3629 0pes
1139 3567 1194 3614 et
1217 3562 1421 3616 nociva:
1445 3565 1630 3619 mundi
1663 3567 1988 3622 damnantur

406 3644 753 3714 cupiditates.
802 3647 955 3704 Unde
992 3657 1051 3704 et
1102 3650 1154 3704 in
1185 3651 1288 3707 hoc
1321 3654 1555 3723 capitulo
1579 3656 1884 3713 alternatim
1918 3661 1985 3715 de

404 3736 562 3791 bonis
578 3745 634 3791 et
652 3737 810 3792 malis
833 3739 1034 3796 divitiis
1053 3742 1330 3810 disputans
1345 3743 1498 3813 juxta
1523 3748 1840 3816 qualitatem
1863 3767 1987 3821 per-

406 3841 682 3890 sonarum,
713 3829 942 3897 primum
967 3831 1151 3885 laudat
1169 3833 1390 3888 divitem
1415 3834 1748 3893 laborantem
1772 3839 1826 3894 in
1858 3857 1986 3896 cou-

408 3919 718 3988 gregatione
750 3919 1082 3988 divitiarum,
1121 3925 1263 3979 unde
1299 3926 1592 3995 replebitur
1627 3929 1783 3987 bonis
1817 3933 1870 3986 in
1895 3951 1984 3990 rc-

408 4009 534 4078 quie
559 4024 676 4062 sua.
709 4009 911 4067 Deinde
944 4013 1213 4083 vituperat
1251 4031 1540 4086 pauperem
1563 4059 1579 4084 ,
1608 4021 1736 4090 quia
1774 4022 1986 4079 labora-

406 4100 486 4153 vit
531 4100 584 4153 iu
611 4101 964 4158 diminutione
985 4105 1190 4173 victus;
1223 4117 1275 4162 et
1309 4111 1360 4164 in
1386 4111 1492 4166 fine
1521 4113 1755 4182 inopiam
1789 4132 1984 4172 conse-

406 4198 639 4257 quetur,
671 4191 1002 4264 subjungeus
1042 4207 1240 4264 quanta
1267 4201 1405 4254 mala
1442 4214 1700 4271 sequatur
1770 4206 1889 4260 auri
1930 4217 1984 4262 et

407 4285 756 4352 pecuniarum
803 4287 1048 4342 avaritia.
1089 4288 1278 4344 Postea
1327 4293 1524 4348 iterum
1552 4293 1734 4350 laudat
1761 4297 1981 4353 divitem

407 4376 701 4430 secundum
731 4378 919 4444 Deum,
957 4380 1048 4448 qui
1076 4381 1325 4438 inventus
1359 4394 1444 4439 est
1478 4386 1594 4441 sine
1615 4389 1847 4444 macula.
1881 4390 1982 4445 La-

409 4465 566 4518 borat
605 4480 737 4536 ergo
775 4468 954 4536 justus
989 4469 1137 4525 dives
1181 4473 1234 4525 in
1272 4476 1689 4545 congregatione
1721 4480 1982 4549 spiritalis

403 4559 722 4613 substantiae
744 4599 758 4624 ,
799 4562 852 4614 in
878 4563 1185 4619 meditando
1207 4565 1452 4620 videlicet
1487 4577 1794 4624 sanctarum
1836 4570 1981 4627 Scri-

407 4659 688 4720 pturarum
711 4653 992 4708 scientiam
1019 4695 1034 4719 ,
1069 4666 1125 4710 et
1149 4657 1450 4727 colligendo
1484 4660 1748 4714 bonarum
1773 4662 1982 4721 fructus

409 4743 687 4806 virtutum,
714 4758 810 4812 pro
836 4745 1032 4813 quibus
1066 4747 1318 4803 omnibus
1349 4758 1472 4818 post
1508 4749 1669 4805 finem
1700 4756 1980 4821 praesentis

405 4831 529 4885 vitm
563 4835 799 4902 requiem
837 4846 1096 4892 :rternam
1128 4847 1186 4892 et
1212 4843 1697 4898 remunerationem
1723 4847 1984 4916 percipiet

405 4919 708 4974 cmlestium
767 4927 1130 4990 prznmiorum.
1189 4928 1232 4982 E
1275 4931 1550 4987 contrario
1601 4948 1729 4988 vero
1781 4949 1986 5004 pauper

406 5010 631 5064 scientia
661 5023 714 5064 et
740 5015 914 5084 ineps,
941 5018 1138 5074 virtute
1165 5019 1398 5085 laborat,
1419 5023 1658 5090 quotidie
1680 5025 1732 5078 in
1758 5027 1985 5080 terrenis

405 5101 826 5169 cupiditatibus,
869 5123 966 5176 pro
999 5110 1195 5177 quibus
1235 5111 1286 5164 in
1329 5112 1432 5168 ﬁne
1459 5128 1562 5168 non
1601 5114 1980 5170 abundantiam

404 5192 642 5248 caelestis
667 5195 886 5251 habebit
903 5201 1109 5269 gaudii,
1145 5202 1237 5256 sed
1265 5217 1452 5271 pmnas
1476 5220 1541 5260 ac
1579 5207 1794 5262 dolores
1819 5209 1983 5262 susti-

403 5285 554 5339 nebit
585 5285 804 5339 inferni.

480 5394 498 5426 σ
542 5379 643 5444 Qui
671 5395 860 5434 aurum
887 5379 1084 5451 diligit,
1117 5397 1219 5437 non
1244 5382 1664 5452 justificabitur,
1703 5395 1759 5440 et
1781 5385 1871 5454 qui
1905 5387 1980 5439 in-

411 5483 435 5517 t
467 5468 711 5536 sequitur
743 5472 1206 5540 consumptionem
1233 5514 1251 5538 ,
1281 5473 1574 5543 replebitur
1608 5491 1673 5528 ex
1709 5490 1794 5528 ea.
1831 5493 1849 5526 ›
1879 5474 1984 5528 Αυ-

407 5572 526 5611 rum
555 5575 842 5628 possumus
866 5562 1116 5632 accipere
1138 5580 1240 5633 pro
1259 5566 1404 5619 omni
1431 5567 1655 5634 pecunia
1683 5574 1738 5619 et
1759 5567 1980 5620 thesau-

409 5661 710 5710 to-tct't'eno
732 5695 749 5720 ,
782 5673 903 5727 qua:
945 5658 1014 5713 ab
1053 5659 1386 5714 amatoribus
1434 5659 1548 5713 suis
1587 5674 1692 5712 non
1743 5657 1842 5712 nisi
1886 5675 2009 5728 per.

2093 1847 2112 1878 ι
2145 1829 2245 1882 riet
2265 1831 2316 1882 in
2338 1828 2446 1882 illo.
2485 1847 2502 1879 ›
2528 1827 2766 1883 Offensio
2793 1828 2847 1880 in
2872 1825 3168 1895 Scripturis
3188 1825 3361 1880 sacris
3385 1835 3441 1880 et
3464 1826 3679 1879 desola-

2083 1918 2162 1972 tio
2191 1918 2457 1973 idolorum
2506 1927 2870 1988 nuncupatur,
2905 1917 3035 1986 quia
3072 1917 3126 1970 in
3155 1917 3257 1970 hoc
3285 1917 3560 1971 deseritur
3584 1933 3679 1971 ve-

2084 2022 2176 2062 rus
2204 2008 2301 2063 Dei
2325 2007 2503 2063 cultus
2529 2048 2545 2073 ,
2585 2015 2640 2062 et
2667 2008 2899 2062 maxime
2930 2007 2983 2060 in
3016 2007 3152 2061 falsa
3179 2006 3389 2061 cultura
3419 2008 3567 2062 Deus
3590 2007 3675 2062 oi-

2084 2097 2343 2152 fenditur.
2370 2098 2596 2170 Lignum
2619 2099 2762 2153 enim
2793 2099 3106 2155 offensionis
3135 2107 3220 2155 est
3245 2115 3439 2154 aurum
3462 2100 3678 2154 sacrifi-

2083 2192 2343 2255 cantium,
2397 2193 2521 2263 quia
2561 2192 2700 2247 sicut
2727 2193 2896 2246 Adam
2937 2194 2989 2246 in
3024 2192 3150 2263 ligni
3190 2193 3342 2247 vetiti
3372 2201 3676 2262 transgres—

2081 2283 2235 2338 sione
2280 2298 2378 2354 per
2428 2284 2698 2354 serpentis
2745 2285 3144 2355 suggestionem
3193 2283 3452 2354 deceptus
3513 2301 3674 2340 avare

2084 2377 2306 2432 deorum
2330 2376 2683 2448 plurimorum
2705 2378 3051 2432 sublimatum
3075 2377 3180 2433 sibi
3204 2377 3454 2447 sperabat
3483 2387 3674 2432 ventu-

2085 2485 2225 2534 rum,
2255 2470 2334 2524 ita
2359 2471 2475 2525 auri
2507 2480 2781 2525 amatores
2811 2470 3146 2526 diversorum
3173 2485 3423 2524 erromm
3443 2469 3665 2524 simula-

2083 2559 2194 2615 cris
2247 2559 2620 2616 deservientes
2668 2560 2877 2614 animas
2932 2573 3060 2614 suas
3109 2558 3268 2628 quasi
3321 2557 3676 2621 saeriliando

2083 2650 2364 2707 daemoniis
2390 2651 2707 2716 immolant,
2748 2661 2807 2706 ut
2827 2651 3180 2721 plurimorum
3210 2666 3373 2721 opum
3399 2665 3675 2719 possesso-

2086 2756 2174 2796 res
2199 2740 2351 2796 fiant.
2399 2739 2508 2798 Sed
2551 2758 2631 2796 ναξ
2667 2742 2772 2797 illis
2806 2742 2900 2811 qui
2943 2743 3085 2796 hanc
3123 2751 3406 2796 sectantur
3445 2748 3673 2810 pestem,

2085 2831 2212 2900 quia
2241 2832 2612 2902 imprudentes
2639 2843 2899 2888 aeternam
2933 2831 3034 2886 sibi
3061 2832 3185 2887 inde
3212 2831 3507 2900 acquirunt
3530 2832 3675 2886 dam-

2087 2919 2379 2976 nationem.
2412 2921 2598 2977 Potest
2618 2931 2674 2976 et
2691 2922 2846 2992 juxta
2881 2921 3151 2992 allegoria:
3188 2921 3428 2990 regulam
3459 2921 3514 2974 in
3545 2936 3672 2973 auro

2090 3013 2388 3085 idolothyto
2431 3016 2807 3070 haereticorum
2851 3024 2908 3070 et
2943 3013 3384 3084 philosophorum
3433 3013 3670 3068 doctrina

2089 3107 2281 3175 accipi,
2318 3123 2440 3177 qua:
2467 3108 2754 3178 splendore
2791 3107 2927 3162 nitet
2963 3106 3283 3175 eloquentia)
3307 3146 3323 3168 ,
3355 3114 3412 3159 et
3437 3106 3675 3160 curioso-

2088 3210 2207 3249 rum
2235 3211 2334 3266 per
2359 3197 2540 3252 omnia
2576 3213 2634 3253 se
2677 3199 2950 3266 portendit
2989 3199 3174 3251 ruime.
3209 3195 3315 3263 Qui
3350 3204 3535 3252 autem
3560 3195 3673 3263 ejus

2087 3301 2271 3340 amore
2297 3295 2486 3355 captus
2532 3302 2637 3340 non
2680 3297 2945 3355 prmcavet
2984 3287 3200 3340 latentis
3236 3287 3494 3355 nequitia:
3540 3287 3671 3340 insi-

2087 3377 2225 3442 dias,
2255 3378 2458 3432 erroris
2485 3387 2540 3432 ct
2576 3388 2920 3447 peccatorum
2947 3379 3156 3448 laqueis
3189 3379 3524 3432 constrictus
3548 3393 3666 3446 per.

2087 3478 2279 3538 petuas
2305 3469 2518 3523 decidet
2542 3470 2595 3522 in
2625 3483 2834 3539 pmnas.
2867 3471 2970 3524 Sed
2993 3470 3122 3539 quid
3157 3469 3223 3523 de
3249 3469 3552 3524 electorum
3583 3485 3671 3537 po-

2086 3560 2231 3630 pulo,
2265 3560 2356 3630 qui
2386 3561 2539 3615 dives
2560 3569 2646 3616 est
2671 3561 2725 3615 in
2749 3561 2931 3616 divina
2969 3560 3197 3616 scientia
3225 3569 3282 3614 ct
3308 3569 3456 3614 recta
3482 3560 3586 3614 fide
3610 3575 3671 3613 ac

2085 3652 2241 3707 bonis
2267 3652 2536 3721 operibus,
2562 3663 2957 3724 consequenter
2978 3655 3142 3718 dicat,
3174 3653 3475 3708 videamus.

2161 3766 2178 3799 ι
2208 3746 2405 3802 Beatus
2429 3747 2582 3802 dives
2600 3748 2694 3817 qui
2718 3748 2968 3801 inVentus
2993 3756 3076 3802 est
3097 3747 3212 3801 sine
3237 3747 3466 3806 macula.
3502 3758 3557 3802 et
3579 3749 3669 3817 qui

2091 3858 2110 3891 ι
2145 3848 2268 3908 post
2306 3856 2494 3895 aurum
2545 3857 2651 3895 non
2696 3841 2850 3906 abiit,
2896 3856 2996 3895 nec
3043 3840 3277 3909 speravit
3323 3839 3377 3893 in
3427 3842 3671 3909 pecuniae

2091 3950 2110 3984 ε
2147 3932 2438 3986 thesauris.
2471 3931 2604 3998 Quis
2631 3940 2715 3986 est
2737 3932 2824 3986 hic
2851 3971 2865 3994 ,
2901 3941 2957 3986 et
2988 3931 3325 3985 laudabimus
3356 3931 3521 3985 eum?
3551 3931 3673 3986 fecit

2093 4040 2110 4074 t
2146 4021 2290 4076 enim
2323 4021 2590 4077 mirabilia
2619 4023 2673 4076 in
2697 4024 2806 4076 vita
2836 4038 2952 4076 sua.
2981 4023 3082 4089 Qui
3112 4022 3369 4091 probatus
3394 4030 3480 4076 est
3506 4022 3559 4075 in
3585 4022 3672 4075 illo

2091 4133 2108 4165 ι
2139 4121 2192 4168 et
2221 4113 2491 4183 perfectus
2525 4123 2629 4178 est,
2665 4115 2766 4170 erit
2807 4115 2880 4168 illi
2913 4115 3080 4185 gloria
3105 4123 3325 4169 :eterna.
3366 4114 3466 4180 Qui
3501 4115 3671 4184 potuit

2091 4222 2109 4254 ι
2142 4205 2439 4276 transgredi
2467 4213 2521 4260 et
2550 4215 2765 4261 nonest
2795 4216 3179 4277 transgressus,
3220 4216 3276 4262 et
3312 4206 3497 4262 facere
3533 4209 3666 4261 mala

2089 4311 2107 4344 t
2143 4300 2199 4347 et
2223 4309 2328 4348 non
2359 4292 2509 4348 fecit.
2553 4293 2678 4348 ideo
2715 4295 2948 4349 stalilita
2976 4304 3103 4350 sunt
3129 4297 3268 4349 bona
3294 4295 3438 4350 illius
3459 4297 3514 4350 in
3542 4299 3663 4359 Deo.

2091 4403 2108 4435 ι
2140 4393 2196 4440 et
2238 4385 2608 4456 eleemosynas
2657 4386 2802 4441 illius
2847 4387 3127 4442 enarrabit
3178 4386 3408 4442 ecclesia
3458 4398 3666 4443 sancto-

2091 4493 2110 4526 ι
2151 4491 2290 4532 rum.
2326 4495 2346 4529 ι
2373 4476 2574 4531 Beatus
2606 4477 2749 4532 enim
2790 4477 2878 4531 ille
2906 4477 3057 4532 dives
3083 4485 3186 4540 est,
3215 4491 3377 4546 quem
3407 4477 3554 4532 nulla
3577 4478 3665 4531 ob-

2083 4565 2259 4620 fuscat
2285 4566 2492 4621 macula
2540 4567 2774 4631 erroris,
2815 4566 2959 4620 nulla
2981 4567 3205 4621 ambitio
3237 4567 3556 4636 coinquinat
3580 4583 3665 4636 pe-

2084 4657 2256 4711 cuniae
2301 4657 2596 4712 saecularis.
2645 4657 2796 4713 Fecit
2831 4657 3096 4711 mirabilia
3140 4658 3194 4712 in
3225 4659 3336 4712 vita
3367 4675 3469 4714 sua
3501 4660 3662 4713 sacris

2083 4746 2374 4802 virtutibus
2399 4761 2618 4816 operam
2641 4748 2842 4812 dando,
2881 4748 2996 4802 sive
3034 4747 3308 4802 miraculis
3333 4751 3662 4804 coruscanti-

2082 4835 2183 4891 bus
2199 4836 2426 4892 infirmis
2441 4847 2496 4892 et
2511 4836 2777 4893 debilibus
2791 4837 3052 4892 sanitates
3067 4840 3395 4907 praestando,
3411 4841 3658 4908 quoniam

2086 4925 2140 4980 in
2169 4926 2466 4981 conditoris
2493 4927 2577 4982 sui
2601 4943 2785 4982 amore
2815 4927 3045 4982 fideliter
3070 4929 3388 4996 permansit,
3430 4930 3662 4998 quotidie

2085 5016 2435 5086 proficiendo,
2463 5019 2602 5072 unde
2625 5019 2726 5072 sibi
2756 5027 2928 5072 restat
2945 5019 3100 5087 quies
3123 5027 3407 5089 perpetua,
3431 5028 3488 5074 et
3511 5019 3662 5076 cmic-

2085 5107 2183 5160 stis
2211 5107 2358 5176 regni
2399 5107 2570 5178 gloria
2612 5116 2838 5162 aeterna.
2887 5106 3068 5162 Potuit
3104 5104 3248 5162 enim
3283 5105 3442 5174 juxta
3490 5110 3662 5164 datam

2085 5199 2186 5254 sibi
2214 5199 2370 5254 liberi
2408 5199 2616 5254 arbitrii
2642 5198 2954 5254 facultatem
2983 5199 3286 5269 transgredi
3314 5207 3664 5268 pneceptum,

2085 5300 2140 5344 et
2163 5305 2269 5344 non
2295 5299 2380 5344 est
2404 5299 2776 5360 transgressus
2798 5329 2812 5354 ,
2843 5301 2898 5346 et
2928 5289 3107 5344 facere
3141 5289 3271 5344 mal"
3301 5298 3359 5343 et
3385 5305 3490 5344 non
3522 5289 3662 5342 iecit.

2087 5383 2202 5437 Non
2225 5382 2346 5438 dico
2373 5382 2515 5452 quod
2538 5397 2810 5452 nunquam
2843 5381 3168 5450 peccaverit,
3200 5381 3295 5435 sed
3322 5381 3469 5450 quod
3497 5379 3666 5447 paeni-

2085 5474 2250 5528 tendo
2268 5488 2365 5543 per
2409 5473 2636 5542 gratiam
2682 5473 2980 5528 conditoris
3018 5472 3102 5526 sui
3141 5471 3388 5526 omnium
3424 5478 3668 5540 peccaui-

2087 5583 2204 5622 rum
2229 5582 2449 5622 suorum
2483 5566 2722 5621 maculas
2747 5565 2982 5621 diluerit.
3012 5565 3138 5620 ideo
3163 5563 3307 5618 bona
3329 5579 3456 5634 quae
3485 5563 3541 5616 in
3571 5562 3666 5615 hac

2088 5659 2335 5728 praesenti
2372 5657 2541 5727 gessit
2567 5657 2678 5711 vita
2696 5694 2715 5723 ,
2751 5657 2987 5712 stabilita
3013 5657 3078 5711 ad
3107 5655 3562 5712 remunerationis
3590 5653 3663 5709 iu-
