3902 6162
272 327 376 384 989‘

1130 319 1483 378 COMMENT.
1525 319 1592 375 1N
1630 315 2247 375 ECCLESIASTICUM.
2289 344 2358 355 --
2394 312 2523 370 LIB.
2565 312 2680 369 νη.

3450 312 3556 369 990

271 456 403 498 tum
426 446 722 496 servantur
746 438 992 510 przemia,
1026 447 1082 491 et
1112 434 1498 490 misericordim
1523 433 1669 488 illius
1686 447 1850 503 opera
1883 433 1930 492 Α
1960 436 2159 484 rectam
2193 435 2394 491 teneat,
2426 425 2645 480 modum
2678 423 2729 479 in
2758 420 2985 479 scientia
3016 422 3220 479 habere
3254 438 3361 477 non
3387 427 3563 493 negti.

270 552 303 589 a
323 532 671 602 generatione
702 530 757 585 in
786 529 1190 602 generationem
1212 528 1556 599 praedicando
1581 524 1862 583 enarrahit

270 634 581 683 sanctorum
600 621 865 677 Ecclesia.

886 711 1117 770 CAPUT
1157 711 1264 767 VII.

700 805 779 861 De
805 804 1125 860 continentia
1150 803 1405 857 ciborum.

342 919 359 950 ι
390 896 570 969 Supra
592 910 836 952 mensam
864 907 1115 963 magnam
1152 890 1366 955 sedisti,
1395 905 1501 945 non
1526 886 1741 959 aperias
1769 901 1865 941 su-

274 1011 297 1044 c
325 1007 420 1063 per
452 990 598 1045 illam
626 987 833 1043 faucem
868 993 1015 1041 tuam
1038 984 1212 1056 prior.
1247 1003 1265 1035 ›
1307 981 1457 1038 Licet
1491 981 1609 1037 haec
1635 989 1859 1035 senten-

272 1084 342 1139 tia
382 1080 741 1139 historialiter
785 1076 1180 1134 continentiam
1226 1071 1382 1130 nobis
1429 1073 1681 1128 videatur
1713 1084 1862 1127 com-

270 1175 548 1241 mendare,
570 1182 634 1228 ut
657 1187 765 1228 non
795 1186 891 1243 per
912 1167 1048 1241 gula:
1072 1166 1369 1238 appetitum
1394 1164 1565 1220 simus
1596 1163 1863 1230 intempe-

272 1276 456 1321 rantes
480 1265 537 1319 in
568 1261 905 1320 comedendo
932 1274 997 1315 ac
1018 1257 1273 1320 bibendo,
1310 1255 1403 1311 sed
1426 1253 1593 1310 sobrii
1626 1260 1683 1308 et
1714 1250 1862 1323 puri,

271 1366 447 1412 tamen
485 1356 683 1412 altiore
714 1369 875 1410 sensu
916 1366 1015 1407 nos
1051 1349 1211 1405 docet
1234 1356 1295 1402 ut
1323 1347 1377 1401 in
1408 1344 1757 1401 meditatione
1787 1342 1865 1399 le-

270 1445 351 1517 gis
369 1445 467 1501 Dei
496 1438 671 1501 simus
695 1440 837 1497 cauti
862 1456 926 1496 ac
954 1437 1186 1513 providi.
1221 1436 1405 1492 Mensa
1435 1449 1629 1506 magna
1663 1441 1750 1489 est
1771 1448 1864 1490 co-

270 1537 355 1609 pia
387 1536 795 1606 Scripturarum
833 1534 1163 1598 divinarum,
1205 1546 1369 1600 super
1401 1545 1565 1601 quam
1605 1529 1865 1584 sedentes

270 1644 375 1684 non
398 1628 659 1684 debemus
681 1641 801 1681 esse
836 1637 1120 1695 procaces,
1158 1630 1216 1677 ut
1250 1619 1453 1691 aliquid
1484 1619 1608 1675 inde
1645 1619 1863 1688 ihdigne

267 1723 386 1778 sine
426 1720 653 1775 doctore
712 1728 766 1773 et
819 1717 939 1774 sine
987 1715 1191 1787 praevio
1218 1713 1516 1785 rapiamus,
1562 1710 1657 1768 sed
1685 1711 1861 1783 magis

1961 529 2083 590 gat,
2113 519 2184 572 ita
2215 524 2273 570 ut
2298 514 2583 571 charitatis
2611 510 2855 584 regulam
2903 511 2957 565 in
2987 525 3052 565 ea
3096 526 3196 582 per
3227 511 3411 566 omnia
3436 526 3559 566 ser-

1959 608 2188 662 vandam
2226 620 2348 661 esse
2371 606 2527 668 sciat,
2550 610 2604 657 et
2631 603 2713 658 sic
2731 616 2920 658 coram
2946 602 3060 657 Deo
3082 600 3318 671 placitus
3340 642 3357 668 ,
3388 611 3444 657 et
3468 617 3562 658 ωε

1959 713 2077 753 ram
2103 696 2416 752 hominibus
2438 695 2543 749 erit
2565 692 2845 764 probatus.

2035 807 2059 840 ο
2090 788 2264 856 Quam
2299 785 2573 841 sufﬁciens
2602 791 2689 840 est
2723 782 2930 839 homini
2966 781 3184 839 erudito
3214 781 3400 835 vinum
3438 782 3556 836 exi-

1966 899 1986 935 t
2019 898 2183 954 gnum
2211 922 2226 947 ,
2260 890 2313 935 et
2349 881 2404 935 in
2444 879 2762 935 dormiendo
2803 893 2912 934 non
2944 876 3218 932 laborabis
3248 874 3318 930 ab
3348 874 3475 940 illo,
3505 882 3560 930 et

1966 991 1990 1026 ι
2023 990 2129 1029 non
2158 973 2360 1028 senties
2394 971 2657 1026 dolorem.
2697 989 2716 1023 ι
2750 968 3092 1024 Manifestum
3131 975 3221 1021 est
3243 964 3386 1036 quod
3420 980 3547 1035 ρει-ο

1961 1080 2057 1122 cus
2080 1072 2136 1120 et
2162 1063 2340 1118 tenuis
2376 1062 2555 1116 victus
2594 1069 2708 1115 tam
2737 1059 2952 1132 corpori
2981 1072 3146 1128 quam
3184 1055 3379 1109 anima:
3413 1054 3560 1108 utilis

1965 1157 2058 1223 sit,
2088 1164 2143 1211 et
2168 1170 2199 1211 e
2227 1152 2504 1210 contrario
2531 1150 2836 1222 superfluus
2864 1151 3019 1206 cibus
3044 1149 3129 1203 vel
3157 1156 3317 1219 potus
3340 1148 3560 1219 aegritu-

1963 1248 2143 1304 dinem
2169 1243 2418 1316 corporis
2441 1251 2687 1316 generet,
2711 1250 2766 1299 et
2790 1243 2986 1299 animae
3009 1256 3226 1298 sensum
3251 1239 3560 1295 minuat.De

1961 1354 2070 1411 quo
2097 1336 2443 1409 subjungitnr

2040 1447 2060 1480 ι
2102 1427 2324 1498 Vigilia,
2363 1436 2417 1482 et
2456 1424 2694 1487 cholera,
2729 1433 2785 1480 et
2826 1432 3038 1479 tortura
3068 1422 3188 1477 viro
3211 1420 3493 1476 infrunito.
3527 1436 3552 1471 ι

1962 1518 2120 1579 Unde
2163 1517 2451 1590 Apostolus
2490 1515 2813 1587 discipulum
2860 1523 2928 1570 de
2972 1513 3347 1570 moderatione
3385 1512 3560 1565 victus

1961 1610 2229 1668 servanda
2254 1608 2533 1671 instruxit,
2561 1608 2746 1662 dicens
2783 1623 2797 1660 :
2843 1623 2862 1657 ‹
2899 1604 3019 1660 Noli
3048 1604 3226 1659 adhuc
3248 1617 3448 1672 aquam
3477 1601 3561 1656 bi-

1961 1699 2116 1767 bere,
2146 1713 2240 1755 seu
2276 1697 2488 1751 modico
2513 1696 2639 1750 vino
2667 1703 2821 1750 utere
2852 1703 3073 1764 propter
3097 1692 3435 1747 stomachum
3455 1731 3471 1757 ,
3498 1699 3557 1746 et

269 1814 452 1868 tritam
492 1811 634 1867 viam
673 1818 981 1866 sanctorum
1019 1808 1299 1864 doctorum
1345 1811 1634 1875 sequentes
1665 1780 1853 1857 eorum

1964 1792 2270 1860 frequentes
2296 1795 2420 1841 tuas
2457 1784 2801 1839 infirmitates
2838 1782 2901 1856 (Ι
2929 1782 3064 1837 Tim.
3090 1798 3124 1836 v
3144 1780 3185 1852 ).
3218 1800 3237 1833 ι
3269 1780 3362 1836 Sic
3390 1789 3446 1837 et
3472 1781 3558 1835 vi-

266 1901 567 1972 disciplinis
593 1900 846 1957 instructi
885 1898 1128 1971 reguiam
1164 1896 1413 1953 veritatis
1450 1904 1753 1959 teneamus,
1793 1905 1862 1948 ne

266 1993 445 2063 aliqua
472 1991 890 2062 scrupulositate
914 1989 1146 2063 permoti
1180 1988 1342 2044 dubia
1366 1996 1421 2043 et
1447 1987 1656 2044 incerta
1679 1984 1860 2056 aliqua

266 2086 337 2142 ibi
361 2101 485 2141 esse
505 2094 776 2157 putemus.
802 2084 928 2139 Ideo
957 2079 1304 2153 subiungitur
1328 2102 1343 2136 .

339 2194 359 2226 ι
393 2173 509 2229 Non
550 2174 701 2229 dicas
741 2173 822 2229 sic
865 2190 881 2227 :
937 2171 1103 2227 Multa
1137 2179 1301 2235 sunt,
1348 2184 1469 2239 quat
1511 2182 1672 2239 super
1711 2166 1858 2222 illam

270 2285 290 2317 ο
324 2272 489 2331 sunt;
541 2271 818 2320 memento
868 2261 1124 2333 quoniam
1177 2259 1352 2315 malus
1401 2267 1487 2314 est
1530 2258 1720 2313 oculus
1767 2272 1860 2312 ne-

269 2376 287 2407 ι
328 2372 515 2426 quam.
558 2354 802 2425 Nequius
836 2351 995 2408 oculo
1031 2351 1161 2421 quid
1203 2359 1448 2407 creatum
1482 2349 1607 2405 est?
1643 2349 1765 2403 ideo
1790 2348 1859 2404 ab

268 2465 288 2497 ο
322 2446 472 2501 omni
514 2444 653 2501 facie
700 2460 797 2501 sua
842 2441 1235 2510 lacrymabitur
1270 2454 1394 2496 cum
1424 2438 1642 2495 viderit.
1674 2457 1694 2491 ι
1739 2438 1857 2493 Νοη

263 2538 411 2593 enim
436 2536 696 2592 debemus
718 2535 943 2592 credere
967 2535 1037 2591 ibi
1067 2550 1188 2590 esse
1217 2533 1393 2603 aliqua
1419 2532 1572 2595 falsa,
1616 2532 1712 2588 sed
1741 2547 1861 2586 om-

265 2630 355 2684 nia
388 2643 521 2683 vera
549 2645 613 2685 ac
640 2644 849 2684 summa
877 2629 1087 2683 ratione
1116 2626 1450 2694 ﬁrmissima,
1482 2626 1609 2682 licet
1637 2625 1857 2681 traditio

262 2734 502 2789 nequam
550 2718 928 2774 haereticorum
966 2732 1130 2772 sensu
1160 2731 1417 2787 perverso
1462 2716 1555 2772 illa
1584 2715 1859 2771 maculare

260 2821 308 2864 (κ
333 2808 580 2874 ntendat,
610 2823 839 2880 quorum
870 2807 1169 2863 intentione
1206 2805 1435 2861 nefanda
1465 2805 1594 2878 quid
1626 2807 1862 2877 nequius

262 2901 560 2972 reperitur,
592 2900 713 2955 ideo
742 2900 798 2954 in
828 2898 1021 2953 'futura
1067 2898 1273 2954 ultione
1296 2938 1311 2962 ,
1349 2911 1472 2952 cum
1504 2896 1652 2966 justo
1674 2896 1857 2966 judice

262 2992 545 3047 revelante
583 2992 637 3047 id
672 2990 1004 3062 patefactum
1053 2988 1237 3055 fuerit,
1286 2990 1430 3059 quod
1477 2998 1602 3044 ante
1634 2989 1857 3053 latebat,

261 3088 394 3143 ﬂetu
426 3095 688 3159 perpetuo
714 3101 779 3142 ac
809 3086 931 3157 igne
954 3084 1378 3157 inexstinguibili
1408 3083 1764 3139 cruciabitur.

1963 1896 2094 1936 num
2121 1876 2365 1951 spiritale
2401 1875 2447 1929 si
2486 1890 2610 1929 cum
2636 1874 2903 1946 parcitate
2935 1881 2992 1929 et
3014 1887 3271 1929 mensura
3301 1871 3557 1936 stunitur,

1961 1980 2167 2029 certam
2213 1969 2411 2025 animm
2447 1968 2686 2038 quietem
2732 1973 3040 2037 praeparat;
3092 1964 3138 2020 si
3217 1971 3400 2019 autem
3441 1961 3598 2032 ejus-

1962 2062 2111 2134 potio
2135 2060 2352 2116 modum
2380 2066 2440 2116 et
2466 2059 2734 2113 rationem
2760 2056 2996 2121 excedit,
3021 2055 3299 2111 hominem
3325 2055 3381 2109 in
3407 2055 3558 2110 insa-

1958 2156 2109 2212 niam
2133 2152 2301 2209 vertit
2325 2192 2341 2217 ,
2386 2158 2443 2205 et
2475 2165 2505 2204 a
2544 2150 2654 2204 Deo
2705 2147 2960 2203 recedere
2986 2146 3279 2216 compellit,
3306 2145 3452 2200 unde
3482 2144 3558 2198 illi

1958 2243 2121 2300 anxia
2149 2257 2301 2305 cura,
2334 2238 2572 2294 turbatio
2596 2238 2832 2292 maxima
2855 2244 2911 2292 et
2929 2244 3189 2306 perpetua
3213 2242 3419 2289 tortura
3441 2249 3559 2289 suc-

1961 2335 2180 2399 cedunt,
2212 2346 2316 2386 nec
2339 2330 2445 2385 erit
2476 2329 2551 2384 illi
2581 2328 2747 2383 ullum
2775 2328 3096 2391 remedium,
3132 2327 3227 2396 qui
3258 2334 3381 2395 post
3403 2326 3557 2393 agni-

1960 2438 2073 2481 tam
2102 2424 2385 2480 veritatem
2420 2421 2586 2492 elegit
2629 2435 2801 2490 usque
2839 2420 2894 2474 in
2926 2418 3092 2474 tinem
3130 2418 3400 2473 haeretica:
3428 2431 3555 2486 per-

1957 2515 2238 2574 versitatis
2257 2512 2512 2583 subsequi
2542 2511 2850 2582 vestigium.

2040 2627 2059 2661 α
2097 2608 2343 2664 Somnus
2361 2604 2612 2661 sanitatis
2639 2604 2693 2657 in
2730 2601 2946 2657 homine
2972 2612 3173 2670 parco,
3206 2597 3441 2653 dormiet
3467 2610 3557 2651 us—

1966 2719 1985 2755 ‹
2022 2717 2127 2773 que
2157 2701 2211 2755 in
2239 2713 2400 2754 mane
2420 2739 2436 2762 ,
2472 2706 2527 2753 et
2552 2696 2733 2751 anima
2775 2694 2916 2749 illius
2940 2708 3066 2749 cum
3109 2693 3226 2763 ipso
3255 2687 3554 2745 delectabi-

1965 2811 1985 2847 ι
2019 2803 2127 2849 tur.
2164 2811 2185 2846 ι
2234 2791 2504 2859 Quantum
2550 2788 2619 2841 ad
2657 2785 2941 2843 historiam
2988 2783 3242 2854 pertinet,
3279 2778 3552 2834 salubrior

1957 2895 2041 2943 est
2067 2899 2289 2942 somnus
2314 2882 2389 2938 illi
2420 2882 2510 2951 qui
2534 2893 2700 2950 parco
2730 2877 2911 2940 utitur
2944 2877 3128 2940 victu,
3176 2887 3340 2944 quam
3379 2871 3431 2927 ei
3457 2885 3552 2939 qut

1957 2978 2124 3034 nimia
2146 2974 2477 3031 comestione
2505 2979 2562 3026 et
2604 2971 2823 3041 potione
2863 2966 3103 3039 gnrgitat
3129 2964 3329 3020 alvum.
3361 2962 3433 3020 Ut
3460 2976 3552 3017 stt-

1954 3069 2141 3139 perius
2166 3067 2247 3121 ait
2274 3082 2292 3120 :
2323 3083 2343 3116 c
2375 3063 2569 3134 Vigilia
2598 3102 2613 3126 ,
2652 3067 2708 3115 et
2731 3058 2947 3114 cholera
2968 3097 2984 3122 ,
3014 3064 3071 3111 et
3094 3062 3303 3111 tortura
3328 3053 3550 3123 aegritu-

342 3196 363 3228 ι
401 3146 479 3233 Pio
509 3146 772 3231 extendas
791 3146 1006 3228 "ianum
1031 3181 1178 3228 tuam
1192 3146 1474 3244 vprior,ne
1500 3172 1697 3227 invidia
1730 3186 1856 3228 con-
1886 3146 1931 3209 (ἶ
1964 3162 2145 3216 dinem
2177 3156 2367 3231 gignit.
2409 3176 2428 3208 ι
2459 3154 2684 3226 Mystice
2712 3162 2919 3215 autem,
2956 3149 3004 3204 is
3026 3149 3118 3219 qui
3146 3146 3406 3218 spiritalis
3436 3146 3550 3200 vini

266 3288 287 3320 σ
327 3269 620 3322 taminatus
652 3266 964 3322 erubescas.
1000 3284 1021 3317 ι
1052 3263 1168 3319 Hoc
1188 3270 1304 3329 est,
1340 3280 1408 3318 ne
1429 3271 1857 3334 praesumptuosc

259 3360 468 3432 aliquid
501 3375 664 3429 agas,
694 3359 779 3415 vel
818 3359 957 3414 ultra
1006 3359 1223 3414 modum
1263 3357 1531 3429 petulans,
1563 3366 1856 3430 antequam

259 3454 442 3509 discas
484 3468 704 3507 manum
739 3451 808 3507 ad
854 3449 1199 3507 scribendum
1242 3450 1446 3514 mittas,
1496 3464 1565 3503 ne
1588 3464 1688 3520 per
1711 3449 1854 3504 invi-

258 3546 410 3601 diam
455 3543 652 3600 diaboli
696 3559 883 3599 errore
920 3541 1320 3597 contaminatus
1350 3543 1403 3595 in
1451 3541 1630 3595 futuro
1649 3539 1855 3608 judicio

252 3637 570 3699 erubescas,
610 3635 824 3690 dicente
845 3632 1028 3703 judice
1062 3651 1074 3687 :
1111 3650 1129 3684 ι
1160 3632 1434 3688 Discedite
1464 3648 1495 3687 a
1527 3648 1635 3699 mc,
1665 3647 1855 3687 omnes

254 3728 353 3799 qui
378 3727 679 3797 operamini
708 3726 1046 3794 iniquitatem
1078 3721 1254 3797 (Psal.
1281 3724 1381 3794 γι).
1424 3743 1445 3776 ι

341 3836 363 3869 ο
396 3816 474 3871 Ne
501 3816 881 3887 comprimaris
913 3814 966 3869 in
1000 3814 1268 3879 convivio,
1292 3813 1439 3878 vino,
1473 3812 1707 3884 intellige
1739 3829 1851 3868 rem

260 3928 282 3961 ¢
320 3910 553 3981 proximi
581 3909 656 3964 tui
682 3925 745 3963 ex
774 3909 964 3979 teipse.
998 3928 1017 3961 ι
1047 3907 1143 3962 Est
1170 3906 1354 3960 vinum
1380 3906 1432 3961 in
1458 3921 1566 3976 quo
1595 3913 1679 3960 est
1699 3905 1854 3959 luxu-

254 4000 372 4064 ria,
390 4009 474 4055 est
486 4008 541 4054 et
556 3998 738 4053 vinum
765 3998 817 4051 in
836 4013 942 4066 quo
967 4006 1052 4052 est
1075 3995 1265 4067 gratia.
1285 3994 1596 4050 Cavendum
1621 3996 1751 4066 ergo
1769 4003 1853 4049 est

253 4091 421 4152 nimis
442 4132 457 4156 ,
489 4106 559 4146 ne
593 4098 780 4146 contra
805 4089 1121 4160 Apostolum
1150 4087 1483 4143 inebriemur
1508 4086 1633 4140 vino
1660 4087 1713 4140 in
1746 4101 1853 4156 quo

245 4191 344 4239 est
368 4180 546 4235 omnis
566 4180 831 4262 luxuria;
864 4187 917 4234 et
947 4179 1245 4250 prudenter
1290 4177 1547 4231 utendum
1579 4185 1665 4231 est
1703 4177 1849 4239 vino,

251 4274 311 4328 in
339 4290 447 4344 quo
467 4283 550 4328 est
568 4272 759 4344 gratim
789 4273 1035 4327 doctrina
1060 4312 1074 4337 ,
1107 4286 1176 4327 ne
1205 4269 1344 4325 forte
1368 4269 1512 4325 ultra
1539 4269 1759 4325 modum
1788 4268 1854 4324 il—

247 4364 352 4421 lud
396 4365 648 4421 bibentes
680 4364 908 4420 velimus
935 4362 1056 4434 plus
1090 4377 1282 4433 sapere
1314 4376 1476 4431 quam
1515 4368 1728 4431 Oportet
1766 4376 1852 4415 sa-

246 4471 389 4527 pere
415 4491 432 4523 ,
478 4455 573 4512 sed
608 4456 779 4526 magis
815 4457 1135 4512 Studeamus
1163 4468 1356 4524 sapere
1379 4454 1447 4508 ad
1476 4451 1846 4508 sobrietatem.

252 4545 420 4603 Unde
453 4546 803 4616 subsequitur
833 4563 848 4600 :

334 4656 356 4689 ι
398 4636 561 4693 Utere
605 4635 759 4707 quasi
791 4635 955 4692 homo
986 4634 1126 4707 frugi
1171 4631 1256 4689 his
1289 4646 1409 4704 qua:
1443 4628 1538 4691 tibi
1573 4645 1847 4704 apponun-

246 4751 269 4782 ι
319 4742 411 4785 tur
435 4771 450 4795 ,
489 4738 549 4784 ut
575 4745 682 4785 non
707 4744 832 4785 cum
859 4728 1156 4783 manducas
1186 4725 1413 4780 multum
1438 4766 1455 4792 ,
1491 4724 1615 4781 odio
1648 4723 1848 4778 habea-

243 4846 264 4875 σ
316 4825 416 4878 ris.
455 4821 621 4878 Cessa
654 4821 806 4893 prior
831 4833 995 4875 causa
1032 4816 1330 4887 disciplinas
1352 4856 1368 4882 ,
1410 4825 1466 4871 et
1507 4815 1616 4871 noli
1645 4814 1846 4868 nimius

241 4935 264 4967 ε
307 4928 456 4979 esse,
490 4927 559 4967 ne
584 4911 724 4967 forte
743 4909 1005 4965 oﬂ‘eudas.
1057 4908 1126 4963 Et
1168 4908 1213 4963 si
1251 4907 1306 4963 in
1346 4905 1525 4962 medio
1550 4906 1843 4960 multorum

238 5026 259 5058 ς
297 5002 530 5069 sedisti,
582 5001 733 5073 prior
775 4999 882 5056 illis
938 5014 1043 5054 non
1093 4998 1354 5055 extendas
1391 5013 1609 5051 manum
1655 5006 1801 5051 tuam
1826 5036 1841 5062 ,

243 5119 266 5151 ι
306 5110 417 5150 nec
438 5094 588 5165 prior
614 5108 811 5165 poscas
846 5092 1051 5148 bibere.
1087 5111 1104 5144 ι
1157 5089 1378 5145 Multum
1416 5088 1616 5145 decens
1650 5098 1756 5154 est,
1788 5098 1845 5145 et

229 5185 442 5243 virtuti
482 5174 855 5257 dignissimum
880 5223 896 5250 ,
927 5192 987 5236 ut
1014 5183 1174 5237 homo
1202 5180 1544 5236 Christianus
1578 5180 1842 5235 sobrieta-

230 5288 358 5334 tem
388 5276 599 5349 diligat,
637 5276 924 5346 omniaque
953 5282 1321 5345 temperanter
1351 5282 1495 5345 agat,
1518 5280 1574 5327 et
1602 5288 1670 5328 ne
1708 5271 1837 5343 quid

225 5369 435 5432 nimis,
461 5382 532 5423 ne
558 5364 696 5422 forte
725 5365 979 5426 olfcndat,
1021 5381 1088 5421 ne
1113 5365 1158 5420 si
1188 5364 1327 5419 ultra
1364 5360 1671 5420 mensurain
1706 5372 1840 5418 tem-

227 5462 511 5536 perantia:
552 5462 795 5525 excedat,
830 5462 880 5515 in
912 5459 1223 5516 scandalum
1251 5467 1525 5531 perpetuae
1566 5457 1840 5513 confusio-

223 5556 326 5609 nis
356 5553 587 5609 incidat.
630 5551 892 5609 Convenit
934 5567 1063 5624 ergo
1091 5550 1209 5605 viro
1235 5548 1533 5620 disciplinis
1559 5546 1840 5619 Evangeli-

220 5649 322 5701 οἰδ
352 5643 596 5709 erudito,
622 5652 682 5698 ut
709 5642 1067 5697 humilitatem
1095 5652 1221 5695 ante
1245 5642 1427 5696 omnia
1460 5641 1755 5711 impendat,
1785 5641 1838 5696 in

221 5734 600 5793 meditatione
623 5734 1024 5805 Scripturarum
1037 5742 1230 5789 cautus
1249 5733 1417 5789 lector
1433 5732 1653 5799 cxistat,
1678 5731 1837 5789 fidem

1960 3252 2174 3310 sobrius
2195 3256 2412 3321 potator
2432 3256 2535 3312 est,
2566 3246 2618 3300 in
2642 3242 3095 3313 contemplatione
3112 3240 3358 3296 veritatis
3378 3252 3553 3308 usque

1960 3345 2014 3399 in
2046 3356 2204 3398 mane
2231 3336 2646 3395 resurrectionis
2680 3334 2923 3389 suaviter
2946 3331 3301 3401 conquiescit,
3338 3337 3398 3384 et
3424 3337 3554 3384 tunc

1959 3432 2012 3487 in
2041 3431 2273 3486 adventu
2297 3426 2498 3496 judicis
2540 3425 2622 3480 sui
2653 3426 2719 3478 ad
2765 3431 2967 3476 mterna
3008 3420 3232 3490 pramtia
3272 3418 3553 3482 invitatus,

1954 3520 2341 3593 perpetualiter
2364 3519 2418 3572 in
2444 3516 2649 3574 cwlcsti
2682 3530 2848 3585 regno
2894 3514 3104 3567 fruetur
3137 3511 3294 3591 bonis
3320 3508 3553 3579 promis—

1954 3588 2070 3682 sis;-
2106 3616 2193 3671 cui
2240 3616 2388 3671 bono
2429 3612 2699 3681 Propheta
2757 3607 2920 3661 alacri
2972 3614 3153 3659 mente
3191 3588 3443 3671 aspirans
3482 3598 3549 3654 ad

1957 3709 2130 3778 ipsum
2158 3705 2448 3760 Dominum
2478 3703 2553 3755 ait
2585 3720 2597 3754 :
2637 3720 2656 3751 ‹
2686 3699 2853 3753 Notas
2884 3697 2995 3751 mih
3042 3692 3215 3749 fecisti
3245 3693 3363 3746 vias
3388 3692 3549 3754 vitae,

1952 3794 2272 3866 adimplebis
2300 3808 2388 3848 me
2430 3791 2614 3849 lmtitia
2659 3803 2783 3843 cum
2824 3786 2971 3840 vultu
3022 3795 3139 3848 tuo,
3165 3781 3553 3838 delectationes

1951 3887 2008 3942 in
2037 3887 2259 3941 dextera
2285 3891 2371 3937 tua
2403 3896 2574 3951 usque
2597 3880 2653 3933 in
2686 3877 2845 3932 linem
2877 3874 3049 3946 (Paul.
3080 3876 3191 3944 xv).
3223 3891 3243 3925 ι

2026 3994 2046 4028 ς
2075 3975 2141 4031 Et
2169 3975 2216 4030 si
2238 3964 2461 4030 coactus
2490 3970 2659 4026 fueris
2699 3968 2753 4022 in
2781 3966 2993 4021 edendo
3018 3961 3247 4019 multum
3269 4001 3289 4029 ,
3379 3974 3546 4031 surge

1957 4084 1975 4118 ι
2014 4064 2194 4121 medio
2214 4071 2271 4118 et
2294 4075 2506 4123 eremo,
2536 4066 2593 4113 et
2622 4054 2970 4127 refrigerabit
2994 4062 3070 4117 te,
3100 4060 3158 4107 et
3180 4067 3286 4106 non
3310 4050 3565 4106 adduces:

1957 4177 1975 4209 ι
2007 4155 2224 4226 corpori
2277 4163 2370 4208 tuo
2420 4148 2815 4205 infirmitatem.
2856 4165 2876 4196 ι
2923 4144 3092 4200 Aiunt
3150 4142 3354 4198 medici”
3397 4141 3562 4211 quodt

1950 4247 2115 4301 homo
2134 4242 2359 4312 jejunus
2375 4241 2421 4296 si
2442 4238 2704 4293 vomitum
2733 4236 2934 4298 faciat,
2967 4234 3232 4289 stomachi
3261 4232 3388 4287 vitia
3417 4247 3567 4302 pur-—

1946 4345 2039 4408 get
2061 4376 2076 4398 ,
2108 4343 2165 4388 et
2192 4333 2469 4389 choleram
2499 4329 2724 4384 minuat.
2751 4314 2975 4398 Mystiee
3004 4332 3211 4387 autem,
3239 4322 3333 4393 qui
3358 4329 3561 4375 trans--

1952 4427 2195 4499 greditur
2218 4437 2525 4480 mensuram
2550 4422 2602 4475 in
2623 4417 3089 4499 concupiscentiis
3112 4415 3295 4470 carnis
3313 4422 3419 4477 ,.et
3447 4428 3555 4482 ag-

1881 4500 1928 4559 υ
1953 4498 2211 4593 gravatur
2239 4516 2356 4587 ejus
2389 4514 2600 4572 debetis
2623 4554 2647 4579 ,
2672 4526 2897 4567 necesse
2928 4498 3017 4565 est
3040 4519 3101 4563 ut
3122 4523 3221 4578 per
3247 4505 3555 4562 confessio-

1954 4629 2077 4669 nem
2114 4619 2463 4684 peccatorum
2491 4607 2791 4665 fmditatem
2827 4613 3077 4666 evomat,
3106 4610 3161 4657 et
3187 4602 3267 4657 sic
3294 4616 3391 4672 per
3406 4597 3559 4668 jeju-

1952 4705 2101 4759 nium
2135 4712 2191 4759 et
2229 4701 2641 4773 castigationem
2673 4697 2920 4767 corporis
2963 4696 3030 4749 ad
3062 4702 3265 4749 statum
3301 4692 3562 4762 pristina.

1953 4795 2210 4850 sanitatis
2235 4794 2441 4848 redeat.

2029 4931 2048 4964 ι
2086 4911 2225 4966 Audi
2250 4925 2359 4975 me,
2387 4907 2486 4974 fili,
2518 4914 2574 4961 et
2601 4920 2669 4961 ne
2688 4919 2914 4976 spernas
2941 4919 3048 4969 me,
3088 4910 3143 4958 et
3169 4902 3223 4957 in
3247 4900 3560 4957 novissimo

1956 5024 1975 5056 ι
2008 5003 2252 5059 invenies
2280 5014 2399 5055 mea
2429 4998 2594 5054 verba
2614 5037 2629 5062 ,
2658 4996 2711 5050 in
2737 4994 2989 5050 omnibus
3011 4992 3265 5065 operibus
3288 4991 3396 5047 tuis
3423 4997 3557 5047 esto.

1954 5113 1974 5147 ι
2009 5094 2187 5158 velox,
2216 5099 2269 5147 et
2293 5089 2472 5146 omnis
2500 5086 2789 5142 inllrmitas
2814 5101 2921 5140 non
2944 5091 3197 5140 occurret
3227 5082 3343 5138 tibi.
3380 5100 3399 5132 ι
3425 5076 3544 5135 Ἀά-

1946 5194 2131 5242 monet
2172 5181 2450 5255 Sapientia
2493 5194 2560 5235 ne
2602 5178 2893 5248 perdamus
2933 5174 3091 5229 nobis
3113 5180 3329 5242 tempus
3364 5168 3544 5226 indul-

1945 5287 2079 5344 tum,
2108 5274 2200 5333 sed
2237 5276 2292 5330 in
2322 5272 2582 5330 exercitio
2607 5272 2875 5326 bonorum
2917 5282 3166 5337 operum,
3202 5273 3259 5319 et
3288 5259 3537 5318 custodia

1947 5367 2324 5423 mandatorum
2357 5363 2451 5418 Dei
2484 5369 2656 5418 totum
2682 5359 2812 5415 illud
2841 5370 3222 5413 consumamus
3245 5392 3259 5417 ,
3289 5360 3345 5406 et
3367 5350 3443 5403 sic
3477 5348 3534 5402 it.

1946 5459 2125 5515 futura
2160 5458 2270 5512 vita
2310 5455 2552 5526 requiem
2599 5449 2884 5507 animabus
2930 5447 3128 5504 nostris
3175 5441 3541 5502 inveniemus,

1946 5552 2059 5607 lloc
2088 5560 2170 5608 est
2199 5548 2341 5621 quod
2369 5548 2498 5603 dicit
2540 5564 2554 5599 :
2592 5563 2611 5595 ι
2646 5544 2704 5598 ln
2727 5542 2979 5598 omnibus
3003 5537 3256 5623 operibus
3283 5532 3389 5589 tuis
3414 5541 3543 5587 esto

1943 5645 2122 5706 velox,
2160 5653 2212 5698 et
2262 5640 2439 5696 omnis
2482 5636 2773 5694 inllrmitas
2812 5650 2919 5690 non
2964 5637 3213 5686 occurret
3262 5627 3379 5691 tibi,
3414 5644 3432 5678 ι
3473 5634 3539 5682 ut

1892 5736 1907 5748 ’
1945 5731 2205 5805 quidquid
2257 5731 2524 5786 invenerit
2572 5740 2764 5780 manus
2809 5730 2997 5784 nostra
3046 5721 3099 5776 in
3130 5721 3233 5777 hac
3276 5717 3530 5794 praesenti
