3902 6162
1532 209 1563 219 .-

380 343 479 401 991
1012 337 1074 391 Β.
1113 318 1368 390 meum
1409 300 1628 389 unum
1665 328 1988 387 ABCillEP.
2029 326 2341 386 uocum.
2380 324 2673 382 eranum
2705 323 2885 379 rans
2923 319 2965 377 ι.
3532 323 3650 379 99!

379 466 490 521 vita
507 463 772 518 instanter
796 470 1103 526 operemur,
1136 467 1234 507 nec
1260 448 1545 504 inﬁrmitas
1571 446 1710 501 taedii
1735 450 1960 513 occupet
1987 444 2034 503 Α
2064 460 2092 492 «ι
2116 440 2273 501 bibas
2299 439 2426 495 illud
2448 439 2754 500 moderate,
2775 437 2887 498 eris
2916 435 3146 491 sobrius.
3184 455 3204 487 ι
3232 434 3348 491 Non
3379 438 3525 493 enim
3561 439 3649 491 vi-

381 570 513 619 nos;
545 553 637 608 sed
663 551 789 605 dum
810 557 1021 615 tempus
1045 545 1328 608 habemus,
1359 554 1646 611 Operemur
1665 540 1863 593 bonum
1887 535 1956 589 ad
2060 549 2187 588 num
2218 533 2493 587 moderate
2514 539 2760 599 potatum
2780 542 2989 597 aequam
3018 527 3184 580 vitam
3213 526 3521 581 hominibus
3543 528 3647 581 tol-

380 614 590 707 omnes,
615 640 741 711 quia
765 653 867 693 nec
888 614 1117 707 tempus,
1147 649 1250 689 nec
1275 632 1413 689 ratio
1437 639 1522 686 est
1541 629 1797 699 operandi
1818 626 1958 697 apud
2057 622 2139 685 lit,
2175 622 2268 676 sed
2307 619 2653 674 sobrietatem
2680 631 2805 672 cum
2832 615 3043 670 caneris
3070 614 3327 668 virtutum
3349 630 3649 669 ornamen-

384 706 608 797 inl‘eros,
632 706 728 786 sed
745 738 868 800 post
889 706 1049 783 ﬁnem
1069 726 1353 797 praesentis
1373 725 1495 777 vita:
1509 723 1657 792 justo
1672 720 1853 791 judice
1880 733 1962 772 re-
2059 715 2132 768 tis
2172 712 2409 766 adducit.
2443 709 2584 777 Quid
2625 717 2806 763 autem
2849 706 2975 761 mali
3011 706 3248 762 ebrietas
3283 707 3655 762 sectatoribus

383 822 654 877 tribuente
705 796 967 890 percipiet
1024 796 1392 885 unusquisque
1444 812 1666 882 propria
1716 808 1960 879 corporis
2062 804 2329 869 conferat,
2357 816 2589 872 sequens
2613 799 2880 856 sententia
2907 796 3234 865 manifestat.

382 923 545 985 prout
571 913 737 983 gessit
758 912 874 966 sive
899 911 1100 965 bonum
1125 907 1240 962 sive
1269 905 1488 959 malum.
1519 902 1653 957 Huic
1683 900 1963 955 sententias

385 1002 561 1058 simile
600 1010 685 1056 est
727 1002 855 1060 hoc,
901 997 1130 1068 quodin
1172 992 1480 1050 Proverbiis
1523 991 1780 1061 scriptum
1819 997 1905 1043 est
1946 1005 1960 1041 :

392 1110 413 1144 ι
446 1091 640 1155 Vidisti
667 1092 842 1145 virum
867 1088 1106 1143 velocem
1129 1086 1183 1139 in
1212 1098 1375 1153 opere
1396 1098 1516 1147 suo,
1541 1095 1725 1136 coram
1752 1078 1968 1147 regibus

387 1182 576 1245 stabit,
610 1195 710 1235 nec
733 1178 839 1234 erit
861 1187 990 1232 ante
1019 1173 1279 1243 ignobiles
1310 1170 1501 1243 (Prov.
1533 1156 1702 1238 xx“).
1748 1188 1777 1221 ι.
1810 1166 1969 1222 Scili-

389 1281 478 1329 cet
501 1283 876 1341 quemcunque
898 1266 1135 1321 velocem
1161 1262 1361 1318 videris
1386 1261 1439 1315 in
1460 1274 1623 1331 opere
1645 1274 1763 1324 suo,
1789 1257 1842 1312 id
1865 1266 1966 1323 est,

391 1362 450 1417 in
474 1375 639 1432 opere
675 1360 818 1415 bono
840 1397 856 1423 ,
892 1356 1035 1426 quod
1062 1360 1112 1408 ei
1146 1363 1264 1408 erat
1293 1350 1473 1406 facere
1499 1358 1781 1404 strenuum
1808 1354 1971 1416 atque

392 1451 702 1507 sollicitum.
741 1447 878 1503 scito
907 1446 1051 1500 hunc
1073 1444 1130 1498 in
1168 1442 1254 1497 die
1276 1438 1555 1495 novissimi
1585 1436 1851 1491 examinis
1881 1450 1973 1490 co-

395 1559 513 1600 ram
543 1541 827 1613 apostolis,
873 1539 965 1610 qui
1000 1552 1123 1593 cum
1150 1534 1369 1591 Christo
1393 1531 1652 1587 mundum
1674 1526 1972 1598 judicatu‘ri

395 1634 655 1691 sedehuut
671 1673 687 1698 ,
713 1645 835 1687 esse
859 1636 1121 1684 statutum
1138 1667 1154 1693 ,
1188 1625 1316 1696 quia
1339 1622 1589 1678 videlicet
1611 1634 1797 1675 eorum
1822 1617 1974 1688 jussa

396 1727 721 1790 servaverit,
777 1739 955 1792 neque
1000 1723 1052 1775 in
1099 1727 1255 1790 parte
1307 1715 1620 1788 ignobilium
1671 1712 1971 1774 doctorum,

2141 914 2160 947 ‹
2191 896 2322 963 Quae
2347 895 2455 948 vita
2479 901 2563 948 est
2589 891 2638 946 ci
2679 891 2770 960 qui
2800 889 3060 943 minuitur
3085 888 3251 943 vino?
3274 888 3401 959 quid
3422 888 3657 943 defrau-

2066 988 2161 1044 dat
2180 989 2368 1050 vitam,
2396 982 2613 1040 mors?»
2644 981 2843 1036 Vinum
2872 990 3124 1046 mortem,
3152 981 3256 1036 hoc
3279 991 3383 1048 est,
3413 981 3659 1035 ebrieta-

2069 1086 2177 1132 tem
2226 1077 2352 1130 vitze
2393 1072 2811 1130 interfectricem
2851 1080 3164 1142 nuncupat,
3211 1071 3338 1141 quia
3388 1073 3667 1128 vivacitas-

2067 1182 2261 1224 seusus
2284 1166 2411 1220 inde
2433 1163 2698 1219 minuitur
2719 1202 2736 1228 ,
2772 1170 2827 1217 et
2850 1161 3111 1232 aegritudo
3134 1161 3381 1232 corporis
3402 1162 3529 1217 inde
3557 1179 3658 1233 ge-

2070 1266 2311 1314 neratur.
2343 1255 2506 1323 Quasi
2527 1254 2675 1308 enim
2704 1252 3033 1325 increpando
3062 1251 3231 1322 ipsam
3262 1260 3493 1308 mortem
3512 1292 3528 1317 ,
3556 1268 3662 1307 cur

2071 1352 2237 1405 vitam
2274 1347 2554 1404 defraudet
2575 1347 2892 1416 interrogat,
2922 1344 3047 1414 quia
3075 1343 3295 1398 nimiam
3320 1345 3661 1415 potatiouem

2072 1440 2228 1512 quasi
2266 1437 2500 1495 hominis
2528 1436 2886 1507 deceptricem
2917 1434 3223 1505 vituperans
3253 1433 3493 1487 damnat.

2668 1546 2896 1602 CAPUT
2934 1545 3070 1602 Vlll.

2697 1616 2772 1696 De
2791 1616 3056 1671 ebrietate.

2154 1730 2174 1765 ε
2210 1710 2407 1767 Vinum
2444 1711 2499 1766 in
2520 1708 2911 1782 jucunditatem
2951 1715 3189 1762 creatum
3230 1716 3314 1764 est
3346 1716 3402 1763 et
3442 1724 3553 1763 non
3608 1711 3667 1765 in

397 1832 626 1886 ιιυονιιηι
652 1813 915 1871 caveret?“
939 1825 1201 1875 εττοΐθηιο
1232 1808 1337 1863 hoc
1363 1814 1466 1871 εει,
1500 1807 1570 1859 ad
1593 1803 1868 1858 Sinistra!!!
1890 1798 1976 1869 iu-
2005 1794 2051 1853 Β
2079 1805 2393 1861 ebrietatem
2431 1803 2499 1858 ab
2533 1801 2705 1857 initio.
2739 1820 2757 1852 ι
2786 1800 2868 1855 Ad
2894 1801 2997 1855 hoc
3028 1800 3171 1854 enim
3211 1808 3427 1856 creator
3451 1800 3681 1857 fructus.

402 1909 541 1964 dicis
567 1923 688 1962 esse
714 1904 1041 1976 ponendum.

477 2015 497 2047 ι
535 1994 884 2065 Splendidum
912 1993 966 2047 in
1004 1990 1232 2061 panibus
1269 1986 1589 2044 benedicent
1615 1982 1759 2040 labia
1782 1982 1980 2038 multo-

406 2108 426 2141 ι
459 2105 576 2143 rum
604 2084 633 2154 ,’
653 2098 709 2144 et
740 2088 1109 2144 testimonium
1147 2084 1395 2141 veritatis
1420 2082 1564 2143 illius
1590 2079 1765 2135 ﬁdele.
1803 2098 1823 2130 ι
1851 2077 1978 2133 ΙΙωο

400 2181 667 2238 sententia
689 2181 903 2235 videtur
922 2178 1079 2247 juxta
1109 2176 1390 2232 historiam
1419 2173 1486 2229 ad
1513 2172 1979 2241 eleemosynarum

400 2270 705 2343 largitatem
727 2284 828 2325 nos
848 2268 1126 2324 exhortari
1154 2285 1168 2322 :
1195 2266 1470 2336 quoniam,
1494 2261 1654 2331 juxta
1678 2258 1978 2331 apostolum

401 2360 649 2426 Paulum,
681 2379 701 2412 ι
736 2360 827 2430 qui
855 2374 1017 2430 parce
1042 2357 1293 2421 seminat,
1317 2369 1480 2425 parce
1503 2361 1561 2407 et
1587 2359 1773 2416 metet,
1806 2356 1862 2405 et
1887 2348 1980 2418 qui

402 2455 636 2510 seminat
662 2454 718 2508 in
746 2452 1244 2513 benedictionibus,
1275 2449 1341 2503 de
1372 2445 1837 2503 benedictionibus
1872 2458 1983 2499 tue-

408 2553 485 2601 tet
526 2545 693 2599 vitam
728 2551 1022 2607 azternam;
1074 2540 1299 2596 hilarem
1344 2537 1487 2593 enim
1529 2536 1773 2591 datorem
1811 2532 1982 2602 diligit

406 2637 549 2692 Deus
587 2635 682 2709 (II
720 2634 844 2689 Cor.
876 2634 988 2705 lx).
1026 2652 1047 2685 ι
1089 2631 1421 2702 Spiritaliter
1450 2638 1627 2684 autem
1667 2627 1761 2698 qui
1785 2640 1979 2696 panem

405 2726 556 2781 verbi
577 2725 671 2780 Dei
690 2724 949 2796 proximis
968 2723 1080 2779 suis
1109 2720 1337 2776 ﬁdeliter
1356 2717 1629 2787 expendit,
1654 2725 1711 2771 et
1741 2713 1985 2769 testimo-

405 2818 557 2874 nium
582 2816 826 2872 veritatis
859 2830 1041 2873 coram
1060 2807 1694 2869 benevolisauditoribus
1727 2820 1834 2861 non
1861 2805 1982 2859 abs-

324 2968 333 2972 -
406 2909 612 2972 condit,
661 2922 694 2961 a
730 2907 915 2962 multis
955 2904 1184 2975 accipiet
1213 2902 1426 2958 laudem
1468 2897 1882 2962 benedictionis,
1930 2904 1986 2951 et

408 2999 479 3054 ab
508 2998 626 3066 ipso
650 2998 878 3053 Domino
899 2996 1109 3051 hauriet
1132 2994 1363 3064 gratiam
1400 2990 1742 3061 sempiterna:
1777 3003 1987 3043 merce-

407 3089 511 3144 dis.
537 3086 681 3143 Hiuc
701 3094 757 3141 et
782 3086 836 3140 in
859 3084 1169 3140 Proverbiis
1199 3082 1458 3151 scriptum
1481 3086 1565 3135 est
1590 3095 1606 3135 :
1643 3097 1669 3131 ι·
1698 3079 1775 3134 De
1804 3078 1984 3133 fructu

2082 1906 2324 1953 terrenos
2347 1893 2604 1958 condidit,
2629 1901 2689 1948 ut
2707 1893 2868 1947 homo
2886 1891 3031 1962 quia
3053 1889 3256 1946 factore
3278 1906 3377 1945 suo
3399 1891 3677 1947 Dominus

2081 1998 2241 2046 terra:
2283 1986 2607 2043 constitutus
2643 1991 2746 2049 est,
2770 1982 2997 2037 haberet
3024 1982 3146 2037 inde
3188 1981 3503 2052 temporalis
3542 1983 3675 2036 vitae

2080 2081 2394 2136 alimentum
2418 2119 2434 2144 ,
2469 2093 2576 2132 non
2620 2074 2873 2132 sanitatis
2911 2088 3023 2129 sua:
3062 2073 3466 2129 detrimentum.
3512 2073 3681 2139 Unde

2081 2174 2148 2230 de
2173 2173 2304 2242 ipsis
2338 2169 2602 2225 fructibus
2630 2176 2822 2233 terrae,
2861 2166 2966 2222 hoc
3012 2173 3096 2221 est
3141 2163 3414 2220 frumento
3441 2173 3500 2219 et
3539 2164 3673 2217 vino

2082 2262 2196 2333 ipse
2221 2261 2478 2316 Conditor
2502 2274 2684 2313 rerum
2722 2265 2778 2311 et
2806 2256 3131 2326 Redemptor
3162 2254 3445 2310 hominum
3478 2263 3671 2324 aptum

2083 2353 2405 2425 mysterium
2430 2350 2637 2405 faciens
2664 2348 2720 2404 in
2742 2348 2984 2418 corporis
3004 2356 3057 2401 et
3077 2345 3355 2417 sanguinis
3376 2346 3462 2400 sui
3486 2361 3681 2402 sacra-

2082 2451 2324 2500 mentum
2344 2442 2632 2498 convertit.
2658 2439 2735 2495 De
2756 2454 2865 2508 quo
2888 2438 2941 2493 in
2967 2436 3234 2507 Propheta
3256 2436 3522 2507 scriptum
3542 2446 3632 2491 est
3654 2455 3671 2490 :

2089 2554 2108 2587 ς
2146 2535 2338 2591 Vinum
2363 2533 2598 2588 laetificat
2623 2547 2717 2587 cor
2736 2529 2993 2594 hominis,
3024 2548 3041 2580 ι
3071 2537 3202 2594 etc.,
3235 2546 3255 2579 ‹
3283 2529 3442 2598 panis
3463 2544 3562 2583 cor
3582 2529 3677 2583 ho-

2086 2626 2250 2681 minis
2278 2624 2561 2681 conﬁrmat
2585 2620 2768 2696 (Psal.
2794 2620 2943 2691 CIII).
2982 2639 2999 2670 ι
3028 2618 3097 2675 Ut
3124 2620 3357 2673 humana
3387 2629 3585 2674 natura
3620 2623 3683 2675 in

2086 2729 2311 2788 utraque
2359 2716 2664 2772 substantia
2712 2715 2937 2769 haberet
2979 2727 3091 2766 sua:
3138 2711 3329 2765 salutis
3366 2713 3682 2765 nutrimen-

2087 2821 2222 2877 tum,
2253 2819 2308 2865 et
2331 2810 2455 2866 inde
2492 2807 2767 2863 uberiores
2790 2804 2993 2878 gratias
3033 2803 3244 2857 auctori
3282 2817 3383 2857 suo
3422 2802 3683 2865 referret,

2086 2917 2194 2971 quo
2217 2901 2320 2959 sibi
2339 2899 2590 2957 omnibus
2613 2909 2752 2953 nene
2774 2911 2840 2952 ac
2862 2895 3067 2950 utiliter
3095 2892 3373 2963 provisum
3395 2908 3520 2948 esse
3545 2910 3676 2948 sen-

2088 2991 2235 3046 tiret.

2166 3100 2186 3133 ‹
2214 3078 2515 3137 Exsultatio
2536 3078 2729 3133 anima:
2748 3084 2804 3132 et
2825 3075 3027 3140 cordis,
3060 3073 3246 3129 vinum
3274 3071 3561 3127 moderate
3576 3087 3681 3141 po-

407 3181 521 3237 oris
544 3181 646 3234 viri
671 3178 964 3250 replebitur
980 3186 1167 3232 venter
1190 3148 1328 3243 ejus,
1351 3182 1408 3229 et
1426 3171 1697 3243 genimina
1720 3170 1986 3227 labiorunt
2012 3148 2058 3211 (ἶ
2095 3193 2115 3227 ι
2149 3183 2336 3230 tatum.
2370 3192 2392 3225 ι
2426 3173 2629 3229 Eadem
2654 3171 2850 3243 saepius
2884 3170 3081 3242 repetit
3104 3210 3120 3235 ,
3150 3176 3211 3224 ut
3234 3183 3427 3223 eorum
3467 3182 3681 3221 memo-

407 3270 527 3339 ejus
550 3269 869 3324 saturahuut
896 3282 1021 3322 eum
1045 3266 1062 3325 (
1083 3264 1238 3319 Prov.
1263 3279 1395 3318 xvm
1411 3264 1451 3335 ).
1482 3282 1503 3316 ο
1532 3262 1572 3316 Ε
1599 3261 1874 3317 contrario
1898 3275 1989 3315 ve-

408 3373 474 3415 ro
502 3359 634 3428 quid
654 3357 720 3412 de
743 3357 1116 3412 omreticorum
1138 3370 1393 3425 perversa
1416 3353 1662 3410 doctrina
1689 3352 1986 3422 subsequa-

414 3464 526 3519 tur,
555 3454 840 3508 audiamus
871 3469 885 3506 :

492 3564 511 3595 ι
548 3544 606 3598 In
645 3543 975 3612 nequissimo
1001 3556 1141 3612 pane
1170 3539 1529 3595 murmurabit
1563 3538 1755 3594 civitas
1777 3576 1794 3604 ,
1823 3544 1878 3592 et
1908 3547 1991 3592 te-

415 3657 436 3690 ‹
463 3636 771 3692 stimonium
804 3634 1057 3704 nequitia:
1093 3634 1236 3690 illius
1261 3648 1448 3689 verum
1481 3640 1581 3687 est.
1612 3651 1631 3684 ι
1683 3630 1742 3686 in
1774 3630 1994 3700 nequis-

412 3729 551 3782 simo
596 3741 725 3795 ergo
778 3726 1029 3796 dogmate
1065 3726 1444 3780 haereticorum
1491 3723 1583 3793 qui
1631 3721 1994 3779 adulterantes

412 3818 636 3873 verbum
662 3816 758 3871 Dei
783 3832 888 3870 non
914 3830 1052 3885 pane
1071 3816 1215 3880 vitae,
1247 3815 1340 3871 sed
1369 3829 1506 3884 pane
1529 3820 1821 3883 pascuntur
1845 3825 1995 3866 men-

413 3907 552 3961 dacii
577 3947 593 3973 ,
619 3905 881 3976 quidquid
913 3904 1139 3976 pestifer
1159 3920 1340 3961 sermo
1368 3919 1554 3960 eorum
1594 3901 1821 3972 profert,
1861 3916 1995 3972 quo-

413 3996 562 4051 niam
599 4009 788 4051 verum
831 4001 914 4051 est
954 3993 1320 4050 testimonium
1361 3993 1505 4063 quod
1536 3992 1608 4048 de
1630 3991 1711 4047 eis
1733 3992 1992 4060 scriptum

413 4100 499 4145 est
531 4107 546 4144 ε
582 4109 602 4141 ι
631 4088 807 4144 Testis
829 4087 997 4143 falsus
1025 4102 1131 4143 non
1154 4086 1262 4142 erit
1282 4086 1599 4157 impunitus,
1621 4091 1677 4140 et
1704 4083 1796 4153 qui
1823 4081 1997 4153 loqui-

417 4188 508 4233 tur
531 4177 894 4241 mendacium,
929 4174 1142 4245 peribit.
1182 4193 1202 4227 ι

492 4287 513 4321 ι
545 4267 884 4325 Delectantes
905 4267 959 4321 in
984 4267 1112 4322 vino
1138 4264 1245 4320 noli
1280 4276 1596 4334 provocare,
1621 4268 1820 4317 multos
1846 4259 1992 4316 enim

422 4379 444 4413 ι
475 4359 854 4416 exterminavit
877 4357 1078 4414 vinum.
1110 4375 1130 4410 ι
1156 4355 1323 4411 Docet
1342 4368 1442 4409 nos
1454 4352 1540 4408 vir
1560 4350 1993 4417 Eeclesiasticus,

416 4467 487 4506 ne
507 4450 956 4507 commisceantur
984 4448 1235 4513 ebriosis,
1264 4446 1393 4517 quia
1420 4442 1606 4501 faciles
1633 4450 1762 4498 sunt
1783 4443 1850 4498 ad
1881 4443 1992 4497 ira-

417 4540 695 4597 scendum.
726 4559 746 4591 ‹
780 4537 973 4595 Multos
996 4539 1142 4593 enim
1169 4535 1551 4593 exterminavit
1583 4535 1768 4589 vinum
1788 4573 1805 4600 ,
1840 4552 1860 4586 ι
1895 4532 1999 4587 hoc

418 4638 521 4696 est,
551 4628 749 4684 multos
783 4626 1048 4683 subvertit
1094 4624 1352 4690 ebrietas,
1380 4639 1502 4693 quae
1537 4631 1593 4679 et
1638 4637 1858 4679 sensum
1898 4620 2001 4677 mi-

418 4719 559 4780 nuit,
582 4718 718 4772 iram
740 4716 962 4781 excitat,
987 4713 1261 4769 libidinem
1284 4712 1601 4777 inﬂammat,
1626 4711 1794 4766 animi
1818 4724 1998 4766 secre—

423 4817 534 4863 tum
563 4822 658 4878 per
677 4805 917 4862 furorem
941 4812 1037 4859 aut
1056 4818 1297 4859 amorem
1322 4801 1579 4858 denudat.
1610 4801 1762 4857 Unde
1783 4798 1998 4868 subjun-

422 4900 567 4970 gitur
594 4915 610 4953 :

499 5007 518 5038 ι
553 4988 691 5058 Ignis
714 4990 903 5059 probat
932 4989 1133 5044 ferrum
1164 4987 1381 5053 durum,
1406 4986 1485 5042 sic
1504 4986 1687 5040 vinum
1714 4985 1876 5041 corda
1898 5001 1991 5041 su-

430 5100 449 5133 ‹
478 5068 764 5149 perborum
788 5090 977 5150 arguet
998 5081 1051 5135 in
1080 5080 1340 5135 ebrietate
1366 5086 1629 5149 potatum.
1665 5098 1684 5130 ι
1723 5076 1837 5132 Hoc
1873 5085 1994 5143 est,

424 5172 565 5228 sicut
588 5170 726 5241 ignis
764 5170 943 5225 calore
985 5187 1084 5226 suo
1113 5159 1242 5225 ferri
1270 5170 1523 5226 duritiam
1559 5167 1805 5232 emollit,
1834 5177 1889 5223 et
1907 5183 1996 5223 se-

424 5260 658 5317 cundum
681 5266 887 5313 natura:
909 5275 1020 5315 suae
1039 5259 1148 5314 vim
1176 5259 1305 5314 illud
1325 5256 1718 5312 excandescere
1743 5255 1892 5319 facit,
1919 5257 1999 5311 sie

423 5353 610 5406 vinum
646 5350 700 5404 in
736 5349 996 5407 ebrietate
1033 5359 1271 5423 potatum
1297 5352 1459 5407 corda
1506 5352 1858 5422 superborum
1905 5367 1998 5405 ar-

425 5443 555 5498 dore
575 5458 675 5498 suo
695 5440 1032 5498 inﬁammans
1054 5443 1233 5498 subito
1256 5442 1323 5497 ad
1353 5442 1562 5498 facinus
1586 5443 2003 5512 perpetrandum

363 5604 374 5618 ‘
426 5542 682 5600 provocat
704 5572 722 5600 ,
762 5541 818 5590 et
855 5534 1099 5604 superbae
1128 5533 1409 5589 intentioni
1436 5531 1692 5603 majorem
1718 5534 2000 5590 audaciam

425 5623 495 5677 ad
521 5624 645 5678 mali
680 5623 1026 5681 commissum
1055 5623 1256 5679 tribuit.

505 5734 521 5763 ι
554 5714 727 5784 Λειιιω
757 5716 863 5770 vita
896 5714 1203 5772 hominibus
1225 5756 1239 5782 ,
1279 5716 1473 5774 vinum,
1502 5717 1555 5772 iu
1596 5715 1885 5772 sobrietate
1906 5756 1923 5783 ,
1954 5716 2000 5773 si

2088 3267 2224 3321 riam
2268 3266 2323 3320 in
2356 3265 2660 3320 auditorum
2685 3278 2906 3319 suorum
2946 3261 3218 3317 mentibus
3262 3259 3459 3313 fortius
3505 3259 3681 3329 ﬁgat,

2086 3369 2140 3415 et
2191 3359 2447 3413 virtutum
2491 3356 2689 3412 seriem
2747 3356 3107 3422 decoremque
3147 3350 3322 3422 magis
3371 3349 3478 3404 illis
3527 3364 3681 3403 eom-

2090 3448 2308 3503 mendet
2334 3486 2350 3513 ,
2392 3445 2647 3501 vitiorum
2679 3459 2807 3498 vero
2834 3441 3218 3512 turpitudinem
3254 3446 3310 3492 et
3344 3437 3679 3491 noxietatem

2090 3539 2385 3594 secundum
2414 3535 2825 3607 possibilitatem
2865 3549 3020 3589 suam
3054 3529 3297 3586 funditus
3328 3530 3676 3585 exterminet.

2091 3627 2323 3683 Proinde
2350 3628 2528 3682 adhuc
2551 3626 2778 3690 addidit,
2807 3633 2865 3680 et
2887 3624 3017 3679 dicit
3049 3640 3063 3678 :

2168 3737 2188 3772 ι
2218 3719 2415 3775 Vinum
2445 3718 2672 3773 multum
2704 3703 2946 3788 potatu‘m
2988 3715 3344 3769 irritationem
3372 3752 3389 3778 ,
3421 3721 3479 3766 et
3509 3711 3681 3774 iram,

2099 3829 2118 3863 ι
2147 3820 2203 3866 et
2244 3810 2428 3866 ruinas
2460 3809 2659 3864 multas
2699 3806 2846 3862 facit.
2892 3804 3207 3860 Amaritudo
3251 3802 3447 3857 anima:
3496 3800 3685 3854 viuum

2090 3889 2119 3954 ἐ
2158 3902 2383 3957 multum
2403 3909 2647 3972 potatum
2664 3941 2680 3966 ,
2707 3898 2990 3955 ebrietatis
3018 3896 3334 3952 animositas
3360 3893 3681 3964 impruden-

2101 4013 2120 4047 ι
2158 3995 2229 4049 tis
2270 3992 2497 4050 oﬁ‘ensio
2543 4009 2558 4045 :
2606 3992 2883 4047 minorans
2921 3989 3197 4051 virtutem,
3228 3996 3284 4042 et
3316 3984 3527 4041 faciens
3562 3984 3687 4038 vul-

2096 4101 2248 4141 nera.
2287 4105 2307 4138 ι
2337 4083 2478 4152 Quid
2499 4083 2730 4139 lucidius
2756 4081 2863 4136 dici
2889 4080 3084 4151 potuit,
3107 4094 3272 4149 quam
3293 4077 3691 4141 irritationem,

2098 4177 2233 4231 iram
2260 4185 2316 4231 et
2341 4176 2525 4230 ruinas
2553 4173 2750 4228 multas
2772 4188 2839 4226 ex
2867 4171 3128 4226 ebrietate
3158 4168 3329 4232 nasci,
3361 4166 3687 4222 amaritudio

2098 4283 2220 4323 nem
2265 4264 2461 4348 animat
2497 4264 2623 4320 inde
2659 4261 2927 4333 generari,
2974 4258 3328 4331 imprudentis
3374 4258 3684 4313 animosam

2097 4358 2446 4416 offensionem
2474 4355 2600 4412 inde
2620 4355 2782 4421 oriri,
2807 4354 3068 4410 virtutum
3091 4351 3286 4408 seriem
3313 4350 3686 4405 decracendo

2102 4449 2363 4506 minorari
2386 4487 2403 4514 ,
2441 4457 2498 4502 et
2525 4446 2728 4503 scelera
2748 4444 2973 4501 vulnera
2996 4434 3388 4513 multiplicari?
3416 4437 3575 4495 Unde
3608 4439 3688 4493 fe-

2100 4539 2171 4595 lix
2202 4548 2287 4596 est
2310 4538 2404 4609 qui
2430 4553 2491 4593 se
2516 4545 2674 4601 cavet
2694 4537 2762 4590 ab
2789 4533 3090 4604 huiusmodi
3119 4540 3271 4601 peste
3292 4570 3309 4595 ,
3333 4539 3392 4584 et
3413 4544 3570 4600 spem
3596 4543 3688 4583 sa—

2098 4631 2226 4687 lutis
2265 4644 2377 4686 suae
2423 4629 2481 4684 in
2514 4626 2726 4682 Domini
2769 4624 3051 4681 constituit
3092 4621 3389 4678 voluntate.
3435 4618 3688 4675 Custodit

2106 4720 2250 4777 enim
2276 4719 2535 4774 Dominus
2561 4732 2751 4773 omnes
2774 4715 3058 4787 diligentes
3084 4727 3172 4778 se,
3211 4720 3267 4766 et
3310 4720 3599 4781 sperantes
3624 4710 3683 4763 in

2101 4827 2167 4868 eo
2188 4809 2555 4866 misericordia
2579 4802 2956 4863 circumdabit.

2177 4923 2196 4956 ς
2231 4903 2290 4958 ln
2316 4901 2564 4959 convivio
2594 4900 2703 4954 vini
2733 4914 2839 4954 non
2888 4912 3083 4968 arguas
3106 4893 3417 4965 proximum
3441 4934 3458 4959 ,
3489 4901 3546 4949 et
3574 4907 3684 4947 non

2108 5013 2127 5046 ι
2164 4994 2426 5064 despicias
2451 4992 2600 5047 illum
2640 4990 2692 5044 in
2716 4988 3053 5059 jucunditate
3092 4986 3250 5040 illius.
3280 4984 3463 5040 Verba
3483 4984 3687 5054 impun-

2108 5105 2128 5139 ‹
2158 5086 2294 5157 perii
2327 5100 2434 5140 non
2470 5083 2619 5139 dicas
2648 5081 2747 5147 illi,
2782 5086 2838 5136 et
2882 5095 2988 5134 non
3020 5091 3233 5148 premas
3258 5075 3410 5129 illum
3441 5073 3498 5129 in
3527 5089 3687 5143 repe.

2108 5196 2128 5230 ‹
2161 5176 2341 5232 tendo.
2376 5195 2395 5229 ο
2422 5175 2756 5243 Frequenter
2777 5170 3043 5242 contingit
3067 5176 3128 5224 ut
3151 5168 3316 5222 homo
3338 5166 3549 5238 fragilis
3566 5183 3688 5221 nlo-

2103 5268 2229 5324 dum
2251 5265 2478 5323 excedat
2502 5264 2554 5319 in
2573 5256 2826 5328 bibendo,
2854 5261 2951 5317 sed
2978 5271 3157 5316 tamen
3180 5258 3461 5314 ebrietatis
3487 5258 3683 5313 vitium

2105 5372 2212 5412 non
2243 5363 2481 5412 sectatur
2508 5354 2562 5408 in
2600 5369 2700 5407 usu
2729 5351 2962 5406 nefando
2979 5390 2994 5415 ,
3036 5350 3179 5404 unde
3201 5349 3456 5419 prohibet
3482 5357 3542 5402 ut
3568 5362 3683 5402 non

2103 5461 2393 5519 arguamus
2413 5444 2715 5516 proximum
2744 5442 2797 5495 in
2825 5439 3070 5496 convivio
3106 5438 3215 5493 vini
3240 5479 3256 5501 ,
3294 5453 3397 5493 nec
3418 5437 3685 5506 despicia-

2106 5553 2227 5591 mus
2249 5535 2398 5590 illum
2425 5535 2478 5589 in
2500 5532 2837 5605 jucunditate
2864 5529 3029 5594 illius,
3058 5544 3158 5584 nec
3182 5527 3493 5599 imprOperii
3515 5527 3683 5581 verba

2105 5626 2457 5684 conviciando
2483 5626 2726 5681 dicamus
2753 5623 2825 5689 ei,
2855 5622 2949 5678 sed
2977 5621 3149 5691 magis
3176 5621 3332 5691 juxta
3366 5615 3685 5689 Apostolum

2102 5731 2268 5773 onera
2294 5725 2479 5773 nostra
2508 5714 2735 5770 invicem
2763 5721 3059 5784 portemus,
3083 5719 3139 5767 et
3164 5711 3243 5766 sic
3271 5708 3689 5781 adimplebiums
