3926 6168
168 315 323 374 ’995

1088 308 1445 368 COMMENT.
1491 309 1557 365 ΙΝ
1595 307 2212 367 ECCLESIASTICUM.
2256 338 2326 351 -ο
2357 310 2483 365 LIB.
2529 308 2640 365 Vll.

3397 323 3507 380 99$

200 431 392 503 tegent
422 425 629 486 Christi
666 425 1016 500 (Galat.v1).
1063 424 1123 480 in
1166 437 1420 498 promptu
1465 426 1609 482 enim
1648 427 1812 482 babe-
1840 431 1887 491 Α
1916 426 2139 481 verbum
2164 425 2258 480 Dei
2284 441 2408 481 cum
2451 427 2598 508 omni
2628 426 2823 486 fiducia
2865 430 3021 499 quasi
3061 431 3325 504 majorem
3352 447 3508 506 natu,

207 537 337 577 mus
366 518 673 590 exemplum
700 517 1008 587 huiusmodi
1026 517 1095 574 de
1116 516 1416 590 Scripturis
1446 520 1637 575 sacris.
1664 520 1812 587 Quo-

208 613 364 667 niam
392 609 508 666 Noe
548 609 676 664 vino
720 608 931 664 ebrium
975 616 1139 679 atque
1181 609 1441 663 nudatum
1489 623 1611 663 cum
1638 609 1809 664 Cbam

208 702 429 759 medius
456 702 599 757 illius
626 701 745 772 eius
769 701 1062 767 derideret.
1092 700 1525 757 maledictiouem
1550 710 1810 757 aeternam

208 794 522 866 promeruit
551 811 564 846 :
597 793 673 848 ita
710 808 741 847 e
771 792 1048 847 contrario
1075 792 1283 863 primus
1322 792 1556 848 ﬁliorum
1599 790 1716 861 eius
1755 801 1813 848 et

209 886 442 941 ultimus
463 925 477 945 .
513 884 619 943 hoc
648 894 731 940 est
759 883 884 939 Sem
915 893 971 939 et
999 882 1198 955 Japhet
1231 883 1662 939 benedictionem
1690 899 1816 954 per-

207 989 435 1051 petuam
462 978 845 1050 possederunt,
893 990 961 1030 eo
997 976 1141 1047 quod
1180 975 1352 1047 patris
1378 975 1462 1030 sui
1510 975 1810 1030 nuditatem

210 1070 573 1135 velaverunt,
626 1083 731 1125 nec
777 1066 1168 1137 turpitudinem
1222 1065 1343 1137 eius
1391 1067 1577 1122 videre
1632 1067 1814 1121 volue—

214 1166 351 1215 runt
394 1155 548 1230 (Gen.
576 1157 679 1229 ix).
709 1156 973 1212 Similiter
1011 1165 1069 1211 et
1113 1156 1295 1212 altiori
1331 1170 1495 1212 sensu
1520 1155 1690 1212 Judaei
1720 1156 1813 1226 qui

216 1257 396 1306 morte
422 1248 724 1304 Salvatoris
751 1246 924 1302 nostri
951 1248 1005 1302 in
1030 1261 1193 1303 cruce
1216 1246 1547 1312 deriserunt,
1571 1246 1737 1301 vitam
1760 1253 1819 1300 ct

217 1357 449 1413 regnum
476 1339 638 1435 simql
661 1338 1035 1410 perdiderunt.
1063 1338 1107 1393 E
1133 1338 1408 1394 contrario
1431 1351 1564 1393 vero
1592 1345 1779 1408 gentes
1796 1376 1812 1402 ,

215 1452 339 1505 qua:
377 1428 684 1505 passionem
714 1432 917 1488 Christi
947 1432 1214 1503 condigne
1259 1432 1700 1495 venerabantur,
1745 1428 1817 1484 ab

214 1541 286 1582 eo
324 1524 570 1581 benedici
608 1524 662 1580 in
708 1524 814 1579 hoc
845 1523 1044 1579 saeculo
1078 1532 1134 1579 et
1174 1524 1231 1580 in
1273 1523 1458 1581 futuro
1491 1538 1815 1596 promeren-

216 1621 336 1666 tur.

828 1706 1064 1763 CAPUT-
1097 1707 1188 1762 IX.

453 1795 534 1852 De
563 1795 874 1863 rectoribus,
902 1798 1172 1868 episcopis,
1204 1794 1282 1851 vel
1299 1794 1589 1867 judirilms.

286 1887 447 1961 (Car.
486 1893 687 1960 rxxu.)
729 1906 747 1939 ι
798 1888 1081 1943 Hectorem
1114 1896 1164 1942 te
1191 1889 1530 1958 posuerunt?
1575 1887 1683 1945 noli
1718 1905 1815 1946 ex-

221 2000 242 2033 c
290 1981 439 2046 tolli;
462 1991 581 2036 esto
609 1981 661 2034 in
690 1979 796 2035 illis
818 1980 971 2051 quasi
1001 1996 1140 2035 unus
1162 1996 1227 2035 ex
1253 1981 1403 2052 ipsis.
1439 1999 1459 2033 ι
1490 1981 1618 2037 Haec
1643 1983 1816 2039 eccle-

217 2073 444 2128 siastica
470 2080 524 2127 et
548 2071 841 2142 apostolica
866 2080 949 2127 est
979 2072 1247 2137 doctrina,
1277 2082 1338 2128 ut
1362 2074 1409 2129 is
1430 2075 1519 2144 qui
1548 2076 1812 2147 dignitate

217 2171 418 2237 prmest
451 2163 594 2229 aliis,
623 2162 946 2218 humilitatis
969 2172 1024 2219 et
1055 2167 1485 2222 mansuetudinis
1505 2168 1814 2239 exemplum

217 2259 460 2328 pra-beat
484 2256 686 2313 multis.
715 2253 868 2312 Unde
889 2256 1005 2329 ipsa
1030 2254 1242 2313 Veritas
1262 2256 1316 2310 in
1341 2257 1634 2326 Evangelio
1652 2258 1818 2314 disci-

210 2351 375 2422 pulos
409 2350 615 2416 docuit,
667 2348 858 2403 dicens
907 2366 921 2401 :
987 2366 1006 2399 ι
1067 2347 1172 2416 Qui
1228 2349 1401 2419 maior
1430 2359 1513 2404 est
1547 2359 1813 2417 vestrum,

216 2447 314 2500 tiat
351 2442 719 2513 sicutiuuior;
750 2451 808 2496 et
842 2441 936 2513 qui
958 2456 1257 2512 pramessor
1281 2453 1382 2508 est,
1418 2441 1512 2497 fiat
1539 2443 1682 2498 sicut
1708 2444 1814 2498 mi-

216 2535 486 2591 nistratur
537 2531 555 2605 (
589 2531 716 2588 Luc.
753 2530 913 2605 un).
969 2548 989 2584 ι
1047 2529 1188 2587 Hinc
1230 2540 1287 2587 et
1330 2531 1525 2587 Petrus
1566 2541 1816 2603 pastores

217 2626 478 2683 Ecclesiae
505 2626 803 2681 admonens
835 2624 913 2680 ait
953 2642 968 2679 :
1002 2642 1022 2677 ι
1075 2622 1331 2680 Seniores
1353 2638 1481 2695 ergo
1501 2625 1593 2694 qui
1623 2625 1675 2679 in
1714 2640 1814 2680 vo-

213 2717 306 2773 bis
325 2726 476 2783 sunt,
500 2715 749 2782 obsecro,
775 2714 1064 2771 conseuior
1086 2722 1143 2770 et
1182 2715 1338 2770 testis
1382 2714 1584 2770 Christi
1613 2717 1813 2785 passio-

219 2824 371 2872 num,
434 2808 525 2878 qui
578 2815 633 2864 et
679 2806 816 2879 eius,
868 2821 990 2878 qua!
1036 2805 1091 2861 in
1140 2806 1325 2862 futuro
1373 2807 1663 2862 revelanda
1708 2816 1810 2873 est,

218 2900 411 2972 gloriae
440 2898 890 2963 communicatur,
941 2896 1149 2966 pascite
1191 2896 1283 2966 qui
1309 2904 1393 2953 est
1421 2897 1475 2951 in
1506 2897 1660 2952 vobis
1687 2912 1814 2969 gre-

217 3009 341 3064 gem
368 2989 487 3056 Dei,
517 2989 860 3060 providentes
890 3003 994 3043 non
1022 2995 1229 3050 coacte,
1256 2986 1354 3042 sed
1392 2996 1691 3056 spontanee
1735 3001 1816 3042 se-

218 3088 457 3140 cundum
483 3083 669 3146 Deum,
716 3096 892 3151 neque
927 3080 1100 3152 turpis
1125 3079 1259 3134 lucri
1281 3079 1477 3150 gratia,
1501 3080 1594 3135 sed
1624 3079 1812 3135 volun-

1915 532 2023 571 non
2073 518 2260 587 utique
2293 518 2472 573 rotatis
2516 533 2794 587 corporea:
2836 532 3120 591 provectu,
3174 526 3268 581 sed
3314 529 3507 586 sobria:

1916 607 2115 661 mentis
2145 606 2455 673 intellectu;
2484 615 2541 662 et
2572 609 2806 678 primum
2838 611 2942 667 hoc
2975 627 3192 682 semper
3238 619 3508 685 attendat,

1914 707 1976 753 ut
2023 698 2141 768 ejus
2187 715 2366 754 sermo
2411 704 2584 770 magis
2629 702 2878 770 proﬁciat
2920 704 3260 763 auditoribus
3297 710 3411 764 suis
3439 712 3507 765 ad

1914 790 2295 856 eruditionem,
2336 806 2501 861 quam
2547 792 2850 850 fautoribus
2892 805 3115 866 propter
3143 798 3507 869 eloquentiam

1917 878 2220 935 adinanem
2250 879 2515 935 favorem.
2571 880 2724 938 Sicut
2768 884 2970 940 Paulus
3052 887 3394 955 Timotheum
3424 890 3509 951 in-

1917 983 2136 1028 struens
2164 974 2371 1031 docuit.
2403 975 2589 1031 dicens
2619 995 2633 1030 :
2684 996 2702 1028 ι
2761 976 3047 1034 Testiiicor
3081 996 3266 1037 coram
3311 983 3424 1039 Deo
3455 996 3510 1041 et

1916 1064 2133 1120 Christo
2157 1063 2308 1130 Jesu,
2338 1067 2429 1134 qui
2468 1064 2812 1135 iudicaturus
2837 1079 2922 1123 est
2958 1070 3110 1126 vivos
3159 1081 3215 1127 et
3242 1084 3508 1141 mortuos,

1917 1164 1973 1211 et
1992 1156 2283 1211 adventura
2309 1157 2479 1226 ipsius
2499 1168 2553 1211 ct
2578 1172 2800 1227 regnum
2823 1158 2940 1226 eius
2964 1180 2977 1214 :
3005 1164 3239 1231 praedica
3260 1165 3509 1231 verbum,

1919 1247 2057 1302 insta
2087 1256 2411 1317 opportune,
2440 1247 2766 1317 importune,
2798 1266 2984 1333 argue,
3012 1253 3259 1320 obsecra,
3288 1257 3507 1329 increpa

1915 1337 1971 1393 in
2010 1338 2159 1392 omni
2208 1339 2467 1408 patientia
2515 1348 2572 1394 et
2606 1341 2847 1396 doctrina
2892 1343 2975 1414 (II
3016 1345 3150 1400 Tim.
3180 1348 3277 1420 ιν).
3314 1368 3335 1402 ι
3369 1349 3508 1418 Quid

1917 1437 2099 1483 autem
2145 1429 2324 1483 inanis
2364 1430 2670 1499 eloquentia
2729 1433 2843 1488 suis
2874 1437 3210 1492 amatoribus
3239 1438 3506 1504 conferat,

1916 1521 2197 1577 subdendo
2217 1520 2531 1577 manifestat
2559 1541 2573 1576 ε
2606 1524 2726 1578 Erit
2749 1526 2895 1579 enim
2930 1536 3141 1596 tempus
3167 1544 3301 1595 cum
3316 1546 3507 1586 sanam

1812 1676 1823 1681 ,
1917 1611 2219 1668 doctrinam
2272 1627 2379 1667 non
2425 1613 2790 1682 sustinebunt,
2840 1617 2934 1672 sed
2979 1618 3049 1673 ad
3097 1635 3196 1675 sua
3239 1622 3511 1681 desideria

1916 1704 2317 1759 coacervabunt
2345 1703 2447 1758 sibi
2488 1705 2798 1772 magistros,
2843 1709 3152 1778 prurientes
3181 1711 3423 1774 auribus,
3453 1722 3511 1769 et

1798 1806 1807 1813 '
1843 1818 1891 1878 Β
1918 1810 1950 1850 a
1976 1793 2205 1848 veritate
2237 1794 2453 1863 quidem
2486 1795 2730 1849 auditum
2759 1805 3026 1862 avertunt,
3056 1800 3125 1854 ad
3171 1800 3383 1857 tabulas
3413 1819 3511 1857 au-

1920 1893 2027 1940 tem
2065 1891 2469 1940 convertentur.
2502 1903 2521 1937 ι
2556 1884 2623 1939 Ει
2656 1886 2783 1955 quia
2811 1886 3195 1944 discretionem
3234 1891 3510 1964 Evangelii

1916 1982 2197 2037 doctorem
2227 1981 2282 2036 in
2318 1981 2703 2051 prtedicatione
2726 1997 2827 2037 sua
2842 1993 3068 2054 oportet
3096 1984 3319 2053 habere,
3343 1997 3398 2042 ut
3431 1989 3507 2043 ibi

1914 2069 2160 2141 prgferat
2184 2083 2513 2137 sermonem,
2544 2070 2636 2127 ubi
2667 2087 2728 2127 se
2767 2073 3032 2145 conspicit
3070 2073 3376 2145 proiectum
3424 2077 3509 2133 fa-

1916 2178 2041 2221 cere
2075 2176 2254 2234 posse,
2282 2160 2559 2231 subiungit
2578 2162 2793 2219 dicens:

1981 2273 2001 2307 ι
2028 2255 2362 2312 Ubi-auditus
2376 2271 2484 2311 non
2498 2261 2603 2316 est,
2619 2268 2723 2308 non
2739 2251 2985 2310 el‘fundas
3001 2269 3305 2310 sermonem
3320 2254 3513 2311 nitem-

1924 2372 1941 2404 ι
1975 2353 2203 2424 pestive,
2227 2362 2282 2406 et
2299 2352 2606 2422 importune
2633 2348 2743 2406 noli
2769 2348 2951 2404 extolli
2974 2349 3029 2403 in
3050 2349 3314 2418 sapientia
3337 2358 3448 2404 tua.
3483 2366 3507 2402 ι

1916 2443 2033 2498 Non
2061 2451 2146 2498 est
2176 2441 2321 2497 enim
2346 2440 2479 2496 utile
2499 2439 2575 2495 ibi
2603 2453 2909 2494 sermonem
2946 2438 3351 2510 multiplicando
3375 2455 3503 2510 pro-

1918 2536 2106 2600 telare,
2135 2536 2225 2592 ubi
2253 2534 2564 2592 considerat
2591 2547 2651 2588 se
2680 2531 2887 2587 nullum
2926 2530 3160 2587 fructum
3201 2532 3256 2586 in
3300 2533 3510 2588 audito-

1915 2629 2069 2685 ribus
2096 2626 2358 2683 invenire.
2395 2626 2551 2683 Unde
2573 2625 2791 2695 quidam
2827 2631 3111 2694 poetarum
3136 2624 3214 2678 ait
3240 2642 3254 2678 :

2042 2777 2182 2829 Felix
2208 2779 2292 2842 qui
2310 2776 2524 2841 loquitur
2545 2789 2741 2828 causam
2763 2777 3019 2840 prudentis
3038 2778 3085 2825 in
3109 2789 3297 2827 aurem.

1917 2915 2178 2970 Dominus
2224 2913 2367 2967 enim
2428 2921 2616 2967 noster
2653 2912 2744 2982 qui
2805 2910 3084 2980 discipulis
3135 2910 3250 2964 suis
3303 2924 3507 2981 praecu-

1916 3005 2018 3076 pit,
2061 3004 2286 3059 dicens:
2327 3020 2346 3052 σ
2382 2999 2560 3055 Nolite
2603 3000 2735 3054 dare
2762 3007 3007 3053 sanctum
3034 2998 3282 3062 canibus,
3329 3012 3506 3067 neque

1918 3095 2143 3151 mittatis
2177 3091 2502 3163 margaritas
2525 3098 2735 3145 vestras
2757 3096 2883 3142 ante
2906 3102 3120 3156 porcos,
3154 3103 3222 3142 ne
3255 3086 3505 3143 conversi

218 3175 392 3238 lat'ic:
445 3187 618 3243 neque
675 3182 733 3226 υι
782 3172 1127 3239 dominantes
1166 3171 1219 3226 ίη
1265 3171 1442 3236 deris»
1494 3173 1589 3226 sed
1638 3172 1811 3251 forma
1841 3193 1886 3255 ί]
1919 3186 2260 3254 disrumpunt
2287 3178 2619 3244 vosiMatth.
2650 3176 2770 3248 vn).
2808 3196 2826 3229 ι
2890 3175 3028 3231 Hinc
3056 3184 3111 3229 et
3155 3175 3408 3230 Salomon
3448 3175 3503 3229 iu

219 3261 351 3318 facti
390 3262 569 3333 gregis
613 3274 679 3315 ex
727 3261 930 3325 animo,
977 3267 1034 3314 ct
1068 3274 1191 3315 cum
1222 3260 1530 3331 apparuerit
1558 3260 1813 3331 princeps

218 3362 528 3422 pastorum,
558 3349 872 3421 percipietis
914 3350 1417 3407 inmarcescibilem
1445 3350 1629 3422 gloria:
1658 3366 1816 3409 coro-

220 3464 352 3502 nam
379 3446 430 3519 (.I
456 3446 603 3502 Patr.
630 3446 708 3519 v).
745 3466 763 3500 ι

298 3561 317 3592 ι
361 3540 559 3596 Curam
597 3541 810 3598 illorum
848 3542 1010 3605 habe,
1047 3551 1103 3596 et
1118 3540 1205 3596 sic
1245 3538 1549 3606 considera,
1578 3546 1635 3594 et
1666 3537 1816 3594 omni

223 3652 244 3685 ι
291 3647 426 3687 cura
477 3641 567 3688 tua
612 3633 865 3703 explicita
906 3632 1161 3687 recnmbe
1199 3648 1211 3684 :
1252 3638 1312 3685 ut
1351 3628 1552 3685 laeteris
1596 3636 1818 3700 propter

225 3743 244 3776 ι
296 3724 438 3789 illos,
486 3733 542 3780 et
591 3733 969 3780 ornamentum
1028 3721 1217 3793 gratia:
1265 3722 1499 3791 accipias
1533 3735 1812 3785 coronam,

226 3835 247 3869 ι
294 3826 352 3872 et
390 3816 758 3888 dignationem
786 3815 1139 3887 consequaris
1165 3814 1617 3885 congregationis.
1666 3831 1685 3865 ι
1732 3812 1819 3866 ln-

216 3910 484 3967 stantiam
530 3926 660 3983 ergo
704 3911 862 3967 docet
905 3909 1326 3981 praedicationis,
1377 3908 1502 3977 quia
1548 3920 1653 3962 non
1705 3906 1818 3961 cito

222 4002 391 4058 debet
416 4001 537 4072 quis
573 4001 919 4058 securitatem
948 4000 1266 4072 promittere
1311 3997 1412 4054 sibi
1456 3996 1654 4067 quietis
1697 4005 1820 4067 post

221 4096 503 4166 inceptum
557 4094 820 4160 laborem,
877 4094 972 4150 sed
1012 4094 1280 4149 instanter
1323 4092 1379 4148 in
1420 4090 1509 4146 illo
1544 4104 1715 4160 usque
1761 4090 1815 4143 in

224 4190 393 4243 linem
424 4189 547 4243 vita:
579 4202 953 4258 perseverare,
981 4193 1249 4255 quatenus
1294 4182 1533 4255 perfecto
1560 4180 1816 4237 certami-

221 4280 311 4333 nis
340 4279 426 4334 sui
455 4294 626 4350 agone
660 4292 885 4335 securus
914 4277 1088 4348 possit
1132 4290 1255 4331 cum
1285 4274 1541 4345 Apostolo
1589 4274 1772 4329 dicere
1798 4290 1812 4328 :

226 4389 248 4424 ι
298 4370 509 4426 Dorium
554 4380 827 4428 certamen
876 4371 1103 4435 certavi,
1152 4384 1370 4424 cursum
1422 4366 1815 4432 consummavi,

219 4462 390 4518 ﬁdem
421 4463 665 4530 servavi;
713 4462 771 4516 in
819 4462 1027 4532 reliquo
1058 4460 1291 4531 reposita
1331 4468 1416 4513 est
1445 4458 1573 4512 mihi
1612 4471 1817 4511 corona

1914 3271 2223 3330 Proverbiis
2251 3271 2329 3326 ait
2365 3288 2380 3325 :
2431 3290 2448 3321 ι
2484 3267 2588 3335 Qui
2635 3268 2815 3323 erudit
2852 3267 3169 3333 derisorem,
3217 3266 3334 3339 ipse
3377 3267 3509 3324 facit

1916 3369 2018 3426 sibi
2070 3366 2355 3436 iniuriam;
2407 3373 2462 3422 et
2496 3363 2586 3434 qui
2617 3363 2795 3434 arguit
2845 3362 3090 3433 impium,
3134 3373 3358 3434 generat
3403 3365 3506 3421 sibi

1915 3459 2138 3516 malum.
2169 3457 2286 3513 Noli
2316 3471 2546 3528 arguere
2589 3455 2908 3519 derisorem,
2942 3469 3010 3509 ne
3029 3454 3206 3509 oderit
3234 3463 3307 3520 te,
3345 3470 3512 3526 argue

1916 3551 2237 3622 sapientem,
2264 3558 2319 3605 et
2360 3548 2544 3620 diliget
2589 3555 2658 3602 te.
2688 3546 2765 3600 Da
2794 3546 3024 3616 sapienti
3055 3546 3422 3612 occasionem,
3455 3556 3511 3603 et

1916 3645 2143 3705 addctur
2166 3643 2213 3696 ei
2237 3640 2523 3711 sapientia.
2551 3638 2693 3694 Doce
2723 3638 2951 3708 iustum,
2975 3644 3031 3691 et
3065 3636 3341 3692 l'estinabit
3365 3640 3508 3693 acci-

1915 3752 2042 3806 pere
2069 3733 2252 3807 (Prov.
2284 3732 2383 3807 Ix).
2427 3751 2445 3784 ι

1992 3845 2011 3879 ι
2054 3825 2337 3881 Gemmula
2387 3818 2701 3876 carbunculi
2761 3818 2816 3872 in
2867 3824 3188 3871 ornamento
3232 3816 3390 3881 auri,
3451 3825 3507 3871 et

1917 3915 2258 3984 comparatio
2294 3911 2626 3966 musicorum
2650 3909 2703 3962 in
2732 3906 2979 3961 convivio
3016 3905 3146 3960 viui.
3186 3924 3206 3958 ι
3250 3904 3503 3960 Omnium

1917 4004 2224 4060 ardentium
2268 4015 2604 4075 gemmarum
2634 3998 2995 4068 principatum
3024 3996 3386 4051 carbunculus
3410 3997 3511 4050 ha-

1916 4097 2009 4152 bet
2037 4113 2051 4149 :
2083 4091 2446 4150 carbunculus
2471 4098 2652 4144 autem
2680 4088 2880 4152 dictus,
2904 4087 3045 4156 quod
3086 4086 3159 4141 sit
3202 4086 3399 4158 ignitus
3445 4096 3506 4142 ut

1916 4187 2103 4251 carbo,
2144 4185 2298 4255 cuius
2342 4181 2517 4253 fulgor
2554 4195 2658 4236 nec
2699 4187 2859 4234 nocte
2885 4178 3155 4244 vincitur;
3191 4178 3333 4234 lucet
3358 4176 3505 4232 enim

1916 4282 1970 4337 in
2004 4278 2269 4344 tenebris,
2291 4276 2428 4332 adeo
2466 4280 2527 4329 ut
2553 4272 2799 4328 flammas
2828 4272 2897 4327 ad
2923 4270 3112 4326 oculos
3148 4270 3343 4325 vibret.
3372 4269 3507 4324 Car-

1915 4373 2208 4429 bunculum
2250 4385 2379 4440 ergo
2413 4373 2694 4438 comparat
2740 4365 2810 4421 ad
2860 4364 3203 4435 splendorem
3254 4362 3395 4428 auri,
3449 4369 3508 4417 et

1915 4464 2181 4520 musicum
2201 4462 2373 4518 melos
2393 4461 2461 4516 ad
2488 4458 2793 4515 convivium
2819 4457 2948 4520 viui,
2980 4456 3107 4528 quia
3130 4457 3272 4513 sicut
3291 4470 3505 4529 gemma

212 4552 472 4622 iustitize,
494 4568 658 4624 quam
675 4551 868 4608 reddet
894 4552 1027 4607 mihi
1048 4551 1307 4606 Dominus
1331 4551 1382 4603 in
1410 4547 1499 4602 illa
1524 4548 1612 4602 die
1633 4549 1817 4619 justus
1842 4546 1893 4606 D
1920 4556 2152 4628 pretiosa
2186 4551 2436 4621 adjuncta
2487 4549 2604 4604 auri
2647 4548 2867 4604 metallo
2915 4547 3154 4618 duplicat
3201 4547 3506 4616 splendoris

224 4644 424 4715 iudex,
456 4657 566 4696 non
608 4641 782 4695 solum
829 4651 1011 4695 autem
1044 4640 1207 4705 mihi,
1242 4643 1335 4695 sed
1361 4652 1417 4693 et
1446 4641 1532 4695 bis
1562 4640 1655 4711 qui
1691 4641 1810 4695 dili-

231 4743 373 4804 gunt
417 4736 709 4787 adventum
758 4732 878 4803 eius
912 4731 996 4803 (11
1035 4731 1172 4786 Tim.
1210 4728 1308 4799 tv).
1351 4749 1370 4784 ι
1412 4730 1597 4797 Qualis
1630 4742 1810 4786 autem

231 4837 312 4880 snt
347 4840 558 4880 merces
598 4834 913 4881 sanctorum
948 4823 1368 4892 praedinatorum
1400 4823 1454 4876 in
1488 4821 1672 4877 futura
1702 4824 1811 4877 vita

227 4898 488 4971 ostendit.
509 4915 624 4981 ipse
654 4912 928 4978 Salvator,
958 4914 1146 4967 dicens
1174 4932 1188 4966 :
1224 4931 1244 4965 ι
1282 4912 1416 4978 Quis
1446 4923 1604 4981 putus
1640 4913 1810 4969 ﬁdelis

225 5016 322 5061 est
342 5008 693 5072 disiiensator
708 5016 758 5059 et
789 5003 1049 5073 prudens,
1072 5017 1231 5071 quem
1251 5003 1531 5056 constituit
1554 5001 1815 5060 Dominus

224 5114 407 5166 super
437 5097 699 5152 familiam
731 5112 908 5161 suam,
945 5106 1000 5149 ut
1029 5098 1115 5150 det
1151 5096 1254 5150 illis
1282 5097 1333 5150 in
1368 5109 1609 5168 tempore
1646 5098 1812 5153 tritici

230 5187 605 5243 mensuram?
640 5188 840 5240 Beatus
869 5187 955 5241 ille
995 5201 1209 5252 servus,
1249 5202 1403 5255 quem
1440 5201 1561 5239 cum
1604 5188 1817 5243 Venerit

226 5282 497 5338 dosinus
544 5282 683 5351 eius,
722 5280 993 5335 invenerit
1028 5281 1099 5333 ita
1148 5279 1455 5334 facientem.
1508 5276 1644 5335 Vere
1690 5283 1813 5335 dico

229 5375 421 5436 vobis,
454 5373 576 5443 quia
620 5388 784 5442 super
828 5372 1010 5425 omnia
1050 5383 1148 5424 sua
1189 5370 1482 5425 cunetituet
1515 5371 1662 5425 illum
1696 5388 1814 5440 quae

229 5466 484 5538 possidet
515 5465 734 5533 (Matth.
762 5464 936 5535 XXIV.)

301 5586 323 5620 ι
371 5566 619 5634 Loquere
671 5560 844 5630 maior
877 5567 1026 5621 natu,
1085 5556 1241 5611 decet
1290 5552 1433 5609 enim
1486 5561 1538 5607 te
1582 5552 1816 5631 primum

225 5680 248 5714 ι
302 5657 557 5722 verbum,
579 5652 821 5726 diligenti
856 5650 1159 5713 scientiam,
1191 5656 1247 5703 et
1273 5662 1379 5702 non
1412 5646 1675 5716 impedias
1700 5662 1815 5702 mu-

231 5771 254 5807 ι
301 5750 501 5809 sicam.
543 5766 563 5804 ι
603 5745 768 5803 Decet
809 5743 952 5800 enim
982 5742 1253 5797 doctorem
1300 5736 1623 5795 catholicum
1672 5736 1815 5809 loqui

1917 4647 2190 4708 decorem,
2240 4643 2313 4697 ita
2340 4640 2513 4696 dulcis
2536 4638 2766 4694 melodia
2795 4636 2862 4693 ad
2899 4636 3204 4692 convivium
3255 4636 3366 4690 vini
3412 4637 3508 4692 ad-

1917 4745 2076 4792 aucta
2093 4733 2415 4803 multiplicat
2425 4730 2842 4800 iucunditatem.
2865 4727 3088 4799 Mystice
3108 4736 3288 4782 autem
3310 4741 3503 4782 aurum

1916 4826 2187 4900 significat
2206 4826 2443 4880 divinam
2464 4823 2807 4894 sapientiam,
2830 4819 3197 4877 carbunculus
3220 4835 3502 4876 sacrarum

1916 4921 2177 4975 virtutum
2232 4917 2479 4989 gloriam.
2544 4914 2741 4969 Vinum
2792 4912 3020 4985 gratiam
3081 4911 3401 4982 spiritalem,
3450 4923 3504 4968 et

1920 5009 2124 5066 musica
2154 5006 2422 5077 Evangelii
2448 5003 2906 5076 predicationem.
2950 5001 3103 5057 Sicut
3129 5002 3278 5058 enim
3309 5003 3507 5059 conde-

1919 5111 2010 5161 cet
2029 5101 2223 5157 divinre
2244 5099 2522 5170 sapientiae
2544 5098 2805 5151 virtutum
2839 5093 3031 5166 fulgor,
3068 5094 3221 5149 ita.et
3247 5093 3508 5164 spiritalis

1922 5192 2111 5265 gratim
2131 5189 2397 5261 condigna
2414 5197 2497 5244 est
2522 5203 2648 5244 vera
2673 5186 2985 5267 praedicatio
3014 5184 3186 5242 verbi.
3214 5183 3313 5241 Cui
3352 5201 3504 5240 com-

1922 5282 2189 5355 parationi
2215 5283 2378 5337 etiam
2410 5286 2807 5350 consequenter
2835 5278 3078 5350 adiungit
3105 5276 3268 5331 aliam
3316 5273 3504 5329 simili-

1916 5376 2178 5435 tudinem,
2210 5375 2312 5429 hoc
2334 5373 2529 5427 modo:

1994 5486 2014 5520 ι
2052 5467 2205 5523 Sicut
2227 5467 2278 5521 in
2320 5464 2676 5520 fabricatione
2704 5463 2822 5517 auri
2846 5462 3061 5532 signum
3099 5464 3184 5512 est
3210 5450 3500 5521 smaragdi,

1925 5580 1944 5612 ι
1988 5560 2067 5614 sic
2096 5572 2352 5612 numerus
2379 5556 2709 5610 musicorum
2748 5552 2801 5607 in
2843 5549 3081 5619 iucundo
3114 5552 3168 5598 et
3221 5539 3505 5594 moderato

1918 5649 2065 5705 vino.
2106 5668 2124 5701 ι
2172 5646 2501 5716 Smaragdus
2527 5644 2660 5714 lapis
2691 5653 2773 5697 est
2804 5639 2981 5694 nimiae
3024 5629 3335 5691 viriditalist
3369 5626 3505 5681 ad”!

1920 5747 1980 5793 ut
2026 5738 2225 5793 herbas
2258 5736 2496 5791 virentes
2550 5732 2876 5800 frondesque
2903 5742 2966 5780 ac
3010 5735 3253 5795 gemmas
3284 5725 3505 5787 superet
