3926 6168
1034 202 1102 260 s.
1140 199 1395 258 RABANI
1432 198 1650 257 MAURI
1690 194 2009 254 ARCHIEP.
2055 193 2362 251 uocum.
2405 180 2689 252 OPEItUil
2721 196 2987 257 must.

3572 194 3690 250 996

393 341 607 392 omnes,
660 322 909 384 inliciens
952 322 1100 379 circa
1164 333 1225 375 se
1287 317 1563 372 viriditate
1614 327 1990 386 repercussum
2017 314 2067 374 Α
2097 310 2309 367 timoris
2338 307 2669 375 infunderet,
2700 324 2824 364 cum
2856 310 2975 379 ipse
2994 309 3161 364 etiam
3184 309 3275 379 qui
3298 307 3407 364 labi
3434 324 3688 380 nonpos-

395 432 603 481 aerem,
625 417 719 486 qui
745 427 896 468 mero
916 421 971 466 et
994 410 1152 465 viridi
1180 409 1403 480 proiicit
1436 408 1579 473 oleo,
1609 406 1857 478 quamvis
1884 420 1983 460 na-

398 519 519 566 tura
549 507 842 562 imbuatur.
874 503 1038 573 Cujus
1065 516 1267 573 genera
1286 500 1540 570 plurima,
1568 497 1664 555 sed
1691 497 1986 553 nobiliores

398 598 660 672 Scythici.
687 595 993 651 Secundum
1019 594 1193 649 locum
1221 600 1407 647 tenent
1428 591 1719 646 Bactriani.
1738 588 1985 646 Tertium

404 691 664 764 Egyptii.
690 688 973 760 Signiﬁcat
1001 695 1181 740 autem
1209 685 1419 740 animas
1442 684 1545 739 fide
1571 697 1787 753 semper
1805 682 1986 737 viren—

394 794 497 849 tes,
522 797 643 852 quae
666 795 777 851 quo
804 780 977 852 magis
1000 779 1331 834 adversitate
1374 777 1555 832 saeculi
1598 776 1786 849 (quam
1813 776 1985 847 ﬁgura

396 873 635 946 Scythiae
673 868 940 943 designat)
969 878 1325 934 attentantur,
1351 883 1418 924 eo
1447 867 1678 937 amplius
1700 866 1987 922 haeredita-

395 975 505 1022 tcm
554 962 1064 1019 immarcescibilem
1110 970 1167 1016 et
1191 969 1453 1015 aeternam
1505 967 1883 1015 conservatam
1929 958 1985 1012 in

394 1057 546 1112 caelis
564 1064 621 1111 et
660 1065 840 1110 mente
881 1053 1169 1122 concipere
1198 1052 1489 1121 sperando,
1538 1061 1593 1104 et
1623 1051 1674 1103 in
1707 1049 1985 1119 proximos

398 1157 657 1219 satagunt
703 1160 958 1216 spargere
1009 1143 1373 1213 praedicando.
1420 1142 1552 1209 Quae
1596 1140 1759 1195 etiam
1817 1139 1988 1195 calice

394 1237 689 1292 Dominicse
729 1234 996 1304 passionis
1069 1241 1125 1286 et
1188 1232 1415 1287 internas
1469 1230 1794 1301 pinguedine
1850 1230 1987 1284 cha-

397 1327 594 1391 ritatis,
628 1326 719 1395 qui
758 1340 852 1394 per
877 1323 1139 1392 Spiritum
1167 1328 1417 1376 sanctum
1445 1321 1625 1384 datur,
1648 1319 1716 1373 ad
1739 1327 1985 1374 contem-

396 1424 548 1487 ptum
584 1414 770 1469 mundi
806 1412 1116 1483 proﬁciunt.
1148 1410 1304 1465 Sicut
1346 1410 1491 1464 enim
1540 1409 1594 1462 in
1626 1407 1991 1465 fabricatione

399 1507 517 1562 auri
541 1504 776 1574 adauget
808 1504 1063 1557 decorem
1093 1500 1348 1570 splendor
1384 1498 1775 1569 smaragdi,sic
1802 1497 1978 1553 erudi-

2086 411 2192 468 set,
2220 399 2473 474 perfectae
2510 402 2636 456 vitae
2679 402 2912 472 gratiam
2958 416 3067 456 non
3109 400 3211 456 nisi
3237 399 3485 471 perfecta
3529 412 3691 457 :etate

2079 490 2428 563 praedicaret.
2473 490 2732 561 \‘igilanti
2764 491 2952 561 itaque
2994 490 3432 547 consideratione
3453 506 3688 563 pensau-

2085 578 2211 637 dum
2233 580 2483 651 estquod
2526 595 2651 635 cum
2682 579 2840 635 Jesus
2864 594 3132 636 annorum
3160 579 3445 635 duodecim
3487 581 3687 637 dicitur

2086 673 2142 728 in
2170 672 2350 729 medio
2382 672 2666 727 doctorum
2694 671 2910 737 sedens,
2942 686 3050 725 non
3095 671 3298 726 docens
3324 671 3422 725 sed
3452 670 3687 727 interm-

2077 778 2220 835 gans
2251 762 2545 819 invenitur.
2572 761 2691 830 Quo
2719 761 2968 833 exemplo
3008 760 3219 816 scilicet
3260 762 3571 817 ostenditur
3624 776 3688 818 ne

2085 854 2334 909 inﬁrmus
2372 854 2571 909 docere
2614 852 2738 923 quis
2766 852 2982 917 audeat,
3011 852 3057 906 si
3089 850 3177 906 ille
3202 866 3340 922 puer
3364 852 3551 907 doceri
3601 852 3681 907 in-

2085 945 2413 1016 terrogando
2433 944 2624 1010 voluit,
2651 942 2744 1014 qui
2776 958 2875 1015 per
2901 942 3202 999 divinitatis
3233 943 3536 1014 potentiam
3559 959 3688 999 ver-

2084 1034 2212 1090 bum
2265 1034 2509 1093 scientia:
2553 1033 2686 1106 ipsis
2731 1034 2851 1089 suis
2878 1033 3190 1091 doctoribus
3236 1034 3593 1089 ministravit.
3631 1034 3687 1090 Si

2084 1141 2216 1196 ergo
2241 1126 2510 1195 sapientia
2529 1125 2709 1180 divina
2733 1125 3033 1181 humanam
3056 1132 3308 1179 naturam
3332 1124 3568 1180 inducas
3594 1124 3686 1178 bo-

2086 1217 2289 1271 minent
2334 1215 2436 1271 sub
2480 1214 2732 1286 exemplo
2782 1213 2969 1269 docuit
3004 1214 3283 1271 discereet
3299 1215 3515 1277 audire,
3548 1213 3682 1285 quid

2087 1308 2321 1363 humana
2347 1307 2698 1379 praesumptio
2729 1304 2999 1376 superﬂua
3030 1305 3361 1376 loquacitate
3382 1307 3587 1377 appetit
3630 1306 3683 1360 in

2086 1413 2319 1455 vacuum
2344 1398 2593 1469 garrire?

2162 1506 2182 1541 ι
2226 1487 2368 1542 Ante
2393 1488 2712 1559 grandinem
2738 1487 2951 1557 praibit
2975 1486 3313 1551 coruscatio;
3346 1494 3403 1540 et
3435 1494 3565 1541 ante
3594 1502 3684 1541 ve-

399 1599 598 1652 tionem
619 1595 721 1650 viri
751 1594 1043 1664 ampliﬁcat
1069 1593 1305 1647 cbaritas
1345 1601 1508 1645 rectae
1540 1589 1686 1653 ﬁdei,
1727 1603 1849 1659 quae
1879 1603 1988 1659 per
2092 1597 2111 1631 ι
2156 1578 2469 1634 recundiam
2497 1578 2710 1647 pmibil
2745 1578 2939 1650 gratia,
2967 1586 3023 1634 et
3060 1592 3158 1648 pro
3186 1577 3497 1632 reverentia
3529 1592 3684 1631 acce-

397 1687 741 1765 dilectionem
758 1692 1033 1755 operatur,
1057 1692 1113 1737 et
1137 1682 1393 1753 mysteria
1413 1680 1681 1752 passionis
1694 1680 1986 1736 Dominicze
2012 1664 2060 1724 Β
2094 1686 2112 1719 ⁸
2158 1667 2251 1765 de}
2270 1666 2366 1722 ubi
2548 1665 2743 1765 βτῧιίίξο
2774 1685 2798 1718 θ
2830 1664 3031 1765 ιιιεοτ
3049 1665 3444 1765 ξῖοτυεοθῑξοηίε

399 1777 667 1847 condigne
691 1779 1021 1832 venerantur
1040 1781 1407 1855 sacramento.

482 1889 500 1920 ‹
540 1868 676 1923 Audi
711 1875 920 1931 tacens,
957 1873 1013 1921 et
1036 1880 1135 1936 pro
1161 1862 1462 1919 reverentia
1485 1859 1709 1917 accedet
1740 1859 1833 1915 tibi
1863 1875 1989 1930 gra-

407 1980 426 2010 ι
457 1960 531 2013 tia
561 1960 759 2015 bonan
780 1957 1071 2027 Postquam
1092 1956 1159 2011 de
1181 1954 1412 2025 spiritali
1441 1954 1628 2009 laetitia
1656 1953 1988 2030 musicorpm

402 2051 456 2106 in
479 2049 725 2105 convivio
745 2050 851 2103 vini
882 2049 1093 2119 mystici
1124 2048 1439 2118 disputavit,
1468 2047 1674 2103 addidit
1696 2048 1763 2101 de
1805 2046 1991 2103 mode-

397 2142 502 2196 stia
551 2154 878 2203 sermonem,
927 2155 993 2194 ne
1027 2139 1166 2196 forte
1201 2139 1324 2208 quis
1353 2152 1479 2193 eum
1515 2138 1808 2195 clamorem
1840 2135 1990 2191 vocis

395 2229 482 2286 vel
515 2230 656 2285 risus
681 2230 1006 2284 cachinnum
1055 2228 1110 2283 in
1157 2227 1419 2298 μεωῶοω
1457 2228 1705 2283 convivio
1744 2228 1989 2283 exaltare

396 2321 534 2377 velle
554 2322 866 2376 aestimaret.
894 2338 915 2371 ι
943 2319 1103 2394 Audi,
1134 2318 1332 2389 inquit,
1365 2329 1569 2383 tacens,
1600 2328 1657 2374 et
1690 2333 1796 2388 pro
1843 2333 1991 2373 reve-

401 2413 574 2467 rentia
618 2412 839 2467 accedet
868 2410 964 2465 tibi
991 2410 1166 2479 gratia
1208 2409 1372 2467 bona.
1410 2427 1432 2462 i
1489 2408 1678 2480 itaque
1709 2424 1873 2478 quam
1899 2408 1990 2464 bo-

401 2519 528 2557 num
576 2503 647 2557 sit
694 2501 893 2556 silentii
922 2498 1253 2565 reverentia,
1278 2499 1520 2557 ostendit
1560 2498 1860 2570 legislator,
1906 2498 1989 2554 di-

348 2594 356 2603 ’
397 2611 528 2651 cens
554 2595 620 2649 ad
634 2593 895 2664 populum
918 2593 1155 2664 priorem
1182 2610 1195 2647 :
1233 2609 1251 2643 ‹
1286 2591 1447 2659 Audi,
1480 2591 1667 2657 lsrael,
1694 2600 1754 2647 et
1782 2599 1921 2645 tace.
1961 2611 1980 2644 ι

400 2687 538 2742 llinc
575 2696 631 2741 et
661 2685 913 2742 Salomon
942 2688 1058 2741 ait:
1095 2706 1113 2738 ι
1150 2685 1251 2741 Fili
1289 2685 1385 2750 mi,
1412 2684 1634 2740 attende
1661 2684 1987 2756 sapientiam

395 2791 598 2844 meum,
635 2784 692 2832 et
719 2776 1019 2846 prudentia:
1069 2790 1204 2830 mete
1254 2774 1453 2830 inclina
1502 2789 1691 2829 aurem
1744 2781 1892 2827 tuam
1928 2781 1989 2826 ut

391 2867 673 2923 custodias
709 2867 1087 2938 cogitationes,
1117 2874 1174 2921 ct
1202 2866 1545 2936 disoiplinam
1570 2865 1714 2921 labia
1745 2873 1834 2919 tua
1864 2879 1989 2919 ron-

391 2964 616 3013 servent
674 2954 858 3028 (Prov.
899 2956 1052 3028 un).
1114 2975 1133 3008 ι
1178 2956 1222 3011 Ε
1280 2957 1556 3013 contrario
1605 2970 1733 3012 vero
1760 2956 1893 3010 dicit
1921 2956 1987 3011 de

391 3049 628 3104 anulicre
652 3056 915 3103 extranea
940 3058 993 3102 et
1038 3046 1239 3113 aliena,
1285 3064 1405 3117 qua:
1451 3048 1616 3102 verba
1663 3062 1761 3101 sua
1807 3045 1986 3101 dulcia

392 3136 536 3191 facit
567 3154 623 3190 :c
654 3135 963 3203 Pneparata
989 3144 1075 3190 est
1097 3135 1166 3190 ad
1187 3135 1480 3205 capiendas
1504 3135 1741 3201 animas;
1759 3136 1987 3206 garrula

387 3218 457 3279 et
479 3240 634 3295 vaga,
665 3223 863 3292 quietis
893 3222 1202 3293 impatiens,
1228 3238 1328 3279 nec
1370 3224 1555 3279 valens
1581 3224 1636 3279 in
1668 3224 1827 3279 deum
1852 3239 1987 3279 con-

387 3318 595 3373 sistere
632 3316 858 3386 pedibus
879 3315 1011 3371 suis.
1054 3333 1072 3368 ι
1110 3316 1248 3371 llinc
1285 3332 1501 3387 quoque
1541 3315 1780 3372 Jacobus
1818 3316 2011 3372 frater'

391 3406 615 3462 Domini
638 3406 693 3460 in
718 3405 960 3476 Epistula
995 3422 1092 3462 sua
1118 3407 1396 3474 admonet,
1436 3407 1622 3464 dicens
1651 3425 1665 3461 :
1704 3426 1722 3460 ι
1778 3406 1862 3462 Sit
1885 3425 1986 3463 au-

402 3507 512 3554 tem
542 3496 719 3553 omnis
751 3498 913 3553 bonne
935 3497 1088 3553 velox
1119 3498 1187 3552 ad
1211 3498 1561 3564 audiendum,
1594 3499 1781 3554 tardus
1805 3508 1986 3554 autem

396 3588 466 3642 ad
523 3586 874 3657 loquendum,
924 3595 979 3642 et
1026 3587 1214 3642 tardus
1262 3587 1331 3642 ad
1375 3587 1513 3641 iram
1563 3586 1705 3658 (Jac.
1741 3587 1802 3660 ι).
1843 3608 1863 3640 ι
1920 3588 1988 3644 Ει

400 3680 535 3735 item
566 3696 581 3734 :
608 3698 634 3730 ‹
672 3678 865 3744 Nolite,
891 3679 1088 3749 inquit,
1119 3680 1302 3750 plures
1340 3679 1584 3751 magistri
1613 3679 1753 3745 fieri,
1786 3679 1986 3736 fratres

398 3771 529 3836 mei,
579 3771 815 3826 scientes
862 3772 1118 3840 quoniam
1150 3769 1324 3841 majus
1347 3771 1615 3842 judicium
1645 3773 1893 3839 sumitis;
1932 3773 1986 3828 in

388 3861 584 3917 multis
606 3861 749 3917 enim
776 3860 1100 3918 oll‘cndimus
1132 3878 1342 3918 omnes.
1389 3882 1409 3916 ι
1447 3862 1507 3919 Si
1549 3864 1672 3933 quis
1716 3874 1896 3920 autem
1933 3864 1986 3919 in

393 3954 566 4008 verbo
592 3969 700 4009 non
732 3952 979 4019 offendit,
1033 3954 1124 4009 hic
1155 3953 1427 4025 perfectus
1473 3962 1557 4010 est
1595 3954 1699 4009 vir.
1748 3954 1903 4011 Unde
1934 3963 1990 4010 et

390 4045 667 4115 Sapientia
688 4045 1011 4116 discipulum
1041 4045 1281 4112 instruit,
1306 4046 1521 4101 dicens:

476 4155 496 4189 ε
539 4135 870 4194 Adolescens
888 4138 1111 4207 loquere
1130 4138 1182 4192 in
1212 4146 1303 4192 tua
1324 4152 1488 4193 causa
1508 4137 1597 4192 vix
1617 4152 1741 4194 cum
1767 4152 1989 4194 necesse

402 4250 425 4281 ‹
468 4228 651 4284 fuerit.
703 4227 760 4285 Si
806 4229 891 4287 bis
938 4230 1303 4299 interrogatus
1350 4228 1543 4296 fueris,
1590 4230 1786 4286 habeat
1827 4239 1991 4301 caput

393 4339 425 4375 α
460 4333 789 4390 mpousum
817 4328 988 4374 tuum.
1031 4318 1090 4373 in
1116 4318 1302 4374 multis
1331 4330 1450 4375 esto
1484 4319 1640 4390 quasi
1674 4319 1901 4382 inscius.
1934 4329 1990 4376 et

392 4430 425 4463 σι
456 4410 598 4465 audi
622 4418 810 4466 tacens
827 4408 1077 4467 simulet
1098 4423 1367 4479 quaerens.
1396 4409 1456 4463 in
1494 4409 1672 4465 medio
1700 4420 1986 4480 magnato-

390 4522 424 4552 «ι
472 4517 593 4557 rum
613 4516 720 4557 non
738 4514 1065 4571 praesumus;
1089 4509 1147 4555 et
1167 4499 1259 4556 ubi
1281 4510 1409 4556 sunt
1427 4515 1605 4567 senes,
1628 4516 1737 4556 non
1761 4503 1985 4559 multum

390 4610 425 4643 4
472 4590 734 4663 loquaris.
772 4610 792 4643 ι
826 4589 1053 4660 Oportet
1096 4604 1229 4662 ergo
1262 4589 1585 4662 magistrum
1617 4590 1763 4663 loqui
1790 4603 1850 4649 et
1889 4594 1987 4649 do-

388 4694 543 4745 icere,
576 4679 895 4752 discipulum
934 4694 1063 4738 vero
1100 4680 1354 4736 convenit
1380 4690 1561 4737 tacere
1597 4690 1655 4737 et
1680 4682 1887 4739 audire.
1924 4685 1991 4740 Et

392 4773 450 4832 si
470 4772 687 4843 quando
707 4771 995 4844 contigerit
1020 4787 1148 4828 eum
1183 4771 1352 4842 loqui,
1374 4785 1547 4841 pauca
1567 4780 1623 4827 et
1649 4772 1988 4830 rationabilia

402 4865 570 4919 verba
590 4862 849 4933 proferat,
877 4879 948 4919 ne
975 4863 1227 4919 videatur
1244 4862 1366 4934 plus
1391 4862 1538 4934 loqui
1564 4878 1727 4934 quam
1748 4864 1984 4934 expedit.

399 4952 519 5009 Hoc
551 4954 716 5015 etiam
760 4953 874 5023 ipse
924 4953 1184 5009 Dominus
1217 4969 1316 5009 suo
1366 4952 1613 5024 exemplo
1667 4969 1768 5010 nos
1811 4953 1990 5011 facere

395 5044 606 5107 (laena,
634 5036 850 5116 quando
876 5046 939 5101 in
982 5046 1319 5103 Hierusalem
1348 5047 1716 5104 duodecennis
1764 5049 1991 5105 sedebat

384 5134 463 5193 .iu
520 5134 698 5191 medio
750 5135 1030 5191 doctorum
1082 5138 1306 5193 audiens
1337 5137 1455 5192 illos
1500 5146 1557 5192 et
1621 5138 1985 5209 interrogans.

401 5225 483 5283 De
525 5241 641 5300 quo
681 5226 941 5282 continuo
996 5227 1271 5297 Scriptura
1322 5228 1640 5299 subjungit,
1728 5228 1916 5285 dicens
1969 5247 1984 5283 :

403 5335 431 5368 ιι
474 5317 775 5389 Stupebant
799 5325 979 5373 autem
1022 5333 1216 5373 omnes
1267 5334 1429 5390 super
1476 5319 1765 5388 prudentia
1810 5327 1869 5374 et
1902 5334 1992 5374 re-

398 5410 617 5481 sponsis
640 5408 761 5480 ejus
794 5408 946 5483 (Luc.
974 5407 1075 5481 IV).
1110 5428 1132 5463 ι
1171 5408 1369 5465 Doctor
1391 5409 1705 5481 angelorum
1730 5420 1858 5465 ante
1895 5411 1994 5466 tri-

400 5499 630 5555 eennale
657 5509 867 5570 tempus
898 5500 952 5554 in
985 5507 1129 5555 terra
1160 5500 1419 5571 magister
1447 5500 1563 5555 ﬁeri
1590 5500 1760 5555 noluit
1807 5500 1988 5554 homi-

404 5603 578 5653 num,
646 5600 706 5644 ut
758 5590 1006 5647 videlicet
1068 5591 1420 5661 praecipitans
1474 5592 1579 5647 vim
1639 5590 1982 5647 saluberrimi

2089 1760 2300 1830 pondus
2322 1758 2619 1830 grandinis,
2672 1756 2754 1812 sic
2800 1757 2968 1812 etiam
3013 1757 3157 1811 nitor
3179 1756 3370 1827 gratia:
3420 1755 3685 1826 prmcedit

2090 1849 2323 1920 gratiam
2359 1848 2716 1907 verecundia).
2748 1853 2805 1901 et
2843 1854 3008 1917 auget
3026 1861 3127 1918 pro
3150 1846 3458 1902 reverentia
3482 1845 3685 1900 donum

2091 1953 2339 2011 supernae
2361 1936 2566 2008 gloriae.

2229 2028 2297 2083 Et
2324 2028 2458 2083 hora
2481 2027 2734 2099 surgendi
2752 2043 2864 2083 non
2896 2035 2947 2083 te
2971 2027 3135 2083 trices
3162 2046 3174 2080 :
3204 2042 3481 2098 praecurre
3502 2036 3681 2082 autem

2089 2156 2108 2173 .
2159 2120 2308 2190 prior
2350 2119 2407 2174 in
2451 2120 2671 2175 domum
2699 2128 2870 2186 tuam,
2922 2126 2978 2174 et
3007 2118 3119 2174 illic
3163 2133 3419 2184 avocare,
3472 2127 3531 2174 et
3574 2119 3684 2175 illic

2097 2227 2115 2261 ε
2162 2208 2306 2276 lude,
2335 2218 2391 2265 et
2419 2224 2518 2281 age
2546 2209 2930 2279 conceptiones
2957 2216 3095 2271 tuas,
3146 2216 3204 2263 et
3244 2222 3352 2264 non
3397 2208 3449 2263 in
3476 2208 3685 2264 delictis

2098 2319 2115 2351 ‹
2162 2308 2217 2355 et
2254 2300 2420 2355 verbo
2448 2300 2703 2369 superbo.
2735 2300 2804 2354 Et
2846 2300 3121 2371 superbis
3161 2299 3413 2355 omnibus
3459 2299 3685 2356 benedic

2099 2408 2117 2441 ‹
2167 2389 2334 2445 Deum
2365 2390 2457 2460 qui
2489 2389 2617 2445 fecit
2646 2398 2722 2456 te,
2757 2399 2815 2446 et
2840 2390 3200 2446 inebriantem
3227 2401 3282 2446 te
3314 2391 3385 2447 ab
3429 2393 3683 2447 erunibus

2096 2498 2116 2530 ι
2165 2478 2320 2534 bonis
2357 2480 2490 2535 suis.
2527 2499 2547 2533 ι
2582 2479 2855 2537 Admonet
2892 2497 2961 2536 ne
3001 2482 3174 2537 simus
3202 2481 3389 2538 tristes
3416 2498 3513 2538 seu
3546 2483 3683 2538 tardi

2091 2575 2147 2630 in
2179 2574 2460 2644 disciplina
2488 2582 2543 2630 et
2571 2575 2925 2630 meditatione
2945 2574 3240 2646 sapientize,
3274 2575 3370 2631 sed
3394 2575 3681 2630 redeamus

2091 2668 2160 2723 ad
2219 2675 2454 2722 mentem
2517 2676 2781 2734 nostram,
2842 2675 2900 2723 et
2956 2667 3010 2722 in
3068 2667 3287 2723 domum
3336 2667 3680 2723 conscientia:

2092 2767 2290 2814 nostra:
2316 2774 2418 2814 nos
2446 2774 2756 2825 avocemus,
2788 2770 2844 2814 et
2879 2758 3005 2815 illuc
3037 2774 3134 2831 per
3160 2758 3372 2815 sobrias
3400 2761 3683 2833 cogitatio-

2093 2866 2188 2906 nes
2216 2849 2538 2905 ventilemns
2576 2858 2633 2904 et
2677 2838 3013 2905 ruminémus
3045 2851 3208 2904 verba
3240 2848 3543 2922 Scriptura:
3590 2865 3677 2905 sa—

2090 2962 2221 3001 crae.
2276 2943 2614 3015 Omninoque
2668 2959 2980 3011 caveamus,
3035 2959 3104 2999 ne
3150 2943 3407 3014 cogitatio
3449 2944 3678 3014 superba

2013 3008 2058 3070 C
2090 3037 2347 3108 subrepat
2367 3008 2544 3103 nobis,
2576 3045 2632 3092 et
2662 3037 2784 3092 inde
2807 3008 2974 3093 faciat
3009 3052 3109 3092 nos
3155 3008 3277 3091 reos
3320 3008 3675 3102 coram-Deo,

2086 3130 2422 3187 testimantes
2460 3128 2603 3200 quod
2642 3129 2971 3185 sufﬁcientes
3011 3129 3181 3185 simus
3204 3130 3448 3199 cogitare
3476 3129 3676 3198 aliquid

2088 3240 2119 3277 a
2142 3224 2296 3279 nobis
2323 3222 2479 3295 quasi
2507 3237 2576 3277 ex
2623 3223 2782 3278 nobis
2826 3239 2841 3276 :
2885 3222 2980 3279 sed
3013 3220 3394 3278 suilicieutiam
3434 3230 3674 3276 nostram

2086 3316 2309 3371 omnino
2355 3329 2424 3369 cx
2472 3314 2583 3370 Deo
2611 3328 2733 3370 esse
2785 3315 3119 3381 noverimus,
3167 3314 3261 3384 qui
3310 3312 3549 3385 Spiritus
3594 3315 3676 3368 sui

2087 3406 2227 3462 dono
2257 3403 2386 3461 fecit
2416 3420 2515 3461 nos
2556 3420 2676 3462 esse
2704 3404 2965 3463 docibiles
2992 3414 3050 3462 et
3081 3406 3321 3462 intentos
3350 3407 3419 3461 ad
3457 3397 3675 3462 discen-

2086 3499 2212 3554 dam
2256 3498 2580 3568 sapientiam
2621 3514 2795 3555 suam.
2838 3498 3017 3569 Ipsum
3056 3514 3273 3569 semper
3296 3498 3678 3555 benedieamus

2086 3588 2179 3660 qui
2208 3587 2339 3643 fecit
2365 3603 2485 3655 nos,
2508 3586 2567 3643 et
2590 3603 2688 3660 per
2711 3590 2943 3660 gratiam
2975 3604 3132 3645 suam
3173 3589 3330 3645 bonis
3364 3589 3482 3645 suis
3505 3590 3679 3660 reple-

2087 3682 2165 3737 vit
2192 3698 2206 3735 :
2232 3680 2320 3736 cui
2358 3682 2432 3736 sit
2475 3681 2667 3746 bonor,
2702 3690 2757 3736 et
2783 3681 2974 3752 gloria,
3020 3689 3074 3738 et
3110 3689 3355 3752 potestas
3403 3682 3459 3736 in
3498 3681 3679 3736 omnia

2086 3771 2285 3828 sascula
2315 3771 2663 3828 stimulorum.
2684 3770 2878 3827 Amen.

2162 3884 2181 3918 ι
2224 3863 2328 3933 Qui
2353 3865 2509 3921 timet
2536 3865 2728 3931 Deum,
2751 3866 2986 3936 excipiet
3005 3865 3307 3922 doctrinam
3327 3865 3483 3936 ejus;
3516 3875 3571 3922 et
3588 3868 3676 3938 qui

2091 3980 2111 4014 ι
2153 3960 2457 4032 vigilaverit
2499 3959 2569 4014 ad
2614 3959 2786 4026 illum,
2823 3959 3060 4015 inveniet
3129 3959 3565 4017 benedictionem
3620 3960 3677 4015 il-

2094 4069 2113 4103 i
2156 4049 2282 4106 lius.
2331 4070 2351 4103 ι
2386 4049 2502 4106 Hoc
2527 4059 2611 4105 est
2636 4050 2890 4105 indicium
2920 4051 3131 4106 timoris
3166 4051 3285 4116 Dei,
3326 4052 3486 4122 quod
3519 4050 3677 4107 homo

2088 4143 2373 4215 diligenter
2400 4142 2690 4198 meditetur
2735 4142 2909 4215 legem
2951 4141 3085 4212 ejus,
3134 4152 3189 4199 et
3221 4143 3504 4199 humiliter
3530 4145 3675 4199 exci-

2086 4232 2202 4304 piat
2266 4232 2570 4291 doctrinam
2619 4233 2785 4298 illius,
2839 4234 3018 4306 sitque
3060 4234 3187 4307 vigil
3234 4247 3290 4291 et
3334 4245 3592 4292 strenuus
3623 4237 3675 4290 in

2012 4359 2065 4419 Β
2089 4323 2333 4419 custodia
2362 4324 2740 4419 mandatorum
2784 4326 2918 4397 ejus,
2947 4336 3003 4419 et
3022 4326 3315 4419 sicp‘ro-cul
3343 4326 3512 4383 dubio
3540 4327 3677 4383 acci—

2090 4412 2204 4482 piet
2225 4412 2653 4469 benedictionem
2681 4415 3131 4472 remunerationis
3156 4415 3317 4471 illius.

2170 4523 2188 4555 ι
2234 4502 2335 4571 Qui
2356 4504 2548 4573 quaerit
2579 4504 2773 4576 legem,
2803 4505 3100 4576 replebitur
3123 4508 3192 4560 ab
3219 4522 3320 4573 ea;
3349 4515 3407 4562 et
3427 4507 3521 4577 qui
3552 4507 3674 4563 insi-

2099 4613 2117 4646 ι
2161 4592 2309 4649 diose
2346 4592 2478 4662 agit,
2509 4594 2968 4649 scandalizabitur
2994 4595 3049 4649 in
3074 4594 3182 4649 illa.
3209 4614 3228 4647 ι
3256 4594 3450 4667 Magna
3472 4595 3669 4650 distan-

2092 4689 2164 4743 tia
2204 4698 2289 4746 est
2317 4690 2457 4746 inter
2494 4689 2815 4747 benevolum
2861 4691 2996 4762 legis
3043 4691 3140 4749 Dei
3188 4701 3576 4758 scrutatorem,
3622 4699 3673 4746 et

2080 4781 2408 4846 insidiosum
2439 4792 2601 4839 rectae
2626 4783 2881 4839 doctrina:
2918 4791 3282 4855 captatorem;
3328 4783 3475 4840 inter
3495 4784 3673 4841 catho-

2083 4870 2254 4927 .licum
2285 4879 2456 4928 recte
2497 4872 2622 4927 fidei
2676 4879 3028 4938 sectatorem,
3076 4883 3132 4928 et
3177 4872 3501 4930 haereticum
3557 4873 3670 4928 falsi

2092 4962 2357 5033 dogmatis
2379 4977 2696 5033 perversum
2718 4963 3072 5018 inventorem.
3100 4963 3192 5019 llle
3230 4965 3379 5020 enim
3413 4964 3558 5036 quod
3590 4965 3673 5036 ju-

2091 5058 2237 5107 stum
2263 5060 2349 5105 est
2385 5050 2534 5121 juste
2562 5050 2897 5121 exsequitur,
2931 5052 3033 5108 iste
3057 5053 3345 5111 veritatem
3372 5053 3429 5109 in
3458 5055 3673 5110 menda-

2090 5142 2234 5218 cium
2273 5143 2590 5199 subvertere
2619 5142 2843 5208 nititur;
2900 5142 2991 5198 ille
3032 5142 3258 5199 devotus
3284 5145 3437 5200 verbi
3460 5145 3558 5200 Dei
3594 5156 3673 5201 est

2096 5232 2329 5298 auditor,
2366 5232 2467 5287 iste
2504 5231 2806 5288 malitiosos
2846 5232 3247 5305 Scripturarum
3287 5243 3372 5291 est
3413 5236 3674 5307 interme

2096 5331 2270 5390 lator;
2300 5324 2391 5380 ille
2412 5325 2551 5379 bona
2584 5340 2833 5394 quaerens
2859 5326 3153 5395 replebitur
3190 5327 3370 5393 bonis,
3397 5327 3502 5383 iste
3524 5344 3674 5382 scau-

2093 5415 2213 5470 dala
2251 5416 2571 5473 macltinans
2617 5417 3073 5474 scandalizabitur
3131 5419 3189 5473 in
3234 5418 3364 5475 illis.
3425 5418 3576 5475 Unde
3619 5426 3677 5469 et

2089 5508 2337 5564 subditur
2360 5526 2379 5563 ε

2161 5616 2181 5648 r
2226 5596 2328 5665 Qui
2374 5598 2564 5654 timent
2605 5599 2910 5667 Dominum,
2953 5601 3229 5658 invenient
3279 5600 3543 5672 judicium
3588 5601 3679 5671 ju-
