3926 6168
351 234 459 293 999

985 230 1047 287 Β.
1088 228 1341 287 RABANI
1378 227 1598 286 MAURI
1636 224 1960 283 ARCHIEP.
2004 225 2243 282 MOGUN
2262 224 2313 280 l‘.
2356 220 2645 280 UPERUM
2679 222 2861 279 PARS
2898 223 2940 286 l.

3490 221 3641 279 {000

347 360 475 418 ergo
488 341 831 400 contidu'ntin
852 339 961 405 illo,
978 354 1085 394 non
1102 338 1530 403 minorabuntur,
1551 352 1653 393 nec
1666 351 1695 392 a
1712 335 1946 408 maligno
1975 342 2021 401 Α
2051 337 2154 395 fide
2179 335 2232 407 (I
2255 334 2400 390 Patr.
2418 334 2526 406 ιιι).
2591 335 2634 391 E
2654 345 2844 391 contra
2864 350 2997 391 vero
3016 339 3082 395 de
3107 339 3289 394 stultis
3316 340 3647 408 prauiicaw-

347 434 875 493 scaudalizabuntur.
935 428 1087 484 Unde
1138 445 1236 500 per
1282 429 1611 500 Prophetam
1670 428 1871 483 dicitur
1918 445 1931 480 :

346 526 451 595 Qui
511 523 782 580 conﬁdunt
812 520 866 575 in
916 519 1144 575 Domino
1197 520 1339 593 sicut
1387 534 1543 573 mons
1595 516 1771 584 Sion,
1828 532 1939 572 non

347 611 771 671 commovebitur
814 610 867 663 in
918 617 1178 664 aeternum
1223 609 1315 679 qui
1351 607 1559 665 habitat
1596 607 1650 662 in
1683 607 1939 681 Hierusa-

348 711 452 765 lem
502 706 672 778 (Psal.
707 704 911 775 cxxtv).
972 723 990 755 ι
1040 704 1108 759 Et
1155 703 1285 758 alibi
1333 721 1347 757 :
1401 722 1422 755 ι
1484 701 1692 767 Omnis,
1737 700 1936 772 inquit,

347 797 695 871 quicreditin
719 795 831 860 illo,
861 811 967 850 non
990 792 1392 868 confundetur(
1430 792 1580 849 Rom.
1601 806 1636 846 ι
1688 791 1730 866 ).
1770 811 1788 846 ι

947 926 1175 982 CAPUT
1248 925 1342 981 XI.

350 1040 573 1095 Timenti
605 1039 887 1093 Dominum
921 1055 1021 1092 non
1047 1046 1320 1091 occurrent
1352 1036 1493 1091 mala
1548 1035 1638 1091 sed
1661 1050 1754 1105 pro
1780 1036 1939 1091 meri-

803 1111 870 1163 tis
898 1110 1207 1163 wtsrm’tatis
1235 1109 1472 1178 prwmia.

421 1230 568 1316 (Car.
595 1241 811 1315 xxxm.)
848 1262 866 1294 ι
902 1241 1132 1296 Timenti
1166 1242 1453 1296 Dominum
1501 1257 1609 1297 non
1652 1248 1941 1298 occurrent

418 1335 580 1400 mala,
623 1335 716 1389 sed
759 1334 813 1387 in
855 1334 1153 1387 tentatione
1186 1331 1327 1387 Deus
1373 1332 1522 1388 illum
1570 1333 1937 1399 conservabit,

355 1444 375 1475 ε
407 1434 460 1477 et
477 1423 723 1478 liberabit
747 1438 776 1476 a
800 1423 975 1477 malis.
990 1442 1008 1474 ι
1030 1422 1249 1478 Certum
1271 1430 1356 1478 est
1375 1423 1517 1492 quod
1535 1423 1742 1479 timenti
1758 1424 1941 1478 Domi-

350 1515 553 1568 minum
583 1530 687 1569 non
711 1521 1000 1568 occurrent
1041 1514 1182 1568 mala
1234 1513 1433 1579 futura,
1461 1530 1581 1584 qua:
1607 1514 1808 1584 iniquis
1840 1530 1942 1585 pro

349 1604 585 1674 peccatis
636 1605 750 1658 suis
798 1614 1100 1674 prreparata
1157 1613 1316 1670 sunt,
1376 1606 1469 1660 sed
1523 1605 1576 1659 in
1643 1605 1941 1661 tentatione

2038 431 2190 486 ribus
2218 429 2464 501 sequitur
2488 445 2502 482 :

2112 539 2130 571 ‹
2165 518 2468 574 Prmenrdia
2500 515 2637 572 fatui
2673 517 2834 589 quasi
2867 527 2986 574 rota
3033 518 3202 583 carri,
3228 529 3288 574 et
3313 521 3471 589 quasi
3519 522 3649 577 axis

2043 629 2062 662 ι
2108 608 2382 664 versatilis
2423 608 2691 680 cogitatus
2720 607 2885 662 illius.
2911 627 2929 660 ι
2983 607 3138 663 Sicut
3163 624 3294 678 ergo
3326 618 3444 664 rota
3491 625 3645 665 carr'

2036 713 2093 758 et
2120 702 2241 757 axis
2267 699 2537 757 versatilis
2562 699 2802 756 insubili
2832 709 2978 753 motu
3007 714 3040 753 a
3066 700 3291 755 summis
3318 702 3387 755 ad
3417 702 3544 762 ima,
3572 703 3645 755 ab

2038 792 2162 851 imis
2190 791 2256 848 ad
2283 791 2563 860 superiora
2598 804 2658 845 se
2691 800 2942 859 vergunt.
2973 790 3052 846 sic
3083 791 3375 846 stultorum
3403 808 3648 862 ιιι-ποορ

2039 882 2149 947 dia,
2178 891 2233 938 et
2263 882 2644 937 hzereticorum
2673 881 2931 953 cogitatio
2954 895 3208 952 perversa
3239 896 3452 952 semper
3479 882 3625 935 iusta

2039 974 2178 1029 biles
2216 982 2379 1039 sunt;
2413 982 2470 1029 et
2498 974 2791 1043 aliquando
2838 973 2962 1038 hoc,
3010 973 3299 1043 aliquando
3344 990 3475 1030 vero
3509 975 3649 1032 illud

2040 1064 2299 1136 cogitant,
2318 1072 2504 1133 agunt,
2526 1072 2583 1120 et
2603 1064 2820 1129 docent,
2844 1079 2948 1118 nec
2969 1063 3170 1134 aliquid
3193 1066 3336 1133 apud
3355 1078 3451 1121 eos
3473 1064 3645 1120 fixum

2041 1167 2096 1210 et
2128 1154 2322 1210 stabile
2356 1163 2562 1219 manet,
2589 1155 2685 1211 sed
2716 1166 2933 1224 semper
2960 1154 3111 1209 vario
3142 1155 3303 1211 modo
3338 1164 3641 1210 mutantur.

2046 1243 2201 1301 Unde
2228 1245 2294 1301 de
2325 1245 2406 1300 eis
2437 1245 2703 1316 scriptum
2727 1228 2812 1298 est
2837 1263 2849 1297 :
2882 1264 2899 1295 ι
2926 1243 3136 1299 Stultus
3158 1253 3214 1298 ut
3245 1243 3372 1299 luna
3400 1254 3646 1300 minatur

2044 1335 2234 1407 (Ecclt'.
2273 1335 2463 1406 xxv").
2492 1357 2509 1387 ι
2559 1335 2624 1390 Et
2660 1336 2832 1390 item:
2867 1353 2885 1386 ι
2916 1334 3044 1401 Cor,
3092 1335 3299 1406 inquit,
3348 1337 3644 1392 stultorum

2042 1424 2304 1482 dissimile
2326 1425 2434 1480 erit
2463 1424 2646 1494 (Prov.
2671 1424 2784 1496 xv).
2811 1444 2830 1477 ι

2118 1536 2138 1570 ι
2169 1518 2353 1587 Equus
2378 1517 2691 1573 emissarius
2716 1517 2859 1572 sicut
2888 1517 3096 1572 amicus
3122 1519 3514 1583 subsannator,
3538 1519 3646 1576 sub

2050 1624 2069 1657 ι
2114 1610 2259 1662 omni
2290 1620 2450 1676 supra
2488 1609 2711 1662 sedente
2744 1606 2942 1662 hinnit.
2966 1626 2985 1659 ι
3026 1606 3505 1678 Comparationem
3534 1608 3647 1663 ele-

354 1696 494 1749 Deus
528 1694 673 1747 illum
703 1693 1069 1759 conservabit,
1103 1695 1249 1763 quia,
1275 1694 1429 1765 juxta
1462 1695 1605 1749 beati
1635 1695 1780 1750 Petri
1818 1711 1941 1751 sen-
1968 1704 2015 1763 B
2041 1708 2259 1768 gantem
2301 1698 2634 1753 irrationalis
2683 1698 2976 1753 animantis
3022 1700 3091 1754 ad
3128 1700 3352 1755 stultum
3400 1702 3641 1756 amicum

351 1785 596 1849 tentiam,
635 1802 653 1834 ‹
699 1784 859 1839 Novit
889 1784 1030 1839 Deus
1080 1786 1198 1855 pios
1228 1786 1293 1841 de
1333 1787 1631 1841 tentatione
1661 1787 1874 1858 eripere
1920 1804 1934 1841 :

350 1872 562 1943 iniquos
633 1888 760 1928 vero
822 1874 875 1929 in
933 1874 1077 1930 diem
1125 1874 1317 1946 judicii
1374 1876 1696 1932 cruciandos
1766 1891 1942 1932 reser-

350 1978 477 2017 vare
511 1962 600 2034 (II
633 1962 777 2017 Petr.
825 1964 921 2034 n);
968 1985 987 2017 ο
1053 1965 1307 2021 liberabit
1341 1965 1484 2021 enim
1532 1966 1791 2022 Dominus
1834 1967 1943 2021 ele—

350 2063 467 2109 ctos
492 2069 616 2109 suos
660 2071 689 2107 a
743 2055 917 2119 malis,
944 2056 1068 2124 quia
1098 2055 1338 2109 defendit
1362 2071 1455 2111 eos
1500 2072 1531 2109 a
1586 2055 1939 2125 malignorum

351 2146 634 2215 spirituum
684 2146 1115 2216 suggestionibus
1168 2146 1415 2201 nefandis
1442 2156 1498 2201 et
1538 2161 1824 2217 pravorum
1853 2147 1943 2200 ho.

354 2237 555 2290 minum
603 2236 909 2291 actionibus
956 2237 1248 2306 perversis,
1271 2254 1292 2289 ι
1320 2234 1576 2290 immittet
1590 2236 1732 2291 enim
1759 2234 1942 2290 Domi-

351 2342 452 2380 nus
481 2327 729 2397 angelum
764 2342 918 2382 suum
952 2327 1005 2380 in
1030 2328 1259 2381 circuitu
1287 2326 1588 2382 timentium
1625 2342 1748 2381 eum
1766 2326 1943 2397 justo-

352 2431 492 2478 rum,
523 2423 577 2467 et
598 2415 792 2484 eripiet
819 2429 912 2469 eos
936 2413 1106 2485 (Psal.
1133 2414 1351 2485 xxxm).
1401 2434 1419 2467 ι
1475 2415 1634 2470 Salus
1683 2423 1862 2470 autem
1909 2429 1942 2469 a

350 2505 578 2559 Domino
601 2513 703 2569 est,
740 2514 794 2559 et
821 2512 1098 2574 protector
1120 2519 1307 2560 eorum
1334 2512 1419 2559 est
1438 2504 1511 2558 ~in
1558 2512 1798 2574 tempore
1845 2503 1939 2558 tri-

353 2593 668 2650 bulationis.

431 2710 445 2741 l
492 2689 720 2757 Sapiens
764 2704 869 2742 non
905 2688 1020 2741 mlit
1064 2687 1315 2744 mandata
1361 2691 1419 2743 et
1445 2686 1705 2758 justitias,
1741 2694 1797 2741 et
1834 2700 1940 2740 non

2041 1786 2200 1849 facit,
2236 1788 2362 1858 quia
2403 1788 2546 1843 sicut
2584 1789 2640 1843 in
2675 1788 2836 1844 bruto
2861 1789 3110 1860 jumento
3151 1790 3296 1844 nulla
3342 1801 3426 1845 est
3476 1793 3640 1853 ratio,

2041 1879 2113 1933 ita
2139 1888 2193 1933 et
2224 1880 2275 1933 in
2309 1878 2445 1934 falso
2473 1879 2649 1935 amico
2679 1880 2858 1935 nullus
2886 1889 2973 1936 est
2997 1881 3266 1953 :equitatis
3290 1883 3447 1937 ordo.
3480 1882 3643 1938 Sicut

2039 1969 2184 2024 enim
2214 1977 2384 2039 equus
2430 1970 2662 2026 lascivus
2700 1979 2757 2026 et
2792 1972 3112 2042 super-biens
3142 1973 3357 2028 hinnitu
3394 1989 3497 2029 suo
3530 1992 3641 2029 non

2041 2063 2301 2118 discernit
2333 2064 2476 2127 inter
2499 2079 2686 2120 verum
2718 2064 2996 2120 dominum
3023 2075 3077 2121 et
3104 2065 3358 2132 alienum,
3391 2068 3472 2122 sic
3504 2069 3643 2122 stul-

2041 2162 2129 2209 tus
2155 2164 2209 2210 et
2248 2155 2455 2210 derisor
2484 2170 2589 2211 non
2622 2156 2882 2213 discernit
2925 2157 3116 2227 spiritu
3153 2173 3254 2215 suo
3280 2158 3423 2214 inter
3461 2160 3639 2230 hypo-

2041 2244 2233 2299 critam
2262 2254 2316 2300 et
2345 2245 2557 2300 ﬁdelem
2585 2247 2849 2311 amicum;
2880 2247 2973 2302 sed
3002 2262 3097 2317 per
3120 2247 3232 2303 oris
3259 2246 3461 2314 ollicia,
3492 2266 3641 2304 mei)-

2043 2335 2114 2391 tis
2137 2336 2417 2407 mqualiter
2438 2338 2655 2410 utrique
2682 2339 2871 2408 pandit
2898 2347 3126 2393 secreta.

2119 2443 2138 2477 ‹
2168 2426 2347 2494 Quare
2390 2426 2507 2482 dies
2533 2428 2676 2483 diem
2707 2436 2944 2497 superat.
2973 2437 3029 2483 et
3058 2429 3253 2483 iterum
3284 2427 3378 2483 lux
3425 2432 3639 2493 lucem.

2047 2535 2066 2568 ι
2113 2524 2167 2571 et
2195 2531 2369 2571 annus
2408 2534 2608 2573 annum
2645 2535 2675 2572 a
2704 2518 2857 2573 sole?
2885 2518 2931 2572 Α
2969 2518 3182 2573 Domini
3212 2519 3443 2574 scientia
3484 2536 3644 2590 sepa-

2047 2623 2069 2657 ‹
2112 2607 2217 2660 rati
2251 2616 2378 2661 sunt
2421 2606 2565 2662 facto
2601 2606 2714 2664 sole
2756 2617 2810 2662 et
2855 2616 3181 2678 praeceptum
3216 2611 3580 2665 cnStodicnte.
3613 2630 3636 2664 ι

2041 2691 2177 2762 Quia
2205 2694 2357 2762 prius
2384 2696 2710 2766 vituperavit
2740 2697 2887 2751 stulti
2920 2697 3154 2752 hominis
3192 2684 3657 2769 imprudentiam:

356 2798 377 2828 ‹
421 2777 659 2831 illidetur
683 2776 837 2845 quasi
864 2777 915 2829 in
942 2776 1179 2844 procella
1207 2777 1379 2831 navis.
1406 2795 1425 2828 ι
1453 2775 1545 2830 llle
1570 2790 1699 2831 vero
1724 2775 1942 2845 sapiens
2004 2785 2294 2852 ‘quOIllﬂm
2347 2787 2548 2841 nullam
2600 2788 2653 2841 in
2709 2804 2887 2842 rerum
2937 2788 3381 2844 dissimilitudine
3450 2791 3642 2845 habuit

350 2876 461 2933 est,
496 2869 586 2936 qui
634 2882 738 2921 non
768 2868 882 2922 odit
923 2866 1017 2922 sed
1043 2867 1215 2938 diligit
1245 2866 1338 2920 Dei
1375 2866 1651 2929 mandata,
1676 2873 1730 2920 et
1760 2874 1942 2920 servat

348 2959 586 3028 justitias
613 2957 761 3026 ejus;
792 2958 883 3011 hic
917 2957 971 3010 in
1003 2958 1125 3010 navi
1164 2956 1419 3011 Ecclesiae
1454 2956 1659 3025 positus
1701 2970 1808 3009 non
1838 2954 1940 3008 illi-

2043 2874 2373 2939 distantiam,
2409 2889 2550 2929 nunc
2578 2913 2587 2922 .
2634 2877 2917 2933 conditore
2940 2877 3316 2933 universorum
3348 2883 3641 2936 ostendere

2045 2966 2155 3020 vult
2184 2966 2238 3020 in
2268 2968 2430 3023 rebus
2458 2968 2709 3023 omnibus
2740 2984 2863 3035 esse
2890 2972 3134 3025 ordinem
3171 2978 3414 3026 dC‘CCllllS
3448 2991 3636 3030 unum.

350 3051 507 3104 detur
527 3048 759 3118 procella
786 3047 1217 3117 persecutionem
1240 3054 1295 3100 et
1319 3046 1529 3100 turbine
1554 3045 1934 3107 teutationum,
1964 3042 2009 3104 C
2046 3075 2064 3108 ι
2094 3055 2219 3112 Dies
2262 3070 2390 3129 ergo
2424 3058 2564 3113 diem
2612 3070 2865 3130 εηρεηι,
2913 3070 2969 3117 ει
2997 3061 3089 3117 lux
3120 3062 3295 3119 lucem
3314 3105 3331 3130 ,
3377 3074 3433 3120 et
3465 3082 3638 3120 annus

348 3144 441 3197 sed
469 3157 565 3211 per
589 3140 773 3196 Iesum
802 3139 1065 3209 procellas
1091 3146 1468 3208 tempestatum
1496 3137 1722 3206 imperio
1745 3137 1939 3192 sedan-

349 3244 457 3287 tem
493 3244 547 3287 et
577 3231 772 3286 ﬂuctus
796 3222 935 3285 ηεαδνί
967 3229 1136 3282 maris
1162 3227 1566 3282 conculcautem
1596 3227 1931 3292 liberabitur,

347 3329 402 3377 et
431 3323 498 3376 ad
525 3328 741 3390 portum
766 3318 955 3373 salutis
983 3318 1331 3387 perducetur.

425 3429 443 3461 ‹
478 3410 650 3464 Homo
674 3415 922 3463 sensatus
943 3405 1116 3461 credit
1141 3405 1245 3477 legi
1276 3404 1394 3469 Dei,
1418 3411 1472 3458 et
1499 3403 1584 3459 lex
1607 3403 1682 3458 illi
1708 3402 1928 3459 ﬁdelis.»

348 3501 405 3556 Si
454 3501 542 3555 ille
594 3507 843 3555 sensatu‘s
871 3505 926 3552 et
953 3497 1171 3567 sapiens
1210 3505 1314 3561 est,
1342 3496 1433 3565 qui
1463 3494 1633 3549 credit
1665 3494 1767 3565 legi
1804 3494 1930 3561 Dei,

345 3593 566 3649 omnino
595 3591 683 3646 ille
714 3592 1017 3645 inseusatus
1047 3595 1101 3642 et
1136 3587 1332 3642 stultus
1360 3596 1461 3651 est,
1494 3586 1583 3656 qui
1620 3601 1729 3639 non
1760 3586 1934 3639 credit

347 3693 403 3739 et
447 3699 554 3738 non
586 3683 926 3751 obtemperat
953 3679 1057 3749 legi
1089 3678 1283 3733 divinae
1311 3696 1324 3731 :
1354 3677 1476 3747 quia
1506 3678 1589 3731 lex
1618 3677 1712 3731 Dei
1760 3675 1932 3732 fidelis

346 3781 448 3837 est,
472 3781 525 3826 et
553 3787 656 3826 non
680 3778 763 3826 est
789 3770 844 3824 in
870 3768 958 3823 illa
987 3768 1093 3823 ulla
1132 3767 1408 3837 iniquitas,
1441 3768 1536 3822 sed
1565 3766 1720 3837 plena
1761 3765 1931 3822 felici-

347 3873 446 3917 tas.
481 3862 588 3916 Lex
635 3861 779 3917 enim
826 3858 1060 3924 Domini,
1087 3856 1241 3927 juxta
1265 3856 1671 3927 Psalmographi
1712 3866 1930 3911 senten-

346 3958 505 4019 tiam,
552 3961 636 4007 est
690 3949 1216 4022 irreprehensibilis,
1258 3966 1276 4000 ‹
1306 3956 1629 4002 convertens
1676 3946 1885 4001 animas
1911 3965 1925 3977 ·

345 4044 711 4099 testimonium
770 4041 981 4095 Domini
1037 4038 1223 4103 ﬁdele,
1282 4037 1605 4106 sapientiam
1660 4044 1929 4108 prmstans

340 4134 581 4206 parvulis
609 4131 783 4206 (Psal.
812 4130 993 4203 xvm).
1028 4149 1046 4181 ι

418 4251 438 4284 ‹
480 4231 581 4298 Qui
625 4228 1100 4299 interrogationem
1151 4224 1492 4291 manifestat,
1537 4223 1753 4295 parabit
1799 4241 1923 4281 ver-

345 4342 365 4375 (
411 4324 559 4387 hum,
588 4329 643 4377 et
671 4320 751 4375 sic
778 4320 1098 4389 deprecatus
1135 4317 1475 4382 exaudiatur,
1500 4324 1554 4371 et
1580 4316 1925 4372 conservabit

2040 3162 2261 3213 annum,
2287 3166 2305 3199 ι
2350 3157 2571 3218 propter
2600 3151 2941 3206 ascendentis
2984 3148 3039 3207 ἂι
3081 3155 3464 3210 descendentis
3510 3157 3641 3213 satis

2037 3253 2278 3304 cursum,
2309 3240 2399 3308 qui
2424 3240 2563 3311 rigat
2583 3240 2649 3294 ad
2681 3240 3054 3307 meridiem,et
3083 3241 3316 3297 ﬂectitur
3337 3245 3405 3298 ad
3430 3247 3639 3315 aquilo-

2038 3341 2180 3393 nem,
2220 3328 2459 3384 lustrans
2487 3329 2741 3388 universa
2783 3331 3012 3387 circuitu
3042 3348 3162 3398 suo,
3190 3344 3247 3388 et
3276 3334 3638 3393 luniiaaribus

2033 3420 2335 3474 minoribus
2380 3419 2550 3474 radiis
2589 3421 2702 3476 suis
2744 3430 2966 3491 praestat
3012 3424 3392 3492 sp.emlorem,
3424 3427 3633 3481 discer-

2033 3526 2169 3566 nens
2211 3520 2471 3580 tempora,
2501 3510 2617 3567 dies
2643 3519 2699 3567 et
2724 3528 2921 3579 annos,
2954 3518 3082 3583 quia
3116 3515 3169 3569 in
3198 3525 3389 3571 testate
3428 3517 3635 3588 longin-

2033 3613 2122 3653 res
2147 3608 2201 3652 et
2232 3599 2495 3654 clariores
2534 3600 2649 3655 dies
2680 3602 2853 3656 reddit
2897 3618 3057 3671 quam
3108 3604 3305 3669 hieme,
3337 3617 3397 3660 et
3429 3622 3633 3661 annum

2031 3685 2167 3742 luna:
2193 3696 2247 3744 et
2276 3697 2599 3743 caeterorum
2644 3690 2882 3745 siderum
2919 3691 3050 3747 facit
3094 3694 3235 3750 inter
3264 3711 3324 3750 se
3352 3698 3635 3754 ordinabi-

2029 3777 2153 3832 liter
2182 3777 2544 3833 differentiam
2586 3779 2787 3836 habere
2823 3799 2836 3835 :
2870 3783 2997 3851 quia
3041 3786 3110 3837 ad
3139 3785 3241 3839 hoc
3286 3797 3507 3842 creatus
3547 3799 3629 3845 est

2029 3884 2153 3922 cum
2183 3869 2396 3923 caeteris
2441 3870 2729 3937 sideribus,
2759 3879 2821 3926 ut
2861 3882 3045 3928 essent
3074 3874 3127 3929 in
3174 3876 3363 3947 signa,
3410 3887 3467 3933 et
3498 3890 3625 3934 tem.

2028 3971 2178 4027 pora,
2208 3967 2262 4012 et
2299 3959 2432 4023 dies,
2469 3968 2524 4013 et
2552 3977 2740 4026 annos,
2770 3973 2825 4018 et
2854 3958 3165 4022 hominibus
3191 3968 3284 4037 qui
3316 3968 3493 4040 legem
3532 3972 3627 4027 Dei

2027 4052 2299 4121 accepturi
2328 4052 2542 4119 forent,
2589 4065 2737 4110 certa
2788 4057 3139 4114 festivitatum
3187 4056 3632 4119 demonstrarent

2028 4152 2288 4213 tempora.
2322 4145 2475 4202 Uule
2501 4150 2745 4218 sequitur
2779 4169 2793 4205 :

2103 4251 2122 4285 σ
2154 4234 2219 4288 Et
2259 4236 2563 4292 immutavit
2612 4247 2876 4310 tempora,
2915 4251 2969 4296 et
3006 4244 3122 4299 dies
3155 4245 3323 4302 festos
3354 4249 3619 4319 ipsorum,

2034 4344 2052 4375 ι
2097 4332 2152 4379 et
2186 4324 2239 4379 in
2271 4325 2376 4381 illis
2406 4328 2523 4382 dies
2558 4328 2725 4387 festos
2762 4332 3175 4391 celebraverunt
3204 4339 3271 4393 ad
3297 4340 3513 4399 horam.
3541 4342 3619 4399 Ex

345 4434 363 4466 (
410 4409 771 4482 disciplinam,
809 4387 864 4464 et
894 4417 1020 4463 tunc
1049 4407 1409 4477 respondebit.
1434 4426 1453 4459 ι
1493 4407 1569 4461 De
1601 4406 1803 4461 sanctis
1831 4406 1925 4461 do-
1951 4387 2003 4447 D
2034 4433 2052 4467 ι
2099 4415 2229 4486 ipsis
2274 4418 2534 4473 exaltavit
2562 4428 2618 4474 et
2660 4387 3623 4504 magniﬁcavitvDein-sietwexposu;

338 4503 580 4558 ctoribus
624 4501 787 4567 dicit,
826 4500 915 4569 qui
964 4507 1024 4553 ut
1066 4499 1132 4552 ad
1166 4498 1497 4569 interrogata
1534 4498 1796 4568 condigne
1839 4514 1926 4552 re-

337 4595 603 4666 spondere
630 4598 856 4663 pOSSml,
889 4597 1195 4660 praeparant
1238 4589 1463 4643 verbum
1506 4589 1560 4643 in
1602 4589 1765 4644 corde
1799 4604 1920 4651 suo.

335 4696 392 4743 et
422 4688 783 4758 deprecantur
818 4683 1123 4745 Dominum,
1153 4688 1212 4735 ut
1241 4681 1354 4751 ipse
1381 4679 1460 4735 eis
1498 4679 1806 4735 manifestet
1839 4680 1919 4735 rei

335 4778 638 4842 veritatem,
666 4782 721 4831 et
749 4780 1076 4829 conservant
1101 4772 1256 4842 digna
1286 4770 1615 4840 operatione,
1641 4785 1762 4840 quae
1789 4770 1904 4841 ipse

331 4865 492 4937 jussit
518 4869 597 4921 eis
625 4866 928 4931 custodire;
960 4873 1015 4919 et
1051 4865 1131 4918 sic
1169 4863 1500 4926 meditando,
1531 4863 1758 4928 orando,
1792 4878 1919 4933 ope-

338 4959 525 5020 rmnln,
565 4957 884 5026 condignum
939 4953 1397 5024 interrogantibus
1439 4968 1499 5007 se
1542 4953 1785 5024 praebent
1836 4969 1919 5010 re-

336 5062 611 5116 sponsum.
644 5045 736 5099 Sic
777 5045 921 5099 enim
967 5042 1165 5097 Paulus
1209 5042 1529 5113 discipulum
1578 5044 1789 5109 docuit,
1833 5045 1915 5100 di-

335 5152 501 5193 cens:
538 5155 555 5186 ‹
585 5134 827 5189 Sollicite
859 5150 989 5189 cura
1016 5134 1247 5202 teipsum
1283 5134 1619 5204 probabilem
1657 5137 1915 5194 exhibere

336 5228 477 5293 Deo,
521 5223 827 5295 operarium
876 5222 1338 5290 inconfusibilem,
1388 5234 1535 5280 recte
1594 5235 1911 5283 tractantem

335 5319 559 5375 verbum
602 5316 848 5371 veritatis
875 5315 959 5388 (Il
991 5315 1124 5370 Tim.
1153 5314 1236 5389 ιι).
1260 5335 1277 5367 ι
1311 5315 1446 5372 Hinc
1482 5326 1536 5374 et
1565 5318 1758 5376 Petrus
1794 5321 1906 5375 ait:

338 5432 357 5464 ι
390 5413 674 5465 Dominum
701 5418 879 5465 autem
908 5408 1180 5463 Christum
1220 5410 1555 5466 sanctificate
1581 5413 1633 5466 in
1658 5413 1912 5469 cordibus

333 5506 545 5568 vestris,
578 5504 749 5574 parati
792 5518 1005 5573 semper
1034 5502 1098 5555 ad
1146 5501 1567 5558 satisfactionem
1615 5506 1763 5559 omni
1809 5521 1941 5575 [ιο-η

335 5596 503 5652 scenti
528 5612 625 5651 vos
666 5597 926 5651 rationem
959 5594 1024 5649 de
1059 5607 1119 5648 ea
1149 5609 1267 5664 qua:
1299 5594 1350 5648 in
1401 5594 1551 5649 vobis
1593 5606 1674 5650 est
1714 5607 1909 5666 speret

2032 4527 2050 4559 ‹
2099 4507 2151 4562 in
2180 4524 2467 4563 numerum
2509 4511 2743 4566 dierum.
2769 4533 2788 4565 ι
2820 4513 2959 4581 Quid
2985 4519 3128 4573 enim
3169 4519 3315 4576 aliud
3357 4522 3621 4582 Dominus

2024 4598 2076 4651 in
2105 4598 2222 4668 lege
2251 4600 2507 4670 praecepit
2548 4603 2613 4658 de
2643 4604 2850 4660 dierum
2870 4647 2886 4672 ,
2942 4610 3208 4666 mensium
3246 4622 3302 4668 et
3348 4631 3617 4674 annorum

2022 4689 2381 4755 observantia,
2417 4691 2521 4747 nisi
2551 4696 2697 4763 quod
2738 4697 2819 4751 sol
2855 4707 2909 4753 et
2941 4699 3068 4773 luna
3111 4719 3274 4759 cursu
3322 4721 3425 4763 suo
3451 4707 3618 4767 deno-

1985 4777 1995 4786 ’
2022 4780 2172 4834 tant?
2198 4777 2328 4834 lude
2361 4779 2682 4848 Sabbatum,
2714 4786 2837 4865 inde
2886 4788 3211 4858 Neom'enire,
3259 4795 3385 4851 inde
3418 4798 3612 4865 Phase,

2018 4869 2142 4923 inde
2170 4869 2534 4936 Pentrcostes,
2567 4872 2690 4928 inde
2717 4864 2921 4933 mensis
2967 4882 3251 4951 septimus,
3282 4887 3411 4941 inde
3437 4898 3496 4943 et
3522 4864 3613 4944 an?

2018 4976 2119 5015 nus
2148 4960 2323 5030 septin
2346 4976 2428 5027 as,
2473 4962 2597 5019 inde
2623 4974 2678 5019 et
2718 4967 3199 5040 quinquagesimus
3245 4976 3353 5032 ritu
3396 4994 3496 5033 suo
3528 4998 3615 5034 re-

2018 5049 2315 5115 lebrantur,
2345 5060 2404 5105 ut
2435 5052 2796 5125 intelligamus
2825 5061 3006 5115 omnia
3037 5078 3067 5115 a
3101 5062 3211 5119 Deo
3239 5067 3614 5127 ordinabiliter

2017 5155 2137 5195 εειςθ
2162 5142 2481 5203 constituta.
2506 5152 2561 5198 et
2591 5145 2828 5202 maxime
2857 5148 2932 5203 illi
2960 5152 3065 5207 hoc
3090 5153 3325 5223 placere,
3353 5161 3502 5228 quod
3528 5177 3610 5216 se-

2017 5230 2249 5287 cundum
2273 5234 2515 5289 ordinem
2543 5244 2597 5290 et
2626 5238 2893 5293 rationem
2921 5240 3001 5295 fit.

2094 5343 2113 5375 ι
2149 5325 2216 5380 Ει
2248 5341 2438 5383 omnes
2471 5330 2719 5388 homines
2765 5335 2831 5390 de
2864 5337 2981 5392 solo
3028 5347 3083 5394 et
3128 5356 3193 5396 ex
3242 5353 3421 5414 terra,
3468 5349 3611 5407 unde

2019 5435 2037 5466 ι
2084 5426 2303 5472 creatus
2328 5426 2412 5473 est
2458 5419 2651 5475 Adam.
2692 5422 2749 5478 ln
2780 5424 3122 5485 multitudine
3160 5432 3459 5505 disciplina:
3505 5438 3608 5492 Do-

2019 5526 2039 5559 ‹
2087 5509 2262 5563 minus
2288 5512 2561 5579 separavit
2586 5529 2700 5576 eos,
2728 5526 2783 5570 et
2812 5518 3120 5575 immutavit
3144 5524 3260 5579 vias
3286 5540 3494 5581 eorum.
3528 5529 3607 5583 Ex

2017 5617 2036 5649 ι
2084 5599 2213 5669 ipsis
2242 5602 2518 5658 benedixit
2563 5614 2618 5659 et
2659 5607 2946 5675 cxaltavit;
2979 5626 3045 5667 ex
3076 5614 3162 5669 his
3208 5616 3602 5679 sanetilicavit.
