  <div class='ocr_page' id='page_1' title='image "/cluster/home/n/w/nwhite01/storage/ocr_20150623/109/hvd.32044054759741/506.png"; bbox 0 0 3926 6168; ppageno 0'>
   <div class='ocr_carea' id='block_1_1' title="bbox 156 264 391 353">
    <p class='ocr_par' dir='ltr' id='par_1_1' title="bbox 156 264 391 353">
     <span class='ocr_line' id='line_1_1' title="bbox 156 264 391 353; baseline 0 -34"><span class='ocrx_word' id='word_1_1' title='bbox 156 350 163 353; x_wconf 14' lang='grc' dir='ltr'><strong>ν</strong></span> <span class='ocrx_word' id='word_1_2' title='bbox 254 264 391 320; x_wconf 73' lang='grc'><strong>1001</strong></span> 
     </span>
    </p>
   </div>
   <div class='ocr_carea' id='block_1_2' title="bbox 1114 212 2666 320">
    <p class='ocr_par' dir='ltr' id='par_1_2' title="bbox 1114 212 2666 320">
     <span class='ocr_line' id='line_1_2' title="bbox 1114 212 2666 320; baseline -0.004 -1"><span class='ocrx_word' id='word_1_3' title='bbox 1114 262 1464 320; x_wconf 74' lang='lat' dir='ltr'><strong>COMMENT.</strong></span> <span class='ocrx_word' id='word_1_4' title='bbox 1508 263 1572 317; x_wconf 73' lang='grc' dir='ltr'><strong>ΙΝ</strong></span> <span class='ocrx_word' id='word_1_5' title='bbox 1616 261 2229 319; x_wconf 71' lang='lat' dir='ltr'><strong>ECCLESMSTICUM.</strong></span> <span class='ocrx_word' id='word_1_6' title='bbox 2276 291 2340 301; x_wconf 86' lang='lat'><strong><em>—-</em></strong></span> <span class='ocrx_word' id='word_1_7' title='bbox 2380 260 2509 314; x_wconf 87' lang='lat' dir='ltr'><strong>LIB.</strong></span> <span class='ocrx_word' id='word_1_8' title='bbox 2544 212 2666 315; x_wconf 45' lang='lat' dir='ltr'><strong>‘Vll.</strong></span> 
     </span>
    </p>
   </div>
   <div class='ocr_carea' id='block_1_3' title="bbox 3393 266 3528 325">
    <p class='ocr_par' dir='ltr' id='par_1_3' title="bbox 3393 266 3528 325">
     <span class='ocr_line' id='line_1_3' title="bbox 3393 266 3528 325; baseline 0.022 -3"><span class='ocrx_word' id='word_1_9' title='bbox 3393 266 3528 325; x_wconf 62' lang='grc' dir='ltr'><strong>π)οὶ</strong></span> 
     </span>
    </p>
   </div>
   <div class='ocr_carea' id='block_1_4' title="bbox 259 370 3526 447">
    <p class='ocr_par' dir='ltr' id='par_1_4' title="bbox 259 370 3526 447">
     <span class='ocr_line' id='line_1_4' title="bbox 259 370 3526 447; baseline 0.002 -20"><span class='ocrx_word' id='word_1_10' title='bbox 259 396 279 427; x_wconf 79' lang='grc' dir='ltr'>ι</span> <span class='ocrx_word' id='word_1_11' title='bbox 323 385 381 429; x_wconf 89' lang='lat' dir='ltr'><strong>et</strong></span> <span class='ocrx_word' id='word_1_12' title='bbox 419 375 488 429; x_wconf 90' lang='lat' dir='ltr'><strong>ad</strong></span> <span class='ocrx_word' id='word_1_13' title='bbox 517 389 577 428; x_wconf 85' lang='lat' dir='ltr'><strong>se</strong></span> <span class='ocrx_word' id='word_1_14' title='bbox 601 375 924 443; x_wconf 79' lang='lat' dir='ltr'><strong>applicavit;</strong></span> <span class='ocrx_word' id='word_1_15' title='bbox 966 384 1020 431; x_wconf 90' lang='lat' dir='ltr'><strong>et</strong></span> <span class='ocrx_word' id='word_1_16' title='bbox 1044 390 1111 430; x_wconf 75' lang='lat' dir='ltr'><strong>ex</strong></span> <span class='ocrx_word' id='word_1_17' title='bbox 1136 377 1268 445; x_wconf 86' lang='lat' dir='ltr'><strong>ipsis</strong></span> <span class='ocrx_word' id='word_1_18' title='bbox 1291 377 1545 431; x_wconf 78' lang='lat' dir='ltr'><strong>exultavit</strong></span> <span class='ocrx_word' id='word_1_19' title='bbox 1580 385 1633 430; x_wconf 88' lang='lat' dir='ltr'><strong>et</strong></span> <span class='ocrx_word' id='word_1_20' title='bbox 1668 377 1843 429; x_wconf 87' lang='lat' dir='ltr'><strong>homi-</strong></span> <span class='ocrx_word' id='word_1_21' title='bbox 1872 384 1921 440; x_wconf 82' lang='grc' dir='ltr'><strong>Α</strong></span> <span class='ocrx_word' id='word_1_22' title='bbox 1948 372 2194 440; x_wconf 95' lang='lat' dir='ltr'><strong>despicit,</strong></span> <span class='ocrx_word' id='word_1_23' title='bbox 2227 376 2320 427; x_wconf 81' lang='lat' dir='ltr'><strong>sed</strong></span> <span class='ocrx_word' id='word_1_24' title='bbox 2358 388 2463 428; x_wconf 85' lang='lat' dir='ltr'><strong>non</strong></span> <span class='ocrx_word' id='word_1_25' title='bbox 2503 381 2682 427; x_wconf 89' lang='lat' dir='ltr'><strong>tamen</strong></span> <span class='ocrx_word' id='word_1_26' title='bbox 2710 373 2826 427; x_wconf 82' lang='lat' dir='ltr'><strong>sine</strong></span> <span class='ocrx_word' id='word_1_27' title='bbox 2844 370 3085 439; x_wconf 87' lang='lat' dir='ltr'><strong>justitia;</strong></span> <span class='ocrx_word' id='word_1_28' title='bbox 3116 374 3169 428; x_wconf 91' lang='lat' dir='ltr'><strong>in</strong></span> <span class='ocrx_word' id='word_1_29' title='bbox 3196 374 3358 447; x_wconf 80' lang='lat' dir='ltr'><strong>ﬁgulo</strong></span> <span class='ocrx_word' id='word_1_30' title='bbox 3383 382 3526 433; x_wconf 88' lang='lat' dir='ltr'><strong>enim</strong></span> 
     </span>
    </p>
   </div>
   <div class='ocr_carea' id='block_1_5' title="bbox 259 463 1832 533">
    <p class='ocr_par' dir='ltr' id='par_1_5' title="bbox 259 463 1832 533">
     <span class='ocr_line' id='line_1_5' title="bbox 259 463 1832 533; baseline 0.002 -20"><span class='ocrx_word' id='word_1_31' title='bbox 259 482 280 513; x_wconf 78' lang='grc' dir='ltr'>ι</span> <span class='ocrx_word' id='word_1_32' title='bbox 325 463 498 528; x_wconf 89' lang='lat' dir='ltr'><strong>liavit,</strong></span> <span class='ocrx_word' id='word_1_33' title='bbox 525 471 581 516; x_wconf 88' lang='lat' dir='ltr'><strong>et</strong></span> <span class='ocrx_word' id='word_1_34' title='bbox 608 464 878 518; x_wconf 76' lang='lat' dir='ltr'><strong>convertit</strong></span> <span class='ocrx_word' id='word_1_35' title='bbox 912 463 1029 519; x_wconf 90' lang='lat' dir='ltr'><strong>illos</strong></span> <span class='ocrx_word' id='word_1_36' title='bbox 1068 478 1100 516; x_wconf 89' lang='lat' dir='ltr'><strong>a</strong></span> <span class='ocrx_word' id='word_1_37' title='bbox 1132 465 1475 533; x_wconf 88' lang='lat' dir='ltr'><strong>separatione</strong></span> <span class='ocrx_word' id='word_1_38' title='bbox 1524 466 1778 532; x_wconf 88' lang='lat' dir='ltr'><strong>ipsorum.</strong></span> <span class='ocrx_word' id='word_1_39' title='bbox 1814 485 1832 516; x_wconf 73' lang='grc' dir='ltr'><strong><em>ι</em></strong></span> 
     </span>
    </p>
   </div>
   <div class='ocr_carea' id='block_1_6' title="bbox 252 554 1840 625">
    <p class='ocr_par' dir='ltr' id='par_1_6' title="bbox 252 554 1840 625">
     <span class='ocr_line' id='line_1_6' title="bbox 252 554 1840 625; baseline 0.001 -18"><span class='ocrx_word' id='word_1_40' title='bbox 252 554 546 623; x_wconf 76' lang='lat' dir='ltr'><strong>Postquam</strong></span> <span class='ocrx_word' id='word_1_41' title='bbox 573 554 642 608; x_wconf 92' lang='lat' dir='ltr'><strong>de</strong></span> <span class='ocrx_word' id='word_1_42' title='bbox 671 555 911 608; x_wconf 83' lang='lat' dir='ltr'><strong>siderum</strong></span> <span class='ocrx_word' id='word_1_43' title='bbox 957 556 1308 624; x_wconf 89' lang='lat' dir='ltr'><strong>dispositione</strong></span> <span class='ocrx_word' id='word_1_44' title='bbox 1334 565 1388 609; x_wconf 88' lang='lat' dir='ltr'><strong>et</strong></span> <span class='ocrx_word' id='word_1_45' title='bbox 1416 556 1607 609; x_wconf 81' lang='lat' dir='ltr'><strong>ordine</strong></span> <span class='ocrx_word' id='word_1_46' title='bbox 1635 565 1840 625; x_wconf 81' lang='lat' dir='ltr'><strong>tempo—</strong></span> 
     </span>
    </p>
   </div>
   <div class='ocr_carea' id='block_1_7' title="bbox 254 644 1839 715">
    <p class='ocr_par' dir='ltr' id='par_1_7' title="bbox 254 644 1839 715">
     <span class='ocr_line' id='line_1_7' title="bbox 254 644 1839 715; baseline 0.001 -18"><span class='ocrx_word' id='word_1_47' title='bbox 254 661 376 699; x_wconf 88' lang='lat' dir='ltr'><strong>rum</strong></span> <span class='ocrx_word' id='word_1_48' title='bbox 434 644 766 713; x_wconf 76' lang='lat' dir='ltr'><strong>disputavit,</strong></span> <span class='ocrx_word' id='word_1_49' title='bbox 813 645 877 698; x_wconf 89' lang='lat' dir='ltr'><strong>de</strong></span> <span class='ocrx_word' id='word_1_50' title='bbox 922 645 1201 703; x_wconf 82' lang='lat' dir='ltr'><strong>hominum</strong></span> <span class='ocrx_word' id='word_1_51' title='bbox 1259 660 1474 715; x_wconf 89' lang='lat' dir='ltr'><strong>quoque</strong></span> <span class='ocrx_word' id='word_1_52' title='bbox 1531 647 1839 700; x_wconf 87' lang='lat' dir='ltr'><strong>conditione</strong></span> 
     </span>
    </p>
   </div>
   <div class='ocr_carea' id='block_1_8' title="bbox 252 734 1839 804">
    <p class='ocr_par' dir='ltr' id='par_1_8' title="bbox 252 734 1839 804">
     <span class='ocr_line' id='line_1_8' title="bbox 252 734 1839 804; baseline 0.002 -17"><span class='ocrx_word' id='word_1_53' title='bbox 252 734 552 802; x_wconf 64' lang='lat' dir='ltr'><strong>sulijunxit,</strong></span> <span class='ocrx_word' id='word_1_54' title='bbox 583 744 641 791; x_wconf 89' lang='lat' dir='ltr'><strong>ut</strong></span> <span class='ocrx_word' id='word_1_55' title='bbox 669 734 1091 804; x_wconf 80' lang='lat' dir='ltr'><strong>iutelligeretnus</strong></span> <span class='ocrx_word' id='word_1_56' title='bbox 1119 736 1303 791; x_wconf 82' lang='lat' dir='ltr'><strong>omnia</strong></span> <span class='ocrx_word' id='word_1_57' title='bbox 1330 738 1671 791; x_wconf 89' lang='lat' dir='ltr'><strong>ordinatione</strong></span> <span class='ocrx_word' id='word_1_58' title='bbox 1715 737 1839 791; x_wconf 79' lang='lat' dir='ltr'><strong>sub—</strong></span> 
     </span>
    </p>
   </div>
   <div class='ocr_carea' id='block_1_9' title="bbox 252 825 1835 896">
    <p class='ocr_par' dir='ltr' id='par_1_9' title="bbox 252 825 1835 896">
     <span class='ocr_line' id='line_1_9' title="bbox 252 825 1835 896; baseline 0.003 -17"><span class='ocrx_word' id='word_1_59' title='bbox 252 825 447 883; x_wconf 80' lang='lat' dir='ltr'><strong>sistere</strong></span> <span class='ocrx_word' id='word_1_60' title='bbox 482 828 611 891; x_wconf 87' lang='lat' dir='ltr'><strong>Dei,</strong></span> <span class='ocrx_word' id='word_1_61' title='bbox 649 842 749 881; x_wconf 89' lang='lat' dir='ltr'><strong>nec</strong></span> <span class='ocrx_word' id='word_1_62' title='bbox 773 828 973 896; x_wconf 86' lang='lat' dir='ltr'><strong>aliquid</strong></span> <span class='ocrx_word' id='word_1_63' title='bbox 1012 830 1066 882; x_wconf 92' lang='lat' dir='ltr'><strong>in</strong></span> <span class='ocrx_word' id='word_1_64' title='bbox 1099 844 1281 883; x_wconf 87' lang='lat' dir='ltr'><strong>rerum</strong></span> <span class='ocrx_word' id='word_1_65' title='bbox 1313 830 1664 887; x_wconf 67' lang='lat' dir='ltr'><strong>universitate</strong></span> <span class='ocrx_word' id='word_1_66' title='bbox 1705 845 1835 885; x_wconf 56' lang='lat' dir='ltr'><strong>conv</strong></span> 
     </span>
    </p>
   </div>
   <div class='ocr_carea' id='block_1_10' title="bbox 251 912 1833 988">
    <p class='ocr_par' dir='ltr' id='par_1_10' title="bbox 251 912 1833 988">
     <span class='ocr_line' id='line_1_10' title="bbox 251 912 1833 988; baseline 0.006 -24"><span class='ocrx_word' id='word_1_67' title='bbox 251 912 433 967; x_wconf 88' lang='lat' dir='ltr'><strong>fusum</strong></span> <span class='ocrx_word' id='word_1_68' title='bbox 477 923 532 970; x_wconf 87' lang='lat' dir='ltr'><strong>et</strong></span> <span class='ocrx_word' id='word_1_69' title='bbox 578 915 944 973; x_wconf 87' lang='lat' dir='ltr'><strong>inordinatum</strong></span> <span class='ocrx_word' id='word_1_70' title='bbox 989 932 1126 972; x_wconf 80' lang='lat' dir='ltr'><strong>esse.</strong></span> <span class='ocrx_word' id='word_1_71' title='bbox 1168 937 1186 969; x_wconf 77' lang='grc' dir='ltr'><strong><em>ι</em></strong></span> <span class='ocrx_word' id='word_1_72' title='bbox 1214 918 1281 972; x_wconf 83' lang='grc' dir='ltr'><strong>Ει</strong></span> <span class='ocrx_word' id='word_1_73' title='bbox 1322 918 1590 982; x_wconf 83' lang='lat' dir='ltr'><strong>homines,</strong></span> <span class='ocrx_word' id='word_1_74' title='bbox 1630 920 1833 988; x_wconf 79' lang='lat' dir='ltr'><strong>inquit,</strong></span> 
     </span>
    </p>
   </div>
   <div class='ocr_carea' id='block_1_11' title="bbox 248 1006 1834 1077">
    <p class='ocr_par' dir='ltr' id='par_1_11' title="bbox 248 1006 1834 1077">
     <span class='ocr_line' id='line_1_11' title="bbox 248 1006 1834 1077; baseline 0.005 -21"><span class='ocrx_word' id='word_1_75' title='bbox 248 1019 441 1060; x_wconf 83' lang='lat' dir='ltr'><strong>omnes</strong></span> <span class='ocrx_word' id='word_1_76' title='bbox 466 1006 534 1059; x_wconf 89' lang='lat' dir='ltr'><strong>de</strong></span> <span class='ocrx_word' id='word_1_77' title='bbox 573 1006 688 1061; x_wconf 83' lang='lat' dir='ltr'><strong>solo</strong></span> <span class='ocrx_word' id='word_1_78' title='bbox 725 1015 782 1062; x_wconf 91' lang='lat' dir='ltr'><strong>et</strong></span> <span class='ocrx_word' id='word_1_79' title='bbox 827 1023 893 1061; x_wconf 83' lang='lat' dir='ltr'><strong>ex</strong></span> <span class='ocrx_word' id='word_1_80' title='bbox 925 1017 1091 1074; x_wconf 86' lang='lat' dir='ltr'><strong>terra,</strong></span> <span class='ocrx_word' id='word_1_81' title='bbox 1114 1028 1135 1061; x_wconf 75' lang='grc' dir='ltr'><strong><em>ι</em></strong></span> <span class='ocrx_word' id='word_1_82' title='bbox 1164 1011 1503 1076; x_wconf 83' lang='lat' dir='ltr'><strong>subauditur,</strong></span> <span class='ocrx_word' id='word_1_83' title='bbox 1529 1011 1672 1065; x_wconf 88' lang='lat' dir='ltr'><strong>fecit.</strong></span> <span class='ocrx_word' id='word_1_84' title='bbox 1700 1010 1834 1077; x_wconf 82' lang='lat' dir='ltr'><strong>Quia</strong></span> 
     </span>
    </p>
   </div>
   <div class='ocr_carea' id='block_1_12' title="bbox 248 1097 1837 1168">
    <p class='ocr_par' dir='ltr' id='par_1_12' title="bbox 248 1097 1837 1168">
     <span class='ocr_line' id='line_1_12' title="bbox 248 1097 1837 1168; baseline 0.005 -19"><span class='ocrx_word' id='word_1_85' title='bbox 248 1097 640 1167; x_wconf 86' lang='lat' dir='ltr'><strong>protoplastum</strong></span> <span class='ocrx_word' id='word_1_86' title='bbox 670 1110 948 1168; x_wconf 88' lang='lat' dir='ltr'><strong>parentem</strong></span> <span class='ocrx_word' id='word_1_87' title='bbox 996 1111 1243 1157; x_wconf 89' lang='lat' dir='ltr'><strong>nostrum</strong></span> <span class='ocrx_word' id='word_1_88' title='bbox 1265 1119 1333 1156; x_wconf 79' lang='lat' dir='ltr'><strong>ex</strong></span> <span class='ocrx_word' id='word_1_89' title='bbox 1370 1102 1499 1157; x_wconf 89' lang='lat' dir='ltr'><strong>limo</strong></span> <span class='ocrx_word' id='word_1_90' title='bbox 1542 1112 1698 1158; x_wconf 73' lang='lat' dir='ltr'><strong>terra:</strong></span> <span class='ocrx_word' id='word_1_91' title='bbox 1726 1102 1837 1158; x_wconf 85' lang='lat' dir='ltr'><strong>for-</strong></span> 
     </span>
    </p>
   </div>
   <div class='ocr_carea' id='block_1_13' title="bbox 244 1188 1830 1263">
    <p class='ocr_par' dir='ltr' id='par_1_13' title="bbox 244 1188 1830 1263">
     <span class='ocr_line' id='line_1_13' title="bbox 244 1188 1830 1263; baseline 0.005 -24"><span class='ocrx_word' id='word_1_92' title='bbox 244 1188 438 1252; x_wconf 82' lang='lat' dir='ltr'><strong>mavit,</strong></span> <span class='ocrx_word' id='word_1_93' title='bbox 464 1188 606 1245; x_wconf 85' lang='lat' dir='ltr'><strong>unde</strong></span> <span class='ocrx_word' id='word_1_94' title='bbox 641 1206 802 1244; x_wconf 88' lang='lat' dir='ltr'><strong>onme</strong></span> <span class='ocrx_word' id='word_1_95' title='bbox 841 1205 1012 1260; x_wconf 83' lang='lat' dir='ltr'><strong>genus</strong></span> <span class='ocrx_word' id='word_1_96' title='bbox 1040 1192 1318 1248; x_wconf 85' lang='lat' dir='ltr'><strong>hominum</strong></span> <span class='ocrx_word' id='word_1_97' title='bbox 1352 1193 1620 1263; x_wconf 84' lang='lat' dir='ltr'><strong>originem</strong></span> <span class='ocrx_word' id='word_1_98' title='bbox 1658 1194 1830 1248; x_wconf 82' lang='lat' dir='ltr'><strong>duxit.</strong></span> 
     </span>
    </p>
   </div>
   <div class='ocr_carea' id='block_1_14' title="bbox 246 1276 1833 1353">
    <p class='ocr_par' dir='ltr' id='par_1_14' title="bbox 246 1276 1833 1353">
     <span class='ocr_line' id='line_1_14' title="bbox 246 1276 1833 1353; baseline 0.004 -23"><span class='ocrx_word' id='word_1_99' title='bbox 246 1276 353 1331; x_wconf 85' lang='lat' dir='ltr'><strong>Sed</strong></span> <span class='ocrx_word' id='word_1_100' title='bbox 386 1286 672 1347; x_wconf 81' lang='lat' dir='ltr'><strong>postquam</strong></span> <span class='ocrx_word' id='word_1_101' title='bbox 700 1280 802 1349; x_wconf 83' lang='lat' dir='ltr'><strong>ipsi</strong></span> <span class='ocrx_word' id='word_1_102' title='bbox 829 1281 1172 1350; x_wconf 89' lang='lat' dir='ltr'><strong>multiplicari</strong></span> <span class='ocrx_word' id='word_1_103' title='bbox 1201 1294 1503 1353; x_wconf 61' lang='lat' dir='ltr'><strong>eruperunt,</strong></span> <span class='ocrx_word' id='word_1_104' title='bbox 1535 1292 1591 1337; x_wconf 92' lang='lat' dir='ltr'><strong>et</strong></span> <span class='ocrx_word' id='word_1_105' title='bbox 1616 1284 1833 1353; x_wconf 87' lang='lat' dir='ltr'><strong>quidam</strong></span> 
     </span>
    </p>
   </div>
   <div class='ocr_carea' id='block_1_15' title="bbox 247 1366 1833 1443">
    <p class='ocr_par' dir='ltr' id='par_1_15' title="bbox 247 1366 1833 1443">
     <span class='ocr_line' id='line_1_15' title="bbox 247 1366 1833 1443; baseline 0.006 -25"><span class='ocrx_word' id='word_1_106' title='bbox 247 1366 460 1422; x_wconf 89' lang='lat' dir='ltr'><strong>illorum</strong></span> <span class='ocrx_word' id='word_1_107' title='bbox 493 1369 658 1423; x_wconf 84' lang='lat' dir='ltr'><strong>variis</strong></span> <span class='ocrx_word' id='word_1_108' title='bbox 687 1371 966 1425; x_wconf 89' lang='lat' dir='ltr'><strong>erroribus</strong></span> <span class='ocrx_word' id='word_1_109' title='bbox 992 1379 1046 1426; x_wconf 89' lang='lat' dir='ltr'><strong>et</strong></span> <span class='ocrx_word' id='word_1_110' title='bbox 1074 1373 1307 1439; x_wconf 80' lang='lat' dir='ltr'><strong>peccatis</strong></span> <span class='ocrx_word' id='word_1_111' title='bbox 1351 1387 1410 1427; x_wconf 86' lang='lat' dir='ltr'><strong>se</strong></span> <span class='ocrx_word' id='word_1_112' title='bbox 1440 1372 1833 1443; x_wconf 77' lang='lat' dir='ltr'><strong>obligaverunt,</strong></span> 
     </span>
    </p>
   </div>
   <div class='ocr_carea' id='block_1_16' title="bbox 243 1456 1834 1530">
    <p class='ocr_par' dir='ltr' id='par_1_16' title="bbox 243 1456 1834 1530">
     <span class='ocr_line' id='line_1_16' title="bbox 243 1456 1834 1530; baseline 0.005 -22"><span class='ocrx_word' id='word_1_113' title='bbox 243 1456 505 1510; x_wconf 77' lang='lat' dir='ltr'><strong>discrevit</strong></span> <span class='ocrx_word' id='word_1_114' title='bbox 553 1458 697 1512; x_wconf 85' lang='lat' dir='ltr'><strong>inter</strong></span> <span class='ocrx_word' id='word_1_115' title='bbox 733 1474 851 1523; x_wconf 88' lang='lat' dir='ltr'><strong>eos,</strong></span> <span class='ocrx_word' id='word_1_116' title='bbox 879 1469 933 1514; x_wconf 90' lang='lat' dir='ltr'><strong>et</strong></span> <span class='ocrx_word' id='word_1_117' title='bbox 960 1461 1230 1529; x_wconf 80' lang='lat' dir='ltr'><strong>separavit</strong></span> <span class='ocrx_word' id='word_1_118' title='bbox 1275 1460 1393 1515; x_wconf 91' lang='lat' dir='ltr'><strong>illos</strong></span> <span class='ocrx_word' id='word_1_119' title='bbox 1432 1462 1498 1516; x_wconf 90' lang='lat' dir='ltr'><strong>ab</strong></span> <span class='ocrx_word' id='word_1_120' title='bbox 1524 1462 1622 1527; x_wconf 78' lang='lat' dir='ltr'><strong>eis,</strong></span> <span class='ocrx_word' id='word_1_121' title='bbox 1652 1463 1744 1530; x_wconf 88' lang='lat' dir='ltr'><strong>qui</strong></span> <span class='ocrx_word' id='word_1_122' title='bbox 1780 1464 1834 1516; x_wconf 91' lang='lat' dir='ltr'><strong>in</strong></span> 
     </span>
    </p>
   </div>
   <div class='ocr_carea' id='block_1_17' title="bbox 241 1546 1834 1622">
    <p class='ocr_par' dir='ltr' id='par_1_17' title="bbox 241 1546 1834 1622">
     <span class='ocr_line' id='line_1_17' title="bbox 241 1546 1834 1622; baseline 0.006 -24"><span class='ocrx_word' id='word_1_123' title='bbox 241 1560 342 1598; x_wconf 88' lang='lat' dir='ltr'><strong>sua</strong></span> <span class='ocrx_word' id='word_1_124' title='bbox 384 1546 489 1601; x_wconf 84' lang='lat' dir='ltr'><strong>fide</strong></span> <span class='ocrx_word' id='word_1_125' title='bbox 529 1555 583 1601; x_wconf 92' lang='lat' dir='ltr'><strong>et</strong></span> <span class='ocrx_word' id='word_1_126' title='bbox 621 1546 832 1615; x_wconf 87' lang='lat' dir='ltr'><strong>justitia</strong></span> <span class='ocrx_word' id='word_1_127' title='bbox 878 1550 1271 1619; x_wconf 82' lang='lat' dir='ltr'><strong>perstiterunt;</strong></span> <span class='ocrx_word' id='word_1_128' title='bbox 1317 1559 1374 1605; x_wconf 89' lang='lat' dir='ltr'><strong>et</strong></span> <span class='ocrx_word' id='word_1_129' title='bbox 1412 1565 1506 1606; x_wconf 87' lang='lat' dir='ltr'><strong>eos</strong></span> <span class='ocrx_word' id='word_1_130' title='bbox 1550 1552 1642 1620; x_wconf 88' lang='lat' dir='ltr'><strong>qui</strong></span> <span class='ocrx_word' id='word_1_131' title='bbox 1688 1552 1834 1622; x_wconf 80' lang='lat' dir='ltr'><strong>digni</strong></span> 
     </span>
    </p>
   </div>
   <div class='ocr_carea' id='block_1_18' title="bbox 244 1634 1830 1711">
    <p class='ocr_par' dir='ltr' id='par_1_18' title="bbox 244 1634 1830 1711">
     <span class='ocr_line' id='line_1_18' title="bbox 244 1634 1830 1711; baseline 0.004 -23"><span class='ocrx_word' id='word_1_132' title='bbox 244 1634 496 1702; x_wconf 84' lang='lat' dir='ltr'><strong>fuerunt,</strong></span> <span class='ocrx_word' id='word_1_133' title='bbox 541 1637 818 1692; x_wconf 70' lang='lat' dir='ltr'><strong>benedixit</strong></span> <span class='ocrx_word' id='word_1_134' title='bbox 847 1652 861 1690; x_wconf 87' lang='lat'><strong>:</strong></span> <span class='ocrx_word' id='word_1_135' title='bbox 897 1637 1019 1692; x_wconf 88' lang='lat' dir='ltr'><strong>illos</strong></span> <span class='ocrx_word' id='word_1_136' title='bbox 1052 1654 1182 1693; x_wconf 89' lang='lat' dir='ltr'><strong>vero</strong></span> <span class='ocrx_word' id='word_1_137' title='bbox 1208 1639 1299 1709; x_wconf 88' lang='lat' dir='ltr'><strong>qui</strong></span> <span class='ocrx_word' id='word_1_138' title='bbox 1330 1639 1492 1709; x_wconf 85' lang='lat' dir='ltr'><strong>impie</strong></span> <span class='ocrx_word' id='word_1_139' title='bbox 1526 1650 1830 1711; x_wconf 83' lang='lat' dir='ltr'><strong>gesserunt,</strong></span> 
     </span>
    </p>
   </div>
   <div class='ocr_carea' id='block_1_19' title="bbox 1946 464 3524 533">
    <p class='ocr_par' dir='ltr' id='par_1_19' title="bbox 1946 464 3524 533">
     <span class='ocr_line' id='line_1_19' title="bbox 1946 464 3524 533; baseline 0.003 -15"><span class='ocrx_word' id='word_1_140' title='bbox 1946 466 2163 518; x_wconf 84' lang='lat' dir='ltr'><strong>homine</strong></span> <span class='ocrx_word' id='word_1_141' title='bbox 2210 473 2415 519; x_wconf 87' lang='lat' dir='ltr'><strong>tantum</strong></span> <span class='ocrx_word' id='word_1_142' title='bbox 2461 475 2546 519; x_wconf 88' lang='lat' dir='ltr'><strong>est</strong></span> <span class='ocrx_word' id='word_1_143' title='bbox 2591 464 2840 518; x_wconf 72' lang='lat' dir='ltr'><strong>voluntas</strong></span> <span class='ocrx_word' id='word_1_144' title='bbox 2882 465 3038 533; x_wconf 80' lang='lat' dir='ltr'><strong>juxta</strong></span> <span class='ocrx_word' id='word_1_145' title='bbox 3087 466 3315 520; x_wconf 86' lang='lat' dir='ltr'><strong>liberum</strong></span> <span class='ocrx_word' id='word_1_146' title='bbox 3379 471 3524 522; x_wconf 76' lang='lat' dir='ltr'><strong>arbi-</strong></span> 
     </span>
    </p>
   </div>
   <div class='ocr_carea' id='block_1_20' title="bbox 1942 550 3520 628">
    <p class='ocr_par' dir='ltr' id='par_1_20' title="bbox 1942 550 3520 628">
     <span class='ocr_line' id='line_1_20' title="bbox 1942 550 3520 628; baseline 0.004 -20"><span class='ocrx_word' id='word_1_147' title='bbox 1942 556 2127 617; x_wconf 83' lang='lat' dir='ltr'><strong>trium,</strong></span> <span class='ocrx_word' id='word_1_148' title='bbox 2156 555 2210 608; x_wconf 89' lang='lat' dir='ltr'><strong>in</strong></span> <span class='ocrx_word' id='word_1_149' title='bbox 2237 555 2349 609; x_wconf 89' lang='lat' dir='ltr'><strong>Deo</strong></span> <span class='ocrx_word' id='word_1_150' title='bbox 2377 566 2555 613; x_wconf 85' lang='lat' dir='ltr'><strong>autem</strong></span> <span class='ocrx_word' id='word_1_151' title='bbox 2593 556 2965 613; x_wconf 84' lang='lat' dir='ltr'><strong>universorum</strong></span> <span class='ocrx_word' id='word_1_152' title='bbox 2999 557 3279 612; x_wconf 77' lang='lat' dir='ltr'><strong>conditore</strong></span> <span class='ocrx_word' id='word_1_153' title='bbox 3313 550 3520 628; x_wconf 77' lang='lat' dir='ltr'><strong>semper</strong></span> 
     </span>
    </p>
   </div>
   <div class='ocr_carea' id='block_1_21' title="bbox 1935 648 3524 720">
    <p class='ocr_par' dir='ltr' id='par_1_21' title="bbox 1935 648 3524 720">
     <span class='ocr_line' id='line_1_21' title="bbox 1935 648 3524 720; baseline 0.003 -20"><span class='ocrx_word' id='word_1_154' title='bbox 1935 649 2079 717; x_wconf 85' lang='lat' dir='ltr'><strong>justa</strong></span> <span class='ocrx_word' id='word_1_155' title='bbox 2106 658 2187 703; x_wconf 86' lang='lat' dir='ltr'><strong>est</strong></span> <span class='ocrx_word' id='word_1_156' title='bbox 2222 648 2465 703; x_wconf 79' lang='lat' dir='ltr'><strong>voluntas</strong></span> <span class='ocrx_word' id='word_1_157' title='bbox 2493 662 2615 701; x_wconf 89' lang='lat' dir='ltr'><strong>cum</strong></span> <span class='ocrx_word' id='word_1_158' title='bbox 2642 649 3051 718; x_wconf 82' lang='lat' dir='ltr'><strong>etnnipoteutia.</strong></span> <span class='ocrx_word' id='word_1_159' title='bbox 3086 648 3239 704; x_wconf 82' lang='lat' dir='ltr'><strong>Unde</strong></span> <span class='ocrx_word' id='word_1_160' title='bbox 3267 651 3524 720; x_wconf 88' lang='lat' dir='ltr'><strong>scriptum</strong></span> 
     </span>
    </p>
   </div>
   <div class='ocr_carea' id='block_1_22' title="bbox 1939 738 3530 808">
    <p class='ocr_par' dir='ltr' id='par_1_22' title="bbox 1939 738 3530 808">
     <span class='ocr_line' id='line_1_22' title="bbox 1939 738 3530 808; baseline 0.001 -14"><span class='ocrx_word' id='word_1_161' title='bbox 1939 749 2022 794; x_wconf 92' lang='lat' dir='ltr'><strong>est</strong></span> <span class='ocrx_word' id='word_1_162' title='bbox 2046 758 2057 793; x_wconf 86' lang='lat'><strong>:</strong></span> <span class='ocrx_word' id='word_1_163' title='bbox 2094 758 2111 789; x_wconf 74' lang='grc' dir='ltr'>ι</span> <span class='ocrx_word' id='word_1_164' title='bbox 2140 738 2329 794; x_wconf 82' lang='lat' dir='ltr'><strong>Omnia</strong></span> <span class='ocrx_word' id='word_1_165' title='bbox 2356 754 2688 808; x_wconf 84' lang='lat' dir='ltr'><strong>quaecunque</strong></span> <span class='ocrx_word' id='word_1_166' title='bbox 2714 739 2879 793; x_wconf 80' lang='lat' dir='ltr'><strong>voluit</strong></span> <span class='ocrx_word' id='word_1_167' title='bbox 2901 738 3042 795; x_wconf 82' lang='lat' dir='ltr'><strong>fecit.</strong></span> <span class='ocrx_word' id='word_1_168' title='bbox 3072 758 3091 791; x_wconf 72' lang='grc' dir='ltr'><strong><em>ι</em></strong></span> <span class='ocrx_word' id='word_1_169' title='bbox 3120 738 3234 794; x_wconf 84' lang='lat' dir='ltr'><strong>Scit</strong></span> <span class='ocrx_word' id='word_1_170' title='bbox 3263 741 3406 795; x_wconf 88' lang='lat' dir='ltr'><strong>enim</strong></span> <span class='ocrx_word' id='word_1_171' title='bbox 3435 756 3530 796; x_wconf 56' lang='lat' dir='ltr'><strong>cu-</strong></span> 
     </span>
    </p>
   </div>
   <div class='ocr_carea' id='block_1_23' title="bbox 1934 830 3529 902">
    <p class='ocr_par' dir='ltr' id='par_1_23' title="bbox 1934 830 3529 902">
     <span class='ocr_line' id='line_1_23' title="bbox 1934 830 3529 902; baseline 0.001 -17"><span class='ocrx_word' id='word_1_172' title='bbox 1934 832 2026 900; x_wconf 87' lang='lat' dir='ltr'><strong>jus</strong></span> <span class='ocrx_word' id='word_1_173' title='bbox 2051 831 2247 886; x_wconf 84' lang='lat' dir='ltr'><strong>debeat</strong></span> <span class='ocrx_word' id='word_1_174' title='bbox 2283 831 2529 885; x_wconf 76' lang='lat' dir='ltr'><strong>misereri</strong></span> <span class='ocrx_word' id='word_1_175' title='bbox 2558 830 2855 885; x_wconf 88' lang='lat' dir='ltr'><strong>secundum</strong></span> <span class='ocrx_word' id='word_1_176' title='bbox 2883 832 3277 901; x_wconf 58' lang='lat' dir='ltr'><strong>praescientiam</strong></span> <span class='ocrx_word' id='word_1_177' title='bbox 3308 840 3362 887; x_wconf 88' lang='lat' dir='ltr'><strong>et</strong></span> <span class='ocrx_word' id='word_1_178' title='bbox 3395 848 3529 902; x_wconf 67' lang='lat' dir='ltr'><strong>prae—</strong></span> 
     </span>
    </p>
   </div>
   <div class='ocr_carea' id='block_1_24' title="bbox 1941 926 3525 995">
    <p class='ocr_par' dir='ltr' id='par_1_24' title="bbox 1941 926 3525 995">
     <span class='ocr_line' id='line_1_24' title="bbox 1941 926 3525 995; baseline 0 -16"><span class='ocrx_word' id='word_1_179' title='bbox 1941 926 2351 980; x_wconf 86' lang='lat' dir='ltr'><strong>destinationem</strong></span> <span class='ocrx_word' id='word_1_180' title='bbox 2375 941 2548 991; x_wconf 89' lang='lat' dir='ltr'><strong>suam,</strong></span> <span class='ocrx_word' id='word_1_181' title='bbox 2573 935 2628 979; x_wconf 91' lang='lat' dir='ltr'><strong>et</strong></span> <span class='ocrx_word' id='word_1_182' title='bbox 2650 941 2809 995; x_wconf 87' lang='lat' dir='ltr'><strong>quem</strong></span> <span class='ocrx_word' id='word_1_183' title='bbox 2835 926 3111 995; x_wconf 82' lang='lat' dir='ltr'><strong>despicere</strong></span> <span class='ocrx_word' id='word_1_184' title='bbox 3131 927 3424 980; x_wconf 83' lang='lat' dir='ltr'><strong>secundum</strong></span> <span class='ocrx_word' id='word_1_185' title='bbox 3447 927 3525 995; x_wconf 85' lang='lat' dir='ltr'><strong>ju-</strong></span> 
     </span>
    </p>
   </div>
   <div class='ocr_carea' id='block_1_25' title="bbox 1940 1003 3525 1084">
    <p class='ocr_par' dir='ltr' id='par_1_25' title="bbox 1940 1003 3525 1084">
     <span class='ocr_line' id='line_1_25' title="bbox 1940 1003 3525 1084; baseline 0 -14"><span class='ocrx_word' id='word_1_186' title='bbox 1940 1016 2142 1070; x_wconf 88' lang='lat' dir='ltr'><strong>stitiam</strong></span> <span class='ocrx_word' id='word_1_187' title='bbox 2176 1025 2232 1070; x_wconf 88' lang='lat' dir='ltr'><strong>et</strong></span> <span class='ocrx_word' id='word_1_188' title='bbox 2253 1015 2517 1084; x_wconf 85' lang='lat' dir='ltr'><strong>judicium</strong></span> <span class='ocrx_word' id='word_1_189' title='bbox 2544 1003 2734 1080; x_wconf 83' lang='lat' dir='ltr'><strong>suum;</strong></span> <span class='ocrx_word' id='word_1_190' title='bbox 2773 1031 2873 1071; x_wconf 91' lang='lat' dir='ltr'><strong>nee</strong></span> <span class='ocrx_word' id='word_1_191' title='bbox 2902 1016 3046 1069; x_wconf 88' lang='lat' dir='ltr'><strong>enim</strong></span> <span class='ocrx_word' id='word_1_192' title='bbox 3082 1031 3291 1070; x_wconf 88' lang='lat' dir='ltr'><strong>summa</strong></span> <span class='ocrx_word' id='word_1_193' title='bbox 3317 1016 3525 1084; x_wconf 87' lang='lat' dir='ltr'><strong>justitia</strong></span> 
     </span>
    </p>
   </div>
   <div class='ocr_carea' id='block_1_26' title="bbox 1938 1108 3527 1179">
    <p class='ocr_par' dir='ltr' id='par_1_26' title="bbox 1938 1108 3527 1179">
     <span class='ocr_line' id='line_1_26' title="bbox 1938 1108 3527 1179; baseline 0.002 -18"><span class='ocrx_word' id='word_1_194' title='bbox 1938 1108 2139 1178; x_wconf 87' lang='lat' dir='ltr'><strong>aliquid</strong></span> <span class='ocrx_word' id='word_1_195' title='bbox 2164 1109 2305 1163; x_wconf 80' lang='lat' dir='ltr'><strong>velle</strong></span> <span class='ocrx_word' id='word_1_196' title='bbox 2338 1116 2430 1162; x_wconf 88' lang='lat' dir='ltr'><strong>aut</strong></span> <span class='ocrx_word' id='word_1_197' title='bbox 2466 1110 2647 1164; x_wconf 86' lang='lat' dir='ltr'><strong>facere</strong></span> <span class='ocrx_word' id='word_1_198' title='bbox 2670 1118 2867 1179; x_wconf 86' lang='lat' dir='ltr'><strong>potest,</strong></span> <span class='ocrx_word' id='word_1_199' title='bbox 2898 1110 3000 1165; x_wconf 84' lang='lat' dir='ltr'><strong>nisi</strong></span> <span class='ocrx_word' id='word_1_200' title='bbox 3029 1108 3171 1179; x_wconf 56' lang='lat' dir='ltr'><strong>Quod</strong></span> <span class='ocrx_word' id='word_1_201' title='bbox 3194 1113 3417 1166; x_wconf 85' lang='lat' dir='ltr'><strong>omnino</strong></span> <span class='ocrx_word' id='word_1_202' title='bbox 3441 1110 3527 1179; x_wconf 86' lang='lat' dir='ltr'><strong>ju-</strong></span> 
     </span>
    </p>
   </div>
   <div class='ocr_carea' id='block_1_27' title="bbox 1938 1199 3131 1255">
    <p class='ocr_par' dir='ltr' id='par_1_27' title="bbox 1938 1199 3131 1255">
     <span class='ocr_line' id='line_1_27' title="bbox 1938 1199 3131 1255; baseline -0.002 -2"><span class='ocrx_word' id='word_1_203' title='bbox 1938 1205 2085 1253; x_wconf 88' lang='lat' dir='ltr'><strong>stum</strong></span> <span class='ocrx_word' id='word_1_204' title='bbox 2116 1208 2218 1253; x_wconf 90' lang='lat' dir='ltr'><strong>est.</strong></span> <span class='ocrx_word' id='word_1_205' title='bbox 2248 1199 2402 1255; x_wconf 89' lang='lat' dir='ltr'><strong>Unde</strong></span> <span class='ocrx_word' id='word_1_206' title='bbox 2429 1200 2627 1255; x_wconf 91' lang='lat' dir='ltr'><strong>dicitur</strong></span> <span class='ocrx_word' id='word_1_207' title='bbox 2655 1218 2668 1252; x_wconf 83' lang='lat'><strong>.-</strong></span> <span class='ocrx_word' id='word_1_208' title='bbox 3126 1202 3131 1207; x_wconf 83' lang='lat'><em>&#39;</em></span> 
     </span>
    </p>
   </div>
   <div class='ocr_carea' id='block_1_28' title="bbox 2014 1289 3525 1362">
    <p class='ocr_par' dir='ltr' id='par_1_28' title="bbox 2014 1289 3525 1362">
     <span class='ocr_line' id='line_1_28' title="bbox 2014 1289 3525 1362; baseline 0.005 -22"><span class='ocrx_word' id='word_1_209' title='bbox 2014 1309 2030 1340; x_wconf 85' lang='grc'><em>‹</em></span> <span class='ocrx_word' id='word_1_210' title='bbox 2065 1289 2266 1344; x_wconf 87' lang='lat' dir='ltr'><strong>Omnes</strong></span> <span class='ocrx_word' id='word_1_211' title='bbox 2301 1291 2400 1344; x_wconf 69' lang='lat' dir='ltr'><strong>viae</strong></span> <span class='ocrx_word' id='word_1_212' title='bbox 2449 1291 2742 1345; x_wconf 88' lang='lat' dir='ltr'><strong>secundum</strong></span> <span class='ocrx_word' id='word_1_213' title='bbox 2793 1290 3203 1359; x_wconf 86' lang='lat' dir='ltr'><strong>dispositionem</strong></span> <span class='ocrx_word' id='word_1_214' title='bbox 3249 1293 3367 1362; x_wconf 85' lang='lat' dir='ltr'><strong>ejus</strong></span> <span class='ocrx_word' id='word_1_215' title='bbox 3402 1310 3415 1345; x_wconf 89' lang='lat'><strong>:</strong></span> <span class='ocrx_word' id='word_1_216' title='bbox 3448 1297 3525 1348; x_wconf 87' lang='lat' dir='ltr'><strong>sic</strong></span> 
     </span>
    </p>
   </div>
   <div class='ocr_carea' id='block_1_29' title="bbox 1944 1379 3526 1449">
    <p class='ocr_par' dir='ltr' id='par_1_29' title="bbox 1944 1379 3526 1449">
     <span class='ocr_line' id='line_1_29' title="bbox 1944 1379 3526 1449; baseline 0.003 -19"><span class='ocrx_word' id='word_1_217' title='bbox 1944 1398 1962 1430; x_wconf 74' lang='grc' dir='ltr'>ι</span> <span class='ocrx_word' id='word_1_218' title='bbox 2012 1380 2171 1434; x_wconf 84' lang='lat' dir='ltr'><strong>homo</strong></span> <span class='ocrx_word' id='word_1_219' title='bbox 2218 1380 2273 1434; x_wconf 92' lang='lat' dir='ltr'><strong>in</strong></span> <span class='ocrx_word' id='word_1_220' title='bbox 2325 1396 2486 1434; x_wconf 83' lang='lat' dir='ltr'><strong>manu</strong></span> <span class='ocrx_word' id='word_1_221' title='bbox 2536 1380 2677 1434; x_wconf 90' lang='lat' dir='ltr'><strong>illius</strong></span> <span class='ocrx_word' id='word_1_222' title='bbox 2724 1381 2905 1449; x_wconf 88' lang='lat' dir='ltr'><strong>quise</strong></span> <span class='ocrx_word' id='word_1_223' title='bbox 2946 1379 3102 1444; x_wconf 83' lang='lat' dir='ltr'><strong>fecit,</strong></span> <span class='ocrx_word' id='word_1_224' title='bbox 3132 1388 3187 1435; x_wconf 87' lang='lat' dir='ltr'><strong>et</strong></span> <span class='ocrx_word' id='word_1_225' title='bbox 3226 1382 3416 1436; x_wconf 88' lang='lat' dir='ltr'><strong>reddet</strong></span> <span class='ocrx_word' id='word_1_226' title='bbox 3450 1382 3526 1435; x_wconf 90' lang='lat' dir='ltr'><strong>illi</strong></span> 
     </span>
    </p>
   </div>
   <div class='ocr_carea' id='block_1_30' title="bbox 1944 1471 3533 1541">
    <p class='ocr_par' dir='ltr' id='par_1_30' title="bbox 1944 1471 3533 1541">
     <span class='ocr_line' id='line_1_30' title="bbox 1944 1471 3533 1541; baseline 0.004 -19"><span class='ocrx_word' id='word_1_227' title='bbox 1944 1490 1962 1521; x_wconf 84' lang='grc'><em>‹</em></span> <span class='ocrx_word' id='word_1_228' title='bbox 2007 1471 2300 1524; x_wconf 88' lang='lat' dir='ltr'><strong>secundum</strong></span> <span class='ocrx_word' id='word_1_229' title='bbox 2324 1471 2587 1539; x_wconf 88' lang='lat' dir='ltr'><strong>judicium</strong></span> <span class='ocrx_word' id='word_1_230' title='bbox 2626 1488 2804 1526; x_wconf 87' lang='lat' dir='ltr'><strong>suum.</strong></span> <span class='ocrx_word' id='word_1_231' title='bbox 2830 1489 2848 1521; x_wconf 71' lang='grc' dir='ltr'><strong>ι</strong></span> <span class='ocrx_word' id='word_1_232' title='bbox 2882 1471 3023 1525; x_wconf 85' lang='lat' dir='ltr'><strong>Deus</strong></span> <span class='ocrx_word' id='word_1_233' title='bbox 3065 1472 3230 1538; x_wconf 89' lang='lat' dir='ltr'><strong>enim,</strong></span> <span class='ocrx_word' id='word_1_234' title='bbox 3255 1474 3381 1541; x_wconf 87' lang='lat' dir='ltr'><strong>quia</strong></span> <span class='ocrx_word' id='word_1_235' title='bbox 3412 1487 3533 1528; x_wconf 88' lang='lat' dir='ltr'><strong>om-</strong></span> 
     </span>
    </p>
   </div>
   <div class='ocr_carea' id='block_1_31' title="bbox 1938 1559 3526 1634">
    <p class='ocr_par' dir='ltr' id='par_1_31' title="bbox 1938 1559 3526 1634">
     <span class='ocr_line' id='line_1_31' title="bbox 1938 1559 3526 1634; baseline 0.003 -22"><span class='ocrx_word' id='word_1_236' title='bbox 1938 1559 2085 1613; x_wconf 89' lang='lat' dir='ltr'><strong>nium</strong></span> <span class='ocrx_word' id='word_1_237' title='bbox 2131 1569 2215 1614; x_wconf 88' lang='lat' dir='ltr'><strong>est</strong></span> <span class='ocrx_word' id='word_1_238' title='bbox 2258 1575 2473 1630; x_wconf 87' lang='lat' dir='ltr'><strong>parens,</strong></span> <span class='ocrx_word' id='word_1_239' title='bbox 2520 1562 2642 1615; x_wconf 88' lang='lat' dir='ltr'><strong>ideo</strong></span> <span class='ocrx_word' id='word_1_240' title='bbox 2689 1561 2820 1615; x_wconf 86' lang='lat' dir='ltr'><strong>nulli</strong></span> <span class='ocrx_word' id='word_1_241' title='bbox 2863 1562 3003 1616; x_wconf 89' lang='lat' dir='ltr'><strong>male</strong></span> <span class='ocrx_word' id='word_1_242' title='bbox 3033 1561 3163 1616; x_wconf 83' lang='lat' dir='ltr'><strong>vult.</strong></span> <span class='ocrx_word' id='word_1_243' title='bbox 3209 1561 3347 1629; x_wconf 79' lang='lat' dir='ltr'><strong>Quia</strong></span> <span class='ocrx_word' id='word_1_244' title='bbox 3396 1578 3526 1634; x_wconf 85' lang='lat' dir='ltr'><strong>ergo</strong></span> 
     </span>
    </p>
   </div>
   <div class='ocr_carea' id='block_1_32' title="bbox 1938 1648 3527 1722">
    <p class='ocr_par' dir='ltr' id='par_1_32' title="bbox 1938 1648 3527 1722">
     <span class='ocr_line' id='line_1_32' title="bbox 1938 1648 3527 1722; baseline 0.004 -21"><span class='ocrx_word' id='word_1_245' title='bbox 1938 1648 2063 1703; x_wconf 87' lang='lat' dir='ltr'><strong>fecit</strong></span> <span class='ocrx_word' id='word_1_246' title='bbox 2084 1690 2097 1713; x_wconf 95' lang='lat'><strong>,</strong></span> <span class='ocrx_word' id='word_1_247' title='bbox 2127 1650 2415 1704; x_wconf 85' lang='lat' dir='ltr'><strong>incolumia</strong></span> <span class='ocrx_word' id='word_1_248' title='bbox 2444 1652 2557 1705; x_wconf 89' lang='lat' dir='ltr'><strong>vult</strong></span> <span class='ocrx_word' id='word_1_249' title='bbox 2588 1667 2831 1716; x_wconf 89' lang='lat' dir='ltr'><strong>manere,</strong></span> <span class='ocrx_word' id='word_1_250' title='bbox 2864 1668 2961 1706; x_wconf 88' lang='lat' dir='ltr'><strong>nec</strong></span> <span class='ocrx_word' id='word_1_251' title='bbox 2986 1654 3246 1722; x_wconf 89' lang='lat' dir='ltr'><strong>competit</strong></span> <span class='ocrx_word' id='word_1_252' title='bbox 3275 1654 3326 1708; x_wconf 90' lang='lat' dir='ltr'><strong>ei</strong></span> <span class='ocrx_word' id='word_1_253' title='bbox 3354 1663 3412 1709; x_wconf 92' lang='lat' dir='ltr'><strong>ut</strong></span> <span class='ocrx_word' id='word_1_254' title='bbox 3446 1654 3527 1707; x_wconf 83' lang='lat' dir='ltr'><strong>in-</strong></span> 
     </span>
    </p>
   </div>
   <div class='ocr_carea' id='block_1_33' title="bbox 241 1728 3525 1812">
    <p class='ocr_par' dir='ltr' id='par_1_33' title="bbox 241 1728 3525 1812">
     <span class='ocr_line' id='line_1_33' title="bbox 241 1728 3525 1812; baseline 0.006 -35"><span class='ocrx_word' id='word_1_255' title='bbox 241 1736 449 1783; x_wconf 64' lang='grc' dir='ltr'><strong>ίυιυιτηει</strong></span> <span class='ocrx_word' id='word_1_256' title='bbox 508 1728 886 1783; x_wconf 83' lang='lat' dir='ltr'><strong>maledictione</strong></span> <span class='ocrx_word' id='word_1_257' title='bbox 946 1744 1069 1783; x_wconf 91' lang='lat' dir='ltr'><strong>reos</strong></span> <span class='ocrx_word' id='word_1_258' title='bbox 1126 1728 1270 1797; x_wconf 88' lang='lat' dir='ltr'><strong>juste</strong></span> <span class='ocrx_word' id='word_1_259' title='bbox 1328 1730 1624 1784; x_wconf 74' lang='lat' dir='ltr'><strong>damnavit.</strong></span> <span class='ocrx_word' id='word_1_260' title='bbox 1684 1730 1835 1786; x_wconf 85' lang='lat' dir='ltr'><strong>Unde</strong></span> <span class='ocrx_word' id='word_1_261' title='bbox 1863 1730 1911 1789; x_wconf 89' lang='lat' dir='ltr'><strong>B</strong></span> <span class='ocrx_word' id='word_1_262' title='bbox 1933 1740 2112 1808; x_wconf 81' lang='lat' dir='ltr'><strong>justus</strong></span> <span class='ocrx_word' id='word_1_263' title='bbox 2140 1742 2238 1807; x_wconf 90' lang='lat' dir='ltr'><strong>sit;</strong></span> <span class='ocrx_word' id='word_1_264' title='bbox 2269 1741 2420 1809; x_wconf 88' lang='lat' dir='ltr'><strong>cujus</strong></span> <span class='ocrx_word' id='word_1_265' title='bbox 2464 1744 2834 1798; x_wconf 82' lang='lat' dir='ltr'><strong>benevolentia</strong></span> <span class='ocrx_word' id='word_1_266' title='bbox 2864 1752 3011 1797; x_wconf 88' lang='lat' dir='ltr'><strong>tanta</strong></span> <span class='ocrx_word' id='word_1_267' title='bbox 3056 1751 3301 1812; x_wconf 85' lang='lat' dir='ltr'><strong>apparet,</strong></span> <span class='ocrx_word' id='word_1_268' title='bbox 3330 1750 3388 1796; x_wconf 93' lang='lat' dir='ltr'><strong>ut</strong></span> <span class='ocrx_word' id='word_1_269' title='bbox 3418 1757 3525 1797; x_wconf 92' lang='lat' dir='ltr'><strong>non</strong></span> 
     </span>
    </p>
   </div>
   <div class='ocr_carea' id='block_1_34' title="bbox 244 1820 1831 1890">
    <p class='ocr_par' dir='ltr' id='par_1_34' title="bbox 244 1820 1831 1890">
     <span class='ocr_line' id='line_1_34' title="bbox 244 1820 1831 1890; baseline 0.003 -15"><span class='ocrx_word' id='word_1_270' title='bbox 244 1820 525 1890; x_wconf 80' lang='lat' dir='ltr'><strong>Scriptura</strong></span> <span class='ocrx_word' id='word_1_271' title='bbox 556 1838 710 1876; x_wconf 88' lang='lat' dir='ltr'><strong>sacra</strong></span> <span class='ocrx_word' id='word_1_272' title='bbox 740 1832 989 1876; x_wconf 87' lang='lat' dir='ltr'><strong>numerat</strong></span> <span class='ocrx_word' id='word_1_273' title='bbox 1036 1824 1201 1888; x_wconf 81' lang='lat' dir='ltr'><strong>Abel,</strong></span> <span class='ocrx_word' id='word_1_274' title='bbox 1244 1824 1410 1889; x_wconf 82' lang='lat' dir='ltr'><strong>Eoos,</strong></span> <span class='ocrx_word' id='word_1_275' title='bbox 1458 1824 1668 1889; x_wconf 82' lang='lat' dir='ltr'><strong>Enoch,</strong></span> <span class='ocrx_word' id='word_1_276' title='bbox 1698 1823 1831 1889; x_wconf 84' lang='lat' dir='ltr'><strong>Noe,</strong></span> 
     </span>
    </p>
   </div>
   <div class='ocr_carea' id='block_1_35' title="bbox 239 1910 1833 1984">
    <p class='ocr_par' dir='ltr' id='par_1_35' title="bbox 239 1910 1833 1984">
     <span class='ocr_line' id='line_1_35' title="bbox 239 1910 1833 1984; baseline 0.003 -20"><span class='ocrx_word' id='word_1_277' title='bbox 239 1912 540 1976; x_wconf 82' lang='lat' dir='ltr'><strong>Abraham,</strong></span> <span class='ocrx_word' id='word_1_278' title='bbox 581 1911 755 1983; x_wconf 72' lang='lat' dir='ltr'><strong>Isaac,</strong></span> <span class='ocrx_word' id='word_1_279' title='bbox 781 1923 835 1967; x_wconf 87' lang='lat' dir='ltr'><strong>et</strong></span> <span class='ocrx_word' id='word_1_280' title='bbox 873 1910 1060 1979; x_wconf 83' lang='lat' dir='ltr'><strong>Jacdb,</strong></span> <span class='ocrx_word' id='word_1_281' title='bbox 1103 1923 1158 1967; x_wconf 88' lang='lat' dir='ltr'><strong>et</strong></span> <span class='ocrx_word' id='word_1_282' title='bbox 1200 1924 1426 1969; x_wconf 55' lang='lat' dir='ltr'><strong>exteros</strong></span> <span class='ocrx_word' id='word_1_283' title='bbox 1473 1923 1714 1979; x_wconf 89' lang='lat' dir='ltr'><strong>sanctos,</strong></span> <span class='ocrx_word' id='word_1_284' title='bbox 1741 1915 1833 1984; x_wconf 91' lang='lat' dir='ltr'><strong>qui</strong></span> 
     </span>
    </p>
   </div>
   <div class='ocr_carea' id='block_1_36' title="bbox 240 2004 1833 2075">
    <p class='ocr_par' dir='ltr' id='par_1_36' title="bbox 240 2004 1833 2075">
     <span class='ocr_line' id='line_1_36' title="bbox 240 2004 1833 2075; baseline 0.003 -20"><span class='ocrx_word' id='word_1_285' title='bbox 240 2004 427 2058; x_wconf 86' lang='lat' dir='ltr'><strong>divino</strong></span> <span class='ocrx_word' id='word_1_286' title='bbox 451 2005 619 2061; x_wconf 88' lang='lat' dir='ltr'><strong>cultui</strong></span> <span class='ocrx_word' id='word_1_287' title='bbox 652 2005 754 2059; x_wconf 86' lang='lat' dir='ltr'><strong>rite</strong></span> <span class='ocrx_word' id='word_1_288' title='bbox 802 2006 1152 2070; x_wconf 76' lang='lat' dir='ltr'><strong>insistebant,</strong></span> <span class='ocrx_word' id='word_1_289' title='bbox 1183 2014 1237 2063; x_wconf 87' lang='lat' dir='ltr'><strong>et</strong></span> <span class='ocrx_word' id='word_1_290' title='bbox 1279 2021 1405 2061; x_wconf 90' lang='lat' dir='ltr'><strong>vera</strong></span> <span class='ocrx_word' id='word_1_291' title='bbox 1450 2005 1712 2075; x_wconf 78' lang='lat' dir='ltr'><strong>religione</strong></span> <span class='ocrx_word' id='word_1_292' title='bbox 1741 2006 1833 2060; x_wconf 91' lang='lat' dir='ltr'><strong>uni</strong></span> 
     </span>
    </p>
   </div>
   <div class='ocr_carea' id='block_1_37' title="bbox 248 2094 1834 2165">
    <p class='ocr_par' dir='ltr' id='par_1_37' title="bbox 248 2094 1834 2165">
     <span class='ocr_line' id='line_1_37' title="bbox 248 2094 1834 2165; baseline 0.001 -18"><span class='ocrx_word' id='word_1_293' title='bbox 248 2095 355 2147; x_wconf 87' lang='lat' dir='ltr'><strong>Deo</strong></span> <span class='ocrx_word' id='word_1_294' title='bbox 402 2094 592 2149; x_wconf 87' lang='lat' dir='ltr'><strong>devote</strong></span> <span class='ocrx_word' id='word_1_295' title='bbox 638 2096 966 2151; x_wconf 84' lang='lat' dir='ltr'><strong>serviebant.</strong></span> <span class='ocrx_word' id='word_1_296' title='bbox 996 2095 1118 2150; x_wconf 90' lang='lat' dir='ltr'><strong>lllos</strong></span> <span class='ocrx_word' id='word_1_297' title='bbox 1164 2104 1345 2151; x_wconf 85' lang='lat' dir='ltr'><strong>autem</strong></span> <span class='ocrx_word' id='word_1_298' title='bbox 1384 2095 1477 2165; x_wconf 91' lang='lat' dir='ltr'><strong>qui</strong></span> <span class='ocrx_word' id='word_1_299' title='bbox 1521 2096 1834 2159; x_wconf 83' lang='lat' dir='ltr'><strong>deserentes</strong></span> 
     </span>
    </p>
   </div>
   <div class='ocr_carea' id='block_1_38' title="bbox 240 2184 1834 2254">
    <p class='ocr_par' dir='ltr' id='par_1_38' title="bbox 240 2184 1834 2254">
     <span class='ocr_line' id='line_1_38' title="bbox 240 2184 1834 2254; baseline 0.001 -18"><span class='ocrx_word' id='word_1_300' title='bbox 240 2200 432 2238; x_wconf 89' lang='lat' dir='ltr'><strong>verum</strong></span> <span class='ocrx_word' id='word_1_301' title='bbox 470 2185 674 2250; x_wconf 90' lang='lat' dir='ltr'><strong>Deum,</strong></span> <span class='ocrx_word' id='word_1_302' title='bbox 705 2184 858 2240; x_wconf 87' lang='lat' dir='ltr'><strong>falsis</strong></span> <span class='ocrx_word' id='word_1_303' title='bbox 886 2185 1265 2243; x_wconf 88' lang='lat' dir='ltr'><strong>deserviebant</strong></span> <span class='ocrx_word' id='word_1_304' title='bbox 1289 2185 1464 2249; x_wconf 84' lang='lat' dir='ltr'><strong>idolis,</strong></span> <span class='ocrx_word' id='word_1_305' title='bbox 1497 2192 1553 2239; x_wconf 92' lang='lat' dir='ltr'><strong>et</strong></span> <span class='ocrx_word' id='word_1_306' title='bbox 1580 2184 1834 2254; x_wconf 88' lang='lat' dir='ltr'><strong>multipli-</strong></span> 
     </span>
    </p>
   </div>
   <div class='ocr_carea' id='block_1_39' title="bbox 241 2272 1831 2357">
    <p class='ocr_par' dir='ltr' id='par_1_39' title="bbox 241 2272 1831 2357">
     <span class='ocr_line' id='line_1_39' title="bbox 241 2272 1831 2357; baseline 0.002 -33"><span class='ocrx_word' id='word_1_307' title='bbox 241 2272 396 2326; x_wconf 85' lang='lat' dir='ltr'><strong>cibus</strong></span> <span class='ocrx_word' id='word_1_308' title='bbox 424 2272 1075 2357; x_wconf 44' lang='lat' dir='ltr'><strong>sceleribusfsemetipsos</strong></span> <span class='ocrx_word' id='word_1_309' title='bbox 1100 2275 1365 2329; x_wconf 75' lang='lat' dir='ltr'><strong>obnoxios</strong></span> <span class='ocrx_word' id='word_1_310' title='bbox 1408 2272 1675 2340; x_wconf 85' lang='lat' dir='ltr'><strong>fecerunt,</strong></span> <span class='ocrx_word' id='word_1_311' title='bbox 1702 2289 1831 2343; x_wconf 87' lang='lat' dir='ltr'><strong>par-</strong></span> 
     </span>
    </p>
   </div>
   <div class='ocr_carea' id='block_1_40' title="bbox 242 2363 1832 2435">
    <p class='ocr_par' dir='ltr' id='par_1_40' title="bbox 242 2363 1832 2435">
     <span class='ocr_line' id='line_1_40' title="bbox 242 2363 1832 2435; baseline 0.002 -18"><span class='ocrx_word' id='word_1_312' title='bbox 242 2363 337 2417; x_wconf 88' lang='lat' dir='ltr'><strong>tim</strong></span> <span class='ocrx_word' id='word_1_313' title='bbox 385 2363 605 2430; x_wconf 86' lang='lat' dir='ltr'><strong>diluvio,</strong></span> <span class='ocrx_word' id='word_1_314' title='bbox 658 2366 855 2434; x_wconf 88' lang='lat' dir='ltr'><strong>partim</strong></span> <span class='ocrx_word' id='word_1_315' title='bbox 899 2365 1221 2435; x_wconf 71' lang='lat' dir='ltr'><strong>pestilentiae</strong></span> <span class='ocrx_word' id='word_1_316' title='bbox 1266 2365 1440 2433; x_wconf 86' lang='lat' dir='ltr'><strong>clade,</strong></span> <span class='ocrx_word' id='word_1_317' title='bbox 1470 2373 1525 2420; x_wconf 90' lang='lat' dir='ltr'><strong>et</strong></span> <span class='ocrx_word' id='word_1_318' title='bbox 1557 2366 1832 2421; x_wconf 86' lang='lat' dir='ltr'><strong>veracium</strong></span> 
     </span>
    </p>
   </div>
   <div class='ocr_carea' id='block_1_41' title="bbox 236 2454 1834 2527">
    <p class='ocr_par' dir='ltr' id='par_1_41' title="bbox 236 2454 1834 2527">
     <span class='ocr_line' id='line_1_41' title="bbox 236 2454 1834 2527; baseline 0.002 -19"><span class='ocrx_word' id='word_1_319' title='bbox 236 2455 510 2509; x_wconf 84' lang='lat' dir='ltr'><strong>cultorum</strong></span> <span class='ocrx_word' id='word_1_320' title='bbox 554 2454 649 2510; x_wconf 91' lang='lat' dir='ltr'><strong>Dei</strong></span> <span class='ocrx_word' id='word_1_321' title='bbox 698 2455 874 2527; x_wconf 83' lang='lat' dir='ltr'><strong>gladio</strong></span> <span class='ocrx_word' id='word_1_322' title='bbox 921 2464 976 2512; x_wconf 90' lang='lat' dir='ltr'><strong>et</strong></span> <span class='ocrx_word' id='word_1_323' title='bbox 1021 2456 1389 2512; x_wconf 89' lang='lat' dir='ltr'><strong>devastatione</strong></span> <span class='ocrx_word' id='word_1_324' title='bbox 1433 2456 1631 2514; x_wconf 85' lang='lat' dir='ltr'><strong>delevit</strong></span> <span class='ocrx_word' id='word_1_325' title='bbox 1674 2465 1834 2527; x_wconf 90' lang='lat' dir='ltr'><strong>atque</strong></span> 
     </span>
    </p>
   </div>
   <div class='ocr_carea' id='block_1_42' title="bbox 238 2546 1832 2619">
    <p class='ocr_par' dir='ltr' id='par_1_42' title="bbox 238 2546 1832 2619">
     <span class='ocr_line' id='line_1_42' title="bbox 238 2546 1832 2619; baseline 0 -17"><span class='ocrx_word' id='word_1_326' title='bbox 238 2546 595 2619; x_wconf 87' lang='lat' dir='ltr'><strong>consumpsit.</strong></span> <span class='ocrx_word' id='word_1_327' title='bbox 629 2547 753 2603; x_wconf 84' lang='lat' dir='ltr'><strong>[deo</strong></span> <span class='ocrx_word' id='word_1_328' title='bbox 797 2548 955 2614; x_wconf 85' lang='lat' dir='ltr'><strong>dicit,</strong></span> <span class='ocrx_word' id='word_1_329' title='bbox 998 2567 1017 2599; x_wconf 84' lang='grc'><strong>‹</strong></span> <span class='ocrx_word' id='word_1_330' title='bbox 1045 2549 1112 2604; x_wconf 88' lang='lat' dir='ltr'><strong>Et</strong></span> <span class='ocrx_word' id='word_1_331' title='bbox 1159 2550 1426 2604; x_wconf 87' lang='lat' dir='ltr'><strong>convertit</strong></span> <span class='ocrx_word' id='word_1_332' title='bbox 1467 2548 1590 2603; x_wconf 88' lang='lat' dir='ltr'><strong>illos</strong></span> <span class='ocrx_word' id='word_1_333' title='bbox 1616 2564 1645 2602; x_wconf 92' lang='lat' dir='ltr'><strong>a</strong></span> <span class='ocrx_word' id='word_1_334' title='bbox 1676 2564 1832 2618; x_wconf 88' lang='lat' dir='ltr'><strong>sepa-</strong></span> 
     </span>
    </p>
   </div>
   <div class='ocr_carea' id='block_1_43' title="bbox 237 2638 1831 2712">
    <p class='ocr_par' dir='ltr' id='par_1_43' title="bbox 237 2638 1831 2712">
     <span class='ocr_line' id='line_1_43' title="bbox 237 2638 1831 2712; baseline 0.003 -21"><span class='ocrx_word' id='word_1_335' title='bbox 237 2638 457 2694; x_wconf 86' lang='lat' dir='ltr'><strong>ratione</strong></span> <span class='ocrx_word' id='word_1_336' title='bbox 497 2639 800 2711; x_wconf 62' lang='lat' dir='ltr'><strong>ipsorum,»</strong></span> <span class='ocrx_word' id='word_1_337' title='bbox 835 2641 962 2712; x_wconf 88' lang='lat' dir='ltr'><strong>quia</strong></span> <span class='ocrx_word' id='word_1_338' title='bbox 998 2656 1095 2696; x_wconf 88' lang='lat' dir='ltr'><strong>sua</strong></span> <span class='ocrx_word' id='word_1_339' title='bbox 1133 2639 1458 2698; x_wconf 89' lang='lat' dir='ltr'><strong>discretione</strong></span> <span class='ocrx_word' id='word_1_340' title='bbox 1489 2640 1608 2696; x_wconf 85' lang='lat' dir='ltr'><strong>illos</strong></span> <span class='ocrx_word' id='word_1_341' title='bbox 1636 2640 1831 2695; x_wconf 86' lang='lat' dir='ltr'><strong>distin—</strong></span> 
     </span>
    </p>
   </div>
   <div class='ocr_carea' id='block_1_44' title="bbox 238 2730 1834 2804">
    <p class='ocr_par' dir='ltr' id='par_1_44' title="bbox 238 2730 1834 2804">
     <span class='ocr_line' id='line_1_44' title="bbox 238 2730 1834 2804; baseline 0.003 -22"><span class='ocrx_word' id='word_1_342' title='bbox 238 2730 343 2794; x_wconf 69' lang='lat' dir='ltr'><strong>xit,</strong></span> <span class='ocrx_word' id='word_1_343' title='bbox 370 2731 566 2800; x_wconf 89' lang='lat' dir='ltr'><strong>quibus</strong></span> <span class='ocrx_word' id='word_1_344' title='bbox 601 2746 702 2803; x_wconf 88' lang='lat' dir='ltr'><strong>pro</strong></span> <span class='ocrx_word' id='word_1_345' title='bbox 749 2732 1046 2787; x_wconf 84' lang='lat' dir='ltr'><strong>benefactis</strong></span> <span class='ocrx_word' id='word_1_346' title='bbox 1075 2733 1298 2803; x_wconf 69' lang='lat' dir='ltr'><strong>prmmia</strong></span> <span class='ocrx_word' id='word_1_347' title='bbox 1330 2732 1598 2804; x_wconf 79' lang='lat' dir='ltr'><strong>condigna</strong></span> <span class='ocrx_word' id='word_1_348' title='bbox 1640 2733 1834 2803; x_wconf 72' lang='lat' dir='ltr'><strong>daret,</strong></span> 
     </span>
    </p>
   </div>
   <div class='ocr_carea' id='block_1_45' title="bbox 238 2822 1827 2897">
    <p class='ocr_par' dir='ltr' id='par_1_45' title="bbox 238 2822 1827 2897">
     <span class='ocr_line' id='line_1_45' title="bbox 238 2822 1827 2897; baseline 0.001 -21"><span class='ocrx_word' id='word_1_349' title='bbox 238 2831 296 2876; x_wconf 89' lang='lat' dir='ltr'><strong>et</strong></span> <span class='ocrx_word' id='word_1_350' title='bbox 319 2822 517 2892; x_wconf 87' lang='lat' dir='ltr'><strong>quibus</strong></span> <span class='ocrx_word' id='word_1_351' title='bbox 542 2838 638 2897; x_wconf 90' lang='lat' dir='ltr'><strong>pro</strong></span> <span class='ocrx_word' id='word_1_352' title='bbox 674 2824 976 2880; x_wconf 78' lang='lat' dir='ltr'><strong>malefactis</strong></span> <span class='ocrx_word' id='word_1_353' title='bbox 995 2824 1144 2894; x_wconf 88' lang='lat' dir='ltr'><strong>justa</strong></span> <span class='ocrx_word' id='word_1_354' title='bbox 1190 2833 1459 2881; x_wconf 88' lang='lat' dir='ltr'><strong>tormenta</strong></span> <span class='ocrx_word' id='word_1_355' title='bbox 1489 2825 1827 2895; x_wconf 81' lang='lat' dir='ltr'><strong>rependeret.</strong></span> 
     </span>
    </p>
   </div>
   <div class='ocr_carea' id='block_1_46' title="bbox 237 2911 1831 2986">
    <p class='ocr_par' dir='ltr' id='par_1_46' title="bbox 237 2911 1831 2986">
     <span class='ocr_line' id='line_1_46' title="bbox 237 2911 1831 2986; baseline 0.003 -21"><span class='ocrx_word' id='word_1_356' title='bbox 237 2911 300 2966; x_wconf 88' lang='lat' dir='ltr'><strong>lu</strong></span> <span class='ocrx_word' id='word_1_357' title='bbox 349 2928 515 2968; x_wconf 90' lang='lat' dir='ltr'><strong>manu</strong></span> <span class='ocrx_word' id='word_1_358' title='bbox 560 2928 689 2986; x_wconf 80' lang='lat' dir='ltr'><strong>ergo</strong></span> <span class='ocrx_word' id='word_1_359' title='bbox 734 2917 943 2985; x_wconf 90' lang='lat' dir='ltr'><strong>potenti</strong></span> <span class='ocrx_word' id='word_1_360' title='bbox 985 2932 1228 2972; x_wconf 88' lang='lat' dir='ltr'><strong>summus</strong></span> <span class='ocrx_word' id='word_1_361' title='bbox 1274 2915 1467 2971; x_wconf 81' lang='lat' dir='ltr'><strong>artifex</strong></span> <span class='ocrx_word' id='word_1_362' title='bbox 1514 2915 1696 2985; x_wconf 85' lang='lat' dir='ltr'><strong>operis</strong></span> <span class='ocrx_word' id='word_1_363' title='bbox 1747 2915 1831 2970; x_wconf 90' lang='lat' dir='ltr'><strong>sui</strong></span> 
     </span>
    </p>
   </div>
   <div class='ocr_carea' id='block_1_47' title="bbox 234 3004 1831 3081">
    <p class='ocr_par' dir='ltr' id='par_1_47' title="bbox 234 3004 1831 3081">
     <span class='ocr_line' id='line_1_47' title="bbox 234 3004 1831 3081; baseline 0.003 -23"><span class='ocrx_word' id='word_1_364' title='bbox 234 3004 395 3073; x_wconf 76' lang='lat' dir='ltr'><strong>juxta</strong></span> <span class='ocrx_word' id='word_1_365' title='bbox 440 3007 772 3067; x_wconf 79' lang='lat' dir='ltr'><strong>voluntatem</strong></span> <span class='ocrx_word' id='word_1_366' title='bbox 815 3024 967 3063; x_wconf 89' lang='lat' dir='ltr'><strong>suam</strong></span> <span class='ocrx_word' id='word_1_367' title='bbox 996 3009 1398 3071; x_wconf 83' lang='lat' dir='ltr'><strong>distinctionem</strong></span> <span class='ocrx_word' id='word_1_368' title='bbox 1423 3024 1718 3081; x_wconf 80' lang='lat' dir='ltr'><strong>congruam</strong></span> <span class='ocrx_word' id='word_1_369' title='bbox 1754 3006 1831 3063; x_wconf 75' lang='lat' dir='ltr'><strong>ef-</strong></span> 
     </span>
    </p>
   </div>
   <div class='ocr_carea' id='block_1_48' title="bbox 241 3098 982 3171">
    <p class='ocr_par' dir='ltr' id='par_1_48' title="bbox 241 3098 982 3171">
     <span class='ocr_line' id='line_1_48' title="bbox 241 3098 982 3171; baseline 0.007 -21"><span class='ocrx_word' id='word_1_370' title='bbox 241 3098 394 3153; x_wconf 85' lang='lat' dir='ltr'><strong>fecit.</strong></span> <span class='ocrx_word' id='word_1_371' title='bbox 427 3098 577 3155; x_wconf 88' lang='lat' dir='ltr'><strong>Unde</strong></span> <span class='ocrx_word' id='word_1_372' title='bbox 604 3100 982 3171; x_wconf 81' lang='lat' dir='ltr'><strong>subjungitur:</strong></span> 
     </span>
    </p>
   </div>
   <div class='ocr_carea' id='block_1_49' title="bbox 321 3195 1832 3272">
    <p class='ocr_par' dir='ltr' id='par_1_49' title="bbox 321 3195 1832 3272">
     <span class='ocr_line' id='line_1_49' title="bbox 321 3195 1832 3272; baseline 0.008 -25"><span class='ocrx_word' id='word_1_373' title='bbox 321 3214 341 3247; x_wconf 73' lang='grc' dir='ltr'>ι</span> <span class='ocrx_word' id='word_1_374' title='bbox 373 3195 537 3263; x_wconf 86' lang='lat' dir='ltr'><strong>Quasi</strong></span> <span class='ocrx_word' id='word_1_375' title='bbox 559 3198 733 3255; x_wconf 87' lang='lat' dir='ltr'><strong>lutum</strong></span> <span class='ocrx_word' id='word_1_376' title='bbox 760 3198 903 3271; x_wconf 83' lang='lat' dir='ltr'><strong>ﬁguli</strong></span> <span class='ocrx_word' id='word_1_377' title='bbox 927 3200 981 3254; x_wconf 92' lang='lat' dir='ltr'><strong>in</strong></span> <span class='ocrx_word' id='word_1_378' title='bbox 1004 3214 1165 3256; x_wconf 80' lang='lat' dir='ltr'><strong>manu</strong></span> <span class='ocrx_word' id='word_1_379' title='bbox 1194 3201 1381 3271; x_wconf 89' lang='lat' dir='ltr'><strong>ipsius,</strong></span> <span class='ocrx_word' id='word_1_380' title='bbox 1408 3203 1679 3272; x_wconf 87' lang='lat' dir='ltr'><strong>plasmare</strong></span> <span class='ocrx_word' id='word_1_381' title='bbox 1703 3203 1832 3259; x_wconf 89' lang='lat' dir='ltr'><strong>illud</strong></span> 
     </span>
    </p>
   </div>
   <div class='ocr_carea' id='block_1_50' title="bbox 247 3288 1835 3366">
    <p class='ocr_par' dir='ltr' id='par_1_50' title="bbox 247 3288 1835 3366">
     <span class='ocr_line' id='line_1_50' title="bbox 247 3288 1835 3366; baseline 0.007 -27"><span class='ocrx_word' id='word_1_382' title='bbox 247 3306 266 3339; x_wconf 74' lang='grc' dir='ltr'>ι</span> <span class='ocrx_word' id='word_1_383' title='bbox 315 3296 373 3342; x_wconf 89' lang='lat' dir='ltr'><strong>et</strong></span> <span class='ocrx_word' id='word_1_384' title='bbox 415 3288 722 3359; x_wconf 85' lang='lat' dir='ltr'><strong>disponere.</strong></span> <span class='ocrx_word' id='word_1_385' title='bbox 751 3290 952 3347; x_wconf 87' lang='lat' dir='ltr'><strong>Omnes</strong></span> <span class='ocrx_word' id='word_1_386' title='bbox 980 3292 1081 3347; x_wconf 68' lang='lat' dir='ltr'><strong>vite</strong></span> <span class='ocrx_word' id='word_1_387' title='bbox 1108 3292 1225 3362; x_wconf 89' lang='lat' dir='ltr'><strong>ejus</strong></span> <span class='ocrx_word' id='word_1_388' title='bbox 1268 3296 1565 3349; x_wconf 90' lang='lat' dir='ltr'><strong>secundum</strong></span> <span class='ocrx_word' id='word_1_389' title='bbox 1603 3294 1835 3366; x_wconf 75' lang='lat' dir='ltr'><strong>disposi-</strong></span> 
     </span>
    </p>
   </div>
   <div class='ocr_carea' id='block_1_51' title="bbox 246 3378 1828 3452">
    <p class='ocr_par' dir='ltr' id='par_1_51' title="bbox 246 3378 1828 3452">
     <span class='ocr_line' id='line_1_51' title="bbox 246 3378 1828 3452; baseline 0.006 -23"><span class='ocrx_word' id='word_1_390' title='bbox 246 3396 267 3429; x_wconf 76' lang='grc' dir='ltr'>ι</span> <span class='ocrx_word' id='word_1_391' title='bbox 317 3378 520 3434; x_wconf 92' lang='lat' dir='ltr'><strong>tionem</strong></span> <span class='ocrx_word' id='word_1_392' title='bbox 550 3380 698 3449; x_wconf 87' lang='lat' dir='ltr'><strong>ejus;</strong></span> <span class='ocrx_word' id='word_1_393' title='bbox 727 3380 807 3435; x_wconf 90' lang='lat' dir='ltr'><strong>sic</strong></span> <span class='ocrx_word' id='word_1_394' title='bbox 830 3381 989 3436; x_wconf 90' lang='lat' dir='ltr'><strong>homo</strong></span> <span class='ocrx_word' id='word_1_395' title='bbox 1016 3382 1070 3435; x_wconf 90' lang='lat' dir='ltr'><strong>in</strong></span> <span class='ocrx_word' id='word_1_396' title='bbox 1097 3397 1260 3436; x_wconf 89' lang='lat' dir='ltr'><strong>manu</strong></span> <span class='ocrx_word' id='word_1_397' title='bbox 1291 3383 1453 3448; x_wconf 90' lang='lat' dir='ltr'><strong>illius,</strong></span> <span class='ocrx_word' id='word_1_398' title='bbox 1476 3384 1568 3452; x_wconf 92' lang='lat' dir='ltr'><strong>qui</strong></span> <span class='ocrx_word' id='word_1_399' title='bbox 1594 3400 1654 3438; x_wconf 89' lang='lat' dir='ltr'><strong>se</strong></span> <span class='ocrx_word' id='word_1_400' title='bbox 1685 3383 1828 3450; x_wconf 88' lang='lat' dir='ltr'><strong>fecit,</strong></span> 
     </span>
    </p>
   </div>
   <div class='ocr_carea' id='block_1_52' title="bbox 244 3470 1832 3542">
    <p class='ocr_par' dir='ltr' id='par_1_52' title="bbox 244 3470 1832 3542">
     <span class='ocr_line' id='line_1_52' title="bbox 244 3470 1832 3542; baseline 0.006 -23"><span class='ocrx_word' id='word_1_401' title='bbox 244 3489 266 3519; x_wconf 85' lang='grc' dir='ltr'>ι</span> <span class='ocrx_word' id='word_1_402' title='bbox 314 3477 373 3523; x_wconf 88' lang='lat' dir='ltr'><strong>et</strong></span> <span class='ocrx_word' id='word_1_403' title='bbox 418 3470 608 3523; x_wconf 86' lang='lat' dir='ltr'><strong>reddet</strong></span> <span class='ocrx_word' id='word_1_404' title='bbox 650 3470 724 3524; x_wconf 92' lang='lat' dir='ltr'><strong>illi</strong></span> <span class='ocrx_word' id='word_1_405' title='bbox 756 3472 1050 3526; x_wconf 83' lang='lat' dir='ltr'><strong>secundum</strong></span> <span class='ocrx_word' id='word_1_406' title='bbox 1088 3472 1349 3541; x_wconf 86' lang='lat' dir='ltr'><strong>judicium</strong></span> <span class='ocrx_word' id='word_1_407' title='bbox 1393 3487 1612 3527; x_wconf 66' lang='lat' dir='ltr'><strong>suum.»</strong></span> <span class='ocrx_word' id='word_1_408' title='bbox 1645 3472 1705 3526; x_wconf 91' lang='lat' dir='ltr'><strong>In</strong></span> <span class='ocrx_word' id='word_1_409' title='bbox 1744 3488 1832 3542; x_wconf 87' lang='lat' dir='ltr'><strong>po-</strong></span> 
     </span>
    </p>
   </div>
   <div class='ocr_carea' id='block_1_53' title="bbox 244 3561 1831 3632">
    <p class='ocr_par' dir='ltr' id='par_1_53' title="bbox 244 3561 1831 3632">
     <span class='ocr_line' id='line_1_53' title="bbox 244 3561 1831 3632; baseline 0.003 -18"><span class='ocrx_word' id='word_1_410' title='bbox 244 3568 445 3615; x_wconf 87' lang='lat' dir='ltr'><strong>testate</strong></span> <span class='ocrx_word' id='word_1_411' title='bbox 487 3575 616 3630; x_wconf 84' lang='lat' dir='ltr'><strong>ergo</strong></span> <span class='ocrx_word' id='word_1_412' title='bbox 661 3576 757 3615; x_wconf 88' lang='lat' dir='ltr'><strong>sua</strong></span> <span class='ocrx_word' id='word_1_413' title='bbox 792 3563 1131 3632; x_wconf 88' lang='lat' dir='ltr'><strong>omnipotens</strong></span> <span class='ocrx_word' id='word_1_414' title='bbox 1179 3561 1428 3617; x_wconf 91' lang='lat' dir='ltr'><strong>conditor</strong></span> <span class='ocrx_word' id='word_1_415' title='bbox 1456 3563 1661 3619; x_wconf 86' lang='lat' dir='ltr'><strong>habens</strong></span> <span class='ocrx_word' id='word_1_416' title='bbox 1691 3579 1831 3619; x_wconf 84' lang='lat' dir='ltr'><strong>mas-</strong></span> 
     </span>
    </p>
   </div>
   <div class='ocr_carea' id='block_1_54' title="bbox 238 3654 1830 3724">
    <p class='ocr_par' dir='ltr' id='par_1_54' title="bbox 238 3654 1830 3724">
     <span class='ocr_line' id='line_1_54' title="bbox 238 3654 1830 3724; baseline 0.001 -16"><span class='ocrx_word' id='word_1_417' title='bbox 238 3668 364 3708; x_wconf 85' lang='lat' dir='ltr'><strong>sam</strong></span> <span class='ocrx_word' id='word_1_418' title='bbox 410 3654 657 3708; x_wconf 68' lang='lat' dir='ltr'><strong>humanm</strong></span> <span class='ocrx_word' id='word_1_419' title='bbox 688 3663 916 3719; x_wconf 86' lang='lat' dir='ltr'><strong>naturae,</strong></span> <span class='ocrx_word' id='word_1_420' title='bbox 948 3654 1368 3724; x_wconf 82' lang='lat' dir='ltr'><strong>unumquodque</strong></span> <span class='ocrx_word' id='word_1_421' title='bbox 1396 3670 1494 3710; x_wconf 88' lang='lat' dir='ltr'><strong>vas</strong></span> <span class='ocrx_word' id='word_1_422' title='bbox 1534 3655 1830 3710; x_wconf 90' lang='lat' dir='ltr'><strong>secundum</strong></span> 
     </span>
    </p>
   </div>
   <div class='ocr_carea' id='block_1_55' title="bbox 238 3741 1833 3813">
    <p class='ocr_par' dir='ltr' id='par_1_55' title="bbox 238 3741 1833 3813">
     <span class='ocr_line' id='line_1_55' title="bbox 238 3741 1833 3813; baseline 0.003 -19"><span class='ocrx_word' id='word_1_423' title='bbox 238 3742 579 3796; x_wconf 88' lang='lat' dir='ltr'><strong>voluntatem</strong></span> <span class='ocrx_word' id='word_1_424' title='bbox 606 3756 758 3797; x_wconf 85' lang='lat' dir='ltr'><strong>suam</strong></span> <span class='ocrx_word' id='word_1_425' title='bbox 790 3741 944 3813; x_wconf 83' lang='lat' dir='ltr'><strong>ﬁngit</strong></span> <span class='ocrx_word' id='word_1_426' title='bbox 968 3758 1032 3796; x_wconf 90' lang='lat' dir='ltr'><strong>ac</strong></span> <span class='ocrx_word' id='word_1_427' title='bbox 1059 3742 1276 3807; x_wconf 81' lang='lat' dir='ltr'><strong>format,</strong></span> <span class='ocrx_word' id='word_1_428' title='bbox 1313 3762 1330 3794; x_wconf 73' lang='grc' dir='ltr'>ι</span> <span class='ocrx_word' id='word_1_429' title='bbox 1362 3758 1462 3797; x_wconf 88' lang='lat' dir='ltr'><strong>nec</strong></span> <span class='ocrx_word' id='word_1_430' title='bbox 1486 3752 1569 3798; x_wconf 86' lang='lat' dir='ltr'><strong>est</strong></span> <span class='ocrx_word' id='word_1_431' title='bbox 1590 3744 1682 3813; x_wconf 90' lang='lat' dir='ltr'><strong>qui</strong></span> <span class='ocrx_word' id='word_1_432' title='bbox 1710 3759 1833 3813; x_wconf 88' lang='lat' dir='ltr'><strong>pos—</strong></span> 
     </span>
    </p>
   </div>
   <div class='ocr_carea' id='block_1_56' title="bbox 240 3831 1832 3904">
    <p class='ocr_par' dir='ltr' id='par_1_56' title="bbox 240 3831 1832 3904">
     <span class='ocr_line' id='line_1_56' title="bbox 240 3831 1832 3904; baseline 0.002 -18"><span class='ocrx_word' id='word_1_433' title='bbox 240 3833 316 3887; x_wconf 90' lang='lat' dir='ltr'><strong>sit</strong></span> <span class='ocrx_word' id='word_1_434' title='bbox 340 3832 596 3886; x_wconf 88' lang='lat' dir='ltr'><strong>resistere</strong></span> <span class='ocrx_word' id='word_1_435' title='bbox 629 3832 892 3886; x_wconf 76' lang='lat' dir='ltr'><strong>voluntati</strong></span> <span class='ocrx_word' id='word_1_436' title='bbox 932 3831 1048 3901; x_wconf 88' lang='lat' dir='ltr'><strong>ejus</strong></span> <span class='ocrx_word' id='word_1_437' title='bbox 1075 3852 1088 3885; x_wconf 88' lang='lat'><strong>:</strong></span> <span class='ocrx_word' id='word_1_438' title='bbox 1120 3853 1139 3885; x_wconf 77' lang='grc' dir='ltr'><strong><em>ι</em></strong></span> <span class='ocrx_word' id='word_1_439' title='bbox 1175 3850 1278 3889; x_wconf 88' lang='lat' dir='ltr'><strong>nec</strong></span> <span class='ocrx_word' id='word_1_440' title='bbox 1314 3841 1497 3889; x_wconf 89' lang='lat' dir='ltr'><strong>tamen</strong></span> <span class='ocrx_word' id='word_1_441' title='bbox 1532 3851 1655 3889; x_wconf 89' lang='lat' dir='ltr'><strong>eum</strong></span> <span class='ocrx_word' id='word_1_442' title='bbox 1684 3836 1832 3904; x_wconf 87' lang='lat' dir='ltr'><strong>quis-</strong></span> 
     </span>
    </p>
   </div>
   <div class='ocr_carea' id='block_1_57' title="bbox 239 3921 1833 3995">
    <p class='ocr_par' dir='ltr' id='par_1_57' title="bbox 239 3921 1833 3995">
     <span class='ocr_line' id='line_1_57' title="bbox 239 3921 1833 3995; baseline 0.004 -20"><span class='ocrx_word' id='word_1_443' title='bbox 239 3938 409 3992; x_wconf 88' lang='lat' dir='ltr'><strong>quam</strong></span> <span class='ocrx_word' id='word_1_444' title='bbox 444 3921 707 3990; x_wconf 81' lang='lat' dir='ltr'><strong>injustam</strong></span> <span class='ocrx_word' id='word_1_445' title='bbox 750 3924 931 3978; x_wconf 86' lang='lat' dir='ltr'><strong>dicere</strong></span> <span class='ocrx_word' id='word_1_446' title='bbox 975 3924 1174 3988; x_wconf 86' lang='lat' dir='ltr'><strong>debet,</strong></span> <span class='ocrx_word' id='word_1_447' title='bbox 1210 3925 1337 3993; x_wconf 87' lang='lat' dir='ltr'><strong>quia</strong></span> <span class='ocrx_word' id='word_1_448' title='bbox 1383 3926 1563 3979; x_wconf 87' lang='lat' dir='ltr'><strong>omnia</strong></span> <span class='ocrx_word' id='word_1_449' title='bbox 1605 3927 1751 3995; x_wconf 88' lang='lat' dir='ltr'><strong>juste</strong></span> <span class='ocrx_word' id='word_1_450' title='bbox 1779 3938 1833 3982; x_wconf 90' lang='lat' dir='ltr'><strong>et</strong></span> 
     </span>
    </p>
   </div>
   <div class='ocr_carea' id='block_1_58' title="bbox 241 4013 1830 4085">
    <p class='ocr_par' dir='ltr' id='par_1_58' title="bbox 241 4013 1830 4085">
     <span class='ocr_line' id='line_1_58' title="bbox 241 4013 1830 4085; baseline 0 -16"><span class='ocrx_word' id='word_1_451' title='bbox 241 4014 544 4069; x_wconf 85' lang='lat' dir='ltr'><strong>secundum</strong></span> <span class='ocrx_word' id='word_1_452' title='bbox 589 4014 832 4068; x_wconf 84' lang='lat' dir='ltr'><strong>ordinem</strong></span> <span class='ocrx_word' id='word_1_453' title='bbox 877 4013 1026 4071; x_wconf 83' lang='lat' dir='ltr'><strong>facit.</strong></span> <span class='ocrx_word' id='word_1_454' title='bbox 1071 4014 1224 4070; x_wconf 89' lang='lat' dir='ltr'><strong>Unde</strong></span> <span class='ocrx_word' id='word_1_455' title='bbox 1255 4014 1545 4085; x_wconf 82' lang='lat' dir='ltr'><strong>Apostolus</strong></span> <span class='ocrx_word' id='word_1_456' title='bbox 1582 4016 1649 4069; x_wconf 88' lang='lat' dir='ltr'><strong>de</strong></span> <span class='ocrx_word' id='word_1_457' title='bbox 1692 4031 1830 4084; x_wconf 57' lang='lat' dir='ltr'><strong>prato</strong></span> 
     </span>
    </p>
   </div>
   <div class='ocr_carea' id='block_1_59' title="bbox 241 4102 1831 4175">
    <p class='ocr_par' dir='ltr' id='par_1_59' title="bbox 241 4102 1831 4175">
     <span class='ocr_line' id='line_1_59' title="bbox 241 4102 1831 4175; baseline 0.002 -17"><span class='ocrx_word' id='word_1_458' title='bbox 241 4104 476 4158; x_wconf 88' lang='lat' dir='ltr'><strong>scientia</strong></span> <span class='ocrx_word' id='word_1_459' title='bbox 518 4102 614 4156; x_wconf 89' lang='lat' dir='ltr'><strong>Dei</strong></span> <span class='ocrx_word' id='word_1_460' title='bbox 658 4111 713 4157; x_wconf 90' lang='lat' dir='ltr'><strong>et</strong></span> <span class='ocrx_word' id='word_1_461' title='bbox 760 4112 1028 4172; x_wconf 87' lang='lat' dir='ltr'><strong>potestate</strong></span> <span class='ocrx_word' id='word_1_462' title='bbox 1076 4105 1130 4158; x_wconf 91' lang='lat' dir='ltr'><strong>in</strong></span> <span class='ocrx_word' id='word_1_463' title='bbox 1169 4104 1409 4175; x_wconf 85' lang='lat' dir='ltr'><strong>Epistula</strong></span> <span class='ocrx_word' id='word_1_464' title='bbox 1448 4106 1515 4159; x_wconf 89' lang='lat' dir='ltr'><strong>ad</strong></span> <span class='ocrx_word' id='word_1_465' title='bbox 1560 4105 1831 4161; x_wconf 78' lang='lat' dir='ltr'><strong>Retnanos</strong></span> 
     </span>
    </p>
   </div>
   <div class='ocr_carea' id='block_1_60' title="bbox 241 4192 1827 4263">
    <p class='ocr_par' dir='ltr' id='par_1_60' title="bbox 241 4192 1827 4263">
     <span class='ocr_line' id='line_1_60' title="bbox 241 4192 1827 4263; baseline 0.001 -15"><span class='ocrx_word' id='word_1_466' title='bbox 241 4194 549 4263; x_wconf 86' lang='lat' dir='ltr'><strong>disputans,</strong></span> <span class='ocrx_word' id='word_1_467' title='bbox 578 4192 634 4246; x_wconf 92' lang='lat' dir='ltr'><strong>in</strong></span> <span class='ocrx_word' id='word_1_468' title='bbox 671 4194 975 4263; x_wconf 77' lang='lat' dir='ltr'><strong>exemplum</strong></span> <span class='ocrx_word' id='word_1_469' title='bbox 1008 4192 1174 4249; x_wconf 85' lang='lat' dir='ltr'><strong>Jacob</strong></span> <span class='ocrx_word' id='word_1_470' title='bbox 1204 4205 1258 4249; x_wconf 92' lang='lat' dir='ltr'><strong>et</strong></span> <span class='ocrx_word' id='word_1_471' title='bbox 1294 4195 1436 4249; x_wconf 88' lang='lat' dir='ltr'><strong>Esau</strong></span> <span class='ocrx_word' id='word_1_472' title='bbox 1485 4197 1827 4262; x_wconf 84' lang='lat' dir='ltr'><strong>assumendo,</strong></span> 
     </span>
    </p>
   </div>
   <div class='ocr_carea' id='block_1_61' title="bbox 243 4282 1829 4352">
    <p class='ocr_par' dir='ltr' id='par_1_61' title="bbox 243 4282 1829 4352">
     <span class='ocr_line' id='line_1_61' title="bbox 243 4282 1829 4352; baseline 0.003 -18"><span class='ocrx_word' id='word_1_473' title='bbox 243 4282 517 4350; x_wconf 90' lang='lat' dir='ltr'><strong>quomodo</strong></span> <span class='ocrx_word' id='word_1_474' title='bbox 547 4298 710 4335; x_wconf 89' lang='lat' dir='ltr'><strong>unum</strong></span> <span class='ocrx_word' id='word_1_475' title='bbox 754 4282 1051 4337; x_wconf 89' lang='lat' dir='ltr'><strong>secundum</strong></span> <span class='ocrx_word' id='word_1_476' title='bbox 1098 4284 1492 4352; x_wconf 66' lang='lat' dir='ltr'><strong>praiscientiam</strong></span> <span class='ocrx_word' id='word_1_477' title='bbox 1537 4300 1690 4339; x_wconf 89' lang='lat' dir='ltr'><strong>suam</strong></span> <span class='ocrx_word' id='word_1_478' title='bbox 1717 4285 1829 4339; x_wconf 90' lang='lat' dir='ltr'><strong>ele-</strong></span> 
     </span>
    </p>
   </div>
   <div class='ocr_carea' id='block_1_62' title="bbox 242 4372 1834 4443">
    <p class='ocr_par' dir='ltr' id='par_1_62' title="bbox 242 4372 1834 4443">
     <span class='ocr_line' id='line_1_62' title="bbox 242 4372 1834 4443; baseline 0.004 -19"><span class='ocrx_word' id='word_1_479' title='bbox 242 4373 405 4442; x_wconf 81' lang='lat' dir='ltr'><strong>gerit,</strong></span> <span class='ocrx_word' id='word_1_480' title='bbox 430 4372 657 4426; x_wconf 88' lang='lat' dir='ltr'><strong>alterum</strong></span> <span class='ocrx_word' id='word_1_481' title='bbox 689 4373 979 4427; x_wconf 88' lang='lat' dir='ltr'><strong>secundum</strong></span> <span class='ocrx_word' id='word_1_482' title='bbox 1004 4373 1266 4443; x_wconf 85' lang='lat' dir='ltr'><strong>judicium</strong></span> <span class='ocrx_word' id='word_1_483' title='bbox 1293 4375 1614 4439; x_wconf 81' lang='lat' dir='ltr'><strong>deseruerit,</strong></span> <span class='ocrx_word' id='word_1_484' title='bbox 1644 4391 1712 4430; x_wconf 89' lang='lat' dir='ltr'><strong>ne</strong></span> <span class='ocrx_word' id='word_1_485' title='bbox 1739 4376 1834 4430; x_wconf 89' lang='lat' dir='ltr'><strong>ali-</strong></span> 
     </span>
    </p>
   </div>
   <div class='ocr_carea' id='block_1_63' title="bbox 244 4461 1831 4530">
    <p class='ocr_par' dir='ltr' id='par_1_63' title="bbox 244 4461 1831 4530">
     <span class='ocr_line' id='line_1_63' title="bbox 244 4461 1831 4530; baseline 0.003 -16"><span class='ocrx_word' id='word_1_486' title='bbox 244 4462 372 4529; x_wconf 87' lang='lat' dir='ltr'><strong>quis</strong></span> <span class='ocrx_word' id='word_1_487' title='bbox 398 4461 596 4530; x_wconf 88' lang='lat' dir='ltr'><strong>injuste</strong></span> <span class='ocrx_word' id='word_1_488' title='bbox 642 4461 845 4516; x_wconf 86' lang='lat' dir='ltr'><strong>factum</strong></span> <span class='ocrx_word' id='word_1_489' title='bbox 873 4478 994 4518; x_wconf 88' lang='lat' dir='ltr'><strong>esse</strong></span> <span class='ocrx_word' id='word_1_490' title='bbox 1034 4464 1305 4529; x_wconf 87' lang='lat' dir='ltr'><strong>crederet,</strong></span> <span class='ocrx_word' id='word_1_491' title='bbox 1344 4465 1487 4519; x_wconf 86' lang='lat' dir='ltr'><strong>inter</strong></span> <span class='ocrx_word' id='word_1_492' title='bbox 1514 4473 1709 4520; x_wconf 66' lang='lat' dir='ltr'><strong>caetera</strong></span> <span class='ocrx_word' id='word_1_493' title='bbox 1753 4466 1831 4520; x_wconf 92' lang='lat' dir='ltr'><strong>sic</strong></span> 
     </span>
    </p>
   </div>
   <div class='ocr_carea' id='block_1_64' title="bbox 245 4553 1833 4627">
    <p class='ocr_par' dir='ltr' id='par_1_64' title="bbox 245 4553 1833 4627">
     <span class='ocr_line' id='line_1_64' title="bbox 245 4553 1833 4627; baseline 0.003 -20"><span class='ocrx_word' id='word_1_494' title='bbox 245 4553 368 4608; x_wconf 84' lang='lat' dir='ltr'><strong>ait:</strong></span> <span class='ocrx_word' id='word_1_495' title='bbox 406 4553 583 4620; x_wconf 70' lang='lat' dir='ltr'><strong>«Quid</strong></span> <span class='ocrx_word' id='word_1_496' title='bbox 625 4568 754 4624; x_wconf 82' lang='lat' dir='ltr'><strong>ergo</strong></span> <span class='ocrx_word' id='word_1_497' title='bbox 800 4554 1072 4610; x_wconf 87' lang='lat' dir='ltr'><strong>dicemus?</strong></span> <span class='ocrx_word' id='word_1_498' title='bbox 1116 4556 1356 4625; x_wconf 86' lang='lat' dir='ltr'><strong>nunquid</strong></span> <span class='ocrx_word' id='word_1_499' title='bbox 1392 4556 1649 4625; x_wconf 88' lang='lat' dir='ltr'><strong>iniquitas</strong></span> <span class='ocrx_word' id='word_1_500' title='bbox 1691 4558 1833 4627; x_wconf 84' lang='lat' dir='ltr'><strong>apud</strong></span> 
     </span>
    </p>
   </div>
   <div class='ocr_carea' id='block_1_65' title="bbox 244 4644 1830 4716">
    <p class='ocr_par' dir='ltr' id='par_1_65' title="bbox 244 4644 1830 4716">
     <span class='ocr_line' id='line_1_65' title="bbox 244 4644 1830 4716; baseline 0.001 -17"><span class='ocrx_word' id='word_1_501' title='bbox 244 4645 457 4699; x_wconf 86' lang='lat' dir='ltr'><strong>Deum?</strong></span> <span class='ocrx_word' id='word_1_502' title='bbox 486 4644 659 4698; x_wconf 79' lang='lat' dir='ltr'><strong>Absit.</strong></span> <span class='ocrx_word' id='word_1_503' title='bbox 682 4664 701 4696; x_wconf 74' lang='grc' dir='ltr'><strong><em>ι</em></strong></span> <span class='ocrx_word' id='word_1_504' title='bbox 751 4645 819 4699; x_wconf 85' lang='lat' dir='ltr'><strong>Et</strong></span> <span class='ocrx_word' id='word_1_505' title='bbox 860 4660 967 4700; x_wconf 91' lang='lat' dir='ltr'><strong>non</strong></span> <span class='ocrx_word' id='word_1_506' title='bbox 1002 4646 1171 4700; x_wconf 91' lang='lat' dir='ltr'><strong>multo</strong></span> <span class='ocrx_word' id='word_1_507' title='bbox 1218 4654 1340 4716; x_wconf 87' lang='lat' dir='ltr'><strong>post</strong></span> <span class='ocrx_word' id='word_1_508' title='bbox 1375 4665 1387 4700; x_wconf 93' lang='lat'><strong>:</strong></span> <span class='ocrx_word' id='word_1_509' title='bbox 1424 4665 1443 4698; x_wconf 71' lang='grc' dir='ltr'>ι</span> <span class='ocrx_word' id='word_1_510' title='bbox 1473 4648 1551 4700; x_wconf 86' lang='lat' dir='ltr'><strong>An</strong></span> <span class='ocrx_word' id='word_1_511' title='bbox 1575 4687 1590 4712; x_wconf 92' lang='lat'><strong>,</strong></span> <span class='ocrx_word' id='word_1_512' title='bbox 1622 4647 1830 4716; x_wconf 89' lang='lat' dir='ltr'><strong>inquit,</strong></span> 
     </span>
    </p>
   </div>
   <div class='ocr_carea' id='block_1_66' title="bbox 242 4738 1833 4809">
    <p class='ocr_par' dir='ltr' id='par_1_66' title="bbox 242 4738 1833 4809">
     <span class='ocr_line' id='line_1_66' title="bbox 242 4738 1833 4809; baseline 0.001 -18"><span class='ocrx_word' id='word_1_513' title='bbox 242 4753 359 4792; x_wconf 82' lang='lat' dir='ltr'><strong>non</strong></span> <span class='ocrx_word' id='word_1_514' title='bbox 404 4738 568 4791; x_wconf 88' lang='lat' dir='ltr'><strong>habet</strong></span> <span class='ocrx_word' id='word_1_515' title='bbox 605 4745 930 4806; x_wconf 89' lang='lat' dir='ltr'><strong>potestatem</strong></span> <span class='ocrx_word' id='word_1_516' title='bbox 957 4738 1150 4809; x_wconf 82' lang='lat' dir='ltr'><strong>ﬁgulus</strong></span> <span class='ocrx_word' id='word_1_517' title='bbox 1177 4738 1297 4804; x_wconf 91' lang='lat' dir='ltr'><strong>luti,</strong></span> <span class='ocrx_word' id='word_1_518' title='bbox 1338 4753 1405 4794; x_wconf 85' lang='lat' dir='ltr'><strong>ex</strong></span> <span class='ocrx_word' id='word_1_519' title='bbox 1435 4738 1623 4793; x_wconf 88' lang='lat' dir='ltr'><strong>eadem</strong></span> <span class='ocrx_word' id='word_1_520' title='bbox 1656 4754 1833 4793; x_wconf 86' lang='lat' dir='ltr'><strong>massa</strong></span> 
     </span>
    </p>
   </div>
   <div class='ocr_carea' id='block_1_67' title="bbox 245 4830 1834 4899">
    <p class='ocr_par' dir='ltr' id='par_1_67' title="bbox 245 4830 1834 4899">
     <span class='ocr_line' id='line_1_67' title="bbox 245 4830 1834 4899; baseline 0 -15"><span class='ocrx_word' id='word_1_521' title='bbox 245 4830 431 4884; x_wconf 90' lang='lat' dir='ltr'><strong>facere</strong></span> <span class='ocrx_word' id='word_1_522' title='bbox 468 4830 612 4885; x_wconf 86' lang='lat' dir='ltr'><strong>aliud</strong></span> <span class='ocrx_word' id='word_1_523' title='bbox 656 4830 871 4899; x_wconf 88' lang='lat' dir='ltr'><strong>quidem</strong></span> <span class='ocrx_word' id='word_1_524' title='bbox 897 4847 991 4885; x_wconf 89' lang='lat' dir='ltr'><strong>vas</strong></span> <span class='ocrx_word' id='word_1_525' title='bbox 1037 4832 1091 4886; x_wconf 87' lang='lat' dir='ltr'><strong>in</strong></span> <span class='ocrx_word' id='word_1_526' title='bbox 1128 4833 1404 4894; x_wconf 87' lang='lat' dir='ltr'><strong>honorem,</strong></span> <span class='ocrx_word' id='word_1_527' title='bbox 1437 4832 1582 4886; x_wconf 87' lang='lat' dir='ltr'><strong>aliud</strong></span> <span class='ocrx_word' id='word_1_528' title='bbox 1624 4846 1752 4885; x_wconf 87' lang='lat' dir='ltr'><strong>vero</strong></span> <span class='ocrx_word' id='word_1_529' title='bbox 1781 4832 1834 4884; x_wconf 93' lang='lat' dir='ltr'><strong>in</strong></span> 
     </span>
    </p>
   </div>
   <div class='ocr_carea' id='block_1_68' title="bbox 244 4919 1837 4992">
    <p class='ocr_par' dir='ltr' id='par_1_68' title="bbox 244 4919 1837 4992">
     <span class='ocr_line' id='line_1_68' title="bbox 244 4919 1837 4992; baseline 0 -18"><span class='ocrx_word' id='word_1_530' title='bbox 244 4920 670 4975; x_wconf 83' lang='lat' dir='ltr'><strong>contumeliam?</strong></span> <span class='ocrx_word' id='word_1_531' title='bbox 695 4919 871 4992; x_wconf 83' lang='lat' dir='ltr'><strong>(Rom.</strong></span> <span class='ocrx_word' id='word_1_532' title='bbox 899 4919 1001 4991; x_wconf 68' lang='grc' dir='ltr'><strong>ιι.)</strong></span> <span class='ocrx_word' id='word_1_533' title='bbox 1029 4920 1215 4990; x_wconf 79' lang='lat' dir='ltr'><strong>Magna</strong></span> <span class='ocrx_word' id='word_1_534' title='bbox 1237 4929 1322 4975; x_wconf 89' lang='lat' dir='ltr'><strong>est</strong></span> <span class='ocrx_word' id='word_1_535' title='bbox 1345 4920 1603 4991; x_wconf 87' lang='lat' dir='ltr'><strong>iniquitas</strong></span> <span class='ocrx_word' id='word_1_536' title='bbox 1623 4928 1679 4974; x_wconf 92' lang='lat' dir='ltr'><strong>et</strong></span> <span class='ocrx_word' id='word_1_537' title='bbox 1704 4935 1837 4990; x_wconf 61' lang='lat' dir='ltr'><strong>prae-</strong></span> 
     </span>
    </p>
   </div>
   <div class='ocr_carea' id='block_1_69' title="bbox 244 5009 1837 5079">
    <p class='ocr_par' dir='ltr' id='par_1_69' title="bbox 244 5009 1837 5079">
     <span class='ocr_line' id='line_1_69' title="bbox 244 5009 1837 5079; baseline -0.002 -13"><span class='ocrx_word' id='word_1_538' title='bbox 244 5010 493 5078; x_wconf 88' lang='lat' dir='ltr'><strong>sumptio</strong></span> <span class='ocrx_word' id='word_1_539' title='bbox 529 5009 854 5079; x_wconf 87' lang='lat' dir='ltr'><strong>respondere</strong></span> <span class='ocrx_word' id='word_1_540' title='bbox 898 5012 952 5064; x_wconf 92' lang='lat' dir='ltr'><strong>in</strong></span> <span class='ocrx_word' id='word_1_541' title='bbox 981 5011 1223 5066; x_wconf 88' lang='lat' dir='ltr'><strong>adversis</strong></span> <span class='ocrx_word' id='word_1_542' title='bbox 1251 5011 1526 5066; x_wconf 85' lang='lat' dir='ltr'><strong>hominem</strong></span> <span class='ocrx_word' id='word_1_543' title='bbox 1567 5010 1694 5073; x_wconf 90' lang='lat' dir='ltr'><strong>Deo,</strong></span> <span class='ocrx_word' id='word_1_544' title='bbox 1735 5010 1837 5063; x_wconf 85' lang='lat' dir='ltr'><strong>ini-</strong></span> 
     </span>
    </p>
   </div>
   <div class='ocr_carea' id='block_1_70' title="bbox 244 5098 1836 5170">
    <p class='ocr_par' dir='ltr' id='par_1_70' title="bbox 244 5098 1836 5170">
     <span class='ocr_line' id='line_1_70' title="bbox 244 5098 1836 5170; baseline -0.001 -17"><span class='ocrx_word' id='word_1_545' title='bbox 244 5116 423 5170; x_wconf 83' lang='lat' dir='ltr'><strong>quum</strong></span> <span class='ocrx_word' id='word_1_546' title='bbox 449 5100 615 5169; x_wconf 88' lang='lat' dir='ltr'><strong>justo,</strong></span> <span class='ocrx_word' id='word_1_547' title='bbox 646 5100 847 5156; x_wconf 89' lang='lat' dir='ltr'><strong>malum</strong></span> <span class='ocrx_word' id='word_1_548' title='bbox 872 5101 1034 5165; x_wconf 88' lang='lat' dir='ltr'><strong>bono,</strong></span> <span class='ocrx_word' id='word_1_549' title='bbox 1069 5101 1374 5170; x_wconf 87' lang='lat' dir='ltr'><strong>imperitum</strong></span> <span class='ocrx_word' id='word_1_550' title='bbox 1400 5099 1658 5170; x_wconf 88' lang='lat' dir='ltr'><strong>perfecto,</strong></span> <span class='ocrx_word' id='word_1_551' title='bbox 1685 5098 1836 5153; x_wconf 83' lang='lat' dir='ltr'><strong>inﬁr-</strong></span> 
     </span>
    </p>
   </div>
   <div class='ocr_carea' id='block_1_71' title="bbox 244 5190 1837 5261">
    <p class='ocr_par' dir='ltr' id='par_1_71' title="bbox 244 5190 1837 5261">
     <span class='ocr_line' id='line_1_71' title="bbox 244 5190 1837 5261; baseline -0.003 -14"><span class='ocrx_word' id='word_1_552' title='bbox 244 5208 402 5248; x_wconf 87' lang='lat' dir='ltr'><strong>mum</strong></span> <span class='ocrx_word' id='word_1_553' title='bbox 439 5190 759 5256; x_wconf 88' lang='lat' dir='ltr'><strong>fortissimo,</strong></span> <span class='ocrx_word' id='word_1_554' title='bbox 798 5191 1202 5261; x_wconf 69' lang='lat' dir='ltr'><strong>corruptiliilem</strong></span> <span class='ocrx_word' id='word_1_555' title='bbox 1249 5190 1583 5259; x_wconf 89' lang='lat' dir='ltr'><strong>incorrupto,</strong></span> <span class='ocrx_word' id='word_1_556' title='bbox 1615 5190 1837 5244; x_wconf 88' lang='lat' dir='ltr'><strong>immor—</strong></span> 
     </span>
    </p>
   </div>
   <div class='ocr_carea' id='block_1_72' title="bbox 245 5282 1833 5351">
    <p class='ocr_par' dir='ltr' id='par_1_72' title="bbox 245 5282 1833 5351">
     <span class='ocr_line' id='line_1_72' title="bbox 245 5282 1833 5351; baseline -0.001 -14"><span class='ocrx_word' id='word_1_557' title='bbox 245 5284 349 5337; x_wconf 87' lang='lat' dir='ltr'><strong>tali</strong></span> <span class='ocrx_word' id='word_1_558' title='bbox 402 5282 717 5347; x_wconf 88' lang='lat' dir='ltr'><strong>mortalem,</strong></span> <span class='ocrx_word' id='word_1_559' title='bbox 769 5298 985 5337; x_wconf 87' lang='lat' dir='ltr'><strong>servum</strong></span> <span class='ocrx_word' id='word_1_560' title='bbox 1034 5298 1264 5351; x_wconf 90' lang='lat' dir='ltr'><strong>nequam</strong></span> <span class='ocrx_word' id='word_1_561' title='bbox 1327 5282 1555 5337; x_wconf 89' lang='lat' dir='ltr'><strong>Domino</strong></span> <span class='ocrx_word' id='word_1_562' title='bbox 1610 5283 1833 5351; x_wconf 90' lang='lat' dir='ltr'><strong>optimo,</strong></span> 
     </span>
    </p>
   </div>
   <div class='ocr_carea' id='block_1_73' title="bbox 242 5373 1834 5442">
    <p class='ocr_par' dir='ltr' id='par_1_73' title="bbox 242 5373 1834 5442">
     <span class='ocr_line' id='line_1_73' title="bbox 242 5373 1834 5442; baseline -0.002 -12"><span class='ocrx_word' id='word_1_563' title='bbox 242 5382 563 5430; x_wconf 88' lang='lat' dir='ltr'><strong>creaturam</strong></span> <span class='ocrx_word' id='word_1_564' title='bbox 594 5374 877 5429; x_wconf 87' lang='lat' dir='ltr'><strong>conditori.</strong></span> <span class='ocrx_word' id='word_1_565' title='bbox 908 5373 964 5427; x_wconf 91' lang='lat' dir='ltr'><strong>ln</strong></span> <span class='ocrx_word' id='word_1_566' title='bbox 1004 5382 1269 5442; x_wconf 86' lang='lat' dir='ltr'><strong>potestate</strong></span> <span class='ocrx_word' id='word_1_567' title='bbox 1294 5374 1438 5428; x_wconf 89' lang='lat' dir='ltr'><strong>enim</strong></span> <span class='ocrx_word' id='word_1_568' title='bbox 1468 5374 1704 5428; x_wconf 89' lang='lat' dir='ltr'><strong>auctoris</strong></span> <span class='ocrx_word' id='word_1_569' title='bbox 1732 5381 1834 5437; x_wconf 91' lang='lat' dir='ltr'><strong>est,</strong></span> 
     </span>
    </p>
   </div>
   <div class='ocr_carea' id='block_1_74' title="bbox 242 5462 1838 5535">
    <p class='ocr_par' dir='ltr' id='par_1_74' title="bbox 242 5462 1838 5535">
     <span class='ocr_line' id='line_1_74' title="bbox 242 5462 1838 5535; baseline -0.001 -18"><span class='ocrx_word' id='word_1_570' title='bbox 242 5462 474 5535; x_wconf 60' lang='lat' dir='ltr'><strong>qualem</strong></span> <span class='ocrx_word' id='word_1_571' title='bbox 502 5463 630 5517; x_wconf 83' lang='lat' dir='ltr'><strong>velit</strong></span> <span class='ocrx_word' id='word_1_572' title='bbox 665 5463 896 5519; x_wconf 88' lang='lat' dir='ltr'><strong>condere</strong></span> <span class='ocrx_word' id='word_1_573' title='bbox 925 5473 1250 5519; x_wconf 83' lang='lat' dir='ltr'><strong>creaturam.</strong></span> <span class='ocrx_word' id='word_1_574' title='bbox 1286 5462 1440 5518; x_wconf 89' lang='lat' dir='ltr'><strong>Unde</strong></span> <span class='ocrx_word' id='word_1_575' title='bbox 1466 5472 1519 5518; x_wconf 90' lang='lat' dir='ltr'><strong>et</strong></span> <span class='ocrx_word' id='word_1_576' title='bbox 1549 5463 1690 5519; x_wconf 88' lang='lat' dir='ltr'><strong>Deus</strong></span> <span class='ocrx_word' id='word_1_577' title='bbox 1715 5478 1838 5518; x_wconf 91' lang='lat' dir='ltr'><strong>cum</strong></span> 
     </span>
    </p>
   </div>
   <div class='ocr_carea' id='block_1_75' title="bbox 244 5557 1837 5625">
    <p class='ocr_par' dir='ltr' id='par_1_75' title="bbox 244 5557 1837 5625">
     <span class='ocr_line' id='line_1_75' title="bbox 244 5557 1837 5625; baseline 0 -14"><span class='ocrx_word' id='word_1_578' title='bbox 244 5570 450 5611; x_wconf 85' lang='lat' dir='ltr'><strong>omnes</strong></span> <span class='ocrx_word' id='word_1_579' title='bbox 477 5571 545 5611; x_wconf 76' lang='lat' dir='ltr'><strong>ex</strong></span> <span class='ocrx_word' id='word_1_580' title='bbox 570 5571 700 5621; x_wconf 83' lang='lat' dir='ltr'><strong>uno,</strong></span> <span class='ocrx_word' id='word_1_581' title='bbox 727 5564 888 5625; x_wconf 87' lang='lat' dir='ltr'><strong>atque</strong></span> <span class='ocrx_word' id='word_1_582' title='bbox 915 5570 982 5610; x_wconf 81' lang='lat' dir='ltr'><strong>ex</strong></span> <span class='ocrx_word' id='word_1_583' title='bbox 1012 5557 1201 5612; x_wconf 86' lang='lat' dir='ltr'><strong>eadem</strong></span> <span class='ocrx_word' id='word_1_584' title='bbox 1227 5571 1407 5610; x_wconf 85' lang='lat' dir='ltr'><strong>massa</strong></span> <span class='ocrx_word' id='word_1_585' title='bbox 1432 5557 1602 5610; x_wconf 89' lang='lat' dir='ltr'><strong>simus</strong></span> <span class='ocrx_word' id='word_1_586' title='bbox 1630 5557 1684 5610; x_wconf 91' lang='lat' dir='ltr'><strong>in</strong></span> <span class='ocrx_word' id='word_1_587' title='bbox 1712 5558 1837 5611; x_wconf 89' lang='lat' dir='ltr'><strong>sub-</strong></span> 
     </span>
    </p>
   </div>
   <div class='ocr_carea' id='block_1_76' title="bbox 242 5648 1835 5717">
    <p class='ocr_par' dir='ltr' id='par_1_76' title="bbox 242 5648 1835 5717">
     <span class='ocr_line' id='line_1_76' title="bbox 242 5648 1835 5717; baseline -0.001 -12"><span class='ocrx_word' id='word_1_588' title='bbox 242 5649 477 5714; x_wconf 82' lang='lat' dir='ltr'><strong>stantia,</strong></span> <span class='ocrx_word' id='word_1_589' title='bbox 503 5657 557 5703; x_wconf 89' lang='lat' dir='ltr'><strong>et</strong></span> <span class='ocrx_word' id='word_1_590' title='bbox 578 5648 759 5703; x_wconf 89' lang='lat' dir='ltr'><strong>cuncti</strong></span> <span class='ocrx_word' id='word_1_591' title='bbox 790 5658 1121 5717; x_wconf 88' lang='lat' dir='ltr'><strong>peccatores,</strong></span> <span class='ocrx_word' id='word_1_592' title='bbox 1148 5649 1266 5705; x_wconf 89' lang='lat' dir='ltr'><strong>aliis</strong></span> <span class='ocrx_word' id='word_1_593' title='bbox 1294 5650 1600 5715; x_wconf 88' lang='lat' dir='ltr'><strong>miseretur,</strong></span> <span class='ocrx_word' id='word_1_594' title='bbox 1625 5657 1680 5703; x_wconf 89' lang='lat' dir='ltr'><strong>et</strong></span> <span class='ocrx_word' id='word_1_595' title='bbox 1703 5648 1835 5704; x_wconf 84' lang='lat' dir='ltr'><strong>alios</strong></span> 
     </span>
    </p>
   </div>
   <div class='ocr_carea' id='block_1_77' title="bbox 621 5742 1105 5805">
    <p class='ocr_par' dir='ltr' id='par_1_77' title="bbox 621 5742 1105 5805">
     <span class='ocr_line' id='line_1_77' title="bbox 621 5742 1105 5805; baseline -0.002 -4"><span class='ocrx_word' id='word_1_596' title='bbox 621 5742 893 5802; x_wconf 70' lang='lat' dir='ltr'><strong>PATROL.</strong></span> <span class='ocrx_word' id='word_1_597' title='bbox 941 5742 1105 5805; x_wconf 79' lang='lat' dir='ltr'><strong>CIX.</strong></span> 
     </span>
    </p>
   </div>
   <div class='ocr_carea' id='block_1_78' title="bbox 1938 1829 3522 1901">
    <p class='ocr_par' dir='ltr' id='par_1_78' title="bbox 1938 1829 3522 1901">
     <span class='ocr_line' id='line_1_78' title="bbox 1938 1829 3522 1901; baseline 0.001 -18"><span class='ocrx_word' id='word_1_598' title='bbox 1938 1829 2109 1883; x_wconf 87' lang='lat' dir='ltr'><strong>solum</strong></span> <span class='ocrx_word' id='word_1_599' title='bbox 2143 1830 2343 1885; x_wconf 84' lang='lat' dir='ltr'><strong>faceret</strong></span> <span class='ocrx_word' id='word_1_600' title='bbox 2389 1846 2509 1885; x_wconf 86' lang='lat' dir='ltr'><strong>esse</strong></span> <span class='ocrx_word' id='word_1_601' title='bbox 2550 1847 2669 1901; x_wconf 78' lang='lat' dir='ltr'><strong>quze</strong></span> <span class='ocrx_word' id='word_1_602' title='bbox 2710 1848 2817 1886; x_wconf 87' lang='lat' dir='ltr'><strong>non</strong></span> <span class='ocrx_word' id='word_1_603' title='bbox 2862 1840 3047 1896; x_wconf 88' lang='lat' dir='ltr'><strong>erant,</strong></span> <span class='ocrx_word' id='word_1_604' title='bbox 3074 1846 3263 1885; x_wconf 89' lang='lat' dir='ltr'><strong>verum</strong></span> <span class='ocrx_word' id='word_1_605' title='bbox 3309 1845 3373 1885; x_wconf 89' lang='lat' dir='ltr'><strong>ea</strong></span> <span class='ocrx_word' id='word_1_606' title='bbox 3410 1831 3522 1900; x_wconf 91' lang='lat' dir='ltr'><strong>ipsa</strong></span> 
     </span>
    </p>
   </div>
   <div class='ocr_carea' id='block_1_79' title="bbox 1936 1920 3525 1991">
    <p class='ocr_par' dir='ltr' id='par_1_79' title="bbox 1936 1920 3525 1991">
     <span class='ocr_line' id='line_1_79' title="bbox 1936 1920 3525 1991; baseline 0.003 -21"><span class='ocrx_word' id='word_1_607' title='bbox 1936 1920 2044 1972; x_wconf 88' lang='lat' dir='ltr'><strong>vita</strong></span> <span class='ocrx_word' id='word_1_608' title='bbox 2075 1928 2275 1974; x_wconf 63' lang='lat' dir='ltr'><strong>aeterna</strong></span> <span class='ocrx_word' id='word_1_609' title='bbox 2318 1922 2542 1975; x_wconf 89' lang='lat' dir='ltr'><strong>donaret</strong></span> <span class='ocrx_word' id='word_1_610' title='bbox 2583 1931 2636 1974; x_wconf 91' lang='lat' dir='ltr'><strong>ct</strong></span> <span class='ocrx_word' id='word_1_611' title='bbox 2670 1921 2867 1991; x_wconf 84' lang='lat' dir='ltr'><strong>gloria;</strong></span> <span class='ocrx_word' id='word_1_612' title='bbox 2897 1929 2956 1974; x_wconf 86' lang='lat' dir='ltr'><strong>ut</strong></span> <span class='ocrx_word' id='word_1_613' title='bbox 3001 1936 3136 1988; x_wconf 89' lang='lat' dir='ltr'><strong>opus</strong></span> <span class='ocrx_word' id='word_1_614' title='bbox 3178 1920 3295 1990; x_wconf 84' lang='lat' dir='ltr'><strong>ejus</strong></span> <span class='ocrx_word' id='word_1_615' title='bbox 3322 1920 3525 1989; x_wconf 89' lang='lat' dir='ltr'><strong>aliquid</strong></span> 
     </span>
    </p>
   </div>
   <div class='ocr_carea' id='block_1_80' title="bbox 1937 2008 3518 2080">
    <p class='ocr_par' dir='ltr' id='par_1_80' title="bbox 1937 2008 3518 2080">
     <span class='ocr_line' id='line_1_80' title="bbox 1937 2008 3518 2080; baseline 0.002 -19"><span class='ocrx_word' id='word_1_616' title='bbox 1937 2008 2235 2077; x_wconf 85' lang='lat' dir='ltr'><strong>majestatis</strong></span> <span class='ocrx_word' id='word_1_617' title='bbox 2275 2009 2392 2080; x_wconf 87' lang='lat' dir='ltr'><strong>ejus</strong></span> <span class='ocrx_word' id='word_1_618' title='bbox 2436 2010 2612 2065; x_wconf 87' lang='lat' dir='ltr'><strong>simile</strong></span> <span class='ocrx_word' id='word_1_619' title='bbox 2654 2011 2897 2065; x_wconf 88' lang='lat' dir='ltr'><strong>haberet.</strong></span> <span class='ocrx_word' id='word_1_620' title='bbox 2942 2010 3043 2076; x_wconf 87' lang='lat' dir='ltr'><strong>Qui</strong></span> <span class='ocrx_word' id='word_1_621' title='bbox 3072 2026 3202 2079; x_wconf 80' lang='lat' dir='ltr'><strong>ergo</strong></span> <span class='ocrx_word' id='word_1_622' title='bbox 3239 2019 3346 2063; x_wconf 87' lang='lat' dir='ltr'><strong>tam</strong></span> <span class='ocrx_word' id='word_1_623' title='bbox 3392 2025 3518 2079; x_wconf 87' lang='lat' dir='ltr'><strong>pro-</strong></span> 
     </span>
    </p>
   </div>
   <div class='ocr_carea' id='block_1_81' title="bbox 1937 2099 3524 2172">
    <p class='ocr_par' dir='ltr' id='par_1_81' title="bbox 1937 2099 3524 2172">
     <span class='ocr_line' id='line_1_81' title="bbox 1937 2099 3524 2172; baseline 0.003 -19"><span class='ocrx_word' id='word_1_624' title='bbox 1937 2100 2091 2156; x_wconf 91' lang='lat' dir='ltr'><strong>vidus</strong></span> <span class='ocrx_word' id='word_1_625' title='bbox 2128 2110 2182 2155; x_wconf 87' lang='lat' dir='ltr'><strong>et</strong></span> <span class='ocrx_word' id='word_1_626' title='bbox 2218 2101 2390 2156; x_wconf 89' lang='lat' dir='ltr'><strong>bonus</strong></span> <span class='ocrx_word' id='word_1_627' title='bbox 2425 2111 2506 2156; x_wconf 91' lang='lat' dir='ltr'><strong>est</strong></span> <span class='ocrx_word' id='word_1_628' title='bbox 2533 2143 2548 2167; x_wconf 91' lang='lat'><strong>,</strong></span> <span class='ocrx_word' id='word_1_629' title='bbox 2588 2102 2789 2172; x_wconf 78' lang='lat' dir='ltr'><strong>ambigi</strong></span> <span class='ocrx_word' id='word_1_630' title='bbox 2834 2117 2943 2156; x_wconf 91' lang='lat' dir='ltr'><strong>non</strong></span> <span class='ocrx_word' id='word_1_631' title='bbox 2989 2101 3149 2156; x_wconf 89' lang='lat' dir='ltr'><strong>debet</strong></span> <span class='ocrx_word' id='word_1_632' title='bbox 3185 2101 3312 2171; x_wconf 91' lang='lat' dir='ltr'><strong>quia</strong></span> <span class='ocrx_word' id='word_1_633' title='bbox 3343 2099 3524 2169; x_wconf 78' lang='lat' dir='ltr'><strong>justus</strong></span> 
     </span>
    </p>
   </div>
   <div class='ocr_carea' id='block_1_82' title="bbox 1935 2201 2039 2245">
    <p class='ocr_par' dir='ltr' id='par_1_82' title="bbox 1935 2201 2039 2245">
     <span class='ocr_line' id='line_1_82' title="bbox 1935 2201 2039 2245; baseline -0.019 0"><span class='ocrx_word' id='word_1_634' title='bbox 1935 2201 2039 2245; x_wconf 70' lang='grc' dir='ltr'>ρει.</span> 
     </span>
    </p>
   </div>
   <div class='ocr_carea' id='block_1_83' title="bbox 2010 2281 3518 2347">
    <p class='ocr_par' dir='ltr' id='par_1_83' title="bbox 2010 2281 3518 2347">
     <span class='ocr_line' id='line_1_83' title="bbox 2010 2281 3518 2347; baseline 0 -13"><span class='ocrx_word' id='word_1_635' title='bbox 2010 2303 2028 2334; x_wconf 69' lang='grc' dir='ltr'><strong>ε</strong></span> <span class='ocrx_word' id='word_1_636' title='bbox 2074 2281 2273 2337; x_wconf 86' lang='lat' dir='ltr'><strong>Contra</strong></span> <span class='ocrx_word' id='word_1_637' title='bbox 2320 2283 2517 2337; x_wconf 89' lang='lat' dir='ltr'><strong>malum</strong></span> <span class='ocrx_word' id='word_1_638' title='bbox 2550 2283 2749 2337; x_wconf 86' lang='lat' dir='ltr'><strong>bonum</strong></span> <span class='ocrx_word' id='word_1_639' title='bbox 2792 2292 2907 2347; x_wconf 89' lang='lat' dir='ltr'><strong>est,</strong></span> <span class='ocrx_word' id='word_1_640' title='bbox 2954 2289 3006 2337; x_wconf 90' lang='lat' dir='ltr'><strong>et</strong></span> <span class='ocrx_word' id='word_1_641' title='bbox 3055 2290 3246 2337; x_wconf 87' lang='lat' dir='ltr'><strong>contra</strong></span> <span class='ocrx_word' id='word_1_642' title='bbox 3291 2289 3518 2335; x_wconf 87' lang='lat' dir='ltr'><strong>mortem</strong></span> 
     </span>
    </p>
   </div>
   <div class='ocr_carea' id='block_1_84' title="bbox 1941 2370 3517 2442">
    <p class='ocr_par' dir='ltr' id='par_1_84' title="bbox 1941 2370 3517 2442">
     <span class='ocr_line' id='line_1_84' title="bbox 1941 2370 3517 2442; baseline 0.001 -19"><span class='ocrx_word' id='word_1_643' title='bbox 1941 2392 1959 2423; x_wconf 73' lang='grc' dir='ltr'><strong><em>ι</em></strong></span> <span class='ocrx_word' id='word_1_644' title='bbox 2005 2372 2151 2426; x_wconf 87' lang='lat' dir='ltr'><strong>vita:</strong></span> <span class='ocrx_word' id='word_1_645' title='bbox 2186 2374 2265 2427; x_wconf 91' lang='lat' dir='ltr'><strong>sic</strong></span> <span class='ocrx_word' id='word_1_646' title='bbox 2298 2381 2354 2428; x_wconf 88' lang='lat' dir='ltr'><strong>et</strong></span> <span class='ocrx_word' id='word_1_647' title='bbox 2380 2381 2567 2427; x_wconf 87' lang='lat' dir='ltr'><strong>contra</strong></span> <span class='ocrx_word' id='word_1_648' title='bbox 2609 2373 2783 2426; x_wconf 83' lang='lat' dir='ltr'><strong>virum</strong></span> <span class='ocrx_word' id='word_1_649' title='bbox 2805 2370 3011 2440; x_wconf 87' lang='lat' dir='ltr'><strong>justum</strong></span> <span class='ocrx_word' id='word_1_650' title='bbox 3044 2380 3316 2442; x_wconf 88' lang='lat' dir='ltr'><strong>peccator.</strong></span> <span class='ocrx_word' id='word_1_651' title='bbox 3348 2371 3415 2424; x_wconf 91' lang='lat' dir='ltr'><strong>Et</strong></span> <span class='ocrx_word' id='word_1_652' title='bbox 3443 2371 3517 2425; x_wconf 85' lang='lat' dir='ltr'><strong>sic</strong></span> 
     </span>
    </p>
   </div>
   <div class='ocr_carea' id='block_1_85' title="bbox 1941 2463 3514 2531">
    <p class='ocr_par' dir='ltr' id='par_1_85' title="bbox 1941 2463 3514 2531">
     <span class='ocr_line' id='line_1_85' title="bbox 1941 2463 3514 2531; baseline -0.001 -16"><span class='ocrx_word' id='word_1_653' title='bbox 1941 2483 1959 2514; x_wconf 75' lang='grc' dir='ltr'>ι</span> <span class='ocrx_word' id='word_1_654' title='bbox 2004 2465 2211 2518; x_wconf 90' lang='lat' dir='ltr'><strong>intuere</strong></span> <span class='ocrx_word' id='word_1_655' title='bbox 2240 2464 2296 2517; x_wconf 90' lang='lat' dir='ltr'><strong>in</strong></span> <span class='ocrx_word' id='word_1_656' title='bbox 2322 2464 2506 2519; x_wconf 90' lang='lat' dir='ltr'><strong>omnia</strong></span> <span class='ocrx_word' id='word_1_657' title='bbox 2533 2477 2699 2531; x_wconf 88' lang='lat' dir='ltr'><strong>opera</strong></span> <span class='ocrx_word' id='word_1_658' title='bbox 2740 2463 3022 2518; x_wconf 85' lang='lat' dir='ltr'><strong>Altissimi.</strong></span> <span class='ocrx_word' id='word_1_659' title='bbox 3056 2463 3169 2517; x_wconf 88' lang='lat' dir='ltr'><strong>Duo</strong></span> <span class='ocrx_word' id='word_1_660' title='bbox 3213 2471 3270 2518; x_wconf 91' lang='lat' dir='ltr'><strong>et</strong></span> <span class='ocrx_word' id='word_1_661' title='bbox 3311 2464 3438 2526; x_wconf 92' lang='lat' dir='ltr'><strong>duo,</strong></span> <span class='ocrx_word' id='word_1_662' title='bbox 3466 2470 3514 2515; x_wconf 88' lang='lat' dir='ltr'><strong>et</strong></span> 
     </span>
    </p>
   </div>
   <div class='ocr_carea' id='block_1_86' title="bbox 1941 2554 3519 2624">
    <p class='ocr_par' dir='ltr' id='par_1_86' title="bbox 1941 2554 3519 2624">
     <span class='ocr_line' id='line_1_86' title="bbox 1941 2554 3519 2624; baseline 0.001 -19"><span class='ocrx_word' id='word_1_663' title='bbox 1941 2576 1959 2605; x_wconf 72' lang='grc' dir='ltr'>ι</span> <span class='ocrx_word' id='word_1_664' title='bbox 2006 2571 2172 2610; x_wconf 90' lang='lat' dir='ltr'><strong>unum</strong></span> <span class='ocrx_word' id='word_1_665' title='bbox 2218 2564 2406 2610; x_wconf 91' lang='lat' dir='ltr'><strong>contra</strong></span> <span class='ocrx_word' id='word_1_666' title='bbox 2449 2569 2678 2608; x_wconf 48' lang='lat' dir='ltr'><strong>unum»</strong></span> <span class='ocrx_word' id='word_1_667' title='bbox 2727 2555 2961 2624; x_wconf 81' lang='lat' dir='ltr'><strong>Diligens</strong></span> <span class='ocrx_word' id='word_1_668' title='bbox 2999 2554 3349 2624; x_wconf 77' lang='lat' dir='ltr'><strong>investigator</strong></span> <span class='ocrx_word' id='word_1_669' title='bbox 3392 2567 3519 2622; x_wconf 87' lang='lat' dir='ltr'><strong>ope-</strong></span> 
     </span>
    </p>
   </div>
   <div class='ocr_carea' id='block_1_87' title="bbox 1935 2643 3520 2716">
    <p class='ocr_par' dir='ltr' id='par_1_87' title="bbox 1935 2643 3520 2716">
     <span class='ocr_line' id='line_1_87' title="bbox 1935 2643 3520 2716; baseline -0.003 -15"><span class='ocrx_word' id='word_1_670' title='bbox 1935 2663 2055 2701; x_wconf 92' lang='lat' dir='ltr'><strong>rum</strong></span> <span class='ocrx_word' id='word_1_671' title='bbox 2083 2647 2178 2702; x_wconf 90' lang='lat' dir='ltr'><strong>Dei</strong></span> <span class='ocrx_word' id='word_1_672' title='bbox 2205 2654 2261 2701; x_wconf 89' lang='lat' dir='ltr'><strong>et</strong></span> <span class='ocrx_word' id='word_1_673' title='bbox 2289 2646 2409 2716; x_wconf 88' lang='lat' dir='ltr'><strong>pius</strong></span> <span class='ocrx_word' id='word_1_674' title='bbox 2443 2653 2714 2701; x_wconf 87' lang='lat' dir='ltr'><strong>scrutator</strong></span> <span class='ocrx_word' id='word_1_675' title='bbox 2739 2645 2948 2699; x_wconf 86' lang='lat' dir='ltr'><strong>viarum</strong></span> <span class='ocrx_word' id='word_1_676' title='bbox 2974 2643 3090 2713; x_wconf 87' lang='lat' dir='ltr'><strong>ejus</strong></span> <span class='ocrx_word' id='word_1_677' title='bbox 3119 2644 3323 2698; x_wconf 89' lang='lat' dir='ltr'><strong>invenit</strong></span> <span class='ocrx_word' id='word_1_678' title='bbox 3348 2644 3404 2697; x_wconf 89' lang='lat' dir='ltr'><strong>in</strong></span> <span class='ocrx_word' id='word_1_679' title='bbox 3436 2658 3520 2697; x_wconf 84' lang='lat' dir='ltr'><strong>re-</strong></span> 
     </span>
    </p>
   </div>
   <div class='ocr_carea' id='block_1_88' title="bbox 1932 2736 3512 2806">
    <p class='ocr_par' dir='ltr' id='par_1_88' title="bbox 1932 2736 3512 2806">
     <span class='ocr_line' id='line_1_88' title="bbox 1932 2736 3512 2806; baseline -0.003 -13"><span class='ocrx_word' id='word_1_680' title='bbox 1932 2754 2054 2792; x_wconf 89' lang='lat' dir='ltr'><strong>rum</strong></span> <span class='ocrx_word' id='word_1_681' title='bbox 2084 2737 2274 2793; x_wconf 85' lang='lat' dir='ltr'><strong>ordine</strong></span> <span class='ocrx_word' id='word_1_682' title='bbox 2316 2736 2652 2803; x_wconf 89' lang='lat' dir='ltr'><strong>distantiam,</strong></span> <span class='ocrx_word' id='word_1_683' title='bbox 2688 2746 2743 2792; x_wconf 90' lang='lat' dir='ltr'><strong>et</strong></span> <span class='ocrx_word' id='word_1_684' title='bbox 2786 2737 3076 2806; x_wconf 88' lang='lat' dir='ltr'><strong>quamdam</strong></span> <span class='ocrx_word' id='word_1_685' title='bbox 3116 2737 3261 2790; x_wconf 91' lang='lat' dir='ltr'><strong>inter</strong></span> <span class='ocrx_word' id='word_1_686' title='bbox 3286 2751 3346 2790; x_wconf 91' lang='lat' dir='ltr'><strong>se</strong></span> <span class='ocrx_word' id='word_1_687' title='bbox 3387 2750 3512 2790; x_wconf 90' lang='lat' dir='ltr'><strong>con-</strong></span> 
     </span>
    </p>
   </div>
   <div class='ocr_carea' id='block_1_89' title="bbox 1934 2824 3514 2896">
    <p class='ocr_par' dir='ltr' id='par_1_89' title="bbox 1934 2824 3514 2896">
     <span class='ocr_line' id='line_1_89' title="bbox 1934 2824 3514 2896; baseline -0.003 -14"><span class='ocrx_word' id='word_1_688' title='bbox 1934 2827 2286 2892; x_wconf 88' lang='lat' dir='ltr'><strong>trarietatem,</strong></span> <span class='ocrx_word' id='word_1_689' title='bbox 2328 2827 2423 2882; x_wconf 90' lang='lat' dir='ltr'><strong>sed</strong></span> <span class='ocrx_word' id='word_1_690' title='bbox 2448 2835 2629 2882; x_wconf 89' lang='lat' dir='ltr'><strong>tamen</strong></span> <span class='ocrx_word' id='word_1_691' title='bbox 2663 2826 2922 2896; x_wconf 87' lang='lat' dir='ltr'><strong>sapientia</strong></span> <span class='ocrx_word' id='word_1_692' title='bbox 2951 2826 3045 2879; x_wconf 90' lang='lat' dir='ltr'><strong>Dei</strong></span> <span class='ocrx_word' id='word_1_693' title='bbox 3079 2824 3401 2880; x_wconf 86' lang='lat' dir='ltr'><strong>mirabiliter</strong></span> <span class='ocrx_word' id='word_1_694' title='bbox 3431 2840 3514 2879; x_wconf 84' lang='lat' dir='ltr'><strong>or-</strong></span> 
     </span>
    </p>
   </div>
   <div class='ocr_carea' id='block_1_90' title="bbox 1933 2915 3513 2978">
    <p class='ocr_par' dir='ltr' id='par_1_90' title="bbox 1933 2915 3513 2978">
     <span class='ocr_line' id='line_1_90' title="bbox 1933 2915 3513 2978; baseline -0.003 -6"><span class='ocrx_word' id='word_1_695' title='bbox 1933 2918 2191 2972; x_wconf 88' lang='lat' dir='ltr'><strong>dinatam.</strong></span> <span class='ocrx_word' id='word_1_696' title='bbox 2222 2917 2375 2973; x_wconf 90' lang='lat' dir='ltr'><strong>Unde</strong></span> <span class='ocrx_word' id='word_1_697' title='bbox 2418 2917 2547 2972; x_wconf 92' lang='lat' dir='ltr'><strong>dicit</strong></span> <span class='ocrx_word' id='word_1_698' title='bbox 2586 2936 2598 2970; x_wconf 89' lang='lat'><strong>:</strong></span> <span class='ocrx_word' id='word_1_699' title='bbox 2649 2936 2667 2967; x_wconf 71' lang='grc' dir='ltr'><em>ς</em></span> <span class='ocrx_word' id='word_1_700' title='bbox 2697 2916 2894 2971; x_wconf 89' lang='lat' dir='ltr'><strong>Contra</strong></span> <span class='ocrx_word' id='word_1_701' title='bbox 2932 2915 3130 2971; x_wconf 90' lang='lat' dir='ltr'><strong>malum</strong></span> <span class='ocrx_word' id='word_1_702' title='bbox 3163 2915 3364 2970; x_wconf 88' lang='lat' dir='ltr'><strong>bonum</strong></span> <span class='ocrx_word' id='word_1_703' title='bbox 3401 2924 3513 2978; x_wconf 88' lang='lat' dir='ltr'><strong>est,</strong></span> 
     </span>
    </p>
   </div>
   <div class='ocr_carea' id='block_1_91' title="bbox 1933 3007 3517 3078">
    <p class='ocr_par' dir='ltr' id='par_1_91' title="bbox 1933 3007 3517 3078">
     <span class='ocr_line' id='line_1_91' title="bbox 1933 3007 3517 3078; baseline -0.003 -11"><span class='ocrx_word' id='word_1_704' title='bbox 1933 3021 1990 3067; x_wconf 91' lang='lat' dir='ltr'><strong>et</strong></span> <span class='ocrx_word' id='word_1_705' title='bbox 2032 3021 2220 3067; x_wconf 89' lang='lat' dir='ltr'><strong>contra</strong></span> <span class='ocrx_word' id='word_1_706' title='bbox 2254 3022 2481 3067; x_wconf 90' lang='lat' dir='ltr'><strong>mortem</strong></span> <span class='ocrx_word' id='word_1_707' title='bbox 2511 3013 2619 3066; x_wconf 87' lang='lat' dir='ltr'><strong>vita</strong></span> <span class='ocrx_word' id='word_1_708' title='bbox 2645 3030 2657 3066; x_wconf 94' lang='lat'><strong>:</strong></span> <span class='ocrx_word' id='word_1_709' title='bbox 2693 3013 2773 3067; x_wconf 92' lang='lat' dir='ltr'><strong>sic</strong></span> <span class='ocrx_word' id='word_1_710' title='bbox 2803 3020 2856 3066; x_wconf 89' lang='lat' dir='ltr'><strong>et</strong></span> <span class='ocrx_word' id='word_1_711' title='bbox 2887 3019 3075 3066; x_wconf 88' lang='lat' dir='ltr'><strong>contra</strong></span> <span class='ocrx_word' id='word_1_712' title='bbox 3103 3010 3280 3064; x_wconf 91' lang='lat' dir='ltr'><strong>virum</strong></span> <span class='ocrx_word' id='word_1_713' title='bbox 3311 3007 3517 3078; x_wconf 88' lang='lat' dir='ltr'><strong>justum</strong></span> 
     </span>
    </p>
   </div>
   <div class='ocr_carea' id='block_1_92' title="bbox 1861 3081 3520 3173">
    <p class='ocr_par' dir='ltr' id='par_1_92' title="bbox 1861 3081 3520 3173">
     <span class='ocr_line' id='line_1_92' title="bbox 1861 3081 3520 3173; baseline -0.002 -15"><span class='ocrx_word' id='word_1_714' title='bbox 1861 3081 1904 3143; x_wconf 67' lang='grc' dir='ltr'>Ο</span> <span class='ocrx_word' id='word_1_715' title='bbox 1936 3111 2206 3173; x_wconf 87' lang='lat' dir='ltr'><strong>peccator.</strong></span> <span class='ocrx_word' id='word_1_716' title='bbox 2230 3124 2248 3154; x_wconf 74' lang='grc' dir='ltr'>ι</span> <span class='ocrx_word' id='word_1_717' title='bbox 2283 3102 2398 3158; x_wconf 87' lang='lat' dir='ltr'><strong>Non</strong></span> <span class='ocrx_word' id='word_1_718' title='bbox 2428 3112 2511 3158; x_wconf 89' lang='lat' dir='ltr'><strong>est</strong></span> <span class='ocrx_word' id='word_1_719' title='bbox 2550 3119 2680 3173; x_wconf 84' lang='lat' dir='ltr'><strong>ergo</strong></span> <span class='ocrx_word' id='word_1_720' title='bbox 2707 3103 2833 3156; x_wconf 88' lang='lat' dir='ltr'><strong>mali</strong></span> <span class='ocrx_word' id='word_1_721' title='bbox 2861 3103 2999 3157; x_wconf 90' lang='lat' dir='ltr'><strong>Deus</strong></span> <span class='ocrx_word' id='word_1_722' title='bbox 3024 3103 3289 3167; x_wconf 91' lang='lat' dir='ltr'><strong>conditor,</strong></span> <span class='ocrx_word' id='word_1_723' title='bbox 3316 3102 3382 3156; x_wconf 91' lang='lat' dir='ltr'><strong>de</strong></span> <span class='ocrx_word' id='word_1_724' title='bbox 3412 3116 3520 3172; x_wconf 89' lang='lat' dir='ltr'><strong>quo</strong></span> 
     </span>
    </p>
   </div>
   <div class='ocr_carea' id='block_1_93' title="bbox 1937 3191 3520 3263">
    <p class='ocr_par' dir='ltr' id='par_1_93' title="bbox 1937 3191 3520 3263">
     <span class='ocr_line' id='line_1_93' title="bbox 1937 3191 3520 3263; baseline -0.001 -15"><span class='ocrx_word' id='word_1_725' title='bbox 1937 3195 2194 3263; x_wconf 88' lang='lat' dir='ltr'><strong>scriptum</strong></span> <span class='ocrx_word' id='word_1_726' title='bbox 2215 3202 2297 3247; x_wconf 87' lang='lat' dir='ltr'><strong>est</strong></span> <span class='ocrx_word' id='word_1_727' title='bbox 2314 3211 2326 3245; x_wconf 87' lang='lat'><strong>:</strong></span> <span class='ocrx_word' id='word_1_728' title='bbox 2348 3210 2365 3243; x_wconf 84' lang='grc'><em>‹</em></span> <span class='ocrx_word' id='word_1_729' title='bbox 2394 3192 2536 3246; x_wconf 87' lang='lat' dir='ltr'><strong>Vidit</strong></span> <span class='ocrx_word' id='word_1_730' title='bbox 2555 3193 2697 3247; x_wconf 85' lang='lat' dir='ltr'><strong>Deus</strong></span> <span class='ocrx_word' id='word_1_731' title='bbox 2712 3201 2903 3247; x_wconf 90' lang='lat' dir='ltr'><strong>cuncta</strong></span> <span class='ocrx_word' id='word_1_732' title='bbox 2918 3192 3037 3262; x_wconf 73' lang='lat' dir='ltr'><strong>qua:</strong></span> <span class='ocrx_word' id='word_1_733' title='bbox 3058 3191 3279 3258; x_wconf 88' lang='lat' dir='ltr'><strong>fecerat,</strong></span> <span class='ocrx_word' id='word_1_734' title='bbox 3293 3199 3348 3246; x_wconf 88' lang='lat' dir='ltr'><strong>et</strong></span> <span class='ocrx_word' id='word_1_735' title='bbox 3364 3201 3520 3246; x_wconf 88' lang='lat' dir='ltr'><strong>erant</strong></span> 
     </span>
    </p>
   </div>
   <div class='ocr_carea' id='block_1_94' title="bbox 1934 3267 3524 3356">
    <p class='ocr_par' dir='ltr' id='par_1_94' title="bbox 1934 3267 3524 3356">
     <span class='ocr_line' id='line_1_94' title="bbox 1934 3267 3524 3356; baseline 0 -17"><span class='ocrx_word' id='word_1_736' title='bbox 1934 3286 2090 3340; x_wconf 84' lang='lat' dir='ltr'><strong>valde</strong></span> <span class='ocrx_word' id='word_1_737' title='bbox 2133 3285 2273 3339; x_wconf 90' lang='lat' dir='ltr'><strong>bona</strong></span> <span class='ocrx_word' id='word_1_738' title='bbox 2327 3281 2476 3356; x_wconf 84' lang='lat' dir='ltr'><strong>(Gen.</strong></span> <span class='ocrx_word' id='word_1_739' title='bbox 2507 3284 2544 3356; x_wconf 80' lang='grc' dir='ltr'><strong>ι)</strong></span> <span class='ocrx_word' id='word_1_740' title='bbox 2575 3302 2585 3337; x_wconf 94' lang='lat'>:</span> <span class='ocrx_word' id='word_1_741' title='bbox 2619 3304 2639 3337; x_wconf 80' lang='grc' dir='ltr'><strong><em>ι</em></strong></span> <span class='ocrx_word' id='word_1_742' title='bbox 2677 3281 2786 3339; x_wconf 85' lang='lat' dir='ltr'><strong>Nec</strong></span> <span class='ocrx_word' id='word_1_743' title='bbox 2832 3285 3022 3339; x_wconf 87' lang='lat' dir='ltr'><strong>mortis</strong></span> <span class='ocrx_word' id='word_1_744' title='bbox 3060 3294 3144 3339; x_wconf 89' lang='lat' dir='ltr'><strong>est</strong></span> <span class='ocrx_word' id='word_1_745' title='bbox 3183 3267 3420 3340; x_wconf 38' lang='lat' dir='ltr'><strong>auctor‘:</strong></span> <span class='ocrx_word' id='word_1_746' title='bbox 3454 3285 3524 3339; x_wconf 87' lang='lat' dir='ltr'><strong>de</strong></span> 
     </span>
    </p>
   </div>
   <div class='ocr_carea' id='block_1_95' title="bbox 1935 3375 3523 3446">
    <p class='ocr_par' dir='ltr' id='par_1_95' title="bbox 1935 3375 3523 3446">
     <span class='ocr_line' id='line_1_95' title="bbox 1935 3375 3523 3446; baseline -0.002 -15"><span class='ocrx_word' id='word_1_747' title='bbox 1935 3391 2041 3446; x_wconf 88' lang='lat' dir='ltr'><strong>quo</strong></span> <span class='ocrx_word' id='word_1_748' title='bbox 2076 3376 2200 3431; x_wconf 88' lang='lat' dir='ltr'><strong>alibi</strong></span> <span class='ocrx_word' id='word_1_749' title='bbox 2231 3376 2460 3446; x_wconf 80' lang='lat' dir='ltr'><strong>legitur:</strong></span> <span class='ocrx_word' id='word_1_750' title='bbox 2500 3394 2519 3425; x_wconf 76' lang='grc' dir='ltr'>ί</span> <span class='ocrx_word' id='word_1_751' title='bbox 2548 3376 2691 3431; x_wconf 89' lang='lat' dir='ltr'><strong>Deus</strong></span> <span class='ocrx_word' id='word_1_752' title='bbox 2722 3384 2948 3429; x_wconf 91' lang='lat' dir='ltr'><strong>mortem</strong></span> <span class='ocrx_word' id='word_1_753' title='bbox 2993 3392 3099 3430; x_wconf 91' lang='lat' dir='ltr'><strong>non</strong></span> <span class='ocrx_word' id='word_1_754' title='bbox 3131 3375 3277 3440; x_wconf 88' lang='lat' dir='ltr'><strong>fecit,</strong></span> <span class='ocrx_word' id='word_1_755' title='bbox 3308 3390 3407 3429; x_wconf 90' lang='lat' dir='ltr'><strong>nec</strong></span> <span class='ocrx_word' id='word_1_756' title='bbox 3436 3375 3523 3428; x_wconf 65' lang='lat' dir='ltr'><strong>lar-</strong></span> 
     </span>
    </p>
   </div>
   <div class='ocr_carea' id='block_1_96' title="bbox 1934 3464 3522 3539">
    <p class='ocr_par' dir='ltr' id='par_1_96' title="bbox 1934 3464 3522 3539">
     <span class='ocr_line' id='line_1_96' title="bbox 1934 3464 3522 3539; baseline -0.004 -16"><span class='ocrx_word' id='word_1_757' title='bbox 1934 3475 2079 3523; x_wconf 87' lang='lat' dir='ltr'><strong>tatur</strong></span> <span class='ocrx_word' id='word_1_758' title='bbox 2118 3469 2170 3522; x_wconf 90' lang='lat' dir='ltr'><strong>in</strong></span> <span class='ocrx_word' id='word_1_759' title='bbox 2220 3467 2517 3538; x_wconf 90' lang='lat' dir='ltr'><strong>perditione</strong></span> <span class='ocrx_word' id='word_1_760' title='bbox 2543 3464 2893 3520; x_wconf 82' lang='lat' dir='ltr'><strong>morientium</strong></span> <span class='ocrx_word' id='word_1_761' title='bbox 2928 3464 3080 3537; x_wconf 84' lang='lat' dir='ltr'><strong>(Sap.</strong></span> <span class='ocrx_word' id='word_1_762' title='bbox 3107 3468 3145 3539; x_wconf 88' lang='lat' dir='ltr'><strong>t)</strong></span> <span class='ocrx_word' id='word_1_763' title='bbox 3173 3483 3186 3517; x_wconf 89' lang='lat'>:</span> <span class='ocrx_word' id='word_1_764' title='bbox 3221 3485 3239 3516; x_wconf 75' lang='grc'><strong>»</strong></span> <span class='ocrx_word' id='word_1_765' title='bbox 3271 3464 3522 3539; x_wconf 22' lang='lat' dir='ltr'><strong>sed‘uni-</strong></span> 
     </span>
    </p>
   </div>
   <div class='ocr_carea' id='block_1_97' title="bbox 1932 3537 3519 3625">
    <p class='ocr_par' dir='ltr' id='par_1_97' title="bbox 1932 3537 3519 3625">
     <span class='ocr_line' id='line_1_97' title="bbox 1932 3537 3519 3625; baseline -0.001 -12"><span class='ocrx_word' id='word_1_766' title='bbox 1932 3561 2203 3615; x_wconf 84' lang='lat' dir='ltr'><strong>versitatis</strong></span> <span class='ocrx_word' id='word_1_767' title='bbox 2236 3559 2502 3613; x_wconf 86' lang='lat' dir='ltr'><strong>mirabilis</strong></span> <span class='ocrx_word' id='word_1_768' title='bbox 2544 3552 3004 3613; x_wconf 47' lang='lat' dir='ltr'><strong>et’inenarrabilis</strong></span> <span class='ocrx_word' id='word_1_769' title='bbox 3047 3559 3159 3625; x_wconf 86' lang='lat' dir='ltr'><strong>ipse</strong></span> <span class='ocrx_word' id='word_1_770' title='bbox 3193 3565 3276 3610; x_wconf 89' lang='lat' dir='ltr'><strong>est</strong></span> <span class='ocrx_word' id='word_1_771' title='bbox 3302 3537 3519 3611; x_wconf 78' lang='lat' dir='ltr'><strong>ordina-</strong></span> 
     </span>
    </p>
   </div>
   <div class='ocr_carea' id='block_1_98' title="bbox 1933 3646 3519 3712">
    <p class='ocr_par' dir='ltr' id='par_1_98' title="bbox 1933 3646 3519 3712">
     <span class='ocr_line' id='line_1_98' title="bbox 1933 3646 3519 3712; baseline -0.003 -9"><span class='ocrx_word' id='word_1_772' title='bbox 1933 3658 2038 3703; x_wconf 92' lang='lat' dir='ltr'><strong>tor.</strong></span> <span class='ocrx_word' id='word_1_773' title='bbox 2064 3650 2220 3704; x_wconf 83' lang='lat' dir='ltr'><strong>Aliud</strong></span> <span class='ocrx_word' id='word_1_774' title='bbox 2246 3657 2330 3705; x_wconf 87' lang='lat' dir='ltr'><strong>est</strong></span> <span class='ocrx_word' id='word_1_775' title='bbox 2349 3650 2491 3703; x_wconf 90' lang='lat' dir='ltr'><strong>enim</strong></span> <span class='ocrx_word' id='word_1_776' title='bbox 2515 3663 2635 3702; x_wconf 92' lang='lat' dir='ltr'><strong>esse</strong></span> <span class='ocrx_word' id='word_1_777' title='bbox 2658 3657 2926 3712; x_wconf 85' lang='lat' dir='ltr'><strong>naturam,</strong></span> <span class='ocrx_word' id='word_1_778' title='bbox 2952 3646 3100 3701; x_wconf 84' lang='lat' dir='ltr'><strong>aliud</strong></span> <span class='ocrx_word' id='word_1_779' title='bbox 3127 3647 3346 3710; x_wconf 90' lang='lat' dir='ltr'><strong>vitium;</strong></span> <span class='ocrx_word' id='word_1_780' title='bbox 3376 3646 3519 3699; x_wconf 89' lang='lat' dir='ltr'><strong>aliud</strong></span> 
     </span>
    </p>
   </div>
   <div class='ocr_carea' id='block_1_99' title="bbox 1932 3736 3519 3805">
    <p class='ocr_par' dir='ltr' id='par_1_99' title="bbox 1932 3736 3519 3805">
     <span class='ocr_line' id='line_1_99' title="bbox 1932 3736 3519 3805; baseline -0.004 -11"><span class='ocrx_word' id='word_1_781' title='bbox 1932 3739 2246 3803; x_wconf 88' lang='lat' dir='ltr'><strong>essentiam,</strong></span> <span class='ocrx_word' id='word_1_782' title='bbox 2275 3738 2419 3791; x_wconf 87' lang='lat' dir='ltr'><strong>aliud</strong></span> <span class='ocrx_word' id='word_1_783' title='bbox 2447 3736 2746 3801; x_wconf 89' lang='lat' dir='ltr'><strong>defectum;</strong></span> <span class='ocrx_word' id='word_1_784' title='bbox 2776 3737 2921 3791; x_wconf 91' lang='lat' dir='ltr'><strong>aliud</strong></span> <span class='ocrx_word' id='word_1_785' title='bbox 2953 3736 3209 3805; x_wconf 89' lang='lat' dir='ltr'><strong>speciem,</strong></span> <span class='ocrx_word' id='word_1_786' title='bbox 3238 3736 3383 3790; x_wconf 84' lang='lat' dir='ltr'><strong>aliud</strong></span> <span class='ocrx_word' id='word_1_787' title='bbox 3407 3736 3519 3805; x_wconf 89' lang='lat' dir='ltr'><strong>pri-</strong></span> 
     </span>
    </p>
   </div>
   <div class='ocr_carea' id='block_1_100' title="bbox 1931 3827 3521 3895">
    <p class='ocr_par' dir='ltr' id='par_1_100' title="bbox 1931 3827 3521 3895">
     <span class='ocr_line' id='line_1_100' title="bbox 1931 3827 3521 3895; baseline -0.001 -12"><span class='ocrx_word' id='word_1_788' title='bbox 1931 3831 2224 3886; x_wconf 88' lang='lat' dir='ltr'><strong>vationem.</strong></span> <span class='ocrx_word' id='word_1_789' title='bbox 2267 3829 2398 3884; x_wconf 89' lang='lat' dir='ltr'><strong>Dico</strong></span> <span class='ocrx_word' id='word_1_790' title='bbox 2440 3844 2560 3883; x_wconf 87' lang='lat' dir='ltr'><strong>esse</strong></span> <span class='ocrx_word' id='word_1_791' title='bbox 2604 3829 2785 3883; x_wconf 88' lang='lat' dir='ltr'><strong>omnia</strong></span> <span class='ocrx_word' id='word_1_792' title='bbox 2831 3830 2994 3895; x_wconf 91' lang='lat' dir='ltr'><strong>bona,</strong></span> <span class='ocrx_word' id='word_1_793' title='bbox 3038 3838 3093 3883; x_wconf 91' lang='lat' dir='ltr'><strong>et</strong></span> <span class='ocrx_word' id='word_1_794' title='bbox 3134 3828 3294 3893; x_wconf 89' lang='lat' dir='ltr'><strong>addo,</strong></span> <span class='ocrx_word' id='word_1_795' title='bbox 3338 3836 3399 3881; x_wconf 89' lang='lat' dir='ltr'><strong>ut</strong></span> <span class='ocrx_word' id='word_1_796' title='bbox 3428 3827 3521 3882; x_wconf 87' lang='lat' dir='ltr'><strong>ﬁat</strong></span> 
     </span>
    </p>
   </div>
   <div class='ocr_carea' id='block_1_101' title="bbox 1931 3912 3520 3990">
    <p class='ocr_par' dir='ltr' id='par_1_101' title="bbox 1931 3912 3520 3990">
     <span class='ocr_line' id='line_1_101' title="bbox 1931 3912 3520 3990; baseline -0.001 -17"><span class='ocrx_word' id='word_1_797' title='bbox 1931 3921 2161 3990; x_wconf 90' lang='lat' dir='ltr'><strong>planius,</strong></span> <span class='ocrx_word' id='word_1_798' title='bbox 2195 3920 2512 3989; x_wconf 88' lang='lat' dir='ltr'><strong>inquantum</strong></span> <span class='ocrx_word' id='word_1_799' title='bbox 2550 3927 2693 3973; x_wconf 90' lang='lat' dir='ltr'><strong>sunt.</strong></span> <span class='ocrx_word' id='word_1_800' title='bbox 2724 3917 2917 3974; x_wconf 87' lang='lat' dir='ltr'><strong>Omnia</strong></span> <span class='ocrx_word' id='word_1_801' title='bbox 2941 3912 3068 3989; x_wconf 80' lang='lat' dir='ltr'><strong>ergo</strong></span> <span class='ocrx_word' id='word_1_802' title='bbox 3097 3933 3217 3988; x_wconf 80' lang='lat' dir='ltr'><strong>quae</strong></span> <span class='ocrx_word' id='word_1_803' title='bbox 3251 3928 3406 3983; x_wconf 91' lang='lat' dir='ltr'><strong>sunt,</strong></span> <span class='ocrx_word' id='word_1_804' title='bbox 3440 3918 3520 3972; x_wconf 86' lang='lat' dir='ltr'><strong>in-</strong></span> 
     </span>
    </p>
   </div>
   <div class='ocr_carea' id='block_1_102' title="bbox 1932 4010 3520 4084">
    <p class='ocr_par' dir='ltr' id='par_1_102' title="bbox 1932 4010 3520 4084">
     <span class='ocr_line' id='line_1_102' title="bbox 1932 4010 3520 4084; baseline -0.004 -17"><span class='ocrx_word' id='word_1_805' title='bbox 1932 4021 2191 4084; x_wconf 88' lang='lat' dir='ltr'><strong>quantum</strong></span> <span class='ocrx_word' id='word_1_806' title='bbox 2235 4021 2390 4076; x_wconf 90' lang='lat' dir='ltr'><strong>sunt,</strong></span> <span class='ocrx_word' id='word_1_807' title='bbox 2430 4012 2484 4066; x_wconf 91' lang='lat' dir='ltr'><strong>id</strong></span> <span class='ocrx_word' id='word_1_808' title='bbox 2524 4020 2607 4066; x_wconf 88' lang='lat' dir='ltr'><strong>est</strong></span> <span class='ocrx_word' id='word_1_809' title='bbox 2655 4012 2970 4081; x_wconf 88' lang='lat' dir='ltr'><strong>inquantum</strong></span> <span class='ocrx_word' id='word_1_810' title='bbox 3016 4021 3244 4073; x_wconf 79' lang='lat' dir='ltr'><strong>naturae,</strong></span> <span class='ocrx_word' id='word_1_811' title='bbox 3290 4010 3520 4079; x_wconf 88' lang='lat' dir='ltr'><strong>inquan-</strong></span> 
     </span>
    </p>
   </div>
   <div class='ocr_carea' id='block_1_103' title="bbox 1935 4102 3520 4172">
    <p class='ocr_par' dir='ltr' id='par_1_103' title="bbox 1935 4102 3520 4172">
     <span class='ocr_line' id='line_1_103' title="bbox 1935 4102 3520 4172; baseline 0 -15"><span class='ocrx_word' id='word_1_812' title='bbox 1935 4113 2046 4159; x_wconf 91' lang='lat' dir='ltr'><strong>tum</strong></span> <span class='ocrx_word' id='word_1_813' title='bbox 2071 4104 2337 4168; x_wconf 55' lang='lat' dir='ltr'><strong>essentia},</strong></span> <span class='ocrx_word' id='word_1_814' title='bbox 2367 4104 2682 4172; x_wconf 89' lang='lat' dir='ltr'><strong>inquantum</strong></span> <span class='ocrx_word' id='word_1_815' title='bbox 2709 4104 3024 4158; x_wconf 85' lang='lat' dir='ltr'><strong>substantiae</strong></span> <span class='ocrx_word' id='word_1_816' title='bbox 3053 4114 3197 4166; x_wconf 88' lang='lat' dir='ltr'><strong>sunt,</strong></span> <span class='ocrx_word' id='word_1_817' title='bbox 3231 4102 3315 4157; x_wconf 90' lang='lat' dir='ltr'><strong>vel</strong></span> <span class='ocrx_word' id='word_1_818' title='bbox 3341 4103 3385 4156; x_wconf 92' lang='lat' dir='ltr'><strong>si</strong></span> <span class='ocrx_word' id='word_1_819' title='bbox 3415 4118 3520 4171; x_wconf 86' lang='lat' dir='ltr'><strong>quo</strong></span> 
     </span>
    </p>
   </div>
   <div class='ocr_carea' id='block_1_104' title="bbox 1933 4193 3520 4263">
    <p class='ocr_par' dir='ltr' id='par_1_104' title="bbox 1933 4193 3520 4263">
     <span class='ocr_line' id='line_1_104' title="bbox 1933 4193 3520 4263; baseline -0.003 -16"><span class='ocrx_word' id='word_1_820' title='bbox 1933 4194 2039 4249; x_wconf 92' lang='lat' dir='ltr'><strong>alio</strong></span> <span class='ocrx_word' id='word_1_821' title='bbox 2071 4194 2239 4248; x_wconf 87' lang='lat' dir='ltr'><strong>verbo</strong></span> <span class='ocrx_word' id='word_1_822' title='bbox 2288 4193 2475 4248; x_wconf 90' lang='lat' dir='ltr'><strong>eadem</strong></span> <span class='ocrx_word' id='word_1_823' title='bbox 2526 4207 2612 4246; x_wconf 85' lang='lat' dir='ltr'><strong>res</strong></span> <span class='ocrx_word' id='word_1_824' title='bbox 2662 4193 2872 4263; x_wconf 91' lang='lat' dir='ltr'><strong>planius</strong></span> <span class='ocrx_word' id='word_1_825' title='bbox 2914 4193 3247 4257; x_wconf 90' lang='lat' dir='ltr'><strong>enuntiatur,</strong></span> <span class='ocrx_word' id='word_1_826' title='bbox 3292 4208 3358 4245; x_wconf 78' lang='lat' dir='ltr'><strong>ex</strong></span> <span class='ocrx_word' id='word_1_827' title='bbox 3410 4193 3520 4247; x_wconf 87' lang='lat' dir='ltr'><strong>Deo</strong></span> 
     </span>
    </p>
   </div>
   <div class='ocr_carea' id='block_1_105' title="bbox 1933 4281 3521 4352">
    <p class='ocr_par' dir='ltr' id='par_1_105' title="bbox 1933 4281 3521 4352">
     <span class='ocr_line' id='line_1_105' title="bbox 1933 4281 3521 4352; baseline -0.002 -12"><span class='ocrx_word' id='word_1_828' title='bbox 1933 4299 2054 4340; x_wconf 87' lang='lat' dir='ltr'><strong>esse</strong></span> <span class='ocrx_word' id='word_1_829' title='bbox 2083 4284 2331 4339; x_wconf 80' lang='lat' dir='ltr'><strong>dicimus.</strong></span> <span class='ocrx_word' id='word_1_830' title='bbox 2360 4281 2503 4336; x_wconf 79' lang='lat' dir='ltr'><strong>Vitia</strong></span> <span class='ocrx_word' id='word_1_831' title='bbox 2529 4298 2658 4337; x_wconf 88' lang='lat' dir='ltr'><strong>vero</strong></span> <span class='ocrx_word' id='word_1_832' title='bbox 2678 4284 3057 4347; x_wconf 87' lang='lat' dir='ltr'><strong>essentiarum,</strong></span> <span class='ocrx_word' id='word_1_833' title='bbox 3089 4297 3209 4352; x_wconf 69' lang='lat' dir='ltr'><strong>qua:</strong></span> <span class='ocrx_word' id='word_1_834' title='bbox 3238 4285 3521 4352; x_wconf 84' lang='lat' dir='ltr'><strong>privamur</strong></span> 
     </span>
    </p>
   </div>
   <div class='ocr_carea' id='block_1_106' title="bbox 1934 4372 3518 4444">
    <p class='ocr_par' dir='ltr' id='par_1_106' title="bbox 1934 4372 3518 4444">
     <span class='ocr_line' id='line_1_106' title="bbox 1934 4372 3518 4444; baseline -0.001 -15"><span class='ocrx_word' id='word_1_835' title='bbox 1934 4374 2114 4444; x_wconf 88' lang='lat' dir='ltr'><strong>specie</strong></span> <span class='ocrx_word' id='word_1_836' title='bbox 2138 4388 2203 4427; x_wconf 91' lang='lat' dir='ltr'><strong>ac</strong></span> <span class='ocrx_word' id='word_1_837' title='bbox 2227 4372 2642 4442; x_wconf 89' lang='lat' dir='ltr'><strong>pulchritudine,</strong></span> <span class='ocrx_word' id='word_1_838' title='bbox 2673 4388 2777 4426; x_wconf 91' lang='lat' dir='ltr'><strong>non</strong></span> <span class='ocrx_word' id='word_1_839' title='bbox 2806 4380 2889 4427; x_wconf 89' lang='lat' dir='ltr'><strong>est</strong></span> <span class='ocrx_word' id='word_1_840' title='bbox 2916 4386 3036 4427; x_wconf 87' lang='lat' dir='ltr'><strong>esse</strong></span> <span class='ocrx_word' id='word_1_841' title='bbox 3066 4374 3195 4427; x_wconf 90' lang='lat' dir='ltr'><strong>Deo.</strong></span> <span class='ocrx_word' id='word_1_842' title='bbox 3228 4372 3282 4426; x_wconf 90' lang='lat' dir='ltr'><strong>Si</strong></span> <span class='ocrx_word' id='word_1_843' title='bbox 3324 4376 3518 4443; x_wconf 77' lang='lat' dir='ltr'><strong>qumris</strong></span> 
     </span>
    </p>
   </div>
   <div class='ocr_carea' id='block_1_107' title="bbox 1858 4432 3514 4533">
    <p class='ocr_par' dir='ltr' id='par_1_107' title="bbox 1858 4432 3514 4533">
     <span class='ocr_line' id='line_1_107' title="bbox 1858 4432 3514 4533; baseline -0.003 -13"><span class='ocrx_word' id='word_1_844' title='bbox 1858 4432 1910 4491; x_wconf 69' lang='grc' dir='ltr'><strong>Β</strong></span> <span class='ocrx_word' id='word_1_845' title='bbox 1937 4432 2076 4520; x_wconf 77' lang='lat' dir='ltr'><strong>mide</strong></span> <span class='ocrx_word' id='word_1_846' title='bbox 2122 4432 2252 4529; x_wconf 62' lang='lat' dir='ltr'><strong>sint,</strong></span> <span class='ocrx_word' id='word_1_847' title='bbox 2282 4462 2570 4533; x_wconf 84' lang='lat' dir='ltr'><strong>diligenter</strong></span> <span class='ocrx_word' id='word_1_848' title='bbox 2597 4432 2815 4516; x_wconf 77' lang='lat' dir='ltr'><strong>attende</strong></span> <span class='ocrx_word' id='word_1_849' title='bbox 2852 4462 2983 4530; x_wconf 89' lang='lat' dir='ltr'><strong>quid</strong></span> <span class='ocrx_word' id='word_1_850' title='bbox 3024 4461 3243 4516; x_wconf 84' lang='lat' dir='ltr'><strong>faciant.</strong></span> <span class='ocrx_word' id='word_1_851' title='bbox 3278 4432 3514 4518; x_wconf 70' lang='lat' dir='ltr'><strong>Utenim</strong></span> 
     </span>
    </p>
   </div>
   <div class='ocr_carea' id='block_1_108' title="bbox 1936 4553 3513 4624">
    <p class='ocr_par' dir='ltr' id='par_1_108' title="bbox 1936 4553 3513 4624">
     <span class='ocr_line' id='line_1_108' title="bbox 1936 4553 3513 4624; baseline -0.001 -14"><span class='ocrx_word' id='word_1_852' title='bbox 1936 4564 2128 4611; x_wconf 86' lang='lat' dir='ltr'><strong>natura</strong></span> <span class='ocrx_word' id='word_1_853' title='bbox 2162 4570 2389 4624; x_wconf 83' lang='lat' dir='ltr'><strong>quaeque</strong></span> <span class='ocrx_word' id='word_1_854' title='bbox 2422 4568 2509 4608; x_wconf 89' lang='lat' dir='ltr'><strong>res</strong></span> <span class='ocrx_word' id='word_1_855' title='bbox 2535 4569 2643 4608; x_wconf 88' lang='lat' dir='ltr'><strong>non</strong></span> <span class='ocrx_word' id='word_1_856' title='bbox 2673 4553 2816 4608; x_wconf 82' lang='lat' dir='ltr'><strong>aliud</strong></span> <span class='ocrx_word' id='word_1_857' title='bbox 2838 4568 3000 4622; x_wconf 88' lang='lat' dir='ltr'><strong>quam</strong></span> <span class='ocrx_word' id='word_1_858' title='bbox 3029 4568 3150 4608; x_wconf 89' lang='lat' dir='ltr'><strong>esse</strong></span> <span class='ocrx_word' id='word_1_859' title='bbox 3176 4555 3406 4624; x_wconf 84' lang='lat' dir='ltr'><strong>cogitur,</strong></span> <span class='ocrx_word' id='word_1_860' title='bbox 3443 4554 3513 4609; x_wconf 88' lang='lat' dir='ltr'><strong>ita</strong></span> 
     </span>
    </p>
   </div>
   <div class='ocr_carea' id='block_1_109' title="bbox 1934 4644 3517 4719">
    <p class='ocr_par' dir='ltr' id='par_1_109' title="bbox 1934 4644 3517 4719">
     <span class='ocr_line' id='line_1_109' title="bbox 1934 4644 3517 4719; baseline -0.001 -17"><span class='ocrx_word' id='word_1_861' title='bbox 1934 4650 2127 4703; x_wconf 90' lang='lat' dir='ltr'><strong>vitium</strong></span> <span class='ocrx_word' id='word_1_862' title='bbox 2157 4650 2303 4719; x_wconf 90' lang='lat' dir='ltr'><strong>(nam</strong></span> <span class='ocrx_word' id='word_1_863' title='bbox 2352 4648 2405 4701; x_wconf 87' lang='lat' dir='ltr'><strong>id</strong></span> <span class='ocrx_word' id='word_1_864' title='bbox 2435 4655 2520 4701; x_wconf 91' lang='lat' dir='ltr'><strong>est</strong></span> <span class='ocrx_word' id='word_1_865' title='bbox 2552 4654 2739 4700; x_wconf 88' lang='lat' dir='ltr'><strong>contra</strong></span> <span class='ocrx_word' id='word_1_866' title='bbox 2779 4644 3052 4714; x_wconf 88' lang='lat' dir='ltr'><strong>naturam)</strong></span> <span class='ocrx_word' id='word_1_867' title='bbox 3084 4644 3139 4698; x_wconf 91' lang='lat' dir='ltr'><strong>in</strong></span> <span class='ocrx_word' id='word_1_868' title='bbox 3188 4645 3517 4700; x_wconf 84' lang='lat' dir='ltr'><strong>contrarium</strong></span> 
     </span>
    </p>
   </div>
   <div class='ocr_carea' id='block_1_110' title="bbox 1940 4734 3517 4809">
    <p class='ocr_par' dir='ltr' id='par_1_110' title="bbox 1940 4734 3517 4809">
     <span class='ocr_line' id='line_1_110' title="bbox 1940 4734 3517 4809; baseline 0 -18"><span class='ocrx_word' id='word_1_869' title='bbox 1940 4738 2232 4809; x_wconf 88' lang='lat' dir='ltr'><strong>repellitur,</strong></span> <span class='ocrx_word' id='word_1_870' title='bbox 2265 4738 2320 4791; x_wconf 91' lang='lat' dir='ltr'><strong>id</strong></span> <span class='ocrx_word' id='word_1_871' title='bbox 2356 4745 2459 4801; x_wconf 88' lang='lat' dir='ltr'><strong>est,</strong></span> <span class='ocrx_word' id='word_1_872' title='bbox 2488 4744 2547 4790; x_wconf 92' lang='lat' dir='ltr'><strong>ut</strong></span> <span class='ocrx_word' id='word_1_873' title='bbox 2575 4751 2681 4790; x_wconf 90' lang='lat' dir='ltr'><strong>non</strong></span> <span class='ocrx_word' id='word_1_874' title='bbox 2717 4735 2804 4799; x_wconf 87' lang='lat' dir='ltr'><strong>sit,</strong></span> <span class='ocrx_word' id='word_1_875' title='bbox 2833 4744 2887 4789; x_wconf 90' lang='lat' dir='ltr'><strong>et</strong></span> <span class='ocrx_word' id='word_1_876' title='bbox 2916 4734 3150 4803; x_wconf 87' lang='lat' dir='ltr'><strong>pessime</strong></span> <span class='ocrx_word' id='word_1_877' title='bbox 3178 4735 3229 4789; x_wconf 86' lang='lat' dir='ltr'><strong>id</strong></span> <span class='ocrx_word' id='word_1_878' title='bbox 3255 4736 3396 4802; x_wconf 90' lang='lat' dir='ltr'><strong>quod</strong></span> <span class='ocrx_word' id='word_1_879' title='bbox 3439 4746 3517 4791; x_wconf 88' lang='lat' dir='ltr'><strong>est</strong></span> 
     </span>
    </p>
   </div>
   <div class='ocr_carea' id='block_1_111' title="bbox 1937 4826 3521 4900">
    <p class='ocr_par' dir='ltr' id='par_1_111' title="bbox 1937 4826 3521 4900">
     <span class='ocr_line' id='line_1_111' title="bbox 1937 4826 3521 4900; baseline -0.003 -17"><span class='ocrx_word' id='word_1_880' title='bbox 1937 4837 2141 4900; x_wconf 82' lang='lat' dir='ltr'><strong>pereat.</strong></span> <span class='ocrx_word' id='word_1_881' title='bbox 2170 4828 2323 4884; x_wconf 88' lang='lat' dir='ltr'><strong>Unde</strong></span> <span class='ocrx_word' id='word_1_882' title='bbox 2351 4827 2755 4881; x_wconf 88' lang='lat' dir='ltr'><strong>vitiosissimum</strong></span> <span class='ocrx_word' id='word_1_883' title='bbox 2795 4826 3199 4894; x_wconf 87' lang='lat' dir='ltr'><strong>pessumdatum</strong></span> <span class='ocrx_word' id='word_1_884' title='bbox 3244 4833 3299 4878; x_wconf 92' lang='lat' dir='ltr'><strong>et</strong></span> <span class='ocrx_word' id='word_1_885' title='bbox 3336 4826 3521 4893; x_wconf 89' lang='lat' dir='ltr'><strong>perdi-</strong></span> 
     </span>
    </p>
   </div>
   <div class='ocr_carea' id='block_1_112' title="bbox 1939 4915 3521 4988">
    <p class='ocr_par' dir='ltr' id='par_1_112' title="bbox 1939 4915 3521 4988">
     <span class='ocr_line' id='line_1_112' title="bbox 1939 4915 3521 4988; baseline -0.001 -14"><span class='ocrx_word' id='word_1_886' title='bbox 1939 4929 2073 4985; x_wconf 88' lang='lat' dir='ltr'><strong>tum,</strong></span> <span class='ocrx_word' id='word_1_887' title='bbox 2104 4933 2409 4988; x_wconf 88' lang='lat' dir='ltr'><strong>quanquam</strong></span> <span class='ocrx_word' id='word_1_888' title='bbox 2433 4925 2487 4972; x_wconf 89' lang='lat' dir='ltr'><strong>et</strong></span> <span class='ocrx_word' id='word_1_889' title='bbox 2519 4918 2622 4972; x_wconf 91' lang='lat' dir='ltr'><strong>hoc</strong></span> <span class='ocrx_word' id='word_1_890' title='bbox 2650 4915 2907 4970; x_wconf 90' lang='lat' dir='ltr'><strong>usitatum</strong></span> <span class='ocrx_word' id='word_1_891' title='bbox 2937 4916 3391 4986; x_wconf 86' lang='lat' dir='ltr'><strong>nequissimorum</strong></span> <span class='ocrx_word' id='word_1_892' title='bbox 3422 4933 3521 4972; x_wconf 82' lang='lat' dir='ltr'><strong>no-</strong></span> 
     </span>
    </p>
   </div>
   <div class='ocr_carea' id='block_1_113' title="bbox 1938 5008 3520 5079">
    <p class='ocr_par' dir='ltr' id='par_1_113' title="bbox 1938 5008 3520 5079">
     <span class='ocr_line' id='line_1_113' title="bbox 1938 5008 3520 5079; baseline -0.001 -14"><span class='ocrx_word' id='word_1_893' title='bbox 1938 5026 2060 5065; x_wconf 90' lang='lat' dir='ltr'><strong>men</strong></span> <span class='ocrx_word' id='word_1_894' title='bbox 2087 5019 2190 5074; x_wconf 88' lang='lat' dir='ltr'><strong>est,</strong></span> <span class='ocrx_word' id='word_1_895' title='bbox 2220 5009 2345 5078; x_wconf 87' lang='lat' dir='ltr'><strong>quia</strong></span> <span class='ocrx_word' id='word_1_896' title='bbox 2374 5009 2485 5079; x_wconf 89' lang='lat' dir='ltr'><strong>jam</strong></span> <span class='ocrx_word' id='word_1_897' title='bbox 2514 5008 2711 5077; x_wconf 81' lang='lat' dir='ltr'><strong>perditi</strong></span> <span class='ocrx_word' id='word_1_898' title='bbox 2743 5016 3022 5073; x_wconf 90' lang='lat' dir='ltr'><strong>vocantur,</strong></span> <span class='ocrx_word' id='word_1_899' title='bbox 3057 5017 3111 5062; x_wconf 85' lang='lat' dir='ltr'><strong>et</strong></span> <span class='ocrx_word' id='word_1_900' title='bbox 3136 5010 3250 5077; x_wconf 84' lang='lat' dir='ltr'><strong>ipsa</strong></span> <span class='ocrx_word' id='word_1_901' title='bbox 3284 5011 3520 5079; x_wconf 90' lang='lat' dir='ltr'><strong>nequitia</strong></span> 
     </span>
    </p>
   </div>
   <div class='ocr_carea' id='block_1_114' title="bbox 1939 5098 3521 5167">
    <p class='ocr_par' dir='ltr' id='par_1_114' title="bbox 1939 5098 3521 5167">
     <span class='ocr_line' id='line_1_114' title="bbox 1939 5098 3521 5167; baseline -0.001 -11"><span class='ocrx_word' id='word_1_902' title='bbox 1939 5102 2006 5156; x_wconf 90' lang='lat' dir='ltr'><strong>de</strong></span> <span class='ocrx_word' id='word_1_903' title='bbox 2027 5099 2196 5154; x_wconf 90' lang='lat' dir='ltr'><strong>nihilo</strong></span> <span class='ocrx_word' id='word_1_904' title='bbox 2219 5099 2477 5155; x_wconf 89' lang='lat' dir='ltr'><strong>asseritur</strong></span> <span class='ocrx_word' id='word_1_905' title='bbox 2494 5099 2726 5154; x_wconf 81' lang='lat' dir='ltr'><strong>traxisse</strong></span> <span class='ocrx_word' id='word_1_906' title='bbox 2747 5098 3086 5167; x_wconf 88' lang='lat' dir='ltr'><strong>vocabulum,</strong></span> <span class='ocrx_word' id='word_1_907' title='bbox 3113 5110 3167 5156; x_wconf 90' lang='lat' dir='ltr'><strong>et</strong></span> <span class='ocrx_word' id='word_1_908' title='bbox 3194 5115 3380 5156; x_wconf 88' lang='lat' dir='ltr'><strong>revera</strong></span> <span class='ocrx_word' id='word_1_909' title='bbox 3409 5111 3521 5154; x_wconf 89' lang='lat' dir='ltr'><strong>ten-</strong></span> 
     </span>
    </p>
   </div>
   <div class='ocr_carea' id='block_1_115' title="bbox 1940 5191 2386 5247">
    <p class='ocr_par' dir='ltr' id='par_1_115' title="bbox 1940 5191 2386 5247">
     <span class='ocr_line' id='line_1_115' title="bbox 1940 5191 2386 5247; baseline -0.004 -1"><span class='ocrx_word' id='word_1_910' title='bbox 1940 5193 2019 5247; x_wconf 91' lang='lat' dir='ltr'><strong>dit</strong></span> <span class='ocrx_word' id='word_1_911' title='bbox 2044 5192 2111 5246; x_wconf 89' lang='lat' dir='ltr'><strong>ad</strong></span> <span class='ocrx_word' id='word_1_912' title='bbox 2140 5191 2386 5246; x_wconf 90' lang='lat' dir='ltr'><strong>nihilum.</strong></span> 
     </span>
    </p>
   </div>
   <div class='ocr_carea' id='block_1_116' title="bbox 2017 5281 3522 5354">
    <p class='ocr_par' dir='ltr' id='par_1_116' title="bbox 2017 5281 3522 5354">
     <span class='ocr_line' id='line_1_116' title="bbox 2017 5281 3522 5354; baseline 0.001 -21"><span class='ocrx_word' id='word_1_913' title='bbox 2017 5301 2035 5333; x_wconf 71' lang='grc' dir='ltr'>ί</span> <span class='ocrx_word' id='word_1_914' title='bbox 2068 5283 2180 5353; x_wconf 84' lang='lat' dir='ltr'><strong>Ego</strong></span> <span class='ocrx_word' id='word_1_915' title='bbox 2219 5283 2544 5337; x_wconf 89' lang='lat' dir='ltr'><strong>novissimus</strong></span> <span class='ocrx_word' id='word_1_916' title='bbox 2587 5283 2864 5353; x_wconf 84' lang='lat' dir='ltr'><strong>evigilavi,</strong></span> <span class='ocrx_word' id='word_1_917' title='bbox 2909 5294 2963 5338; x_wconf 89' lang='lat' dir='ltr'><strong>ct</strong></span> <span class='ocrx_word' id='word_1_918' title='bbox 2996 5285 3147 5354; x_wconf 88' lang='lat' dir='ltr'><strong>quasi</strong></span> <span class='ocrx_word' id='word_1_919' title='bbox 3192 5284 3280 5352; x_wconf 84' lang='lat' dir='ltr'><strong>qui</strong></span> <span class='ocrx_word' id='word_1_920' title='bbox 3317 5281 3522 5350; x_wconf 76' lang='lat' dir='ltr'><strong>colligit</strong></span> 
     </span>
    </p>
   </div>
   <div class='ocr_carea' id='block_1_117' title="bbox 1947 5369 3518 5444">
    <p class='ocr_par' dir='ltr' id='par_1_117' title="bbox 1947 5369 3518 5444">
     <span class='ocr_line' id='line_1_117' title="bbox 1947 5369 3518 5444; baseline -0.001 -19"><span class='ocrx_word' id='word_1_921' title='bbox 1947 5394 1966 5425; x_wconf 87' lang='grc'><em>‹</em></span> <span class='ocrx_word' id='word_1_922' title='bbox 2012 5390 2255 5429; x_wconf 87' lang='lat' dir='ltr'><strong>racemos</strong></span> <span class='ocrx_word' id='word_1_923' title='bbox 2284 5384 2406 5444; x_wconf 90' lang='lat' dir='ltr'><strong>post</strong></span> <span class='ocrx_word' id='word_1_924' title='bbox 2448 5375 2885 5429; x_wconf 70' lang='lat' dir='ltr'><strong>vindemiator-es.</strong></span> <span class='ocrx_word' id='word_1_925' title='bbox 2922 5375 2977 5428; x_wconf 90' lang='lat' dir='ltr'><strong>In</strong></span> <span class='ocrx_word' id='word_1_926' title='bbox 3007 5373 3379 5429; x_wconf 89' lang='lat' dir='ltr'><strong>benedictione</strong></span> <span class='ocrx_word' id='word_1_927' title='bbox 3424 5369 3518 5423; x_wconf 72' lang='lat' dir='ltr'><strong>lict</strong></span> 
     </span>
    </p>
   </div>
   <div class='ocr_carea' id='block_1_118' title="bbox 1947 5458 3526 5536">
    <p class='ocr_par' dir='ltr' id='par_1_118' title="bbox 1947 5458 3526 5536">
     <span class='ocr_line' id='line_1_118' title="bbox 1947 5458 3526 5536; baseline -0.003 -19"><span class='ocrx_word' id='word_1_928' title='bbox 1947 5484 1965 5516; x_wconf 72' lang='grc' dir='ltr'>ι</span> <span class='ocrx_word' id='word_1_929' title='bbox 2010 5474 2064 5519; x_wconf 93' lang='lat' dir='ltr'><strong>et</strong></span> <span class='ocrx_word' id='word_1_930' title='bbox 2093 5466 2206 5535; x_wconf 88' lang='lat' dir='ltr'><strong>ipse</strong></span> <span class='ocrx_word' id='word_1_931' title='bbox 2251 5466 2503 5536; x_wconf 86' lang='lat' dir='ltr'><strong>speravi:</strong></span> <span class='ocrx_word' id='word_1_932' title='bbox 2536 5474 2589 5519; x_wconf 91' lang='lat' dir='ltr'><strong>et</strong></span> <span class='ocrx_word' id='word_1_933' title='bbox 2632 5468 2784 5534; x_wconf 88' lang='lat' dir='ltr'><strong>quasi</strong></span> <span class='ocrx_word' id='word_1_934' title='bbox 2831 5465 2922 5533; x_wconf 91' lang='lat' dir='ltr'><strong>qui</strong></span> <span class='ocrx_word' id='word_1_935' title='bbox 2954 5463 3285 5518; x_wconf 88' lang='lat' dir='ltr'><strong>vindemiant</strong></span> <span class='ocrx_word' id='word_1_936' title='bbox 3327 5458 3526 5527; x_wconf 84' lang='lat' dir='ltr'><strong>replevi</strong></span> 
     </span>
    </p>
   </div>
   <div class='ocr_carea' id='block_1_119' title="bbox 1947 5556 3523 5617">
    <p class='ocr_par' dir='ltr' id='par_1_119' title="bbox 1947 5556 3523 5617">
     <span class='ocr_line' id='line_1_119' title="bbox 1947 5556 3523 5617; baseline -0.003 -10"><span class='ocrx_word' id='word_1_937' title='bbox 1947 5575 1964 5607; x_wconf 77' lang='grc' dir='ltr'>ι</span> <span class='ocrx_word' id='word_1_938' title='bbox 2009 5557 2310 5612; x_wconf 69' lang='lat' dir='ltr'><strong>torcular.»</strong></span> <span class='ocrx_word' id='word_1_939' title='bbox 2347 5556 2539 5611; x_wconf 85' lang='lat' dir='ltr'><strong>Custos</strong></span> <span class='ocrx_word' id='word_1_940' title='bbox 2584 5556 2901 5610; x_wconf 89' lang='lat' dir='ltr'><strong>humilitatis</strong></span> <span class='ocrx_word' id='word_1_941' title='bbox 2949 5571 3053 5608; x_wconf 90' lang='lat' dir='ltr'><strong>non</strong></span> <span class='ocrx_word' id='word_1_942' title='bbox 3102 5566 3159 5605; x_wconf 91' lang='lat' dir='ltr'><strong>se</strong></span> <span class='ocrx_word' id='word_1_943' title='bbox 3207 5557 3523 5617; x_wconf 71' lang='lat' dir='ltr'><strong>arroganter</strong></span> 
     </span>
    </p>
   </div>
   <div class='ocr_carea' id='block_1_120' title="bbox 1943 5643 3525 5716">
    <p class='ocr_par' dir='ltr' id='par_1_120' title="bbox 1943 5643 3525 5716">
     <span class='ocr_line' id='line_1_120' title="bbox 1943 5643 3525 5716; baseline -0.004 -12"><span class='ocrx_word' id='word_1_944' title='bbox 1943 5650 2110 5704; x_wconf 76' lang='lat' dir='ltr'><strong>voluit</strong></span> <span class='ocrx_word' id='word_1_945' title='bbox 2151 5658 2442 5716; x_wconf 81' lang='lat' dir='ltr'><strong>ostentare,</strong></span> <span class='ocrx_word' id='word_1_946' title='bbox 2472 5648 2565 5703; x_wconf 85' lang='lat' dir='ltr'><strong>sed</strong></span> <span class='ocrx_word' id='word_1_947' title='bbox 2594 5657 2775 5704; x_wconf 88' lang='lat' dir='ltr'><strong>tamen</strong></span> <span class='ocrx_word' id='word_1_948' title='bbox 2805 5648 2970 5703; x_wconf 90' lang='lat' dir='ltr'><strong>voluit</strong></span> <span class='ocrx_word' id='word_1_949' title='bbox 3000 5648 3064 5701; x_wconf 88' lang='lat' dir='ltr'><strong>de</strong></span> <span class='ocrx_word' id='word_1_950' title='bbox 3094 5661 3150 5698; x_wconf 87' lang='lat' dir='ltr'><strong>sc</strong></span> <span class='ocrx_word' id='word_1_951' title='bbox 3185 5643 3404 5699; x_wconf 83' lang='lat' dir='ltr'><strong>ommno</strong></span> <span class='ocrx_word' id='word_1_952' title='bbox 3435 5657 3525 5697; x_wconf 80' lang='lat' dir='ltr'><strong>vc-</strong></span> 
     </span>
    </p>
   </div>
   <div class='ocr_carea' id='block_1_121' title="bbox 2971 5739 3049 5799">
    <p class='ocr_par' dir='ltr' id='par_1_121' title="bbox 2971 5739 3049 5799">
     <span class='ocr_line' id='line_1_121' title="bbox 2971 5739 3049 5799; baseline -0.038 0"><span class='ocrx_word' id='word_1_953' title='bbox 2971 5739 3049 5799; x_wconf 71' lang='lat'><strong>3‘2.</strong></span> 
     </span>
    </p>
   </div>
  </div>
