3902 6162
395 317 537 372 ίυοῦ

1036 308 1095 361 Β.
1136 301 1391 360 MBAN]
1429 299 1651 356 MAURI
1689 294 2010 354 ARCHIEP.
2045 289 2358 360 MQC‘UNT.
2395 289 2681 348 OPER’UM
2715 289 2898 347 PARS
2934 292 2975 346 Ι.

3537 291 3686 346 ’ωΒᾷ

396 433 613 488 titatcm
635 439 755 482 non
788 431 1054 489 reticere;
1103 415 1277 471 noluit
1303 413 1450 469 enim
1475 425 1535 466 se
1570 409 1806 478 antiquis
1849 406 1986 462 scri-
2016 417 2067 475 Α
2091 410 2361 473 potestate
2396 400 2654 456 fulcitur:
2683 408 2888 470 quanto
2909 400 3083 472 magis
3107 400 3164 456 in
3193 401 3362 456 altum
3401 416 3464 458 se
3498 405 3689 472 erigit,

398 519 644 592 ptoribus
668 525 946 571 sacrorum
969 509 1250 573 librorum,
1283 518 1420 574 quos
1445 501 1556 556 vini
1582 497 1841 570 spiritalis
1869 496 1987 550 vin-

2086 511 2212 550 cum
2243 509 2304 549 se
2338 494 2390 548 ei
2433 493 2596 548 etiam
2639 503 2884 563 potestas
2929 493 3241 563 subjungitl
3290 507 3456 561 quam
3506 503 3692 551 tamen

398 586 725 668 ilemiatores
755 610 933 667 vocat,
963 591 1328 670 aliquo'modo
1356 592 1637 665 prml‘erre,
1677 590 1771 647 sed
1804 600 1986 645 tamen
2087 598 2412 660 potestatem
2459 597 2605 644 recte
2633 588 2940 658 dispensat,
2980 588 3074 658 qui
3115 586 3345 642 sollicite
3379 589 3602 642 noverit
3645 599 3695 645 et

399 719 506 757 non
537 696 749 768 negavit
792 709 850 749 se
893 705 1084 748 eorum
1129 694 1538 758 cooperatorem
1577 698 1718 739 esse.
1760 680 1902 736 Dicit
1930 692 1990 733 se

399 791 752 848 novissimum
779 783 1026 854 vigilare,
1053 789 1108 836 et
1140 779 1194 834 in
1221 777 1598 834 benedictione
1624 775 1718 829 Dei
1748 787 1989 844 sperare,

398 889 456 936 et
481 880 552 934 ob
580 877 686 931 hoc
723 873 881 944 quasi
911 869 1359 925 vindemiatorem
1411 864 1649 921 torcular
1677 863 1906 934 replere,
1934 869 1995 916 ut

399 970 710 1026 ostenderet
750 964 982 1034 gratiam
1011 961 1114 1016 sibi
1143 959 1382 1015 divinam
1410 957 1550 1012 sicut
1575 963 1630 1011 et
1659 953 1872 1010 caeteris
1893 967 1992 1022 pa-

406 1063 578 1117 tribus
608 1057 821 1121 adesse,
848 1062 908 1108 ut
936 1052 1171 1106 fructum
1211 1047 1452 1105 scientiae
1491 1044 1832 1101 abundanter
1865 1057 1993 1112 pro—

404 1153 588 1208 ferret.
620 1146 882 1203 Similiter
901 1151 956 1198 et
993 1140 1194 1196 Paulus
1233 1136 1506 1209 apostolus
1550 1133 1774 1189 humilia
1802 1132 1871 1186 de
1911 1145 1996 1186 se-

407 1241 636 1311 inetipso
667 1235 926 1300 sentiens,
959 1240 1139 1288 tamen
1183 1229 1417 1301 gratiam
1466 1225 1562 1281 Dei
1609 1224 1712 1280 sibi
1744 1222 1998 1278 collatam

407 1332 580 1388 noluit
603 1329 818 1384 celare:
848 1326 940 1396 qui
980 1338 1211 1379 narrans
1237 1321 1292 1376 in
1325 1317 1564 1390 Epistola
1589 1332 1684 1372 sua
1730 1314 2000 1386 quomodo

407 1423 653 1480 Christus
674 1428 804 1489 post
841 1415 1296 1472 resurrectionem
1325 1408 1602 1480 discipulis
1628 1406 1910 1478 apparuit,
1935 1405 2002 1460 de

408 1513 703 1582 semetipso
733 1511 806 1564 ita
837 1505 1146 1575 subjunxit,
1185 1503 1410 1557 dicens:
1442 1520 1460 1552 ‹
1488 1499 1792 1554 Novissime
1821 1504 2002 1550 autem

410 1605 651 1663 omnium
673 1610 927 1671 tanquam
945 1595 1188 1652 abortivo
1205 1593 1355 1648 visus
1375 1600 1460 1646 est
1480 1599 1536 1646 et
1556 1589 1708 1644 mihi.
1726 1588 1838 1659 Ego
1858 1585 2002 1641 enim

413 1711 534 1751 sum
556 1692 808 1748 minimus
825 1685 1214 1759 apostolorum,
1229 1682 1323 1753 qui
1345 1697 1452 1736 non
1471 1695 1591 1736 sum
1615 1679 1809 1748 dignus
1821 1674 2003 1731 vocari

2090 694 2308 736 sumere
2333 695 2398 734 ex
2436 679 2524 733 illa
2548 678 2692 749 quod
2718 677 2958 747 adjuvat,
2985 687 3041 733 et
3065 692 3376 748 expugnare
3402 681 3554 748 quod
3584 691 3699 732 ten-

2093 788 2207 844 tat,
2244 785 2301 832 et
2343 775 2607 847 :equalem
2637 791 2696 831 se
2726 790 2850 830 cum
2892 773 2982 830 illa
3010 775 3225 830 caneris
3251 789 3493 837 cernere,
3531 781 3587 828 et
3617 782 3698 826 ta-

2093 884 2217 924 men
2265 882 2324 923 se
2369 866 2723 938 peccantibus
2771 865 2887 921 zelo
2930 864 3154 920 ultionis
3195 863 3487 919 anteferre.
3533 862 3695 917 Sum-

2096 974 2220 1014 mus
2262 959 2447 1028 itaque
2474 957 2625 1012 locus
2655 957 2794 1010 bene
2835 955 3060 1026 regitur,
3093 970 3216 1010 cum
3246 955 3293 1010 is
3339 955 3432 1024 qui
3469 964 3702 1024 praeest,

2094 1051 2241 1106 vitiis
2267 1050 2446 1122 potius
2471 1063 2636 1118 quam
2664 1046 2924 1101 fratribus
2953 1045 3291 1111 dominatur;
3323 1045 3418 1100 sed
3445 1061 3573 1100 cum
3601 1046 3696 1100 de-

2097 1147 2403 1218 linquentes
2440 1146 2686 1200 subditos
2723 1144 2996 1215 praepositi
3033 1145 3344 1214 corrigunt,
3390 1148 3564 1196 restat
3601 1152 3700 1193 ne-

2099 1253 2252 1294 cesse
2293 1245 2378 1292 est
2407 1245 2464 1290 ut
2503 1236 2733 1292 sollicite
2778 1235 3062 1291 attendant
3103 1241 3370 1304 quatenus
3396 1247 3498 1302 per
3524 1232 3702 1287 disci-

2100 1332 2338 1404 plinatus
2388 1331 2630 1386 debitum
2677 1328 2874 1384 delicta
2938 1327 3170 1397 quodam
3230 1324 3355 1396 jure
3411 1325 3705 1396 potestatis

2102 1425 2330 1489 feriant,
2362 1424 2458 1479 sed
2496 1437 2596 1492 per
2637 1420 2958 1476 humilitatis
2997 1419 3332 1484 custodiam,
3365 1415 3604 1486 aequales
3649 1431 3706 1469 se

2104 1517 2238 1588 ipsis
2271 1516 2550 1580 fratribus,
2581 1513 2674 1584 qui
2703 1513 3068 1583 corriguntur,
3096 1518 3413 1582 agnoscant.
3453 1507 3708 1561 Solerter

2103 1609 2303 1679 quippe
2335 1605 2672 1670 intuendum,
2702 1619 2772 1659 ne
2801 1603 2927 1658 dum
2960 1601 3371 1656 immoderatius
3396 1599 3708 1653 custoditur

2107 1703 2280 1757 virtus
2310 1699 2654 1764 humilitatis,
2679 1697 2957 1753 solvantur
2976 1694 3100 1764 jura
3141 1693 3453 1764 regiminis;
3483 1699 3541 1745 et
3577 1691 3710 1745 dum

413 1782 705 1854 apostolus,
747 1779 1005 1850 quoniam
1046 1779 1514 1861 persecutussum
1550 1767 1846 1861 Ecclesiarn
1884 1765 2000 1861 Dei.
2034 1775 2079 1834 Β
2104 1789 2359 1861 praelatus
2387 1789 2616 1860 quisque
2643 1787 2763 1856 plus
2801 1800 2861 1841 se
2889 1799 3052 1855 quam
3081 1783 3238 1838 decet
3284 1779 3486 1850 deﬁcit,
3519 1779 3711 1834 sub,”

415 1873 602 1930 Gratia
643 1879 824 1925 autem
851 1867 949 1922 Dei
996 1881 1113 1921 sum
1145 1863 1201 1918 id
1246 1860 1390 1931 quod
1420 1875 1560 1926 sum,
1592 1869 1648 1913 et
1687 1857 1862 1928 gratia
1891 1855 2006 1924 ejus

419 1964 473 2018 in
499 1976 587 2016 me
612 1974 782 2014 vacua
809 1972 917 2013 non
951 1953 1076 2020 fuit,
1103 1951 1202 2024 sed
1235 1949 1596 2006 abundantius
1626 1947 1731 2002 illis
1757 1945 2009 2002 omnibus

419 2049 657 2105 laboravi
695 2067 708 2103 :
750 2062 860 2103 non
900 2052 1082 2102 autem
1129 2056 1252 2113 ego,
1299 2040 1394 2096 sed
1440 2037 1613 2110 gratia
1659 2037 1755 2093 Dei
1797 2050 2011 2092 mecum

420 2139 476 2213 (1
504 2136 629 2194 Cor.
659 2138 767 2195 xv).
795 2156 814 2190 ι

499 2248 519 2281 ι
551 2227 822 2299 Respicite
865 2226 995 2298 quia
1039 2239 1148 2280 non
1195 2221 1372 2280 solum
1420 2219 1554 2276 mihi
1593 2218 1868 2284 laboravi,
1915 2217 2012 2274 sed

425 2341 444 2372 ι
490 2320 741 2376 omnibus
784 2315 1193 2388 exquirentibus
1235 2312 1598 2384 disciplinam.
1626 2331 1644 2364 ι
1679 2309 1878 2368 Doctor
1923 2323 2015 2364 ca-

423 2412 654 2468 tholicus
682 2426 789 2466 non
821 2409 995 2466 solum
1024 2407 1078 2462 in
1108 2407 1294 2463 labore
1318 2420 1417 2461 suo
1445 2404 1548 2458 sibi
1578 2401 1726 2457 utilis
1753 2409 1856 2467 est,
1886 2400 2014 2455 dum

422 2503 712 2574 quaerendo
730 2511 787 2556 ct
811 2499 1120 2556 meditando
1141 2497 1318 2553 lucem
1344 2494 1577 2565 acquirit
1601 2492 1896 2564 sapientiae,
1920 2489 2016 2545 sed

423 2592 588 2648 etiam
635 2589 756 2645 aliis
795 2587 1191 2660 profectuosus,
1222 2602 1347 2641 cum
1391 2585 1444 2640 in
1475 2583 1741 2638 doctrinis
1789 2582 1902 2637 suis
1938 2581 2018 2636 eis

423 2681 644 2737 exhibet
672 2679 1061 2735 correctionem
1086 2677 1209 2732 vita:
1234 2683 1288 2730 et
1317 2674 1616 2730 molestiam
1645 2673 1959 2743 disciplinzn.

501 2789 521 2822 ι
549 2770 747 2826 Audite
771 2785 876 2832 mc.
912 2778 1213 2840 magnates,
1239 2775 1293 2822 ct
1329 2781 1518 2821 omnes
1551 2763 1730 2835 populi
1759 2773 1815 2819 et
1843 2773 2019 2818 recto-

433 2883 452 2915 ε
503 2879 587 2919 res
617 2861 890 2927 Ecclesire,
939 2861 1164 2916 auribus
1202 2859 1482 2930 percipite.
1511 2856 1649 2912 Filio
1687 2863 1742 2911 et
1769 2854 2017 2921 mulieri,

433 2973 452 3004 ι
499 2951 654 3007 fratri
677 2958 733 3008 et
759 2951 936 3007 amico
956 2967 1064 3006 non
1088 2951 1182 3005 des
1204 2957 1526 3020 potestatem
1557 2961 1719 3017 super
1750 2953 1802 3001 te
1828 2945 1881 3000 in
1909 2945 2020 3000 vita

435 3065 452 3098 ι
503 3054 622 3111 tua;
653 3051 710 3100 et
753 3059 861 3098 non
908 3041 1122 3098 dederis
1158 3041 1250 3096 alii
1297 3040 1695 3111 possessionem
1745 3047 1911 3102 tuam,
1951 3051 2019 3092 ne

2107 1890 2290 1936 torum
2320 1879 2488 1932 vitam
2532 1877 2802 1947 stringere
2845 1875 2946 1929 sub
2989 1872 3288 1943 disciplina:
3331 1870 3552 1925 vinculo
3598 1885 3712 1923 non

2108 1972 2299 2049 possit.
2323 1970 2567 2026 Teneant
2590 1983 2718 2039 ergo
2743 1975 2985 2022 rectores
3008 1965 3248 2020 exterius
3277 1961 3421 2032 quod
3444 1975 3549 2032 pro
3577 1961 3716 2016 alio-

2111 2077 2234 2117 rum
2282 2059 2518 2114 utilitate
2568 2057 2898 2126 suscipiunt,
2938 2061 3160 2109 servent
3195 2051 3425 2106 interius
3468 2049 3617 2118 quod
3652 2050 3716 2103 de

2107 2169 2213 2211 sua
2257 2151 2615 2207 aestimatione
2654 2149 3076 2219 pertimescunt;
3125 2145 3222 2200 sed
3265 2152 3447 2198 tamen
3491 2141 3716 2211 quibus-

2086 2244 2236 2298 ~dam
2279 2241 2448 2312 signis
2492 2241 2747 2296 decenter
2773 2237 3183 2308 erumpentibus
3209 2249 3306 2290 eos
3335 2233 3479 2304 apud
3515 2249 3577 2288 se
3606 2233 3712 2286 hu-

2115 2335 2271 2390 miles
2299 2333 2464 2388 etiam
2506 2331 2735 2402 subjecti
2783 2327 3217 2398 deprehendant,
3258 2334 3528 2396 quatenus
3565 2333 3622 2378 et
3665 2326 3716 2377 in

2117 2427 2438 2483 auctoritate
2485 2439 2708 2488 eorum,
2748 2422 2892 2492 quod
2922 2420 3216 2477 formidant
3261 2419 3515 2482 videant,
3561 2427 3619 2471 et
3656 2418 3719 2470 de

2115 2519 2421 2576 humilitate
2447 2517 2591 2588 quod
2624 2515 2911 2571 imitentur
2949 2519 3265 2584 agnoscant.
3299 2509 3571 2564 Studeant
3619 2509 3718 2578 igi-

2119 2619 2207 2666 tur
2241 2610 2360 2664 sine
2400 2606 2802 2662 intermissione
2829 2605 2925 2675 qui
2961 2611 3236 2674 praesunt,
3278 2611 3340 2656 ut
3379 2616 3574 2656 eorum
3619 2615 3716 2669 po-

2118 2700 2286 2756 tentia
2319 2707 2524 2769 quanto
2565 2711 2756 2768 magna
2791 2695 3033 2751 exterius
3072 2693 3332 2758 cernitur,
3383 2698 3539 2746 tanto
3567 2691 3714 2760 apud

2113 2807 2212 2848 eos
2240 2791 2464 2846 interius
2492 2789 2826 2860 deprimatur
2851 2806 2864 2841 :
2897 2802 2965 2842 ne
2991 2786 3372 2857 cogitationem
3397 2783 3612 2848 vincat,
3646 2800 3716 2838 ne

2122 2885 2176 2939 in
2214 2882 2624 2938 delectationem
2660 2881 2744 2936 sui
2773 2880 3012 2935 animum
3043 2879 3236 2948 rapiat,
3269 2891 3336 2931 ne
3358 2875 3474 2946 jam
3513 2878 3615 2931 sub
3661 2893 3719 2933 se

2120 2987 2273 3027 mens
2316 2985 2436 3027 eam
2483 2985 2671 3042 regere
2700 2984 2806 3023 non
2841 2967 3042 3038 possit,
3080 2967 3168 3021 cui
3197 2981 3255 3022 se
3283 2965 3510 3021 libidine
3551 2966 3722 3019 domi-

2120 3061 2286 3116 nandi
2329 3059 2598 3130 supponit.
2629 3058 2776 3113 Inter
2805 3056 3114 3128 bypocritas
3150 3055 3297 3110 enim
3317 3053 3444 3124 jure
3488 3055 3715 3123 deputa-

435 3155 453 3187 ι
501 3135 641 3191 forte
669 3135 931 3206 paeniteat
956 3141 1031 3198 te,
1070 3140 1127 3186 ct
1154 3130 1460 3201 depreceris
1489 3144 1590 3200 pro
1621 3129 1745 3183 illis.
1768 3147 1787 3182 ι
1821 3126 2023 3184 Omnes
2049 3137 2094 3200 ο
2127 3161 2236 3216 ων,
2267 3149 2362 3220 qui
2393 3126 2474 3204 ᾗ(
2509 3126 2862 3203 similimdiné
2883 3126 3202 3216 disciplina,
3232 3145 3599 3199 ministerium
3637 3159 3714 3198 ω,

429 3227 626 3297 quippe
655 3223 1034 3289 communiter,
1077 3221 1132 3277 id
1165 3229 1280 3285 est,
1327 3235 1552 3291 magnos
1579 3228 1634 3274 et
1677 3233 1897 3290 parvos,
1931 3233 2021 3273 re-

427 3325 610 3373 ctores
635 3323 691 3370 et
735 3314 1002 3379 subditos,
1041 3313 1248 3369 nobiles
1273 3322 1328 3368 et
1362 3311 1624 3384 ignobiles
1653 3311 1929 3374 admonet,
1965 3318 2025 3364 ut

426 3405 566 3474 juris
591 3405 672 3460 sui
701 3404 966 3459 rationem
996 3418 1100 3458 non
1129 3403 1402 3469 amittant,
1431 3401 1556 3471 quia
1582 3415 1689 3455 non
1715 3399 1872 3453 aliter
1903 3400 2026 3453 vita:

435 3511 546 3550 suae
598 3495 797 3551 habere
838 3503 1064 3565 possunt
1112 3509 1302 3564 pacem
1361 3503 1416 3548 et
1465 3492 1722 3562 quietem.
1770 3489 2026 3558 Quisquis

434 3588 578 3643 enim
615 3587 994 3642 auctoritatem
1021 3568 1288 3656 primatus
1312 3585 1394 3639 sui
1427 3582 1875 3638 irrationabiliter
1904 3596 2026 3651 per-

438 3679 535 3744 dit,
565 3679 910 3748 semetipsum
951 3678 1005 3732 in
1038 3677 1441 3748 despectioncm
1470 3685 1524 3731 et
1571 3675 1877 3747 angustiam
1909 3674 2027 3728 mit-

440 3771 535 3836 tit;
576 3770 668 3840 qui
719 3778 902 3825 autcm
957 3769 1136 3824 locum
1180 3782 1338 3823 suum
1384 3775 1534 3822 recta
1577 3767 1700 3831 fide,
1748 3781 1878 3820 sana
1927 3765 2026 3821 do-

439 3863 636 3929 ctrina,
664 3869 720 3916 et
755 3861 913 3916 bonis
944 3862 1201 3932 operibus
1228 3871 1438 3926 servat,
1475 3860 1823 3930 semetipsum
1849 3867 2029 3913 custo-

440 3953 548 4019 dit,
576 3961 632 4008 et
664 3952 803 4009 ﬁlios
831 3960 991 4022 atque
1018 3951 1313 4022 discipulos
1346 3965 1474 4006 suos
1511 3951 1566 4005 in
1591 3951 1834 4006 ordinem
1867 3949 2029 4004 disci-

440 4044 601 4112 plinae
634 4050 690 4100 et
731 4042 1032 4114 profectum
1071 4043 1332 4098 virtutum
1369 4041 1575 4114 dirigit.
1607 4041 1764 4099 Unde
1801 4041 2028 4112 subjun-

444 4133 590 4204 gilur
614 4151 658 4188 ε,

521 4243 540 4277 i
579 4225 718 4279 Dum
746 4225 922 4280 adhuc
961 4239 1185 4295 superes
1221 4235 1278 4282 et
1305 4225 1534 4297 aspiras,
1575 4240 1682 4280 non
1722 4225 2032 4280 immutabit

447 4337 467 4369 ι
515 4326 568 4373 te
597 4318 776 4375 omnis
813 4331 962 4373 caro.
1005 4316 1193 4374 Melius
1223 4326 1305 4374 est
1328 4319 1472 4374 enim
1508 4330 1569 4374 ut
1605 4318 1699 4373 filii
1740 4319 1814 4372 tu-i
1851 4326 1903 4372 te
1939 4333 2033 4372 ro-

448 4429 468 4464 ε
515 4419 665 4482 gent,
705 4425 870 4480 quam
909 4417 964 4466 te
1008 4411 1279 4480 respicere
1319 4410 1374 4464 in
1409 4425 1602 4465 manus
1634 4409 1867 4464 ﬁliorum
1915 4416 2033 4463 tuo-

449 4522 466 4550 ‹
519 4518 660 4556 rum.
708 4500 767 4554 In
796 4500 1050 4556 omnibus
1083 4500 1340 4572 operibus
1385 4500 1494 4556 tuis
1536 4498 1852 4569 praecellens
1889 4506 2028 4565 esto,
2068 4506 2109 4562 ι)

455 4614 467 4643 ι
517 4609 584 4648 ne
611 4592 826 4648 dederis
855 4591 1122 4646 maculam
1153 4591 1207 4644 in
1235 4590 1405 4661 gloria
1437 4599 1548 4644 tua.
1576 4589 1634 4644 In
1663 4590 1748 4644 die
1781 4604 2034 4644 consum-

453 4706 467 4732 ι
518 4683 772 4739 mationis
812 4682 1021 4736 dierum
1057 4682 1180 4736 vita:
1225 4689 1350 4745 tuae,
1378 4688 1432 4736 et
1474 4683 1528 4734 in
1570 4688 1810 4749 tempore
1857 4680 2036 4736 exitus

455 4794 472 4825 ‹
517 4776 593 4829 tui
622 4774 885 4829 distribue
908 4772 1281 4829 hatreditatem
1305 4779 1472 4826 tuam.
1496 4791 1514 4824 ι
1546 4769 1672 4827 Haec
1692 4770 1870 4826 omnis
1897 4771 2037 4828 ratio

455 4875 504 4920 et
529 4875 710 4936 patres
740 4865 1092 4921 historialiter
1117 4865 1294 4931 docet,
1320 4862 1591 4934 quomodo
1623 4863 1747 4918 [iliis
1777 4863 1890 4918 suis
1934 4863 2038 4918 rite

450 4957 690 5024 praesint,
737 4963 793 5010 et
831 4971 955 5010 cum
990 4955 1272 5027 disciplina
1300 4955 1420 5012 illos
1457 4955 1721 5021 nutriant,
1759 4970 2040 5026 quousque

453 5045 522 5099 ad
571 5043 866 5114 perfectam
916 5055 1132 5101 aetatem
1180 5047 1457 5113 venerint,
1494 5053 1556 5100 ut
1601 5045 1749 5117 digni
1803 5046 2043 5101 ltmredes

454 5143 738 5203 parentum
780 5149 998 5189 suorum
1046 5143 1168 5204 post
1219 5135 1518 5191 discessum
1569 5134 1780 5189 illorum
1835 5135 2044 5203 possint

453 5223 713 5288 existere;
760 5232 816 5277 et
864 5232 1102 5279 rectores
1131 5224 1387 5279 Ecclesiae
1435 5224 1756 5295 spiritaliter
1795 5223 2036 5288 instruit,

455 5321 516 5368 ut
540 5311 857 5384 dignitatem
885 5313 1092 5368 ordinis
1120 5313 1204 5368 sui
1230 5329 1354 5368 cum
1388 5314 1710 5368 auctoritate
1742 5314 2046 5368 rationabili

455 5413 511 5459 et
527 5402 677 5473 justo
703 5403 1069 5459 moderamine
1098 5418 1270 5474 usque
1301 5404 1368 5460 ad
1405 5403 1568 5458 ﬁnem
1599 5411 1852 5470 teneant;
1884 5414 1940 5460 et
1967 5407 2046 5461 sic

455 5495 594 5551 bene
633 5497 901 5552 enutritos
933 5496 1222 5565 discipulos
1255 5495 1413 5553 utiles
1450 5495 1690 5551 hteredcs
1725 5497 1807 5551 sui
1844 5497 2046 5553 laboris

459 5587 787 5658 relinquant.
827 5588 972 5644 Inter
1007 5589 1122 5644 haec
1171 5599 1351 5646 tamen
1399 5589 1713 5655 sciendum,
1758 5591 1902 5660 quod
1946 5592 2046 5646 hu-

466 5695 620 5737 mana
651 5697 804 5740 mens
847 5685 1164 5756 plerumque
1205 5685 1502 5751 extollitur,
1533 5685 1695 5742 etiam
1735 5702 1857 5744 cum
1897 5685 2045 5742 nulla

2125 3239 2345 3310 giminis
2376 3238 2542 3293 vertit
2569 3239 2623 3292 in
2655 3253 2812 3293 usum
2837 3235 3249 3300 dominationis;
3284 3244 3339 3290 et
3373 3243 3557 3289 tamen
3584 3248 3715 3290 non-

2123 3343 2398 3400 nunquam
2425 3329 2644 3400 gravius
2670 3325 3020 3396 delinquitur,
3045 3325 3092 3380 si
3123 3326 3265 3379 inter
3287 3339 3578 3394 perversos
3602 3323 3718 3393 plus

2157 3419 2437 3488 aequalitas
2473 3430 2632 3484 quam
2674 3413 2952 3479 disciplina
3006 3409 3326 3462 custoditur.
3382 3408 3518 3473 Quia
3571 3424 3712 3458 etum

2130 3509 2276 3565 falsa
2310 3511 2506 3579 pietate
2533 3514 2822 3576 super-atas
2847 3502 2966 3557 Heli
2992 3502 3150 3558 ferire
3172 3498 3552 3568 delinquentes
3577 3498 3714 3552 ﬁlius

2157 3601 2348 3663 noluit,
2381 3599 2525 3668 apud
2560 3599 2865 3652 districtum
2891 3594 3127 3664 judicent
3179 3591 3532 3656 semetipsum
3587 3605 3710 3644 cum

2157 3690 2280 3745 filiis
2311 3690 2512 3744 crudeli
2550 3687 2897 3742 damnatione
2948 3681 3216 3752 percussit
3269 3679 3321 3748 (ι
3357 3678 3510 3749 Reg.,
3542 3679 3712 3743 non).

2124 3781 2361 3836 Proinde
2395 3792 2636 3835 rectores
2661 3786 2717 3832 et
2743 3775 2988 3847 magistri
3033 3771 3289 3828 Ecclesia
3326 3772 3430 3825 rite
3475 3770 3714 3824 ordinem

2130 3887 2287 3928 suum
2323 3877 2559 3932 teneant,
2587 3876 2643 3923 et
2668 3881 2792 3922 cum
2817 3863 3102 3934 disciplina
3130 3861 3373 3917 subditos
3401 3859 3504 3914 sibi
3533 3868 3714 3929 regant

2130 3971 2290 4031 atque
2318 3959 2651 4024 custodiant,
2681 3965 2742 4012 ut
2770 3955 2900 4011 dum
2940 3954 3078 4008 bene
3116 3951 3567 4011 ministraverint,
3601 3965 3720 4018 gra-

2131 4053 2259 4108 duut
2289 4049 2391 4106 sibi
2426 4050 2625 4104 bonum
2647 4046 2952 4116 acquirant,
2980 4051 3036 4098 et
3070 4057 3295 4112 regnum
3324 4048 3588 4094 mternum
3627 4054 3718 4108 pro

2130 4142 2288 4199 bonis
2314 4139 2544 4206 meritis,
2573 4138 2791 4195 Christo
2823 4135 3118 4200 tribuente,
3159 4133 3214 4188 in
3249 4130 3356 4187 line
3393 4131 3520 4185 vitae
3554 4131 3722 4184 suscio

2131 4234 2307 4304 piant.

2747 4316 2975 4375 CAPUT
3011 4315 3124 4371 XII.

2575 4412 2647 4467 De
2673 4410 2952 4482 disciplina
2980 4424 3268 4463 servorum.

2216 4527 2234 4561 ι
2267 4506 2484 4564 Cibaria
2521 4513 2576 4560 et
2609 4504 2761 4575 virga
2803 4509 2859 4557 et
2901 4515 3041 4554 onus
3079 4499 3269 4552 asino:
3297 4495 3455 4566 panis
3480 4503 3538 4549 et
3565 4493 3712 4548 disci-

2141 4615 2164 4649 ι
2207 4596 2356 4668 plina
2400 4603 2456 4649 et
2491 4609 2626 4665 opus
2675 4606 2851 4647 servo.
2892 4589 3162 4660 Operatur
3212 4587 3267 4641 in
3314 4586 3634 4655 disciplina,
3672 4593 3712 4638 et

2147 4704 2167 4739 ι
2211 4685 2406 4758 quaerit
2436 4685 2814 4753 requiescere:
2848 4681 2968 4734 laxa
3005 4693 3197 4732 manus
3236 4676 3332 4740 illi,
3358 4685 3413 4730 et
3444 4676 3640 4744 quzerit
3666 4675 3714 4726 li-

2149 4798 2168 4831 i
2213 4781 2499 4834 bertatem.
2525 4775 2724 4846 Jugum
2749 4785 2803 4829 et
2829 4773 3006 4828 lorum
3029 4777 3257 4826 curvant
3285 4768 3487 4823 collum
3511 4769 3710 4824 duntnl.

2149 4889 2168 4923 ι
2214 4879 2270 4926 et
2303 4884 2520 4926 servum
2563 4867 2824 4923 inclinant
2865 4865 3209 4936 operationes
3257 4863 3512 4918 assidua.
3563 4861 3713 4917 Servo

2149 4983 2169 5016 ι
2215 4962 2476 5018 malevolo
2500 4969 2709 5016 tortura
2735 4967 2792 5014 et
2828 4959 3136 5029 compedes,
3166 4959 3319 5012 mitte
3350 4957 3503 5011 illum
3534 4958 3585 5010 in
3612 4970 3712 5024 ope

2151 5071 2170 5104 ι
2217 5053 2483 5107 rationem
2507 5065 2576 5106 ne
2603 5058 2798 5106 vacet:
2827 5049 3050 5104 multam
3083 5049 3227 5104 enim
3252 5047 3521 5103 malitiam
3551 5047 3715 5102 docuit

2151 5161 2170 5194 ‹
2216 5143 2480 5198 otiositas.
2505 5141 2564 5196 In
2589 5156 2752 5212 opere
2780 5141 3049 5196 constitue
3079 5155 3223 5205 eum,
3252 5139 3332 5194 sic
3359 5140 3508 5193 enim
3539 5138 3717 5193 conde-

2153 5252 2172 5286 ‹
2217 5242 2305 5290 cet
2329 5233 2494 5288 illum.
2522 5232 2674 5299 Quod
2703 5233 2748 5288 si
2775 5248 2882 5287 non
2908 5232 3194 5297 obedierit,
3221 5246 3389 5285 curva
3417 5231 3569 5285 illum
3593 5242 3716 5283 com-

2154 5347 2172 5379 ι
2218 5327 2464 5396 pedibus,
2493 5335 2546 5380 et
2573 5341 2677 5379 non
2711 5324 3004 5395 ampliﬁces
3033 5339 3194 5394 super
3219 5338 3434 5378 omnem
3471 5331 3714 5376 carnem:

2157 5435 2175 5468 ι
2222 5431 2406 5470 verum
2445 5417 2562 5470 sine
2601 5413 2807 5484 judicio
2855 5414 2991 5469 nihil
3039 5413 3207 5468 facias
3247 5427 3428 5484 grave.
3459 5433 3479 5464 ι
3530 5411 3626 5465 Hic
3662 5408 3718 5460 de

2151 5505 2432 5575 disciplina
2479 5521 2757 5562 servorum
2800 5505 3070 5575 disputat,
3114 5504 3204 5574 qui
3253 5502 3542 5573 aliquando
3569 5501 3718 5567 dege-

2153 5611 2313 5650 neres
2341 5597 2549 5652 animos
2574 5595 2843 5668 perversis
2865 5595 3109 5650 moribus
3133 5594 3453 5658 ostendunt;
3483 5592 3572 5646 sed
3601 5587 3716 5642 tales

2153 5699 2379 5745 necesse
2424 5701 2506 5746 cst
2541 5699 2601 5744 ut
2643 5687 2985 5744 dominorum
3033 5702 3254 5758 suorum
3295 5685 3718 5754 .constringantur
