3926 6168
295 345 440 401 τι)υὸ

295 553 412 607 Non
441 563 528 608 est
548 554 695 609 enim
723 555 776 610 in
803 557 883 612 eis
905 557 1143 614 conditio
1169 567 1376 614 naturae
1397 559 1764 630 despicienda,
1793 561 1887 615 sed

296 644 616 714 improbitas
645 662 856 702 morum
881 651 1202 713 coercenda,
1238 659 1298 705 ut
1329 653 1506 706 sciant
1547 667 1607 706 se
1643 651 1889 707 subditos

293 751 416 791 esse
445 737 663 802 debere,
705 746 762 793 et
808 753 916 793 non
961 749 1214 810 proterva
1263 742 1548 811 superbire
1588 741 1884 796 voluntate.

292 825 371 879 illi
414 828 560 880 enim
592 835 741 882 recte
777 828 1031 884 dicuntur
1057 830 1220 897 servi,
1252 832 1344 901 qui
1373 846 1434 886 se
1466 832 1721 886 vitiorum
1754 833 1887 888 sub-

293 918 449 989 igunt
477 919 871 986 dominationi;
913 921 990 976 illi
1030 937 1161 978 vero
1198 924 1292 994 qui
1329 938 1388 978 se
1430 924 1498 978 ad
1526 925 1887 979 obediendum

292 1010 532 1065 subdunt
551 1011 775 1081 justitiaa
814 1019 872 1066 et
899 1014 1163 1082 aequitati,
1208 1023 1263 1069 et
1305 1015 1591 1070 veritatem
1623 1023 1772 1069 recte
1807 1023 1888 1069 te-

1151 353 1504 411 COMMENT.
1547 356 1612 410 lN
1651 353 2262 412 ECCLESIASTICUM.
2306 384 2374 394 —
2413 353 2540 408 Lm.
2583 351 2714 408 vni.
2771 321 2775 327 λ

295 461 608 528 severitate,
649 477 752 519 nec
790 467 1068 534 peccando
1108 467 1294 524 illicita
1330 469 1581 524 fruantur
1608 470 1876 525 libertate.
1909 475 1960 532 Α

3433 356 3569 411 10οῦ

2063 488 2081 520 ι
2131 469 2186 523 Si
2218 477 2302 524 est
2340 467 2436 523 tibi
2473 483 2662 524 servus
2691 466 2880 530 fidelis.
2913 469 2984 524 sit
3035 469 3128 524 tibi
3179 471 3332 540 quasi
3385 472 3566 526 anima

1999 580 2017 614 ι
2064 571 2186 627 tua;
2233 560 2389 631 quasi
2420 559 2666 626 fratrem,
2694 561 2774 616 sic
2823 575 2947 616 eum
2994 571 3186 624 tracta,
3220 563 3474 626 quoniam
3519 565 3570 618 in

1994 673 2013 703 ι
2059 653 2320 723 sanguine
2350 653 2542 710 animae
2569 651 2896 722 comparasti
2925 668 3070 707 eum.
3105 651 3162 708 Si
3196 654 3398 709 laeseris
3422 653 3572 710 illum

1994 759 2014 791 ε
2061 740 2278 810 injuste,
2308 740 2362 794 in
2386 739 2569 812 fugam
2595 749 2982 807 convertetur;
3017 750 3074 796 et
3103 743 3148 797 si
3171 743 3438 799 extollens
3463 744 3576 800 dis-

1995 851 2013 883 i
2057 832 2306 897 cesserit,
2351 847 2515 901 quem
2542 848 2776 902 quaeras,
2817 840 2872 888 et
2907 833 2962 886 in
2996 846 3102 902 qua
3128 834 3216 888 via
3263 849 3476 902 quaeras
3505 833 3572 888 il-

1995 939 2013 971 ‹
2058 919 2192 986 lum,
2224 922 2423 978 nescis.
2469 942 2487 974 ι
2543 921 2806 992 Superius
2836 922 2979 978 servi
3009 921 3135 977 boni
3177 917 3576 994 conscripserat

1989 1009 2179 1080 legem,
2208 1012 2282 1065 ita
2312 1012 2498 1068 dicens
2526 1031 2538 1066 :
2572 1012 2690 1068 Non
2721 1012 2885 1069 laedas
2906 1029 3122 1070 servum
3150 1025 3464 1086 operantem
3516 1018 3571 1072 in

292 1113 424 1157 nent
449 1104 728 1158 catholicae
757 1104 905 1170 fidei,
952 1106 1025 1160 illi
1055 1121 1154 1176 per
1179 1096 1364 1161 Omnia
1412 1107 1718 1162 ascribendi
1761 1115 1889 1162 sunt
1989 1104 2240 1170 veritate,
2265 1119 2438 1175 neque
2459 1106 2854 1161 mercenarium
2880 1107 3096 1163 dantem
3128 1108 3366 1162 animam
3394 1123 3570 1162 suam.

290 1196 419 1250 huic
468 1197 741 1263 libertati,
774 1213 882 1267 qua
924 1197 1174 1254 Christus
1219 1199 1473 1254 liberavit
1523 1215 1643 1265 nos,
1689 1200 1781 1270 qui
1831 1201 1884 1254 in

291 1287 582 1359 Evangelio
629 1291 740 1343 ait:
773 1308 792 1342 ι
823 1289 880 1344 Si
911 1306 1042 1361 ergo
1072 1290 1216 1346 filius
1254 1307 1350 1346 vos
1391 1291 1728 1357 liberaverit,
1754 1305 1884 1346 vere

292 1381 448 1435 liberi
476 1383 609 1436 estis
631 1380 813 1454 (Joan.
839 1381 982 1455 vin).
1007 1401 1026 1435 ι
1063 1381 1197 1437 Nam
1240 1389 1302 1437 ut
1343 1383 1564 1453 quidam
1601 1391 1885 1454 poetarum

294 1472 374 1524 ait
412 1490 424 1524 :

421 1622 648 1688 Libertas
672 1623 802 1672 nulla
826 1632 904 1688 est
924 1624 1099 1675 melior
1123 1627 1341 1686 maiorve
1361 1633 1593 1688 potestas,

485 1685 638 1743 Quam
661 1688 853 1736 servire
879 1685 1004 1746 Deo,
1033 1689 1110 1736 cui
1137 1685 1267 1738 bene
1289 1685 1444 1738 servit
1465 1685 1620 1740 amor.

1993 1194 2197 1252 Servus
2220 1206 2470 1253 sensatus
2517 1199 2591 1254 sit
2626 1198 2725 1254 tibi
2755 1200 2986 1256 dilectus
3029 1202 3185 1272 quasi
3236 1203 3417 1256 anima
3461 1210 3572 1264 tua,

1993 1305 2100 1345 non
2137 1288 2423 1346 defraudes
2454 1289 2607 1346 illum
2637 1291 2907 1356 libertate,
2943 1307 3118 1363 neque
3154 1293 3371 1364 in0pem
3420 1292 3574 1349 dere-

1992 1380 2205 1451 linquas
2229 1380 2398 1448 illum,
2429 1391 2536 1437 etc.
2579 1401 2597 1434 ›
2628 1381 2686 1436 ln
2717 1399 2822 1453 quo
2846 1385 3152 1439 ostenditur
3177 1385 3304 1455 quia
3327 1383 3571 1452 ejusdem

1993 1471 2270 1527 nobiscum
2294 1483 2421 1528 sunt
2441 1482 2668 1540 naturae,
2699 1474 2745 1530 si
2776 1474 3024 1530 benevoli
3069 1475 3178 1530 sint
3204 1484 3258 1530 et
3314 1476 3575 1531 obedien-

1991 1565 2096 1622 tcs,
2133 1559 2276 1626 quod
2301 1557 2374 1612 ita
2413 1559 2678 1614 tractandi
2736 1569 2863 1614 sunt
2908 1567 2970 1614 ut
3021 1559 3256 1627 fratres;
3305 1560 3347 1615 si
3394 1570 3574 1614 autem

1991 1650 2111 1705 duri
2162 1657 2217 1702 et
2250 1651 2468 1721 superbi
2511 1651 2777 1723 condigna
2822 1651 2933 1705 sint
2981 1664 3142 1722 ptena
3195 1660 3248 1705 et
3295 1651 3575 1721 disciplina

1994 1742 2298 1797 coercendi.
2342 1742 2496 1810 Quod
2525 1751 2706 1798 autem
2734 1743 2885 1810 dicit,
2943 1751 3004 1797 ut
3033 1741 3260 1798 fratrem
3286 1757 3407 1798 esse
3453 1758 3575 1797 eum

295 1825 634 1882 Describitur
657 1844 789 1900 ergo
818 1831 908 1885 hic
955 1831 1218 1901 sapientia
1265 1833 1528 1899 dictante,
1559 1833 1736 1904 qualis
1767 1850 1889 1892 esse
1925 1834 1968 1890 Β
1991 1833 2359 1897 tractandum,
2409 1833 2667 1902 quoniam
2708 1847 2774 1888 ex
2823 1833 3086 1905 sanguine
3140 1834 3579 1904 comparavimus

297 1920 458 1973 debet
501 1921 714 1976 servilis
756 1923 1056 1990 nutritura,
1095 1935 1150 1980 et
1197 1927 1379 1996 qualis
1421 1941 1549 1998 erga
1591 1929 1888 1986 indomitos

295 2007 591 2078 disciplinae
619 2010 899 2076 strictura,
942 2013 1016 2066 ita
1047 2021 1107 2067 ut
1151 2015 1385 2070 habeant
1410 2017 1610 2072 victum
1635 2026 1691 2072 et
1723 2017 1887 2073 vesti-

297 2106 429 2160 tum,
458 2107 513 2154 et
543 2115 648 2154 non
678 2102 851 2156 otiose
884 2103 1112 2171 vagandi
1158 2104 1264 2159 illis
1313 2107 1647 2162 concedatur
1680 2107 1884 2171 otium,

295 2188 553 2256 quoniam
614 2191 862 2246 otiositas
919 2192 1138 2248 inimica
1185 2202 1272 2249 est
1325 2195 1539 2251 animae.
1587 2195 1694 2252 Sed
1748 2213 1886 2266 quo-

294 2281 440 2336 niam
478 2298 601 2338 cum
628 2299 882 2341 mensura
919 2285 1117 2342 debent
1143 2286 1262 2343 fieri
1287 2289 1488 2354 omnia,
1519 2288 1641 2344 inde
1667 2289 1887 2360 subjuno

294 2373 443 2445 gitur
467 2391 481 2428 :

1992 1940 2138 1990 eum,
2169 1923 2440 1994 signiﬁcat
2470 1923 2615 1995 quod
2653 1931 2908 1978 naturam
2938 1938 3280 1979 communem
3308 1924 3455 1979 ineo
3494 1924 3578 1978 di~

1992 2015 2161 2085 ligere
2189 2017 2465 2082 debemus,
2508 2025 2564 2072 et
2593 2017 2637 2071 si
2675 2031 2898 2071 necesse
2930 2023 3035 2082 est,
3080 2016 3315 2070 animam
3340 2024 3580 2070 nostram

1991 2124 2090 2177 pro
2113 2109 2191 2162 eis
2214 2109 2353 2162 sicut
2373 2107 2635 2163 fratribus
2659 2122 2780 2162 esse
2800 2108 3127 2176 ponendam.
3157 2105 3275 2161 Non
3303 2107 3446 2162 enim
3479 2107 3581 2160 ho-

1992 2199 2194 2252 minem
2226 2198 2484 2253 dcbemus
2520 2197 2702 2254 odisse
2733 2208 2787 2252 et
2826 2197 3102 2268 persequi,
3127 2197 3221 2252 sed
3263 2197 3432 2262 vitiis,
3463 2212 3580 2265 qum

1991 2299 2186 2344 nocent
2230 2289 2436 2343 homini
2506 2299 2562 2345 et
2615 2289 2684 2344 ad
2728 2289 3030 2356 interitum,
3088 2289 3133 2344 si
3173 2288 3576 2358 praevaluerint,

1992 2391 2200 2436 certum
2231 2381 2472 2446 trahunt,
2514 2381 2736 2436 omnino
2772 2379 2929 2437 nobis
2962 2387 3051 2437 est
3099 2380 3478 2436 resistendum.

1518 2682 1816 2762 LIBER
1889 2677 2392 2761 OCTAVUS.

832 2921 1060 2978 CAPUT
1097 2919 1389 2978 PRIMUM.

291 3036 628 3118 Demsonmiis
652 3052 755 3117 non
779 3036 1103 3118 "medendis,
1122 3052 1214 3088 nec
1234 3036 1666 3118 acquiesceudum
1698 3036 1884 3106 spebus

1993 2922 2113 2987 hoc,
2143 2919 2282 2990 quod
2304 2935 2402 2991 per
2427 2927 2722 2975 nocturnas
2763 2918 2997 2975 visiones
3023 2920 3348 2987 ostenditur,
3378 2923 3578 2980 debeat

1988 3013 2293 3078 observari,
2326 3013 2400 3066 ita
2417 3011 2725 3082 respondet,
2745 3010 2971 3067 dicens:
3007 3029 3027 3063 i
3061 3010 3374 3078 Sciendum,
3399 3013 3580 3081 Petre,

362 3108 598 3188 illorum,
620 3107 745 3178 quia
773 3105 1047 3198 Sapientia
1069 3106 1217 3160 docet
1264 3102 1686 3198 άὶυἰημιίοηςδξι
1709 3102 1883 3189 dugu-
1911 3135 1955 3198 ρ
1988 3114 2073 3161 est
2097 3106 2220 3175 quia
2253 3119 2348 3159 sex
2401 3103 2577 3158 modis
2613 3110 2841 3173 tangunt
2865 3102 3104 3157 animum
3133 3103 3396 3175 imagines
3431 3121 3578 3160 som-

369 3179 450 3230 ria
474 3175 713 3257 errorum
733 3176 1007 3230 mendacia
1033 3192 1163 3243 esse,
1180 3186 1227 3231 et
1249 3177 1454 3232 somnia
1476 3175 1882 3246 maleﬁcentium

369 3257 627 3302 vanitates
649 3263 778 3301 €888.

369 3380 523 3450 (CAP.
570 3377 781 3451 xxxrv.)
832 3397 850 3430 ι
884 3379 1032 3434 Vana
1077 3393 1224 3449 spes,
1277 3388 1330 3434 et
1383 3380 1725 3435 mendacium
1768 3379 1888 3435 viro

293 3489 317 3522 ‹
373 3471 678 3535 insensato;
703 3476 759 3522 et
778 3469 988 3523 somnia
1009 3468 1274 3524 extollunt
1303 3470 1690 3539 imprudentes.
1721 3468 1886 3536 Quasi

296 3583 316 3615 c
366 3561 460 3630 qui
481 3555 836 3630 apprehendit
853 3561 1124 3626 umbram,
1172 3569 1228 3615 et
1255 3561 1596 3631 persequitur
1621 3568 1881 3618 ventum:

299 3673 319 3706 α
367 3653 449 3708 sic
486 3660 541 3706 et
568 3652 661 3722 qui
690 3652 919 3706 attendit
939 3651 1003 3706 ad
1029 3652 1146 3706 visa
1188 3652 1490 3706 mendacia.
1528 3650 1642 3708 Hoc
1690 3667 1886 3709 secun-

301 3763 319 3794 ι
371 3743 502 3796 dum
542 3742 645 3795 hoc
665 3739 802 3795 visio
827 3739 1162 3795 somniorum
1193 3759 1204 3793 :
1239 3748 1366 3794 ante
1393 3738 1587 3794 faciem
1628 3741 1884 3810 hominis,

299 3853 318 3886 α
367 3832 668 3888 similitudo
712 3831 936 3886 alterius
989 3831 1244 3886 hominis.
1299 3829 1384 3886 Ab
1440 3831 1718 3885 immundo
1765 3831 1887 3900 quis

299 3947 318 3980 ι
369 3923 766 3980 inundabitur?
797 3932 853 3978 et
880 3939 912 3978 a
942 3924 1202 3979 mendace
1223 3923 1352 3993 quid
1397 3937 1586 3978 verum
1631 3923 1885 3978 dicetur?

299 4039 318 4071 ι
368 4017 641 4072 Divinatio
665 4016 868 4071 erroris
901 4023 958 4071 et
997 4015 1222 4085 auguria
1250 4014 1551 4080 mendacia,
1581 4020 1637 4068 et
1670 4015 1886 4069 somnia

300 4131 322 4164 ‹
379 4108 835 4166 malefacientium
869 4107 1084 4162 vanitas
1112 4114 1215 4162 est.
1249 4107 1317 4161 Et
1344 4105 1486 4162 sicut
1509 4106 1880 4176 parturientis,

297 4221 318 4253 ι
369 4217 466 4256 cur
514 4209 664 4254 tuum
694 4197 1008 4270 phantasias
1050 4197 1278 4267 patitur,
1329 4196 1434 4251 nisi
1487 4197 1558 4251 ab
1606 4196 1886 4252 Altissimo

298 4315 317 4346 ι
367 4293 535 4348 fuerit
590 4293 786 4347 emissa
840 4290 1104 4357 visitatio,
1161 4305 1230 4351 ne
1264 4289 1480 4345 dederis
1538 4289 1594 4344 in
1648 4289 1752 4343 illis
1789 4304 1885 4344 cor

298 4405 318 4438 ι
369 4396 522 4439 tuum
559 4401 574 4438 :
611 4383 810 4438 multos
829 4382 974 4437 enim
1022 4395 1208 4438 errare
1260 4381 1502 4438 fecerunt
1553 4383 1782 4448 somnia,
1830 4391 1886 4438 et

1991 3197 2204 3251 niorum
2238 3213 2252 3248 :
2279 3193 2569 3263 aliquando
2592 3206 2828 3262 namque
2871 3193 3080 3247 somnia
3103 3193 3310 3248 ventris
3341 3194 3579 3264 plenitu-

1991 3289 2115 3344 dine
2156 3285 2242 3342 vel
2296 3285 2580 3349 inanitate,
2627 3283 2921 3352 aliquando
2968 3283 3240 3350 illusione,
3295 3284 3585 3356 aliquando

1991 3379 2319 3451 cogitatione
2371 3376 2530 3432 simul
2579 3383 2637 3431 et
2693 3375 2977 3440 illusione,
3029 3375 3320 3447 aliquando
3369 3379 3580 3433 revela-

1992 3471 2138 3526 tione
2166 3510 2181 3535 ,
2236 3467 2527 3539 aliquando
2572 3473 2754 3520 autem
2802 3465 3131 3536 cogitatione
3172 3467 3334 3522 simul
3403 3475 3459 3523 et
3493 3484 3582 3524 re-

1989 3561 2258 3617 velatione
2317 3565 2664 3630 generantur.
2721 3554 2829 3612 Sed
2886 3557 2994 3611 duo
3029 3571 3150 3626 qua;
3204 3558 3381 3626 prima
3446 3558 3587 3613 dixi-

1990 3667 2134 3718 mus,
2190 3664 2381 3707 omnes
2426 3647 2798 3719 experimento
2828 3647 3206 3718 cognoscimus
3239 3665 3251 3701 :
3287 3648 3571 3716 subjuncta

1989 3752 2168 3798 autem
2205 3741 2334 3806 illis,
2364 3740 2511 3811 quod
2538 3739 2594 3794 in
2632 3754 2803 3795 sacra;
2849 3737 3145 3808 Scriptura:
3183 3739 3399 3809 paginis
3433 3741 3583 3794 inve-

1989 3835 2188 3890 nimus.
2247 3851 2266 3885 ι
2313 3831 2537 3887 Somnia
2567 3829 2769 3886 etenim
2795 3831 2900 3885 nisi
2926 3829 3244 3899 plerumque
3280 3829 3582 3884 ahoeculta

1988 3928 2146 3982 hoste
2197 3941 2294 3995 per
2319 3925 2622 3980 illusionem
2673 3924 2886 3990 tierent,
2944 3937 3288 3994 nequaquam
3336 3923 3440 3978 hoc
3496 3924 3582 3978 vir

1989 4017 2206 4087 sapiens
2243 4015 2551 4080 indicaret,
2611 4015 2842 4070 dicens:
2887 4032 2906 4063 ι
2973 4011 3168 4067 Multos
3201 4016 3347 4067 enim
3393 4027 3583 4066 errare

1988 4107 2236 4163 fecerunt
2274 4106 2506 4170 somnia,
2561 4113 2619 4160 et
2667 4103 2988 4159 exciderunt
3024 4111 3308 4172 sperantes
3366 4102 3418 4156 in
3451 4102 3580 4167 illis,

1987 4199 2071 4256 vel
2110 4207 2263 4254 certe
2296 4213 2400 4253 non
2434 4194 2854 4266 augurabimini,
2885 4209 2984 4249 nec
3019 4193 3380 4248 observabitis
3435 4208 3582 4247 som-

1987 4291 2097 4346 nia.
2139 4288 2346 4357 Quibus
2381 4286 2626 4360 profecto
2653 4287 2834 4341 verbis
2861 4283 3016 4353 cujus
3041 4284 3152 4338 sint
3198 4283 3578 4339 detestationis

1987 4381 2313 4446 ostenditur,
2342 4394 2462 4449 quae
2493 4379 2736 4450 auguriis
2762 4377 3181 4449 coniunguntur.
3212 4380 3445 4434 Rursum
3471 4379 3576 4434 nisi

300 4495 318 4527 ι
366 4475 690 4530 exciderunt
753 4481 1032 4544 Sperantes
1076 4473 1131 4526 in
1179 4471 1306 4526 illis.
1365 4491 1384 4525 ο
1451 4471 1693 4527 Insinuat
1739 4473 1881 4542 quod
1916 4492 1964 4550 Ι)
1991 4471 2281 4541 aliquando
2310 4485 2378 4526 ex
2403 4470 2728 4541 cogitatione
2753 4469 2910 4524 simul
2959 4478 3013 4526 et
3043 4469 3289 4525 illusione
3319 4471 3579 4541 procede-

295 4569 417 4623 visa
443 4569 777 4622 somniorum
832 4583 975 4637 saepe
1018 4583 1116 4637 per
1143 4567 1482 4622 mendacium
1528 4567 1887 4637 malignorum

295 4659 587 4728 Spirituum
634 4659 883 4714 homines
935 4657 1208 4723 deludant,
1265 4667 1322 4714 et
1355 4659 1639 4715 credentes
1692 4659 1794 4714 sibi
1831 4659 1885 4714 in

293 4766 513 4806 errores
542 4752 734 4806 noxios
763 4751 1000 4814 mittant,
1051 4751 1096 4804 si
1123 4765 1231 4804 non
1277 4759 1434 4805 caute
1471 4765 1536 4805 ea
1571 4750 1886 4807 discernere

294 4843 631 4898 curaverint.
663 4841 816 4899 Unde
841 4850 1156 4911 praemonet,
1191 4841 1414 4897 dicens:
1449 4859 1469 4892 r
1497 4841 1579 4896 Ab
1606 4841 1884 4897 immundo

296 4933 424 5004 quis
453 4933 834 4988 mundabitur?
859 4942 914 4988 et
939 4948 970 4987 a
995 4933 1252 4988 mendace
1271 4932 1400 5001 quid
1421 4945 1610 4986 verum
1639 4932 1883 4987 dicetur?

295 5025 574 5081 Divinatio
613 5026 816 5080 erroris
863 5033 920 5080 et
959 5025 1180 5094 auguria
1226 5023 1532 5090 mendacia,
1561 5031 1618 5078 et
1673 5023 1882 5078 somnia

297 5115 759 5170 malefacientium
783 5116 992 5170 vanitas
1012 5123 1112 5170 est.
1157 5135 1176 5167 ›
1213 5114 1366 5170 Unde
1389 5116 1442 5170 in
1478 5115 1595 5186 lege
1628 5114 1702 5170 ita
1748 5131 1884 5185 prae—

296 5215 517 5276 ceptum
546 5213 629 5260 est
655 5223 667 5258 :
698 5223 717 5256 t
763 5204 880 5271 Non
928 5204 1290 5261 observabitis
1337 5205 1568 5268 somnia,
1597 5220 1772 5275 neque
1803 5205 1884 5259 di-

295 5298 604 5352 vinationes
641 5303 697 5351 et
745 5295 968 5365 auguria
1010 5294 1307 5364 sequemini
1341 5292 1527 5365 (Leuit.
1552 5292 1685 5366 xix).
1722 5313 1740 5344 ι
1775 5292 1882 5348 Sed

296 5389 427 5458 quia
469 5386 757 5456 aliquando
780 5385 1135 5440 revelationes
1161 5399 1260 5454 per
1308 5385 1514 5439 somnia
1544 5383 1699 5448 fiunt,
1741 5384 1883 5439 sicut

309 5480 367 5534 in
421 5477 620 5531 divinis
658 5476 809 5531 libris
857 5477 1053 5544 saepius
1081 5475 1506 5531 demonstratum
1537 5475 1876 5529 invenimus:

295 5586 411 5625 non
440 5569 708 5638 ingratum
738 5570 948 5624 :estimo
977 5567 1186 5630 lectori,
1215 5567 1258 5622 si
1281 5567 1422 5621 beati
1447 5565 1693 5636 Gregorii
1716 5565 1881 5620 verba

295 5665 367 5718 de
399 5662 726 5718 discretione
761 5662 1095 5717 somniorum
1127 5661 1181 5715 in
1232 5661 1334 5715 hoc
1390 5658 1650 5729 opusculo
1696 5668 1884 5714 nostro

292 5766 586 5825 ponamus,
622 5753 714 5823 qui
738 5752 900 5808 Petro
921 5752 1158 5808 Diacono
1201 5765 1301 5807 suo
1336 5749 1653 5816 sciscitanti,
1699 5756 1883 5804 utrum

1994 4573 2136 4630 rent,
2180 4564 2266 4618 vir
2288 4563 2502 4634 sapiens
2554 4561 2778 4617 minime
2816 4562 3039 4617 dixisset
3075 4580 3088 4615 :
3123 4581 3142 4614 i
3181 4561 3376 4617 Multas
3419 4577 3579 4618 curas

1990 4665 2289 4727 sequuntur
2343 4655 2598 4711 somnia:
2636 4674 2655 4708 ›
2691 4664 2748 4708 et
2780 4655 2883 4710 nisi
2913 4655 3205 4726 aliquando
3259 4654 3468 4710 somnia
3510 4671 3580 4712 ex

1989 4751 2248 4823 mysterio
2294 4748 2643 4806 revelationis
2693 4749 2990 4814 orirentur,
3045 4745 3244 4816 Ioseph
3287 4746 3580 4816 praeferen-

1987 4845 2115 4899 dum
2168 4859 2228 4899 se
2271 4859 2372 4914 per
2429 4844 2640 4899 somnia
2695 4843 2954 4898 fratribus
3004 4857 3112 4898 non
3169 4843 3380 4898 videret
3420 4840 3574 4917 (Gen.

1989 4934 2240 5006 xxxvn);
2293 4951 2394 4990 nec
2425 4935 2606 4990 Mariae
2659 4950 2938 5006 sponsum,
2987 4943 3048 4990 ut
3096 4933 3280 4990 ablato
3315 4949 3485 5004 puero
3522 4935 3578 4988 in

1987 5026 2281 5098 Egyptum
2312 5025 2538 5097 fugeret,
2577 5040 2674 5096 per
2701 5025 2972 5082 somnium
3008 5025 3232 5096 angelus
3257 5025 3578 5080 admoneret

1989 5113 2202 5187 (Matth.
2245 5113 2330 5184 ιι).
2375 5113 2610 5168 Rursum
2661 5114 2764 5169 nisi
2811 5112 3101 5183 aliquando
3146 5113 3356 5169 somnia
3405 5129 3437 5167 a
3481 5127 3574 5168 co-

1986 5204 2245 5275 gitatione
2273 5203 2430 5257 simul
2460 5211 2516 5258 et
2566 5204 2893 5261 revelatione
2935 5205 3314 5274 procederent,
3371 5218 3578 5272 nequa-

1952 5279 1963 5289 "
1987 5312 2147 5367 quam
2197 5295 2388 5352 Daniel
2442 5297 2703 5367 propheta
2755 5297 3252 5353 Nabuchodonosor
3304 5297 3566 5350 visionem

1987 5388 2262 5443 disserens
2310 5403 2342 5442 a
2369 5388 2552 5443 radice
2593 5389 2940 5460 cogitationis
2971 5391 3300 5450 inchoasset,
3345 5385 3569 5439 dicens:

1990 5497 2008 5530 ι
2053 5477 2156 5543 Tu,
2190 5493 2308 5543 rex,
2338 5479 2551 5549 cmpisti
2574 5479 2817 5549 cogitare
2841 5481 2893 5534 in
2939 5487 3111 5535 stratu
3152 5487 3243 5530 tuo
3269 5474 3396 5543 quid
3426 5484 3574 5526 esset

1985 5568 2226 5624 futurum
2261 5570 2548 5640 posthaec,
2604 5578 2659 5624 et
2680 5570 2773 5639 qui
2805 5570 3008 5625 revelat
3035 5565 3291 5638 mysteria
3331 5563 3573 5618 ostendit

1985 5661 2082 5716 tibi
2112 5675 2232 5729 quae
2255 5670 2485 5714 ventura
2531 5669 2657 5715 sunt
2693 5660 2854 5731 (Dan.
2896 5661 2976 5728 ιι).
3011 5678 3028 5708 ι
3073 5656 3141 5710 Ει
3186 5651 3347 5724 paulo
3395 5659 3520 5720 post
3552 5668 3566 5704 :

1993 5771 2012 5805 ι
2057 5750 2313 5821 Videbas,
2358 5759 2413 5807 et
2434 5765 2562 5808 ecce
2591 5751 2742 5822 quasi
2774 5759 2950 5806 statua
2975 5764 3081 5804 una
3118 5744 3360 5815 grandis,
3390 5750 3568 5802 statua
