3926 6168
372 286 507 342 1007

1004 285 1061 337 Β.
1103 280 1352 337 RABANI
1391 278 1609 335 MAURl
1648 277 1965 332 AliCllllil’.
2010 275 2317 331 MOGL’N'I’.
2361 275 2648 330 UPERUM
2684 276 2864 330 l‘AllS
2904 277 2943 329 l.

3496 281 3637 335 ηαδ

366 398 454 453 illa
512 412 725 467 magna,
776 407 827 448 et
857 402 1063 448 statura
1121 390 1367 446 sublimis
1414 391 1591 443 stabat
1641 398 1828 443 contra
1867 396 1936 447 te,
1972 394 2015 447 Λ
2046 401 2300 454 pressura
2338 395 2465 439 sunt
2492 401 2588 455 per
2615 386 3072 451 exhortationem,
3125 402 3231 455 qua
3279 387 3640 445 exlnrtatnnr

364 499 472 543 etc.
521 485 727 559 (Ibid.).
766 506 783 536 ι
842 483 1025 538 Daniel
1058 484 1242 553 itaque
1285 483 1411 537 dum
1455 481 1724 535 somnium
1761 486 1816 532 et
1844 479 1944 531 im-

364 580 617 649 plendum
638 582 969 634 Teverenter,
1004 582 1058 626 et
1085 587 1151 625 ex
1179 587 1285 642 qua
1308 581 1488 626 ortum
1518 572 1589 626 sit
1618 569 1943 641 cogitatione

369 667 694 729 manifestat,
720 671 966 734 patenter
983 663 1307 727 ostenditur,
1345 662 1471 733 quia
1498 663 1600 715 hoc
1624 661 1943 731 plerumque

366 773 431 809 ex
480 754 804 824 cogitatione
855 752 1013 807 simul
1048 761 1102 806 et
1145 751 1473 806 revelatione
1498 759 1806 820 generetur.
1838 748 1943 803 Sed

367 846 619 901 nimirum
660 858 784 899 cum
832 843 1037 897 somnia
1077 850 1156 897 tot
1186 858 1369 899 rerum
1390 842 1742 911 qualitatibus
1783 840 1944 894 alter-

365 947 561 991 nentur
593 943 742 989 tanto
769 935 850 989 eis
874 934 1020 989 credi
1048 933 1318 989 ditiieilius
1338 933 1515 998 debet,
1550 941 1752 1004 quanto
1779 939 1835 986 et
1876 947 1943 989 ex

365 1043 471 1099 quo
512 1026 745 1097 impulsu
779 1025 998 1079 veniant
1027 1025 1240 1081 facilius
1268 1040 1373 1080 non
1402 1024 1597 1079 elucet.
1633 1022 1818 1078 Sancti
1850 1039 1945 1077 au-

368 1134 473 1177 tem
516 1120 619 1174 viri
643 1120 783 1173 inter
840 1118 1115 1173 illttsiones
1162 1127 1324 1188 atque
1382 1118 1742 1171 revelationes
1805 1116 1946 1185 ipsas

362 1214 630 1267 visionum
655 1225 814 1265 voces
852 1216 944 1264 aut
984 1208 1249 1281 imagines
1273 1209 1506 1277 qundam
1533 1208 1724 1262 intimo
1754 1221 1946 1275 sapore

365 1304 699 1367 discernunt,
729 1311 789 1356 ut
814 1301 990 1356 sciant
1017 1299 1101 1355 vel
1125 1299 1254 1370 quid
1299 1316 1328 1352 a
1366 1300 1507 1354 bono
1533 1297 1722 1368 spiritu
1764 1298 1943 1369 perci—

363 1396 533 1463 piant,
565 1393 648 1448 vel
682 1393 811 1462 quid
839 1393 907 1447 ab
930 1392 1175 1447 illusione
1203 1392 1498 1461 patiantur.
1535 1390 1670 1445 Nam
1710 1390 1755 1446 si
1814 1404 1945 1459 erga

366 1484 481 1536 lucc
511 1497 663 1536 mens
688 1491 847 1536 cauta
868 1496 974 1534 non
993 1480 1170 1544 fuerit,
1205 1494 1303 1550 per
1326 1480 1668 1549 deceptorem
1695 1479 1945 1549 spiritum

366 1577 551 1632 multis
596 1591 655 1631 se
697 1575 1030 1629 vanitatibus
1085 1574 1375 1644 immergit,
1419 1574 1508 1642 qui
1560 1586 1946 1641 nonnunquam

366 1668 501 1722 solet
527 1668 695 1722 multa
722 1681 850 1721 vera
889 1666 1206 1736 praedicere,
1242 1673 1302 1718 ut
1329 1665 1396 1719 ad
1433 1673 1736 1719 extremum
1767 1662 1945 1715 valeat

2045 486 2101 532 et
2125 477 2228 546 ipsi
2275 492 2304 529 a
2336 475 2553 547 Deo(ll
2579 474 2705 530 Cor.
2734 478 2774 546 ι)
2816 495 2828 530 :
2867 477 3127 545 quoniam
3174 478 3315 537 sicut
3358 480 3639 537 abundant

2044 568 2322 640 passiones
2344 568 2549 623 Christi
2578 569 2631 622 in
2654 568 2831 630 nobis,
2865 568 2941 623 ita
2965 576 3020 623 et
3047 584 3143 638 per
3163 569 3435 629 Christum
3460 573 3670 639 altum,

2046 662 2139 715 dat
2167 660 2464 715 consolatio
2490 668 2696 715 nostra.
2744 659 2890 715 ldetn
2924 661 3052 715 alibi
3083 662 3151 716 ad
3181 664 3402 721 eosdem
3434 665 3639 719 Corin~

2048 751 2188 807 thios
2218 751 2297 805 ait
2330 769 2344 804 :
2383 769 2400 802 ι
2440 749 2635 805 Notam
2688 758 2871 805 autem
2924 749 3157 809 facimus
3192 754 3363 817 vobis,
3409 754 3639 817 fratres.

2046 847 2274 915 gratiam
2311 846 2428 911 Dei,
2486 862 2607 917 qua:
2640 846 2764 902 data
2799 858 2886 904 est
2913 849 2966 902 in
3007 849 3253 905 ecclesiis
3284 848 3637 911 Macedonim,

2046 936 2191 1005 quod
2218 937 2271 991 in
2300 936 2473 992 multo
2499 938 2877 1005 experimento
2909 938 3273 993 tribulationis
3297 938 3638 993 abundantia

2045 1029 2226 1098 gaudii
2259 1029 2497 1098 ipsorum
2535 1027 2656 1093 fuit,
2711 1039 2766 1082 et
2800 1028 3059 1083 altissima
3102 1039 3391 1098 paupertas
3440 1045 3639 1083 eorum

2047 1119 2339 1175 abundavit
2377 1120 2429 1174 in
2454 1119 2673 1175 divitias
2702 1120 3065 1189 simplicitatis
3091 1135 3301 1175 eorum.
3331 1120 3639 1175 Tribulatio

2046 1209 2188 1271 enim
2219 1210 2536 1279 patientiam
2568 1216 2860 1277 operatur;
2914 1208 3171 1279 patientia
3202 1223 3330 1263 vero
3353 1208 3637 1278 probatio-

2046 1316 2207 1366 nem;
2261 1300 2507 1371 probatio
2551 1314 2682 1354 vero
2730 1314 2915 1369 spem;
2949 1314 3076 1368 spes
3123 1308 3303 1353 autem
3345 1314 3451 1354 non
3492 1313 3636 1352 con-

2046 1389 2250 1456 fundit;
2306 1391 2434 1460 quia
2486 1390 2729 1445 Charitas
2765 1390 2857 1443 Dei
2904 1389 3097 1443 diffusa
3129 1399 3213 1443 est
3270 1389 3321 1442 in
3371 1388 3639 1442 cordibus

2046 1483 2246 1537 nostris
2292 1498 2391 1552 per
2441 1483 2693 1552 spiritum
2735 1491 3002 1547 sanctum,
3036 1482 3128 1552 qui
3160 1483 3318 1543 datus
3358 1490 3441 1535 est
3470 1481 3641 1536 nobis

2065 1572 2146 1643 (Il
2180 1571 2299 1626 Cor.
2333 1586 2463 1634 vm;
2496 1568 2646 1625 Rom.
2673 1567 2749 1635 ν.)
2786 1586 2801 1621 :
2834 1583 2852 1617 ι
2880 1563 2980 1629 Qui
3010 1578 3141 1633 ergo
3166 1577 3273 1616 non
3308 1562 3465 1618 habet
3525 1567 3635 1618 tri-

2065 1662 2359 1716 bulationis
2393 1659 2808 1727 experientiam,
2852 1671 2948 1709 nec
2976 1656 3233 1708 virtutum
3286 1656 3403 1724 ipse
3449 1666 3641 1723 potest

365 1760 599 1813 animam
630 1773 697 1812 ex
727 1772 863 1811 vana
887 1756 1064 1825 aliqua
1090 1755 1323 1809 falsitate
1350 1754 1639 1823 laqueare:
1669 1753 1809 1808 sicut
1833 1752 1945 1807 eui-
1976 1740 2022 1797 Β
2063 1754 2262 1809 habere
2289 1753 2520 1822 cupiam.
2545 1753 2668 1805 ideo
2690 1751 2822 1804 dicit
2861 1765 2874 1800 :
2908 1766 2926 1798 ι
2950 1746 3052 1812 Qui
3088 1760 3193 1799 non
3227 1754 3310 1799 est
3334 1755 3625 1815 expertus,

367 1850 489 1903 dant
517 1857 701 1903 nostro
730 1862 901 1918 nuper
930 1853 1137 1901 certum
1178 1852 1261 1899 est
1316 1845 1625 1913 contigisse,
1671 1844 1763 1913 qui
1819 1844 1945 1898 dum

365 1941 575 1995 somnia
597 1940 945 1994 vehementer
978 1936 1277 1991 attenderet
1292 1976 1305 1999 ,
1330 1935 1378 1989 ei
1397 1950 1489 2003 per
1509 1935 1775 1988 somnium
1791 1933 1946 2004 longa

366 2033 537 2104 spatia
572 2032 732 2102 hujus
774 2031 899 2084 vine
954 2028 1221 2098 promissa
1277 2034 1435 2091 sunt;
1481 2040 1712 2094 cumque
1751 2024 1949 2078 multas

366 2124 619 2193 pecunias
670 2137 770 2192 pro
802 2119 1062 2191 longioris
1116 2119 1237 2173 vita:
1292 2116 1575 2186 stipendiis
1620 2115 1945 2185 collegisset,

369 2218 438 2269 ita
482 2222 700 2284 repente
746 2210 1031 2267 defunctus
1076 2219 1179 2275 est,
1212 2216 1271 2262 ut
1298 2208 1528 2262 intactas
1569 2220 1760 2261 omnes
1787 2205 1949 2259 relin-

371 2317 582 2377 queret,
640 2317 695 2361 et
724 2306 837 2374 ipse
863 2318 1047 2358 secum
1075 2301 1210 2357 nihil
1234 2315 1299 2355 ex
1331 2300 1472 2354 bono
1495 2313 1658 2369 opere
1681 2304 1943 2367 portaret.

441 2418 458 2449 ‹
505 2397 634 2452 Sine
663 2394 941 2449 mendacio
967 2390 1428 2448 consummahitnr
1454 2390 1677 2443 verbum
1730 2387 1864 2457 legis
1896 2394 1949 2441 et

374 2511 390 2543 ε
436 2487 698 2559 sapientia
749 2487 802 2540 in
853 2500 947 2539 ore
995 2483 1166 2538 fidelis
1195 2481 1644 2552 eomplanabitur.
1686 2498 1703 2529 ›
1740 2477 1950 2547 Spretis

367 2579 701 2635 somniorum
755 2574 1062 2630 fictionibus
1115 2573 1200 2626 vir
1243 2573 1456 2642 sapiens
1496 2572 1746 2626 hortatur
1777 2568 1949 2638 magis

366 2668 691 2725 credendum
720 2682 841 2722 esse
865 2665 1121 2721 doctrinm
1145 2663 1440 2733 sapicntice,
1473 2678 1593 2731 qum
1621 2662 1674 2715 in
1699 2674 1795 2715 ore
1821 2659 1951 2712 ﬁde-

367 2762 433 2815 lis
463 2759 561 2813 viri
601 2757 968 2828 complantata
994 2756 1109 2810 sine
1154 2754 1434 2809 mendacio
1462 2762 1803 2808 consummat
1827 2766 1948 2804 ver-

367 2858 515 2919 bum,
544 2868 704 2922 quant
736 2851 882 2906 inani
909 2849 1135 2905 fallacia:
1181 2861 1579 2919 perversurum.
1621 2846 1755 2900 Illud
1804 2844 1949 2899 enim

366 2944 586 2998 omnino
610 2943 896 3001 tenendum
919 2950 974 2996 et
1010 2942 1332 3001 servandum
1355 2949 1462 3004 est,
1492 2940 1636 3009 quod
1664 2938 1750 2992 lex
1771 2937 1950 2992 divina

365 3048 422 3093 et
446 3037 797 3108 Evangelium
833 3036 1016 3102 docet;
1055 3044 1108 3091 ct
1131 3048 1308 3105 neque
1338 3034 1404 3088 ad
1445 3033 1745 3096 dexteram,
1775 3045 1948 3099 neque

366 3132 435 3187 ad
479 3131 756 3187 sinistram
795 3130 862 3184 ab
893 3143 958 3184 eo
988 3126 1367 3185 declinandum
1396 3134 1500 3190 est,
1534 3126 1658 3195 quia
1718 3123 1951 3193 Spiritus

368 3222 541 3277 sancti
583 3220 986 3283 distributione,
1043 3233 1164 3286 qua:
1210 3217 1284 3274 ibi
1339 3217 1541 3286 scripta
1583 3214 1949 3277 continentur,

368 3314 437 3367 ad
468 3312 696 3366 salutem
727 3308 947 3365 humani
971 3308 1186 3379 generis
1207 3308 1260 3362 in
1284 3308 1543 3362 mundum
1572 3306 1779 3360 directa
1806 3312 1950 3363 sunt,

370 3402 477 3457 Sed
509 3401 634 3469 quia
660 3399 752 3453 alii
782 3406 907 3453 sunt
929 3397 1022 3467 qui
1042 3396 1321 3466 spiritibus
1349 3397 1553 3453 erroris
1577 3399 1787 3470 decepti
1817 3415 1954 3455 vana

371 3500 671 3564 sequuntur
702 3490 934 3555 somnia,
985 3488 1076 3545 alii
1120 3503 1249 3543 vero
1286 3487 1477 3545 falsam
1522 3490 1822 3547 doctrinam
1866 3505 1954 3547 se-

368 3595 608 3657 quuntur
662 3582 1078 3645 itazreticorum,
1135 3581 1254 3636 ideo
1319 3580 1373 3635 in
1444 3581 1798 3649 sequentibus
1854 3582 1952 3637 ad-

371 3687 575 3743 monet,
625 3687 684 3730 ut
737 3676 829 3745 qui
869 3690 936 3730 ex
979 3673 1175 3729 divinis
1225 3672 1378 3728 libris
1416 3672 1602 3731 didicit
1649 3673 1953 3739 veritatem,

369 3782 425 3826 ct
479 3774 736 3838 expertus
786 3773 870 3821 est
900 3765 955 3820 in
989 3764 1257 3819 hatreticis
1309 3771 1363 3818 et
1399 3777 1586 3820 eorum
1634 3764 1956 3833 sequacibus

371 3860 571 3917 diaboli
621 3856 915 3930 prtevalere
961 3855 1287 3920 falsitatem,
1337 3854 1461 3909 inde
1520 3871 1580 3910 se
1637 3863 1850 3924 separet
1902 3864 1957 3911 et

370 3952 679 4011 divinorum
729 3950 993 4005 librorum
1041 3947 1413 4018 magisterium
1478 3962 1577 4016 per
1634 3948 1817 4002 omnia
1867 3963 1956 4004 se-

372 4054 590 4113 quatur.

450 4155 467 4186 ι
514 4134 616 4203 Qui
642 4149 747 4189 non
776 4140 1014 4188 tentatus
1053 4139 1158 4197 est,
1207 4131 1339 4200 quid
1362 4130 1500 4187 sciti
1518 4128 1618 4186 Vir
1670 4130 1724 4184 in
1774 4130 1960 4189 multis

374 4234 649 4297 expertus,
701 4222 959 4294 cogitavit
1015 4221 1214 4285 multa;
1277 4229 1333 4275 et
1385 4221 1477 4291 qui
1527 4220 1695 4277 multa
1751 4221 1957 4287 didicit,

374 4315 654 4372 enarrabit
677 4313 1030 4373 intellectum.
1070 4310 1172 4379 Qui
1204 4328 1309 4367 non
1341 4320 1428 4367 est
1459 4320 1736 4381 expertus,
1788 4328 1959 4383 pauca

376 4405 732 4477 recognoscit.
792 4424 811 4456 ι
848 4403 1096 4457 Tentatio
1137 4402 1227 4456 hic
1258 4402 1652 4471 experientiam
1688 4402 1959 4471 significat

379 4496 763 4560 tribulationis,
791 4510 911 4564 quae
930 4493 1117 4548 electis
1142 4492 1430 4547 exhibetur
1454 4493 1521 4547 ad
1547 4492 1953 4562 probationem;

376 4591 517 4646 sicut
543 4589 798 4657 scriptum
843 4595 926 4641 est
960 4603 972 4638 :
1007 4603 1025 4635 ι
1060 4584 1195 4639 Vasa
1250 4582 1396 4650 ﬁguli
1430 4582 1621 4650 probat
1660 4582 1873 4649 fornax,
1904 4591 1959 4638 et

376 4682 623 4739 homines
647 4680 824 4752 justus
854 4676 1081 4735 tentatio
1110 4673 1471 4728 tribulationis
1494 4671 1685 4744 (Eccli.
1711 4676 1899 4747 xxvn).
1932 4694 1950 4727 ι

374 4773 587 4841 Quanto
611 4756 756 4841 enim
777 4769 899 4837 quis
942 4765 1308 4827 tribulationis
1338 4764 1620 4836 experitur
1648 4764 1884 4831 labores,
1910 4765 1954 4821 si

376 4862 431 4915 in
479 4861 583 4915 fide
621 4857 920 4930 perstiterit
963 4866 1019 4911 ct
1062 4855 1381 4926 patientiam
1423 4853 1743 4918 servaverit,
1803 4862 1957 4910 tanto

376 4957 565 5005 contra
589 4944 721 5003 alios
743 4947 953 5002 labores
984 4946 1039 5000 in
1072 4945 1369 5001 tolerantia:
1390 4944 1589 4998 virtute
1615 4942 1807 5000 fortior
1831 4944 1946 5010 erit.

376 5052 433 5098 et
468 5042 560 5111 qui
589 5040 758 5095 multa
801 5039 1006 5105 didicit,
1044 5038 1097 5093 id
1140 5046 1244 5105 est,
1268 5037 1435 5092 multa
1466 5044 1779 5091 sanctarum
1805 5036 1955 5091 Scri-

377 5143 657 5206 pturarum
684 5133 942 5203 mysteria
984 5133 1037 5186 in
1061 5132 1180 5193 sinu
1212 5133 1409 5189 mentis
1436 5147 1548 5188 suae
1576 5132 1796 5203 colligit,
1845 5134 1960 5202 ipse

378 5226 499 5281 aliis
523 5225 745 5280 verbum
777 5224 898 5278 sani
945 5224 1247 5278 intellectus
1273 5233 1328 5278 et
1350 5224 1607 5306 spiritalis
1636 5225 1961 5281 consolatio-
1983 5217 1995 5231 ’

379 5320 464 5375 nis
519 5318 625 5373 rite
672 5331 935 5373 enarrare
1006 5316 1224 5371 valebit.
1291 5315 1445 5372 Unde
1496 5317 1790 5389 eLPaulus
1834 5317 1955 5371 ait:

384 5434 401 5463 ι
442 5410 769 5467 Benedictus
794 5409 936 5465 Deus
959 5417 1013 5464 et
1033 5408 1196 5464 Pater
1218 5410 1427 5464 Domini
1455 5410 1626 5469 nostri
1649 5408 1775 5469 Jesu
1801 5409 1962 5465 Chri-

379 5504 471 5569 sti,
506 5510 660 5574 pater
697 5501 1212 5567 misericordiarum,
1260 5509 1314 5555 et
1347 5500 1491 5558 Deus
1521 5500 1688 5561 totius
1716 5498 1964 5555 consola—

382 5595 563 5660 tionis,
598 5595 689 5666 qni
719 5595 1030 5652 consolatur
1066 5610 1162 5650 nos
1194 5595 1247 5649 in
1273 5596 1418 5650 omni
1473 5593 1819 5651 tribulatione
1862 5606 1962 5649 no-

383 5692 516 5748 stra,
547 5693 605 5740 ut
627 5688 898 5758 possimus
919 5695 972 5743 et
1002 5688 1101 5758 ipsi
1145 5686 1411 5743 consolari
1440 5700 1554 5753 eos,
1582 5685 1674 5757 qui
1711 5686 1764 5740 in
1817 5683 1965 5741 omni

1983 4456 2035 4516 D

2060 1863 2231 1918 pauca
2263 1848 2620 1916 recognoscit.
2650 1864 2668 1894 ι

2125 1959 2142 1991 ι
2188 1938 2289 2005 Qui
2336 1948 2516 1993 autent
2553 1940 2604 1992 in
2646 1938 2827 1992 multis
2875 1936 3049 1995 factus
3097 1945 3208 2000 est,
3255 1934 3642 2005 multiplicavit

2057 2050 2075 2080 ι
2111 2030 2375 2084 malitiam
2409 2045 2585 2084 suam.
2626 2049 2644 2079 ι
2681 2028 2820 2095 Quid
2849 2028 2995 2087 enim
3024 2026 3140 2080 vult
3175 2025 3445 2081 insinuare
3483 2025 3546 2089 in
3578 2039 3649 2079 eo

2051 2123 2193 2193 quod
2218 2123 2368 2186 dicit,
2414 2141 2431 2172 ι
2470 2121 2571 2189 Qui
2601 2122 2655 2177 in
2702 2121 2888 2177 multis
2912 2119 3089 2177 factus
3115 2126 3223 2183 est,
3256 2116 3646 2185 multiplicavit

2057 2211 2319 2265 malitiam
2368 2228 2547 2278 suam,
2582 2232 2600 2263 ι
2635 2212 2737 2267 nisi
2771 2213 2915 2285 quod
2955 2211 3044 2265 ille
3091 2210 3185 2279 qui
3227 2207 3505 2267 mutabilis
3561 2217 3649 2263 est

2053 2311 2248 2366 mente,
2298 2312 2353 2358 et
2378 2319 2476 2372 per
2504 2303 2699 2357 multas
2744 2319 2906 2358 curas
2935 2318 2999 2356 ac
3028 2301 3416 2356 sollicitudines
3454 2299 3649 2355 smculi

2060 2396 2297 2460 divisus,
2356 2395 2626 2449 instabilis
2674 2404 2787 2458 est,
2843 2385 3073 2447 actibnc'
3104 2392 3393 2445 multorum
3467 2391 3646 2444 vitio-

2053 2504 2172 2542 rum
2235 2487 2554 2542 criminibus
2606 2502 2748 2556 saepe
2826 2485 2885 2538 fit
2937 2482 3254 2539 obnoxius?
3311 2481 3395 2537 vel
3453 2481 3650 2547 aliter,

2053 2579 2147 2648 qui
2195 2578 2454 2632 unitatem
2510 2576 2634 2630 fidei
2704 2575 2978 2645 perdendo
3048 2573 3372 2642 multiplices
3424 2572 3653 2627 haereti-

2053 2681 2241 2722 corum
2293 2674 2469 2721 sectas
2519 2664 2739 2720 delusus
2805 2663 3088 2732 sequitur,
3148 2663 3442 2717 multorum
3518 2678 3648 2718 sce-

2053 2762 2224 2816 lerum
2291 2762 2661 2832 impietatibus
2737 2761 3045 2830 implicatus
3102 2761 3407 2831 perniciose
3476 2760 3651 2815 dese-

2053 2852 2201 2916 ruit,
2267 2860 2323 2905 ct
2371 2851 2655 2907 malitiosa:
2710 2851 2909 2909 mentis
2956 2849 3179 2906 multam
3250 2849 3491 2919 nequitia
3552 2865 3650 2905 os-

2055 2944 2243 2999 tendit.

2129 3053 2150 3086 ι
2194 3033 2360 3088 Multa
2386 3033 2494 3090 vidi
2524 3034 2776 3098 errando,
2823 3042 2880 3089 et
2907 3033 3168 3103 plurimas
3196 3033 3486 3090 verborum
3511 3048 3649 3089 con-

2061 3144 2079 3177 ‹
2116 3127 2447 3182 suetudines.
2479 3147 2497 3178 ι
2549 3126 2662 3182 Hoc
2708 3126 3064 3190 demonstrat,
3113 3127 3257 3196 quod
3300 3128 3389 3196 qui
3419 3127 3647 3180 intenta

2055 3225 2235 3272 mente
2289 3217 2581 3271 meditatur
2635 3216 2972 3286 Scripturam
3043 3233 3277 3284 sacram,
3340 3227 3395 3273 et
3441 3218 3650 3274 humili

2055 3310 2219 3369 corde
2239 3301 2557 3380 deprecatur
2584 3310 2772 3373 Deum,
2804 3321 2864 3367 ut
2893 3326 2989 3380 per
3016 3313 3248 3382 gratiam
3280 3311 3523 3381 Spiritus
3556 3313 3652 3367 sui

2056 3418 2241 3460 earum
2259 3401 2361 3457 sibi
2378 3401 2579 3456 tribuat
2594 3402 3025 3473 intelligentiam,
3049 3403 3139 3458 hic
3158 3419 3340 3458 rerum
3357 3404 3653 3459 scientiam

2058 3509 2123 3552 ae
2160 3492 2445 3549 verborum
2477 3493 2593 3564 ipso
2623 3492 2859 3549 donante
2883 3493 3144 3563 percipiet
3172 3494 3473 3563 copiam,ct
3500 3496 3655 3563 quod

2058 3587 2290 3659 gratiam
2312 3600 2454 3655 saepe
2473 3586 2766 3640 comitatur
2786 3586 3186 3655 persecutionis
3206 3585 3477 3657 angustia.
3517 3585 3660 3642 Inde

2058 3678 2333 3748 subjungit
2363 3693 2380 3731 :

2135 3790 2153 3821 ε
2197 3768 2499 3839 Aliqttoties
2532 3784 2707 3840 usque
2760 3769 2828 3824 ad
2856 3778 3091 3823 mortem
3133 3768 3473 3837 periclitatus
3529 3786 3659 3825 sum

2065 3880 2084 3914 ι
2132 3862 2325 3916 horum
2369 3875 2555 3926 causa,
2594 3868 2652 3915 et
2684 3859 2947 3915 liberatus
2994 3875 3114 3914 sum
3162 3876 3192 3913 a
3219 3861 3397 3930 gratia
3443 3861 3569 3915 Dei.
3635 3882 3655 3913 ι

2059 3954 2247 4009 Virtus
2270 3953 2415 4008 enim
2442 3953 2498 4007 in
2536 3952 2853 4007 infirmitate
2878 3953 3176 4022 perficitur.
3221 3953 3373 4009 Unde
3398 3963 3449 4007 et
3479 3954 3664 4010 Paulo

2062 4044 2308 4115 apostolo
2339 4045 2498 4100 datus
2526 4053 2609 4099 est
2634 4044 2884 4099 stimulus
2919 4047 3102 4099 carnis
3123 4061 3255 4108 sum,
3288 4045 3518 4117 angelus
3555 4046 3665 4101 Sa—

2060 4143 2224 4200 tanae,
2274 4144 2336 4189 ut
2381 4150 2504 4190 eum
2543 4128 2908 4204 colaphizaret
2966 4133 3053 4206 (ΙΙ
3082 4134 3209 4188 Cor.
3249 4134 3373 4205 xu),
3424 4145 3482 4189 et
3546 4154 3663 4193 non

2062 4236 2172 4282 tam
2244 4227 2347 4282 sibi
2395 4242 2560 4296 quam
2610 4227 2822 4281 czeteris
2869 4226 3145 4296 Evangelii
3200 4227 3665 4296 praedicatoribus

2063 4317 2247 4374 multae
2308 4317 2469 4372 illata:
2538 4326 2665 4372 sunt
2727 4333 2757 4371 a
2824 4317 3264 4386 persecutoribus
3328 4318 3664 4387 injuriarnm

2062 4409 2339 4474 molestiae,
2388 4417 2449 4464 ut
2513 4425 2700 4464 earum
2746 4409 3071 4464 contritione
3120 4409 3382 4463 admoniti
3429 4410 3668 4465 humili-

2063 4502 2193 4555 tatis
2242 4500 2443 4554 bonum
2490 4514 2597 4554 non
2649 4499 2960 4569 perderent,
3016 4506 3070 4553 et
3112 4499 3343 4569 gtatiam
3390 4501 3667 4554 virtutum

2063 4600 2469 4647 conservarent.
2498 4589 2757 4647 Dominus
2777 4598 2957 4645 autem
2982 4590 3183 4645 electos
3209 4605 3337 4645 suos
3364 4590 3567 4643 liberat
3588 4591 3663 4645 al:

2064 4686 2214 4741 omni
2247 4686 2517 4757 angustia,
2550 4694 2606 4741 et
2655 4702 2763 4739 non
2798 4684 3140 4755 derelinquet
3190 4700 3383 4739 omnes
3411 4685 3504 4754 qui
3530 4700 3662 4753 spe-

2064 4785 2191 4833 rant
2232 4778 2286 4831 in
2314 4791 2393 4831 se.
2434 4776 2589 4832 Unde
2613 4776 2973 4845 subiungitur.

2709 4867 2934 4923 CAPUT
2971 4868 3011 4921 ll

2513 4958 2590 5012 De
2622 4959 2919 5012 timentibus
2946 4958 3247 5011 Dominum.

2144 5071 2163 5104 ι
2203 5050 2438 5121 Spiritus
2467 5050 2771 5104 timentium
2803 5049 2972 5103 Deum
3020 5050 3302 5117 quaeritur,
3338 5058 3397 5102 et
3435 5049 3489 5102 in
3525 5064 3671 5103 con-

2069 5164 2089 5195 ‹
2144 5150 2327 5213 specta
2373 5143 2516 5197 illius
2564 5136 2918 5198 benedicitur.
2973 5140 3108 5211 Spes
3145 5142 3294 5196 enim
3336 5141 3555 5196 illorum
3596 5142 3666 5196 in

2070 5255 2089 5287 ι
2135 5236 2434 5291 salvantem
2489 5235 2629 5299 illos,
2666 5242 2724 5289 et
2780 5233 2922 5288 oculi
2964 5233 3057 5287 Dei
3093 5233 3145 5287 in
3188 5231 3478 5301 diligentes
3516 5247 3598 5285 se.
3634 5251 3659 5282 ι

2066 5325 2240 5395 Prope
2269 5335 2352 5379 est
2376 5326 2518 5379 enim
2544 5325 2803 5379 Dominus
2829 5323 3079 5378 omnibus
3115 5321 3494 5377 invocantibus
3515 5334 3572 5374 se
3596 5320 3664 5373 in

2069 5417 2299 5470 veritate
2323 5432 2336 5479 ;
2371 5423 2428 5470 et
2452 5416 2697 5484 spiritus,
2750 5414 2855 5469 hoc
2883 5424 2986 5477 est,
3017 5413 3323 5467 voluntates
3344 5410 3661 5465 timentium

2070 5521 2130 5561 se
2154 5506 2436 5574 conspicit,
2465 5513 2520 5560 et
2564 5520 2752 5559 eorum
2777 5504 3052 5559 orationes
3096 5502 3375 5565 exaudiet,
3407 5501 3661 5554 tribuens

2070 5595 2151 5649 eis
2181 5594 2610 5649 benedictionem
2649 5608 2968 5663 supernam;
3018 5602 3074 5647 et
3100 5590 3281 5648 salvos
3311 5590 3471 5646 faciet
3533 5602 3661 5651 eos,

2074 5685 2402 5743 conferendo
2452 5685 2557 5740 illis
2599 5684 2766 5741 vitam
2829 5694 3108 5741 aeternam.
3159 5680 3408 5738 Custodit
3462 5692 3665 5734 omnes
