3902 6162
349 361 371 413 1
383 359 487 415 009

1211 354 1564 413 COMMENT.
1609 356 1674 411 IN
1716 355 2330 416 ECCLESIASTICUM.
2367 390 2437 402 --
2474 361 2602 417 LIB.
2643 363 2768 420 Vill.

3491 375 3629 431 1010

346 471 634 542 diligentes
666 481 744 531 se,
782 458 859 521 ‘et
909 479 1099 521 omnes
1142 465 1394 521 inimicos
1419 481 1606 521 eorum
1639 465 1935 537 disperdet.
1965 476 2016 534 Α
2049 486 2068 519 ι
2118 469 2378 527 Dominus
2406 472 2555 528 solus
2582 474 2977 532 sustinentibus
3010 493 3068 534 se
3101 478 3154 532 in
3182 479 3268 534 via
3296 482 3542 539 veritatis
3575 495 3631 541 οι

351 564 506 620 Unde
552 570 609 615 et
641 559 961 629 semetipsos
1002 556 1375 623 consolantur,
1415 566 1470 613 et
1507 557 1575 611 de
1629 555 1810 610 futura
1857 569 1940 610 re-

346 654 727 710 muneratione
770 665 865 720 spe
913 659 1060 705 certa
1105 648 1464 720 gratulantur,
1516 648 1760 704 dicentes
1815 663 1938 703 cum

346 746 609 817 praedicto
638 744 861 797 doctore
886 741 1127 812 gentium
1163 759 1176 794 :
1214 760 1232 792 ι
1271 740 1425 796 Licet
1488 742 1534 795 is
1568 742 1659 810 qui
1690 740 1823 795 foris
1855 750 1939 796 est

346 845 534 891 uoster
573 835 735 889 homo
773 839 1177 900 corrumpatur,
1211 840 1391 886 tamen
1443 832 1490 886 is
1535 832 1626 900 qui
1666 832 1812 886 intus
1857 839 1942 886 est

349 936 645 983 renovatur
695 926 762 980 de
811 927 899 980 die
945 926 998 979 in
1050 927 1211 981 diem.
1264 926 1320 980 ιιι
1352 927 1495 980 enim
1525 927 1667 995 quod
1698 926 1752 979 in
1803 942 1941 996 prte—

349 1018 493 1072 senti
538 1025 624 1071 est
683 1024 1121 1069 momentaneum
1179 1024 1234 1069 et
1279 1015 1395 1069 leve
1433 1015 1801 1069 tribulationis
1842 1031 1941 1071 no-

346 1117 495 1173 strae,
534 1120 697 1176 supra
750 1105 1047 1160 modumin
1088 1105 1420 1160 sublimitate
1441 1113 1702 1160 aeternum
1750 1106 1939 1176 glorite

345 1201 558 1270 pondus
612 1206 871 1268 operatur
925 1200 979 1253 iu
1032 1199 1232 1253 nobis:
1274 1189 1939 1269 non'contemplantibus

347 1293 505 1346 nobis
543 1307 664 1361 quae
710 1290 985 1355 videntur,
1028 1291 1122 1345 sed
1173 1306 1294 1360 quae
1339 1306 1447 1346 non
1476 1291 1748 1346 videntur.
1808 1293 1939 1360 Quae

345 1384 491 1437 enim
538 1382 811 1448 videntur,
865 1382 1183 1454 temporalia
1220 1391 1345 1439 sunt
1380 1401 1395 1438 :
1425 1399 1546 1455 quas
1590 1396 1771 1441 autem
1828 1402 1936 1442 non

345 1480 637 1545 videntur,
712 1487 912 1534 aeterna
986 1491 1113 1536 sunt
1168 1481 1272 1555 (II
1339 1482 1461 1538 Cor.
1535 1481 1653 1553 iv).
1723 1483 1937 1539 Scimus

344 1574 489 1625 enim
549 1570 804 1641 quoniam
860 1573 904 1627 si
954 1573 1232 1629 terrestris
1288 1573 1480 1629 domus
1534 1581 1721 1629 nostra
1773 1571 1935 1643 hujus

348 1659 697 1714 'iabitationis
726 1659 1076 1727 dissolvatur,
1101 1663 1245 1732 quod
1284 1661 1698 1718 mdiﬁcationem
1727 1678 1792 1718 ex
1824 1663 1936 1718 Deo

350 1753 630 1818 aabemus,
660 1752 877 1808 domum
908 1769 1014 1808 non
1042 1752 1430 1818 manufactam,
1458 1760 1717 1809 aeternam
1746 1754 1800 1808 in
1827 1768 1938 1810 cte-

346 1843 411 1898 lis
454 1842 540 1915 (11
565 1843 688 1899 Cor.
716 1843 792 1917 v).
832 1864 846 1896 ι

422 1956 439 1987 ι
486 1936 583 2002 Qui
629 1937 781 1992 timet
842 1937 1127 1993 Dominum
1172 1938 1308 1994 nihil
1359 1938 1669 2008 trepidabit,
1729 1949 1786 1994 et
1828 1955 1937 1994 non

350 2044 367 2074 ι
416 2025 669 2095 pavebit;
706 2026 958 2097 quoniam
995 2027 1109 2098 ipse
1155 2035 1241 2085 est
1280 2042 1405 2100 spes
1447 2026 1579 2099 ejus.
1608 2045 1630 2082 ›
1662 2028 1764 2099 Qui
1792 2030 1936 2086 enim

344 2115 499 2170 timet
546 2127 600 2170 et
668 2131 819 2187 spem
872 2116 924 2171 in
972 2118 1062 2173 illo
1124 2119 1303 2184 habet,
1365 2121 1634 2189 quomodo
1698 2121 1935 2176 hostium

343 2210 522 2263 minas
574 2220 630 2264 et
679 2211 1086 2279 persecutiones
1152 2211 1379 2266 horret?
1442 2211 1593 2267 Unde
1637 2221 1692 2268 et
1744 2210 1937 2267 Petrus

342 2301 622 2369 apostolus
690 2303 960 2368 hortatur,
1020 2301 1207 2357 dicens
1267 2320 1281 2355 :
1343 2321 1361 2353 ι
1418 2302 1692 2357 Timorem
1753 2311 1934 2358 autem

341 2406 530 2445 eorum
578 2406 645 2445 ne
699 2391 990 2446 timueritis
1019 2431 1035 2456 ,
1084 2399 1143 2447 et
1194 2406 1304 2447 non
1358 2392 1775 2447 conturbemini.
1831 2393 1937 2448 Do-

344 2481 549 2535 minum
574 2491 755 2537 autem
783 2481 1058 2539 Christum
1099 2481 1451 2539 sanctificate
1477 2482 1533 2538 in
1560 2483 1817 2540 cordibus
1837 2499 1934 2540 ve-

341 2571 474 2626 stris
509 2571 561 2643 (I
594 2571 734 2626 l’etr.
763 2573 865 2645 ιιι).
911 2592 930 2623 ι

420 2678 439 2711 ι
488 2659 751 2716 Timentis
782 2661 947 2715 Deum
975 2661 1137 2718 beata
1184 2670 1268 2718 est
1295 2663 1497 2721 anima.
1531 2664 1612 2719 Ad
1653 2678 1817 2733 quem
1847 2679 1935 2719 re-

343 2765 365 2800 ι
413 2750 595 2820 spicit,
635 2750 838 2820 etquis
884 2758 972 2807 est
1017 2750 1279 2807 fortitudo
1301 2752 1467 2822 ejus?
1520 2752 1672 2809 Oculi
1720 2754 1933 2809 Domini

345 2859 364 2889 ε
424 2855 589 2909 super
619 2841 870 2896 tinnientes
913 2856 1062 2908 eum,
1109 2850 1389 2912 protector
1429 2845 1702 2915 potentiae,
1746 2844 1933 2900 ﬁrma-

345 2949 364 2981 ι
412 2939 653 2985 mentum
702 2931 938 2999 virtutis,
1000 2934 1236 3004 tegimen
1278 2936 1489 2991 ardoris
1533 2944 1590 2992 et
1644 2937 1933 2992 umbracu-

344 3038 364 3070 ι
431 3018 542 3073 lum
595 3020 896 3087 meridiani,
951 3023 1261 3093 deprecatio
1306 3024 1621 3082 olfensionis
1669 3035 1727 3081 et
1777 3024 1932 3095 adju-

345 3129 364 3161 ι
411 3111 610 3165 torium
666 3128 845 3179 casus,
903 3114 1154 3172 exultans
1210 3117 1469 3184 animam,
1522 3127 1581 3174 et
1636 3119 1930 3175 bumilians

2050 576 2068 609 ι
2106 557 2350 627 iustitiae.
2389 579 2407 613 ι
2444 562 2829 633 Disputaturus
2878 566 2945 620 de
2991 566 3323 624 oblationum
3368 572 3630 641 qualitate

2040 651 2218 718 primo
2273 653 2628 721 demonstrat,
2685 664 2745 711 ut
2788 657 3089 714 immolatio
3134 676 3200 715 ex
3239 662 3426 734 iniquo
3476 666 3628 722 lucro

2041 740 2220 795 oblata
2246 743 2498 812 despecta
2525 753 2581 799 et
2627 745 2965 803 detestabilis
2989 749 3061 804 sit
3086 765 3270 806 coram
3309 755 3482 810 oculis
3508 756 3624 819 Dei.

2040 848 2202 901 quam
2258 833 2422 887 etiam
2474 847 2750 906 nuncupat
2809 839 3288 897 subsannationem
3334 842 3626 913 justorum,

2040 926 2167 994 quia
2215 926 2371 995 quasi
2417 923 2600 982 irrisio
2637 928 2694 982 fit
2747 940 2874 985 ante
2912 931 3106 993 Deum,
3156 936 3371 1002 quando
3401 937 3454 991 id
3485 940 3629 1008 quod

2041 1014 2241 1068 malum
2293 1027 2378 1070 est
2421 1015 2533 1072 Deo
2569 1025 2781 1089 gratum
2835 1034 2954 1075 esse
3005 1022 3318 1077 arbitratur.
3374 1024 3507 1079 Cum
3550 1029 3630 1082 di-

2039 1105 2164 1158 vina
2221 1105 2475 1174 majestas
2527 1124 2633 1163 non
2678 1108 2821 1163 aliud
2848 1111 3048 1165 donum
3104 1123 3328 1184 accepto
3354 1114 3476 1183 fert,
3523 1120 3626 1174 nisi

2039 1196 2180 1264 quod
2238 1211 2305 1251 ex
2368 1194 2517 1264 justa
2582 1198 2944 1267 acquisitione
3013 1202 3309 1257 secundum
3389 1206 3628 1276 regulam

2037 1289 2284 1344 veritatis
2336 1305 2434 1359 per
2484 1289 2645 1345 fidem
2697 1307 2881 1346 veram
2936 1301 2990 1349 et
3040 1293 3384 1352 dilectionem
3432 1298 3507 1353 illi
3544 1299 3617 1355 of-

2037 1378 2228 1435 fertur.

2112 1489 2129 1522 ι
2176 1472 2326 1527 Dona
2384 1472 2693 1543 iniquorum
2737 1491 2845 1530 non
2897 1476 3092 1547 probat
3150 1477 3476 1545 Altissimus,
3532 1498 3628 1537 nec

2043 1584 2062 1614 ι
2110 1564 2332 1633 respicit
2370 1565 2423 1618 in
2460 1565 2766 1623 oblationes
2817 1567 3147 1638 iniquorum,
3192 1586 3294 1627 nec
3342 1572 3397 1627 in
3447 1574 3627 1628 multi-

2043 1671 2061 1703 ι
2109 1655 2294 1708 tudine
2337 1656 2727 1711 sacriﬁciorum
2758 1672 2949 1713 eorum
2992 1661 3379 1731 propitiabitur
3426 1678 3620 1733 pecca-

2038 1744 2126 1799 tis.
2159 1763 2176 1795 ι
2224 1744 2444 1800 Certum
2492 1753 2577 1801 est
2624 1748 2906 1816 quod.ille
2938 1751 3030 1819 qui
3091 1751 3429 1821 iniquitatem
3472 1752 3624 1817 facit,

1966 1843 2013 1903 Β
2041 1843 2096 1889 et
2132 1844 2412 1905 peccatum
2452 1836 2627 1910 vitare
2676 1852 2783 1892 non
2822 1846 2993 1902 curat,
3040 1849 3249 1912 gratam
3298 1841 3624 1897 oblationem

2041 1928 2151 1981 Deo
2188 1926 2385 1981 offerre
2414 1941 2521 1981 non
2553 1933 2753 1997 potest,
2792 1944 2893 1984 nec
2952 1929 3165 1984 veniam
3202 1933 3501 2001 promereri
3535 1934 3627 1987 de-

2038 2019 2188 2085 licti;
2233 2022 2326 2074 sed
2370 2019 2461 2089 qui
2507 2019 2643 2090 fugit
2682 2021 2835 2083 vitia,
2879 2030 2934 2076 ct
2985 2022 3145 2091 digna
3196 2024 3514 2093 pmnitcntia
3561 2040 3627 2082 ac

2039 2111 2397 2184 Licrymarum
2460 2109 2720 2168 effusione
2767 2111 2948 2169 delere
3003 2130 3101 2170 sua
3150 2114 3331 2172 studet
3376 2123 3621 2187 peccata,

2037 2205 2128 2259 hic
2157 2204 2267 2259 Deo
2311 2204 2666 2273 acccptabilia
2704 2204 2865 2261 oliert
2908 2221 3158 2270 munera,
3204 2207 3330 2276 quia
3381 2228 3398 2259 ι
3455 2210 3627 2264 sacri-

2038 2296 2217 2351 ficium
2245 2305 2330 2351 est
2359 2294 2469 2351 Deo
2513 2296 2736 2366 spiritus
2761 2297 3178 2364 contribulalus,
3209 2314 3305 2354 cor
3324 2300 3621 2355 contritum

2036 2395 2091 2442 et
2128 2385 2467 2441 bumiliatum
2497 2386 2639 2441 Deus
2666 2401 2771 2442 non
2804 2387 3011 2458 spernit
3046 2386 3220 2460 (Psal.
3252 2390 3329 2462 ι).
3362 2409 3380 2441 ι
3406 2390 3577 2446 Aliter
3607 2412 3619 2445 :

2037 2480 2152 2537 [Ioc
2177 2481 2296 2536 loco
2324 2477 2686 2549 reprobantur
2710 2478 3010 2535 oblationes
3024 2480 3270 2536 carnales
3284 2480 3615 2548 Judaeorum,

2040 2579 2156 2634 qum
2182 2575 2303 2635 post
2343 2568 2544 2623 Christi
2572 2569 2862 2625 adventum
2898 2584 3005 2625 non
3046 2570 3179 2637 Deo,
3209 2571 3302 2627 sed
3338 2574 3620 2629 dmmoniis

2037 2654 2418 2713 offerebantur.
2455 2658 2555 2726 Qui
2587 2676 2692 2715 non
2743 2661 2995 2717 timentes
3047 2663 3363 2734 sanguinem
3391 2666 3623 2736 prophe-

2039 2752 2212 2801 tarum
2242 2757 2298 2803 et
2326 2751 2690 2820 apostolorum
2721 2751 2965 2818 fundere,
3012 2753 3354 2809 victimarum
3400 2772 3621 2811 suarum

2037 2836 2147 2893 Deo
2178 2841 2469 2909 sperabant
2489 2839 2886 2897 multitudinem
2906 2843 3140 2913 placere,
3173 2859 3294 2899 cum
3310 2845 3622 2914 iamdudum

2035 2943 2226 2983 eorum
2252 2930 2652 2986 immolationes
2681 2948 2780 3002 per
2826 2932 3022 2988 Isaiam
3068 2935 3329 2992 Dominus
3368 2941 3623 3008 reproba-

2036 3025 2139 3081 ret,
2185 3019 2415 3074 dicens:
2457 3037 2476 3071 ι
2520 3021 2637 3087 Quo
2662 3022 2795 3077 mihi
2845 3023 3247 3080 multitudinem
3271 3027 3617 3083 victimarum

2036 3109 2383 3164 vestrarum?
2437 3110 2568 3166 dicit
2638 3111 2914 3167 Dominus.
2982 3112 3181 3171 Plemts
3235 3132 3393 3182 sum;
3466 3119 3619 3173 holo-

343 3220 363 3252 ι
411 3201 616 3267 oculos,
661 3204 796 3258 dans
847 3206 1156 3271 sanitatem,
1207 3217 1264 3262 et
1318 3209 1483 3263 vitam
1513 3218 1568 3265 et
1597 3200 2000 3265 benedictio-C
2032 3206 2220 3255 causta
2266 3200 2521 3265 arietum,
2575 3202 2787 3271 adipem
2838 3204 3142 3275 pinguium,
3194 3215 3248 3261 et
3297 3209 3615 3279 sanguinem

342 3311 364 3343 ι
410 3307 557 3347 nem.
598 3312 618 3345 ι
652 3290 786 3348 Cum
816 3296 892 3349 ait
932 3296 1171 3353 timentis
1202 3296 1368 3354 Deum
1416 3300 1632 3357 beatam
1659 3315 1783 3356 esse
1813 3300 1932 3354 ani-

337 3393 507 3444 mam,
538 3390 768 3436 testatur
808 3385 962 3453 quasi
1009 3387 1226 3443 nescius
1258 3388 1327 3442 ad
1370 3404 1532 3459 quem
1581 3390 1694 3459 ipsa
1747 3390 1929 3444 anima

338 3473 620 3542 respiciat,
664 3482 718 3528 et
750 3475 874 3545 quis
914 3478 986 3532 sit
1020 3478 1279 3534 fortitudo
1309 3479 1426 3549 ejus
1471 3482 1789 3551 interrogat,
1841 3481 1928 3536 eui

341 3570 523 3617 tamen
577 3563 985 3635 interrogationi
1037 3568 1151 3637 ipse
1208 3571 1389 3625 statim
1454 3573 1748 3642 respondit.
1801 3572 1930 3639 Quae

339 3652 514 3725 figura
551 3654 737 3711 Graece
786 3666 1024 3713 crotema
1062 3661 1259 3717 dicitur
1287 3681 1300 3715 :
1324 3664 1542 3733 quando
1573 3663 1927 3733 interroganti

337 3744 539 3815 titapta
569 3749 867 3818 responsio.
899 3750 1041 3806 Dicit
1068 3753 1212 3806 enim
1245 3771 1259 3807 :
1292 3772 1311 3806 ι
1354 3753 1507 3809 Oculi
1532 3755 1743 3809 Domini
1763 3770 1928 3824 super

337 3839 596 3896 timentes
623 3856 768 3906 cum,
808 3861 827 3893 ι
859 3843 962 3899 hoc
1003 3853 1111 3910 est,
1141 3846 1369 3901 intuitus
1398 3846 1786 3901 misericordia:
1812 3847 1930 3917 ejus

336 3944 507 3999 super
535 3932 817 3987 credentes
850 3933 902 3987 in
932 3948 1058 3989 eum
1096 3952 1110 3988 :
1142 3935 1258 4005 ipse
1309 3945 1392 3992 cst
1418 3944 1696 4007 protector
1739 3948 1929 4007 poten-

335 4018 430 4073 titc
460 4019 527 4073 ab
565 4020 713 4075 omni
745 4022 1068 4079 adversitate
1117 4033 1404 4097 protegens
1431 4042 1543 4082 eos.
1590 4026 1930 4083 Firmamen-

335 4117 455 4163 tum
486 4111 703 4166 virtutis
724 4111 1037 4169 confortans
1059 4115 1196 4170 illos.
1226 4116 1345 4185 Ipse
1367 4125 1450 4172 est
1482 4117 1712 4188 tegimen
1737 4132 1926 4172 eorum

331 4208 528 4256 contra
576 4204 821 4259 ardorem
871 4208 1206 4273 tentalionis,
1252 4216 1308 4264 et
1332 4209 1707 4265 umbraculum
1736 4219 1949 4267 contra

330 4289 574 4346 validum
600 4301 786 4348 :estum
830 4298 1224 4364 persecutionis
1257 4316 1269 4352 :
1299 4299 1405 4354 hoc
1439 4300 1585 4354 enim
1634 4285 1904 4357 meridies!

329 4382 626 4455 signiﬁcat.
654 4386 772 4456 Ipse
799 4395 881 4446 est
906 4389 1215 4459 propitiatio
1244 4391 1429 4447 dolens
1453 4391 1649 4449 delicta
1677 4391 1925 4448 offensio-

329 4473 424 4529 nis
457 4494 470 4528 :
500 4476 584 4531 hic
612 4479 817 4547 przebet
858 4480 1187 4549 adjutorium
1218 4482 1332 4537 suis
1360 4496 1429 4537 ne
1457 4483 1657 4538 cadant
1683 4483 1738 4537 in
1790 4498 1919 4553 pec-

323 4566 476 4621 catis
506 4568 781 4635 maximis,
812 4572 1054 4628 exaltans
1084 4575 1293 4629 animas
1340 4574 1576 4630 fidelium
1611 4591 1833 4632 suorum
1863 4578 1920 4632 in

292 4656 573 4713 culmine
618 4660 986 4730 perfectionis,
1032 4670 1088 4718 et
1132 4663 1445 4719 illuminans
1493 4665 1681 4721 oculos
1729 4668 1922 4722 mentis

314 4763 545 4813 eorum,
584 4751 829 4818 praebens
883 4751 964 4806 eis
1010 4752 1243 4823 gratiam
1307 4753 1536 4808 interna:
1583 4754 1922 4825 contempla-

312 4841 520 4896 tionis.
578 4840 680 4895 Dat
729 4843 863 4913 ipsis
908 4844 1201 4900 sanitatem
1244 4845 1692 4917 incorruptionis,
1753 4848 1920 4902 vitam

311 4931 783 4997 immortalitatis,
845 4941 903 4989 et
960 4935 1391 4993 benedictionem
1438 4947 1714 5008 perpetua:
1758 4939 1924 4993 luere-

303 5020 540 5077 ditatis.
571 5041 590 5073 ‹
620 5021 833 5089 Venite,
861 5024 1058 5093 inquit,
1086 5025 1355 5080 benedicti
1386 5026 1568 5082 Patris
1602 5028 1731 5093 mei,
1782 5043 1913 5098 per-

301 5112 496 5183 cipite
544 5127 763 5184 regnum
819 5117 963 5185 quod
1007 5117 1162 5172 vobis
1197 5125 1447 5188 paratum
1481 5127 1566 5174 est
1612 5120 1680 5174 ab
1708 5120 1918 5191 origine

296 5200 523 5263 mundi
549 5201 762 5273 (Matth.
796 5204 945 5280 xxv).
989 5224 1008 5257 ι

982 5319 1209 5377 CAPUT
1240 5321 1325 5376 Ill.

292 5409 609 5481 Sapientia
661 5410 896 5481 ρι’(εεὶρῆ
928 5410 991 5464 de
1024 5411 1232 5481 injustis
1276 5412 1426 5467 rebus
1465 5430 1569 5467 non
1608 5430 1717 5469 esse
1741 5416 1920 5470 immo-

419 5477 743 5556 qndum,'id
776 5477 872 5556 est,
906 5477 1254 5556 o/fereitdnm,
1302 5482 1379 5556 uel
1418 5482 1801 5556 eleemosynam
1835 5487 1918 5556 fa-

338 5564 339 5567 ‘
389 5548 643 5601 ciendam
664 5549 729 5603 de
762 5548 988 5605 aliorum
1016 5553 1357 5608 detrimentis.

393 5679 421 5711 ι
472 5658 810 5719 lmmolantis
832 5679 898 5719 ex
936 5663 1120 5733 iniquo
1150 5662 1353 5719 oblatio
1377 5673 1464 5720 est
1501 5667 1769 5723 maculata
1801 5684 1817 5734 ;
1858 5678 1914 5725 et

287 5775 314 5811 ι
380 5766 510 5807 non
537 5761 663 5806 sunt
693 5755 1036 5821 licut‘plucilze
1068 5755 1517 5812 subsannationes
1557 5756 1905 5826 iniustorum.

2034 3292 2350 3356 vitulorum,
2395 3301 2450 3347 et
2474 3308 2735 3365 agnorum
2764 3303 2821 3350 et
2862 3296 3139 3351 hircorum
3190 3298 3331 3353 nolo.
3366 3297 3498 3354 Cum
3534 3315 3620 3356 vc-

2034 3383 2224 3438 niretis
2252 3392 2379 3439 ante
2420 3393 2769 3453 conspectum
2803 3401 3005 3453 meum,
3054 3389 3177 3457 quis
3223 3389 3473 3460 qurcsivit
3506 3392 3621 3447 iure

2034 3474 2100 3528 de
2128 3473 2378 3528 manibus
2417 3475 2635 3537 vestris,
2690 3484 2749 3527 ut
2792 3475 3148 3531 ambularetis
3177 3479 3228 3531 in
3267 3480 3424 3534 atriis
3442 3480 3619 3535 meis?

2033 3562 2109 3618 Ne
2134 3562 2373 3619 offeratis
2399 3564 2538 3618 ultra
2566 3564 2889 3619 sacrificium
2919 3565 3118 3621 frustra
3147 3584 3161 3620 :
3190 3568 3465 3623 incensum
3487 3572 3619 3624 abo-

2032 3653 2256 3708 minatio
2279 3661 2365 3709 est
2405 3653 2561 3707 mihi.
2604 3652 2951 3708 Neomeniam
2977 3663 3031 3709 et
3060 3656 3341 3711 sabbatum
3381 3667 3436 3713 et
3466 3658 3586 3713 festi

2028 3741 2226 3797 vitates
2258 3744 2393 3798 alias
2420 3756 2527 3797 non
2557 3741 2725 3797 feram
2761 3761 2776 3795 :
2810 3742 2977 3812 iniqui
3018 3752 3145 3798 sunt
3193 3754 3371 3801 costus
3419 3750 3609 3803 veStri.

2029 3829 2294 3886 Calendas
2324 3838 2535 3886 vestras
2556 3840 2612 3886 et
2636 3830 3007 3888 solemnitates
3046 3842 3259 3890 vestras
3295 3835 3469 3892 odivit
3497 3839 3617 3893 ani-

2030 3943 2118 3983 ma
2157 3943 2298 3982 mea.
2351 3927 2517 3981 Facta
2559 3935 2685 3982 sunt
2713 3928 2846 3982 mihi
2895 3928 3145 3995 molesta,
3183 3929 3422 3985 laboravi
3448 3934 3614 3986 susti-

2028 4037 2194 4086 nens;
2247 4029 2301 4076 et
2322 4037 2445 4076 cmn
2476 4021 2833 4077 ostenderitis
2880 4038 3075 4078 manus
3103 4032 3334 4091 vestras,
3371 4034 3611 4081 avertam

2026 4112 2213 4168 oculos
2236 4128 2387 4168 meos
2408 4128 2437 4166 a
2459 4113 2651 4178 vobis;
2705 4121 2761 4167 et
2794 4129 2916 4169 cum
2950 4114 3438 4184 multiplicaveritis
3492 4132 3616 4172 ora-

2027 4203 2250 4269 tionem,
2289 4218 2396 4257 non
2418 4202 2636 4257 audiam
2670 4221 2683 4256 :
2716 4218 2911 4259 manus
2944 4205 3089 4258 enim
3113 4212 3309 4260 vestrae
3354 4207 3615 4276 sanguine

2024 4290 2196 4360 plenze
2224 4300 2368 4347 sunt.
2398 4292 2698 4356 Lavamini,
2733 4293 2919 4347 mundi
2948 4301 3142 4359 estote,
3173 4293 3381 4349 auferte
3408 4295 3608 4349 malmn

2025 4384 2412 4457 cogitationum
2459 4392 2760 4440 vestrarum
2811 4384 2882 4439 ab
2912 4386 3096 4441 oculis
3151 4388 3307 4452 meis,
3350 4389 3616 4457 quiescite

2027 4488 2186 4545 agere
2211 4488 2486 4546 perverse,
2513 4474 2704 4530 discite
2723 4474 3061 4542 benefacere,
3087 4477 3611 4546 quaeritejudicium,

1951 4538 2001 4599 D
2026 4538 2311 4620 subvenite
2365 4538 2643 4636 oppresso,
2687 4565 2927 4636 judicate
2972 4538 3199 4637 pupillo,
3229 4538 3499 4625 defendite
3532 4538 3615 4625 vi;

2025 4658 2208 4714 duam.
2239 4659 2309 4714 Et
2329 4660 2530 4724 venite,
2561 4668 2617 4713 et
2665 4660 2876 4730 arguite
2903 4675 3010 4725 me,
3062 4660 3196 4716 dicit
3222 4661 3498 4717 Dominus.
3554 4662 3611 4716 Si
3623 4684 3632 4693 -

2023 4750 2227 4806 fuerint
2263 4758 2485 4820 peccata
2511 4757 2693 4805 vestra
2725 4758 2785 4805 ut
2810 4751 3119 4817 coccinum,
3151 4753 3307 4822 quasi
3339 4753 3431 4808 nix
3464 4753 3612 4808 deal-

2023 4843 2326 4907 babuntur;
2361 4850 2415 4897 et
2439 4841 2485 4898 si
2509 4840 2710 4897 fuerint
2735 4842 2899 4896 rubra
2922 4844 3075 4912 quasi
3109 4844 3463 4912 vermiculus,
3495 4846 3609 4901 vel-

2026 4941 2084 4987 ut
2115 4933 2236 4986 lana
2278 4932 2400 4986 alba
2428 4939 2605 4988 erunt.
2638 4930 2697 4987 Si
2736 4931 3015 4988 volueritis
3068 4942 3124 4989 et
3168 4935 3451 4992 audieritis
3502 4951 3610 5001 me,

2020 5023 2155 5078 bona
2172 5034 2331 5078 terrae
2341 5022 2657 5079 comedetis.
2673 5022 2825 5091 Quod
2839 5024 2885 5079 si
2907 5024 3210 5090 nolueritis,
3231 5037 3288 5083 et
3311 5043 3401 5083 me
3422 5028 3488 5083 ad
3514 5029 3608 5082 ira-

2018 5115 2268 5170 cundiam
2293 5114 2735 5185 provocaveritis,
2758 5114 2968 5186 gladius
2981 5116 3263 5184 devprabit
3278 5133 3392 5185 vos,
3409 5120 3534 5192 quia
3551 5134 3613 5174 os

2024 5207 2233 5262 Domini
2248 5208 2486 5262 locutum
2499 5206 2731 5281 est(lsa.
2752 5208 2812 5280 l).
2858 5228 2878 5261 ι
2900 5209 3070 5277 Quale
3085 5220 3266 5267 autem
3280 5211 3607 5267 sacrificium

2025 5296 2135 5353 Deo
2164 5297 2393 5368 placeat,
2414 5316 2513 5369 per
2547 5298 2895 5355 Psalmistam
2932 5302 3049 5372 ipse
3074 5302 3335 5358 Dominus
3371 5300 3613 5358 declarat

2025 5388 2282 5444 dicenszr
2305 5389 2642 5447 Sacriﬁcium
2662 5392 2838 5447 laudis
2879 5393 3380 5458 honorificabitme,
3411 5400 3469 5447 et
3495 5392 3612 5447 illic

2025 5478 2130 5534 iter
2140 5488 2223 5535 est
2249 5480 2302 5535 in
2326 5496 2433 5551 quo
2452 5483 2736 5539 ostendam
2758 5482 2833 5537 illi
2851 5482 3091 5551 salutare
3110 5481 3200 5537 Dei
3214 5481 3567 5553 (Psal.xux).
3584 5500 3604 5535 ι

2097 5596 2117 5630 ι
2163 5579 2265 5646 Qui
2289 5579 2449 5636 oll‘ert
2479 5582 2807 5638 sacriﬁcium
2842 5596 2908 5636 ex
2933 5581 3241 5638 substantia
3280 5597 3612 5653 pauperum,

2027 5688 2044 5721 ι
2089 5671 2242 5740 quasi
2270 5671 2360 5739 qui
2391 5671 2634 5725 victimat
2660 5672 2825 5725 tilium
2847 5672 2901 5725 in
2928 5678 3218 5740 conspectu
3242 5672 3413 5743 patris
3439 5672 3544 5727 sui.
3580 5690 3599 5724 ι

1962 5796 1969 5803 -
2018 5758 2158 5826 Quid
2187 5774 2419 5832 namque
2445 5776 2563 5816 esse
2596 5761 2988 5818 intolerabilius
3008 5772 3210 5830 petest,
3257 5780 3419 5835 quam
3457 5778 3606 5820 more
