3926 6168
258 400 404 456 1015

1119 387 1473 446 COMMENT.
1514 387 1580 442 IN
1621 384 2230 444 ECCLESIASTICUM.
2275 419 2345 429 —
2384 388 2512 442 LIB.
2555 387 2687 447 VIII.

3400 373 3541 447 lost

245 513 480 570 offertur
525 507 638 562 Deo
682 513 740 560 et
783 505 887 560 hoc
919 501 1064 573 quod
1112 515 1211 572 per
1252 500 1538 556 charitatis
1593 497 1844 554 allectum
1875 500 1925 560 Α
1951 498 2213 560 datorem,
2241 498 2407 553 Paulo
2431 509 2746 565 attestante,
2796 500 2970 572 diligit
2996 503 3140 558 Deus
3168 500 3257 576 (11
3281 502 3406 558 Cor.
3441 506 3541 575 1x).

248 598 683 658 misericorditer
727 595 784 650 in
826 592 1243 649 necessitatibus
1292 591 1407 646 suis
1433 590 1708 646 confertur
1730 607 1852 661 pro-

251 691 441 755 ximo;
474 687 570 742 sed
597 685 726 755 quia
765 683 882 738 hac
927 691 1054 736 tunc
1095 681 1254 752 digne
1300 681 1369 735 ab
1394 679 1654 736 oﬂ'erente
1694 681 1848 735 exhi-

251 779 456 833 bentur
477 776 608 838 Deo,
636 774 681 828 si
705 787 764 828 se
807 770 1075 826 studuerit
1097 769 1393 825 immunem
1423 785 1638 824 servare
1666 785 1696 823 a
1722 785 1852 840 pec-

253 880 401 934 cato,
429 866 712 937 sequitur:

335 977 356 1010 ι
384 957 791 1026 Beneplacitum
817 962 900 1010 est
924 953 1151 1008 Domino
1174 952 1428 1008 recedere
1453 953 1520 1008 ab
1548 952 1849 1022 iniquitate,

260 1066 280 1098 ι
311 1055 368 1102 et
391 1045 702 1116 deprecatio
738 1059 838 1114 pro
864 1043 1104 1114 peccatis
1133 1042 1390 1097 recedere
1416 1043 1484 1096 ab
1514 1041 1798 1112 injustitia.
1827 1062 1846 1096 ι

252 1139 406 1195 Bene
429 1137 606 1208 placet
631 1136 860 1191 Domino
889 1135 984 1205 qui
1028 1135 1232 1190 recedit
1259 1134 1328 1188 ab
1355 1133 1652 1188 errantium
1685 1135 1853 1188 haere-

256 1231 494 1284 ticormn
518 1227 792 1284 consortio
820 1243 835 1290 ;
865 1225 1089 1295 ejusque
1116 1223 1422 1294 deprecatio
1453 1223 1682 1278 multum
1714 1223 1854 1279 valet

251 1321 401 1391 apud
444 1319 636 1382 Deum,
689 1318 782 1387 qui
829 1317 971 1370 male
1019 1314 1359 1385 operantium
1407 1313 1656 1368 societati
1708 1313 1853 1367 nullo

253 1413 605 1483 coniungitur
631 1418 810 1480 pacto.
847 1408 999 1464 Unde
1021 1407 1282 1478 scriptum
1302 1414 1387 1463 est
1412 1424 1426 1459 :
1458 1423 1477 1456 ι
1527 1405 1731 1460 Facere
1753 1407 1854 1458 mi-

259 1521 279 1555 ι
309 1502 660 1557 sericordiam
697 1510 754 1555 et
773 1499 1058 1571 judicium,
1102 1498 1276 1569 magis
1322 1497 1498 1558 ulacet
1540 1497 1651 1554 Deo
1691 1513 1851 1568 quam

261 1615 280 1647 ι
310 1595 554 1649 victimae
586 1592 772 1664 (Prov.
794 1591 932 1664 xxI).
957 1610 976 1644 ι

335 1704 355 1737 ι
386 1684 505 1739 Non
536 1683 824 1752 apparebis
851 1689 976 1735 ante
997 1689 1342 1751 conspectum
1367 1681 1462 1735 Dei
1485 1695 1704 1734 vacuus.
1729 1679 1855 1735 llaec

259 1795 276 1828 ι
306 1777 456 1830 enim
485 1774 665 1829 omnia
709 1783 932 1844 propter
965 1759 1282 1828 manda-tuin
1312 1771 1525 1825 Domini
1557 1771 1711 1825 fiunt.
1743 1789 1762 1821 ι
1796 1769 1851 1824 In

1953 599 2008 645 et
2033 591 2227 646 bonam
2249 591 2580 648 voluntatem
2605 592 2941 648 oll'erentium
2963 596 3329 666 gratissimam
3359 597 3541 652 habet.

1955 683 2106 738 Unde
2155 682 2261 737 duo
2313 698 2422 736 tera
2458 683 2662 737 minuta
2701 684 2872 738 vidum.
2909 684 3247 754 paupercula:
3296 685 3548 740 Salvator

1951 773 2006 828 in
2041 774 2329 846 Evangelio
2359 775 2568 830 cunctis
2612 775 2870 839 donariis,
2908 791 3028 846 quae
3068 791 3168 845 per
3209 776 3452 831 diversos
3477 778 3545 830 ad

1953 864 2210 934 templum
2264 863 2673 929 deferebantur,
2737 866 3028 936 praeposuit
3082 865 3233 935 (Luc.
3285 864 3398 936 xxi)
3429 906 3442 929 ,
3492 874 3545 922 et

1952 955 2177 1010 calicem
2226 970 2380 1026 aqua:
2435 955 2644 1028 frigidae
2700 957 2752 1011 in
2805 957 3001 1026 populo
3056 957 3242 1012 datum
3294 974 3400 1014 non
3429 959 3546 1014 sine

1952 1047 2200 1104 mercede
2222 1061 2342 1102 esse
2363 1047 2733 1116 pronuntiavit
2759 1045 2971 1117 (Matth.
3000 1044 3076 1118 ε).
3119 1046 3397 1103 Primitias
3417 1064 3546 1120 ergo

1952 1146 2008 1192 et
2039 1138 2279 1193 decimas
2308 1137 2567 1192 Dominus
2594 1136 2648 1190 in
2675 1137 2860 1193 Exodo
2889 1137 3086 1208 populo
3115 1138 3410 1195 lsraelitico
3432 1137 3547 1209 jus-

1953 1230 2025 1286 sit
2050 1231 2199 1296 dare,
2250 1230 2344 1285 sed
2396 1237 2524 1285 tunc
2575 1229 2916 1285 solummodo
2960 1230 3318 1300 acceptabilcs
3364 1238 3543 1296 erunt,

1952 1324 2168 1392 quando
2214 1323 2356 1378 bono
2403 1323 2587 1378 animo
2627 1321 2925 1377 offeruntur
2975 1321 3168 1393 (Exod.
3211 1339 3344 1388 χχιι,
3384 1339 3548 1388 xxur,

1952 1417 2125 1486 xxiv).
2193 1414 2418 1486 Mystice
2443 1424 2625 1470 autem
2674 1415 2926 1486 primitim
2962 1413 3174 1486 frugum
3219 1415 3306 1470 vel
3333 1419 3544 1486 primo-

1953 1506 2282 1574 genitorum,
2329 1505 2592 1575 principia
2632 1520 2857 1575 operum
2912 1505 3178 1559 bonorum
3226 1506 3542 1567 ostendunt.

1957 1594 2039 1649 vel
2071 1595 2242 1663 ipsam
2281 1593 2480 1649 bonam
2518 1595 2871 1657 voluntatem,
2906 1609 3026 1665 quae
3053 1595 3203 1663 prior
3251 1603 3335 1648 est
3361 1610 3543 1665 opere,

1955 1701 2116 1754 quam
2169 1686 2443 1755 Pelagiani
2498 1687 2602 1742 sibi
2662 1687 2947 1741 tribuendo
3001 1685 3281 1742 otIendunt
3327 1706 3341 1741 :
3406 1689 3547 1743 Deus

1957 1785 2137 1830 autem
2176 1775 2302 1830 dum
2331 1775 2419 1830 illa
2449 1775 2550 1830 sibi
2577 1792 2606 1830 a
2638 1777 2792 1831 nobis
2816 1777 2973 1847 jubet
3000 1777 3202 1841 offerri,
3248 1777 3452 1832 indicat
3480 1779 3548 1832 ad

251 1874 550 1932 conspectu
595 1863 808 1918 Domini
847 1878 1048 1918 vacuus
1089 1870 1332 1932 apparet,
1381 1863 1473 1932 qui
1504 1862 1634 1915 nihil
1660 1877 1845 1916 secum
1876 1863 1921 1921 Β
1950 1865 2118 1934 ipsius
2160 1864 2390 1934 gratiam
2424 1865 2716 1934 pertinere.
2762 1864 2818 1919 In
2851 1865 3075 1921 decimis
3103 1866 3285 1935 itaque
3326 1866 3438 1920 Deo
3463 1867 3550 1921 ος.

251 1959 321 2013 de
345 1956 527 2012 fructu
566 1956 768 2011 laboris
795 1963 996 2025 portat.
1029 1955 1180 2010 Alius
1226 1969 1462 2024 namque
1488 1955 1851 2024 adipiscendis

255 2049 560 2104 honoribus
587 2049 838 2113 exsudat,
883 2047 1022 2102 alius
1062 2046 1482 2117 multiplicandis
1508 2045 1853 2102 facultatibus

250 2147 472 2202 aestuat,
497 2137 1036 2207 aliuspromerendis
1060 2135 1306 2190 laudibus
1334 2135 1588 2200 anhelat;
1613 2136 1706 2191 sed
1725 2137 1852 2204 quia

249 2235 447 2282 cuncta
476 2227 592 2281 htec
619 2227 707 2281 hic
726 2225 969 2296 quisquis
999 2225 1238 2280 moriens
1279 2225 1497 2290 deserit,
1529 2233 1654 2279 ante
1681 2224 1851 2280 Deum

249 2334 462 2373 vacuus
483 2325 720 2388 apparet,
750 2317 874 2386 quia
907 2330 1089 2372 secum
1127 2325 1254 2372 ante
1277 2316 1517 2387 judicem
1543 2315 1678 2370 nihil
1706 2317 1848 2371 tulit.

251 2411 396 2466 Hinc
434 2425 564 2480 ergo
594 2424 691 2480 per
716 2408 889 2479 legem
933 2409 1226 2464 salubriter
1263 2409 1640 2475 admonemur,
1671 2409 1854 2464 dicen-

248 2510 358 2556 tem
390 2518 404 2553 :
443 2518 462 2550 ι
493 2499 608 2553 Non
639 2500 926 2569 apparebis
959 2507 1086 2555 ante
1109 2509 1459 2570 conspectum
1510 2500 1724 2554 Domini
1753 2515 1850 2554 va-

241 2606 386 2646 cuus
402 2589 600 2663 (Exod.
617 2605 772 2652 χχιιι,
790 2589 999 2662 xxxrv).
1020 2611 1039 2643 ι
1060 2589 1160 2657 Qui
1176 2593 1317 2646 enim
1333 2593 1704 2660 promerenda:
1726 2593 1852 2648 vitae

247 2681 561 2736 mercedem
593 2679 731 2735 bene
763 2681 970 2752 agendo
1021 2697 1127 2736 non
1168 2682 1425 2752 providit,
1471 2683 1527 2736 in
1559 2692 1852 2754 conspectu

242 2771 468 2826 Domini
486 2785 689 2826 vacuus
711 2781 954 2840 apparet.
981 2770 1120 2826 Hinc
1134 2771 1198 2826 de
1210 2770 1372 2840 justis
1393 2787 1490 2842 per
1507 2771 1851 2827 Psalmistam

245 2863 494 2918 dicitur:
523 2880 540 2912 ι
591 2860 882 2916 Venientes
913 2870 1093 2916 autem
1136 2863 1351 2917 venient
1388 2863 1441 2916 in
1470 2863 1850 2929 exsultatione,

247 2961 536 3024 portantes
564 2953 864 3022 manipulos
894 2969 1020 3008 suos
1043 2953 1215 3024 (Psal.
1243 2953 1425 3024 cxxv).
1453 2973 1473 3007 ο
1508 2955 1590 3010 Ad
1617 2969 1848 3010 examen

243 3042 656 3114 quippejudieii
707 3051 984 3114 portantes
1031 3043 1333 3114 manipulos
1383 3045 1625 3111 veniunt,
1669 3045 1852 3116 quiin

243 3137 574 3206 semetipsos
626 3144 776 3191 recta
829 3150 1013 3206 opera,
1071 3136 1266 3207 quibus
1299 3137 1468 3191 vitam
1518 3149 1851 3204 mereantur,

243 3227 570 3284 ostendunt.

328 3336 351 3369 ι
376 3317 596 3374 Oblatio.
613 3317 751 3388 justi.
782 3316 1075 3387 impinguat
1102 3316 1297 3382 altare,
1324 3327 1378 3372 et
1411 3318 1547 3373 odor
1570 3318 1853 3374 suavitatis

251 3417 389 3463 test
417 3409 472 3462 iu
498 3416 785 3476 conspectu
829 3407 1114 3461 Altissimi.
1155 3405 1489 3462 Sacriﬁcium
1528 3407 1661 3476 justi
1691 3424 1849 3464 acce-

251 3516 270 3549 ¢
302 3505 454 3568 ptum
486 3506 592 3562 est,
635 3506 689 3552 et
719 3496 1035 3552 memoriam
1064 3495 1180 3566 ejus
1229 3511 1335 3550 non
1365 3496 1716 3551 obliviscetur
1747 3499 1852 3554 Do-

251 3609 270 3641 ι
309 3592 514 3646 ηιίιιιιε.
545 3611 564 3642 ι
598 3591 725 3645 Ideo
753 3605 882 3661 ergo
908 3590 1108 3645 oblatio
1147 3588 1283 3658 justi
1330 3590 1626 3662 impinguat
1656 3590 1847 3657 altare,

245 3680 376 3750 quia
410 3695 476 3734 ex
521 3695 660 3734 vera:
707 3680 992 3736 charitatis
1035 3677 1259 3735 offertur
1297 3680 1618 3746 devotione;
1651 3688 1705 3735 et
1729 3680 1850 3735 ideo

245 3769 312 3826 in
340 3778 630 3839 conspectu
662 3770 756 3824 Dei
784 3770 964 3825 suavis
993 3777 1078 3824 est
1109 3768 1264 3834 odor,
1294 3771 1426 3840 quia
1459 3771 1846 3825 misericordia:

244 3869 302 3914 et
339 3859 586 3914 veritatis
616 3858 670 3912 in
699 3873 763 3913 ea
799 3874 859 3912 re
901 3856 1102 3929 ﬂagrat.
1131 3859 1311 3914 ardor.
1355 3858 1692 3914 Sacrificium
1714 3859 1847 3929 justi

243 3956 330 4001 est
378 3947 488 4002 Deo
535 3955 836 4016 acceptum,
875 3948 1132 4017 quoniam
1176 3948 1436 4005 bonorum
1475 3963 1696 4019 operum
1733 3949 1850 4018 ejus

247 4055 451 4094 munus
498 4040 609 4094 Deo
645 4047 730 4093 est
780 4038 1167 4110 gratissimum.
1226 4037 1377 4096 Unde
1428 4048 1483 4093 et
1527 4040 1846 4096 memoriam

244 4130 366 4198 ejus
410 4145 515 4184 non
557 4129 907 4184 obliviscetur
940 4129 1236 4184 Dominus:
1269 4146 1288 4180 ι
1337 4127 1598 4196 Quoniam
1634 4129 1689 4184 in
1737 4145 1849 4185 me-

245 4219 422 4274 moria
461 4228 662 4273 acterna
706 4219 813 4273 erit
862 4217 1062 4288 justus,
1119 4220 1187 4274 ab
1233 4220 1504 4275 auditione
1549 4220 1689 4276 mala
1737 4238 1845 4277 non

246 4309 528 4366 timebiLt

323 4416 350 4449 ι
376 4399 529 4454 Bono
555 4398 734 4454 animo
771 4397 999 4469 gloriam
1031 4399 1196 4456 redde
1234 4401 1368 4468 Deo,
1398 4412 1453 4458 et
1484 4421 1594 4462 non
1633 4406 1846 4462 minuas

251 4510 280 4544 ι.
299 4490 575 4561 primitias
628 4506 884 4546 manuum
938 4499 1216 4547 tuarum.»
1251 4495 1423 4552 Omne
1466 4513 1662 4554 munus
1701 4499 1843 4569 quod

243 4602 316 4641 ex
343 4585 488 4641 bono
511 4587 691 4642 animo
721 4602 829 4642 non
857 4586 1033 4654 datur,
1077 4591 1306 4661 gratiam
1333 4607 1515 4646 coram
1546 4592 1720 4648 oculis
1746 4593 1848 4648 Dei

245 4679 400 4734 nullo
427 4678 588 4734 modo
615 4689 878 4748 meretur,
915 4683 1040 4751 quia
1077 4683 1240 4738 homo
1263 4685 1410 4740 videt
1438 4685 1493 4739 in
1522 4683 1674 4749 facie,
1701 4687 1845 4742 Deus

243 4778 432 4825 autem
467 4769 708 4827 intuetur
735 4786 849 4826 cor.
879 4771 1032 4829 Unde
1059 4775 1318 4831 Dominus
1344 4791 1513 4831 vanas
1547 4777 1733 4834 laudes
1751 4777 1845 4832 Ju-

243 4860 491 4916 dzeorum
517 4877 616 4932 per
640 4863 961 4933 prophetam
992 4865 1263 4935 reprobat,
1294 4867 1516 4923 dicens:
1550 4886 1569 4918 ‹
1607 4868 1843 4939 Populus

244 4952 339 5007 hic
367 4952 528 5009 labiis
554 4970 638 5010 me
673 4955 927 5020 honorat,
951 4971 1048 5011 eor
1084 4966 1260 5012 autem
1300 4974 1487 5014 eorum
1525 4959 1681 5033 longe
1705 4970 1787 5017 est
1811 4977 1842 5016 a

244 5063 338 5102 me
366 5047 502 5119 (Isa.
527 5049 703 5123 xxix).
738 5049 795 5104 In
817 5065 1017 5105 vanum
1045 5059 1224 5107 autem
1250 5053 1434 5130 colunt
1453 5069 1559 5120 me,
1587 5055 1844 5111 docentes

244 5140 527 5196 doctrinas
573 5152 628 5196 et
674 5143 926 5197 mandata
960 5144 1236 5200 hominum
1268 5144 1458 5216 (Marc.
1504 5146 1668 5218 vu).»
1707 5165 1730 5208 ι
1775 5147 1842 5202 Ει

241 5244 356 5284 non
404 5230 635 5296 minuas,
680 5231 887 5302 inquit,
935 5232 1208 5301 primitias
1248 5249 1505 5291 manuum
1551 5243 1782 5292 tuarum.
1815 5257 1833 5290 ι

242 5321 444 5377 Minuit
499 5324 770 5394 primitias
818 5341 1042 5395 operum
1099 5341 1342 5394 suorum,
1396 5327 1488 5398 qui
1544 5329 1648 5384 hoc
1693 5328 1837 5398 quod

239 5414 486 5470 exterius
531 5414 826 5472 laborando
873 5424 1088 5472 exercet
1136 5417 1190 5471 in
1243 5433 1426 5487 opere,
1484 5419 1628 5474 intus
1684 5420 1838 5474 home

239 5503 545 5560 voluntatis
591 5523 699 5562 non
749 5507 970 5563 exhibet
1017 5507 1318 5564 affectione.
1375 5510 1667 5581 Propterea
1711 5513 1839 5568 sub-

238 5596 414 5651 didit:

322 5705 341 5740 ι
370 5689 428 5742 1η
460 5690 608 5744 omni
650 5690 775 5746 dato
823 5691 1048 5748 hilarem
1096 5691 1182 5749 fac
1229 5694 1432 5749 vultum
1483 5703 1659 5762 tuum,
1696 5707 1753 5751 ct
1782 5697 1836 5752 in

247 5797 266 5830 σ
301 5777 667 5836 exsultatione
683 5781 960 5838 sanctifica
985 5781 1222 5838 decimas
1239 5793 1378 5839 tuas.
1402 5803 1420 5838 ι
1440 5782 1675 5839 Hilarem
1692 5787 1837 5841 enim

1954 1955 2192 2010 ferendis
2235 1954 2488 2010 denarius
2516 1969 2773 2008 numerus
2816 1954 3205 2024 perfectionem
3255 1954 3551 2026 signiﬁcat,

1953 2043 2079 2112 quia
2107 2059 2276 2112 usque
2303 2044 2371 2098 ad
2407 2043 2584 2112 ipsum
2615 2058 2874 2099 numerus
2897 2045 3116 2100 crescit.
3153 2043 3387 2115 Ideoque
3409 2046 3549 2100 sicut

1954 2133 2008 2187 in
2039 2134 2293 2202 primitiis
2316 2133 2580 2203 principia
2603 2134 2963 2200 voluntatum,
2990 2135 3062 2188 ita
3093 2135 3146 2188 in
3168 2135 3395 2191 decimis
3421 2151 3549 2191 con-

1953 2223 2343 2278 summatioues
2388 2231 2703 2278 nostrorum
2751 2239 2979 2293 operum
3025 2223 3093 2279 ad
3133 2225 3424 2279 Dominum
3459 2241 3545 2281 re-

1953 2311 2096 2368 ferre
2121 2313 2483 2384 praecipimur,
2528 2329 2558 2367 a
2599 2328 2708 2383 quo
2739 2321 2796 2368 et
2839 2313 2966 2370 boni
3009 2315 3190 2384 operis
3228 2315 3465 2383 initium,
3493 2327 3550 2372 et

1952 2403 2304 2473 perfectionis
2333 2403 2566 2459 donatur
2593 2403 2834 2459 effectus.

2026 2513 2048 2547 ς
2079 2495 2155 2550 Da
2181 2495 2460 2550 Altissimo
2502 2496 2796 2551 secundum
2833 2496 3017 2550 datum
3048 2497 3183 2566 ejus,
3217 2504 3273 2552 et
3320 2497 3373 2552 in
3403 2497 3546 2552 bono

1957 2606 1976 2639 ι
2004 2585 2160 2642 oculo
2189 2587 2626 2642 adinventionem
2659 2586 2821 2642 facito
2841 2604 3092 2642 manuum
3122 2596 3336 2644 tuarum
3365 2607 3378 2642 :
3410 2604 3549 2658 quo-

1957 2695 1978 2730 ι
2006 2677 2155 2732 niam
2197 2677 2460 2732 Dominus
2510 2677 2815 2733 retribuens
2858 2687 2962 2744 est,
3012 2687 3066 2734 et
3105 2680 3307 2750 septies
3335 2687 3548 2738 tantum

1956 2787 1977 2821 ι
2007 2769 2196 2825 reddet
2219 2769 2337 2825 tibi.
2364 2788 2384 2822 ι
2415 2771 2521 2826 Dat
2539 2770 2817 2826 Altissimo
2842 2772 3136 2827 secundum
3157 2773 3342 2827 datum
3365 2789 3547 2838 suum,

1951 2866 2044 2936 qui
2083 2866 2731 2924 beneficiorumsuorum
2776 2883 2984 2924 memor
3011 2910 3027 2936 ,
3070 2870 3307 2939 primum
3349 2883 3549 2928 semet-

1953 2957 2129 3030 ipsum
2167 2966 2318 3015 recte
2353 2957 2623 3014 credendo
2651 2968 2708 3015 et
2729 2959 2867 3015 bene
2909 2962 3183 3031 operando
3210 2959 3371 3018 oﬂ‘ert
3407 2965 3541 3029 Deo,

1950 3050 2077 3119 quia
2105 3050 2174 3106 ab
2209 3050 2325 3120 ipso
2354 3050 2516 3107 habet
2543 3050 2686 3120 quod
2707 3050 3135 3107 substantialiter
3155 3060 3260 3118 est,
3289 3055 3546 3124 quoniam

1959 3159 1978 3192 ι
2001 3155 2066 3196 ex
2096 3143 2233 3212 ipso,
2261 3150 2319 3198 et
2351 3157 2451 3212 per
2475 3142 2674 3212 ipsum,
2701 3151 2760 3198 et
2790 3143 2845 3198 in
2870 3143 2987 3214 ipso
3006 3153 3133 3199 sunt
3156 3147 3336 3200 omnia
3367 3146 3546 3219 (Rom.

1877 3211 1922 3274 (ἶ
1955 3233 2053 3307 ει).
2077 3254 2096 3288 ι
2119 3211 2336 3290 Deinde
2352 3211 2471 3290 hoc
2498 3211 2666 3306 iquod
2692 3244 2868 3291 extra
2889 3211 2975 3292 ἐε
3027 3237 3110 3292 sui
3157 3211 3397 3294 muneris
3423 3255 3548 3309 pos-

1953 3325 2116 3388 sidet,
2143 3324 2286 3379 bona
2309 3322 2608 3379 intentione
2642 3330 2811 3378 totum
2849 3324 2902 3378 in
2949 3324 3161 3381 Iaudem
3187 3327 3306 3398 ejus
3350 3342 3549 3398 expen-

1953 3415 2081 3472 dat:
2115 3417 2221 3471 hoc
2266 3425 2351 3472 est
2393 3417 2536 3471 enim
2585 3418 2726 3486 quod
2768 3417 2917 3484 dicit,
2952 3435 2971 3470 α
3017 3417 3085 3472 Et
3135 3419 3188 3473 in
3224 3419 3366 3474 bono
3393 3419 3550 3475 oculo

1951 3506 2384 3560 adinventionem
2439 3504 2604 3560 facito
2653 3521 2909 3560 manuum
2965 3515 3221 3561 tuarum:
3287 3509 3541 3576 quoniam

1950 3595 2232 3662 Dominus,
2269 3596 2465 3666 inquit,
2497 3596 2696 3666 septies
2743 3605 2951 3651 tantum
3001 3597 3226 3652 reddet:
3263 3617 3281 3650 ι
3312 3598 3414 3652 hoc
3439 3607 3534 3658 est.

1949 3687 2250 3759 perfectam
2304 3687 2796 3744 remunerationem
2849 3686 3132 3741 retribuet.
3193 3685 3537 3757 Septenaria.

1949 3778 2094 3832 enim
2123 3791 2380 3832 numerus
2407 3785 2630 3846 propter
2668 3776 2810 3831 dona
2855 3775 3090 3846 Spiritus
3119 3777 3315 3842 sancti,
3343 3793 3462 3847 qua:
3487 3778 3534 3832 in

1948 3882 2014 3923 eo
2043 3869 2502 3932 demonstrantur,
2548 3865 2824 3937 perfectus
2853 3875 2956 3934 est,
3008 3876 3065 3923 et
3093 3868 3220 3938 quia
3268 3868 3408 3924 idem
3435 3885 3540 3924 nu-

1949 3975 2131 4015 merus
2168 3959 2476 4014 interiorem
2521 3966 2579 4012 et
2629 3959 2954 4016 exteriorem
3001 3960 3237 4016 hominis
3286 3962 3538 4016 substan-

1949 4051 2079 4104 tiam
2108 4050 2535 4121 comprehendit,
2566 4050 2670 4104 hoc
2698 4057 2802 4115 est,
2850 4050 2904 4104 in
2949 4051 3186 4106 ternario
3218 4052 3412 4106 anima:
3441 4067 3538 4106 ua-

1948 4150 2144 4205 turam,
2177 4141 2232 4195 in
2261 4141 2612 4211 quaternario
2657 4156 2787 4196 vero
2819 4142 3087 4211 corporis.
3124 4142 3280 4199 Unde
3333 4143 3406 4196 ita
3437 4143 3538 4212 ipsi

1947 4232 2152 4286 homini
2179 4231 2235 4286 in
2263 4231 2380 4302 lege
2406 4232 2749 4303 prtecipitur:
2781 4250 2800 4283 ι
2830 4232 3028 4303 Diliges
3051 4233 3338 4287 Dominum
3366 4232 3535 4286 Deum

1946 4331 2098 4378 tuum
2128 4339 2196 4378 ex
2223 4331 2336 4378 toto
2365 4324 2528 4379 corde
2556 4331 2671 4389 tuo,
2707 4332 2760 4378 et
2801 4339 2870 4379 ex
2900 4333 3006 4379 tota
3037 4326 3216 4379 anima
3245 4331 3356 4390 tua,
3387 4332 3441 4378 et
3469 4339 3537 4380 ex

1945 4422 2057 4468 tota
2083 4415 2284 4468 virtute
2309 4421 2396 4468 tua
2421 4412 2597 4486 (Deut.
2623 4413 2720 4484 γι).
2743 4431 2762 4465 ι
2797 4413 3003 4484 Corpus
3034 4422 3213 4468 autem
3237 4415 3538 4470 notissimis

1945 4513 2180 4574 quatuor
2228 4513 2443 4561 constat
2485 4504 2787 4569 elementis,
2850 4504 2952 4558 hoc
2996 4511 3099 4568 est,
3156 4510 3322 4568 terra,
3372 4519 3537 4573 aqua,

1948 4612 2095 4663 aere,
2128 4605 2183 4652 et
2212 4597 2353 4670 igne.
2396 4597 2584 4653 Potest
2625 4596 2679 4650 in
2724 4602 2946 4666 septena
2985 4595 3338 4650 retributione
3368 4597 3539 4666 ipsius

1949 4689 2205 4744 hominis
2231 4689 2509 4746 renovatio
2561 4687 2874 4760 signiﬁcari,
2925 4687 3139 4757 quando
3174 4702 3402 4757 corpore
3451 4689 3537 4742 in-

1950 4782 2283 4852 corruptibili
2332 4791 2381 4838 3t
2403 4783 2581 4837 anima
2620 4781 2907 4836 immortali
2941 4781 3007 4835 ad
3040 4782 3420 4850 possidendum
3455 4795 3537 4834 re-

1948 4887 2112 4943 gnum
2141 4872 2316 4928 Patris
2361 4873 2618 4938 cmlestis,
2663 4871 2880 4926 Christo
2901 4872 3156 4937 donante,
3186 4873 3532 4942 perducitur;

1949 4973 2079 5021 tunc
2101 4965 2243 5020 enim
2276 4965 2592 5020 retribuitur
2620 4963 2824 5019 homini
2873 4962 3072 5033 septies
3105 4970 3332 5028 tantum,
3361 4979 3534 5036 quan-

1948 5067 2060 5112 tum
2097 5057 2205 5111 illis
2234 5057 2402 5122 dedit,
2434 5057 2650 5127 quando
2683 5071 2780 5126 pro
2807 5057 2949 5112 bona
2994 5057 3405 5113 conversatione
3434 5075 3530 5114 sua

1944 5148 2059 5218 ipse
2085 5146 2209 5212 sibi,
2237 5157 2296 5201 ut
2325 5147 2472 5203 vivat
2495 5157 2550 5202 et
2593 5148 2824 5219 gaudeat
2850 5149 2904 5203 in
2941 5157 3146 5204 aeterna
3173 5149 3526 5212 beatitudine.

1943 5237 2085 5292 dono
2127 5237 2260 5308 justi
2301 5235 2500 5306 judicis
2553 5239 2888 5295 restituetur.
2923 5239 3029 5297 Sed
3082 5243 3209 5314 quia
3237 5241 3524 5310 septenarii

1943 5327 2151 5385 numeri
2183 5327 2285 5383 hoc
2331 5327 2388 5382 in
2416 5327 2534 5383 loco
2563 5329 2766 5385 mentio
2807 5328 2948 5385 facta
3002 5339 3109 5397 est,
3141 5331 3271 5385 libet
3321 5330 3384 5383 de
3410 5325 3525 5395 ejus

1941 5418 2272 5488 perfectione
2310 5434 2378 5475 ex
2409 5430 2718 5476 sanctorum
2767 5420 2990 5479 Patrum
3037 5419 3194 5474 dictis
3228 5417 3404 5487 aliqua
3437 5417 3525 5472 hic

1939 5524 2178 5578 ponere;
2209 5498 2414 5581 septem
2459 5527 2691 5582 namque
2732 5511 2922 5567 diebus
2966 5510 3274 5566 universum
3312 5517 3524 5578 tempus

1940 5600 2190 5656 volvitur.
2246 5601 2474 5657 IEterna
2523 5604 2667 5658 enim
2721 5602 2836 5656 dies
2885 5614 3004 5670 quae
3047 5599 3259 5668 expleta
3312 5606 3518 5666 septem

1940 5694 2153 5748 dierum
2183 5695 2553 5751 vicissitudine
2604 5694 2870 5764 sequitur,
2920 5691 3127 5748 scilicet
3171 5698 3360 5746 octava
3411 5698 3516 5746 est.

1943 5783 2094 5841 Unde
2121 5795 2176 5842 et
2199 5785 2482 5843 Psalmista
2523 5783 2939 5842 resurrectionis
2965 5784 3108 5840 diem
3146 5783 3515 5842 considerans.
