3902 6162
356 359 489 415 lOlE

352 565 612 635 prtemisit
659 561 894 624 titulum,
938 578 955 610 ‹
1009 560 1066 615 In
1113 561 1273 615 ﬁnem
1323 560 1570 615 Psalmus
1624 559 1788 614 David
1839 574 1938 628 pro

352 662 562 709 octava.
596 673 614 704 ι
647 652 716 707 Ut
743 652 887 705 enim
912 665 1074 720 quam
1101 659 1348 706 octaVam
1376 652 1580 706 diceret
1606 652 1942 705 demonstra-

354 753 456 809 ret,
485 744 626 797 diem
675 742 819 795 illam
853 742 1112 796 tremendi
1141 743 1366 797 terroris
1394 743 1447 795 in
1491 741 1678 811 psalmi
1724 742 1941 796 inchoa-

353 837 552 888 tionem
585 843 805 887 secutus
834 840 937 895 est,
968 833 1157 887 dicens
1183 851 1195 884 :
1230 851 1247 882 ι
1281 831 1523 895 Domine,
1550 848 1620 886 ne
1652 833 1704 885 in
1736 833 1817 886 ira
1847 840 1938 885 tua

351 938 551 994 arguas
575 936 680 985 me,
714 937 889 991 neque
915 923 969 976 in
998 920 1181 975 furore
1230 930 1320 975 tuo
1360 921 1625 990 corripias
1654 935 1739 974 me
1768 916 1940 991 (Psal.

352 1018 492 1090 νὴ.»
552 1016 868 1086 Septenario
922 1012 1460 1084 numerokperfectio
1509 1012 1830 1067 mternitatis
1864 1012 1945 1066 in-

352 1108 556 1174 nuitur,
589 1123 711 1162 eum
752 1107 867 1161 dies
914 1106 1176 1175 septimus
1202 1107 1254 1159 in
1301 1105 1542 1175 requiem
1573 1103 1785 1158 Domini
1815 1110 1945 1156 san-

352 1198 624 1254 ctiﬁcatus
647 1204 896 1261 vocatur,
929 1210 1051 1250 cum
1082 1194 1194 1265 jam
1244 1209 1465 1265 vespera
1494 1196 1673 1249 inesse
1710 1208 1815 1247 non
1866 1193 1948 1246 di-

352 1289 515 1353 citur,
566 1288 692 1358 quia
736 1294 955 1341 aeternae
1002 1284 1350 1339 beatitudinis
1392 1285 1609 1355 requies
1647 1284 1794 1338 nullo
1840 1294 1950 1338 ter—

356 1381 504 1434 mino
534 1386 864 1433 coarctatur.
896 1376 1033 1431 llinc
1059 1386 1143 1431 est
1168 1378 1333 1432 etiam
1360 1378 1504 1446 quod
1534 1376 1653 1447 lege
1681 1376 1805 1429 data
1834 1376 1951 1430 dies

356 1469 620 1538 septimus
651 1467 875 1523 feriatus
900 1482 1020 1522 esse
1046 1468 1360 1537 prateipitur
1390 1466 1588 1539 (Exod.
1617 1482 1734 1530 xm,
1759 1466 1949 1536 xxxv),

360 1571 419 1615 ut
446 1571 646 1617 aeterna
694 1577 793 1631 per
839 1561 987 1614 illum
1038 1560 1254 1629 requies
1298 1560 1632 1630 designetur,
1680 1558 1805 1627 quia
1856 1549 1955 1626 per

358 1653 725 1724 scptenarium
778 1666 1064 1705 numerum
1116 1650 1400 1720 praesentis
1456 1650 1581 1703 vitze
1630 1648 1955 1703 universitas

357 1745 690 1814 designatur.
741 1740 893 1796 Tunc
941 1740 1113 1809 magis
1157 1739 1482 1803 ostenditur,
1512 1753 1633 1793 cum
1682 1745 1802 1808 post
1828 1751 1953 1791 eum

989 358 1050 412 B.
1089 355 1345 411 RABANI
1384 354 1607 412 MAUltl
1644 354 1961 409 ARCillEP.
2008 353 2319 410 MOGUNT.
2361 349 2649 409 OPERUM
2688 352 2869 410 PARS
2904 355 2947 410 I.

352 476 477 544 quia
505 474 571 528 de
604 470 830 525 extremi
876 468 1064 538 judicii
1112 477 1227 525 erat
1276 470 1612 525 districtione
1644 470 1941 531 locaturus,
1975 472 2020 529 Α

3506 360 3655 414 1016

2125 488 2143 518 ι
2178 467 2294 523 Non
2328 468 2573 539 accipiet
2594 470 2854 527 Dominus
2883 485 3172 540 personam
3220 474 3276 528 in
3324 489 3656 546 pauperem,

2054 578 2069 608 ι
2114 568 2167 614 ct
2220 560 2656 629 deprecationem
2710 559 2819 635 lmsi
2852 562 3148 618 .exaudiet.
3205 563 3323 620 Non
3380 567 3664 636 despiciet

2051 668 2067 697 ι
2100 665 2289 718 preces
2317 650 2526 719 pupilli,
2575 663 2673 703 nec
2719 651 2962 717 viduam,
3004 653 3053 707 si
3098 652 3336 707 eﬂundat
3375 655 3665 725 loquelam

2050 759 2069 789 ‹
2099 741 2351 809 gemitus.
2396 739 2580 794 Nonne
2627 741 2878 812 lacrymre
2926 744 3103 798 viduae
3147 744 3213 799 ad
3244 746 3533 801 maxillam
3570 749 3664 801 dc-

2051 850 2069 880 ι
2105 832 2388 893 scendunt,
2437 839 2492 885 et
2536 831 2863 887 exclamatio
2905 833 3023 901 ejus
3077 849 3241 904 super
3287 837 3666 891 deducentem

2053 939 2069 970 ι
2099 920 2227 975 eas?
2253 920 2296 973 A
2344 921 2557 974 maxilla
2601 921 2745 975 enim
2781 922 3082 976 ascendunt
3119 940 3291 993 usque
3320 928 3385 979 ad
3424 927 3667 991 cadum,

2055 1030 2072 1061 ι
2101 1019 2155 1065 et
2182 1011 2442 1065 Dominus
2482 1011 2771 1065 exauditur
2811 1027 2917 1066 non
2962 1013 3321 1070 delectabitur
3369 1018 3421 1071 in
3471 1018 3616 1073 illis.
3646 1040 3663 1070 ι

2049 1105 2163 1161 Non
2195 1105 2424 1174 accipiet
2479 1104 2738 1159 Dominus
2788 1120 3077 1175 personam
3129 1108 3182 1161 in
3236 1124 3560 1179 pauperem,
3615 1122 3671 1167 et

2049 1201 2479 1271 deprecationem
2502 1204 2611 1259 laesi
2639 1206 2912 1269 exaudiet,
2937 1208 3191 1275 quoniam
3222 1224 3326 1261 non
3353 1211 3669 1263 secundum

2050 1310 2403 1364 personarum
2448 1296 2763 1366 qualitatem
2790 1296 2994 1366 judicat
3036 1302 3509 1370 qucrnquam,sed
3567 1318 3668 1355 se-

2052 1386 2288 1440 cundum
2310 1402 2489 1441 cansm
2522 1389 2810 1443 rationem.
2834 1408 2852 1438 ι
2890 1386 3079 1445 Justus
3101 1392 3244 1444 enim
3277 1392 3540 1447 Dominus
3582 1402 3674 1447 est

2053 1486 2108 1530 et
2128 1476 2394 1547 justitiam
2439 1477 2635 1547 diligit,
2666 1479 2976 1549 aequitatem
3010 1480 3145 1534 vidit
3176 1482 3355 1537 vultus
3376 1483 3520 1552 ejus,
3564 1498 3671 1537 nec

2055 1568 2262 1638 spernit
2286 1584 2463 1637 neque
2488 1569 2717 1638 despicit
2739 1580 2929 1638 preces
2954 1583 3272 1639 pauperum,
3304 1572 3674 1639 pupillorum,

2056 1667 2110 1714 et
2132 1659 2454 1726 viduarum;
2506 1660 2597 1714 sed
2643 1660 2771 1713 dum
2810 1660 3163 1715 clamaverint
3208 1662 3273 1714 ad
3302 1660 3453 1725 eum,
3483 1678 3673 1717 exau-

2058 1752 2167 1807 diet
2190 1750 2330 1816 illos,
2362 1759 2417 1806 et
2447 1750 2623 1805 salvos
2672 1748 2834 1805 faciet
2879 1765 2975 1805 eos
3013 1752 3268 1821 quoniam
3301 1764 3683 1822 speraventnt

359 1847 572 1903 quoque
597 1831 762 1886 etiam
806 1830 1119 1884 octonarins
1168 1827 1549 1896 subinfcrtur;
1587 1828 1952 1897 scptenarium
1982 1833 2029 1890 Β
2058 1844 2112 1898 in
2138 1859 2261 1898 eum
2294 1841 2466 1915 (Ρδαι,
2498 1843 2575 1913 χ),
2600 1863 2618 1894 ,
2647 1841 2870 1914 Mysum
2897 1851 3075 1899 autem
3101 1844 3218 1898 is“.
3247 1859 3496 1914 persona,
3521 1860 3675 1913 pa",

358 1923 556 1993 quippe
584 1936 707 1977 cum
730 1921 905 1975 adhuc
932 1920 1069 1974 alius
1095 1920 1361 1988 sequitur,
1393 1934 1463 1974 ex
1506 1919 1623 1988 ipso
1653 1919 1771 1989 ejus
1794 1932 1953 1989 argu-

359 2020 540 2068 mento
566 2012 913 2081 exprimitur,
941 2012 1067 2081 quia
1113 2011 1348 2065 ﬁnienda
1381 2019 1625 2081 tempora
1650 2010 1952 2065 aeternitate

357 2102 765 2157 concludantur.
795 2101 1067 2172 Scriptum
1096 2110 1213 2156 est:
1246 2121 1263 2152 ι
1293 2103 1370 2155 Da
1397 2110 1580 2170 partes
1601 2110 1825 2171 septem,
1852 2115 1955 2158 nec

359 2209 463 2247 non
494 2202 549 2247 et
570 2203 715 2248 octo.
739 2212 757 2244 ›
791 2192 896 2247 Per
917 2192 1286 2263 septenarium
1313 2193 1511 2263 quippe
1539 2207 1825 2247 numerum
1851 2193 1954 2247 hoc

360 2284 503 2352 quod
526 2291 732 2352 septem
762 2281 952 2336 diebus
996 2282 1196 2352 agitur,
1223 2297 1463 2352 praesens
1494 2289 1706 2353 tempus
1733 2297 1954 2352 expres-

357 2373 598 2441 sit;per
643 2371 984 2426 octonarium
1039 2385 1170 2426 vero
1226 2372 1393 2426 vitam
1444 2380 1765 2442 perpetuam
1811 2372 1954 2427 desi-

359 2462 581 2530 gnavit:
616 2476 777 2530 quam
815 2470 995 2516 tamen
1044 2476 1141 2516 sua
1193 2462 1350 2516 nobis
1392 2461 1654 2516 Dominus
1704 2476 1952 2516 resurre-

359 2554 539 2609 ctione
560 2551 836 2622 patefecit,
859 2551 1285 2607 cum'Dominioo
1305 2550 1513 2608 scilicet
1528 2552 1616 2607 die
1635 2552 1954 2618 resurrexit,

361 2647 452 2715 qui
490 2645 619 2700 dum
658 2645 801 2700 diem
832 2645 1140 2713 septimum,
1162 2644 1219 2698 id
1243 2656 1344 2710 est,
1382 2646 1663 2700 sabbatum
1692 2645 1955 2713 sequitur,

361 2753 391 2790 a
426 2736 736 2793 conditione
773 2742 999 2790 octavus
1043 2734 1338 2790 invenitur.
1365 2735 1422 2790 in
1464 2750 1733 2790 annorum
1781 2736 1957 2790 curri-

361 2828 482 2883 culo
512 2827 848 2897 septenarius
877 2840 1133 2882 numerus
1173 2827 1374 2897 septies
1422 2826 1814 2896 multiplicatus
1839 2842 1957 2881 mo-

362 2919 498 2974 nade
524 2916 711 2974 addito
757 2917 827 2972 ad
872 2917 1396 2987 quinquagenarium
1442 2917 1679 2981 ducitur,
1725 2925 1786 2971 ut
1837 2932 1960 2987 per-

362 3022 597 3084 petuam.
622 3010 1017 3068 beatitudinem
1064 3025 1304 3075 sumens,
1348 3009 1547 3065 Jubilei
1594 3009 1961 3065 sacratissima

364 3106 580 3175 requies
614 3105 956 3161 observetur.
992 3103 1342 3173 Septenarius
1390 3117 1650 3159 numerus
1698 3102 1839 3172 apud
1866 3117 1956 3157 sa—

2056 1933 2219 2003 peris,
2255 1932 2438 2003 pupilli
2471 1939 2524 1985 et
2550 1933 2745 1992 vidnze.
2772 1943 3002 2002 possunt
3028 1932 3334 2003 signiﬁcare
3359 1934 3678 1987 Ecclesium

2056 2030 2113 2078 et
2159 2022 2419 2093 populum
2475 2021 2890 2088 Christianum;
2943 2024 3009 2076 de
3058 2036 3167 2091 quo
3223 2022 3491 2090 scriptum
3540 2034 3674 2077 est:

2062 2133 2081 2166 ι
2112 2114 2234 2169 Tibi
2263 2114 2409 2169 enim
2457 2113 2751 2169 derelictus
2801 2122 2885 2168 est
2928 2127 3149 2184 panper,
3201 2113 3408 2183 pupillo
3463 2122 3519 2166 tu
3550 2116 3674 2169 eris

2056 2206 2271 2278 adjutor
2304 2205 2475 2277 (Psal.
2499 2205 2599 2277 ix).
2634 2225 2651 2258 ο
2701 2223 2720 2255 ‹
2750 2205 2899 2260 Beati
2942 2206 3086 2260 enim
3125 2219 3392 2275 pauperes
3439 2204 3678 2273 spiritu,

2056 2298 2312 2369 quoniam
2344 2298 2582 2367 ipsorum
2607 2305 2691 2351 est
2719 2311 2948 2366 regnum
2979 2294 3241 2350 caelorum
3272 2293 3492 2366 (Matth.
3518 2294 3620 2361 v);
3648 2316 3668 2346 ι

2056 2400 2114 2446 ct
2149 2389 2274 2444 alibi
2303 2408 2314 2442 :
2355 2407 2372 2439 ι
2406 2388 2632 2444 Viduam
2663 2386 2778 2456 ejus
2802 2387 3129 2441 benedicens
3156 2386 3498 2447 benedicam,
3526 2401 3673 2455 pauo

2058 2494 2224 2552 percs
2250 2479 2369 2550 ejus
2398 2479 2655 2534 saturabo
2699 2476 2930 2549 panibus
2966 2472 3141 2547 (Psnl.
3176 2481 3379 2547 cxxxr).
3419 2496 3439 2527 ι
3495 2476 3683 2543 Htijos

2057 2589 2189 2643 ergo
2214 2572 2389 2627 viduae
2432 2570 2686 2642 lacrymze
2729 2585 2759 2624 a
2800 2570 3018 2624 maxilla
3070 2571 3362 2624 ascendunt
3394 2582 3584 2637 usque
3609 2570 3686 2624 ad

2059 2665 2276 2729 coelum,
2322 2666 2446 2737 quia
2487 2665 2698 2720 dolores
2728 2663 3165 2735 persecutionum
3197 2677 3330 2733 quas
3368 2663 3597 2730 patitur
3622 2664 3681 2717 in

2058 2758 2311 2829 praesenti
2338 2756 2553 2820 saeculo,
2586 2763 2861 2827 aspectum
2891 2754 3193 2809 divinitatis
3220 2753 3443 2807 minime
3470 2751 3684 2808 latent.

2063 2849 2216 2906 Unde
2244 2859 2299 2904 et
2326 2848 2402 2902 illi
2449 2847 2650 2902 laboris
2684 2847 2767 2900 sui
2813 2845 3119 2900 mercedem
3164 2845 3219 2897 in
3270 2842 3458 2897 futuro
3481 2844 3684 2913 justus

2054 2939 2218 3010 judex
2251 2940 2521 2999 restituet.
2550 2947 2606 2993 et
2626 2937 2877 2993 hostibus
2901 2936 3194 2991 vindictam
3240 2932 3438 2989 merita
3467 2934 3684 2991 inferni

2064 3031 2323 3102 rependet
2354 3046 2537 3102 poena.

2142 3140 2161 3171 ι
2195 3120 2297 3188 Qui
2329 3121 2521 3175 adorat
2550 3121 2719 3174 Deum
2745 3120 2796 3174 in
2829 3118 3209 3183 oblectatione,
3233 3119 3588 3188 suscipietur,
3618 3129 3681 3175 et

362 3200 574 3268 pientes
620 3197 779 3266 hujus
826 3196 1008 3251 stecnli
1057 3195 1292 3266 quadam
1344 3209 1441 3250 sua
1491 3188 1723 3250 habetur
1751 3195 1956 3250 ratione

2071 3231 2090 3263 ι
2119 3183 2431 3283 deprecatio
2462 3213 2605 3268 illius
2624 3226 2795 3282 usque
2819 3212 2885 3267 ad
2908 3213 3079 3267 nubes
3100 3183 3503 3283 propinquabit.
3536 3183 3682 3267 tira—

365 3290 657 3359 perfectus,
706 3290 832 3359 quia
862 3304 933 3343 ex
968 3289 1143 3359 primo
1189 3289 1306 3357 pari
1351 3296 1408 3342 et
1451 3303 1517 3343 ex
1562 3288 1739 3358 primo
1768 3286 1961 3357 impari

365 3387 811 3436 consummatur:
862 3379 1068 3448 primus
1112 3379 1255 3433 enim
1307 3379 1503 3448 impar,
1547 3377 1814 3431 ternarius
1856 3385 1959 3439 est,

367 3472 682 3539 primusque
728 3485 848 3539 par,
906 3468 1327 3538 quaternarius;
1387 3482 1451 3522 ex
1505 3468 1705 3538 quibus
1753 3468 1963 3521 duobus

368 3561 708 3631 septenarius
735 3568 968 3624 constat,
998 3560 1089 3629 qui
1119 3558 1322 3613 eisdem
1362 3559 1608 3628 partibus
1646 3558 1758 3612 suis
1785 3557 1963 3613 inulti-

369 3653 599 3721 plicatus
634 3651 688 3704 in
736 3650 1126 3705 duodenarium
1168 3649 1362 3720 surgit.
1411 3647 1544 3702 Nam
1589 3648 1702 3703 sive
1729 3656 1838 3703 tres
1864 3663 1963 3717 per

368 3753 602 3814 quatuor
622 3756 718 3797 seu
745 3750 977 3811 quatuor
1010 3752 1107 3809 per
1134 3748 1247 3793 tres
1276 3740 1544 3803 ducimus,
1588 3740 1655 3794 ad
1690 3739 1963 3795 duodena-

373 3838 511 3890 rium
537 3835 905 3905 pervenimus.
958 3833 1067 3887 Nos
1093 3832 1222 3902 quia
1268 3846 1503 3901 superno
1544 3844 1771 3886 munere
1815 3831 1960 3886 veri-

370 3930 499 3984 tatis
544 3928 965 3998 praadicamenta
1011 3926 1368 3996 percepimus,
1419 3924 1535 3978 haec
1583 3924 1688 3977 lixa
1723 3922 1993 3978 scientiae.

372 4019 655 4074 altitudine
680 4017 1022 4087 despicienda
1063 4015 1377 4071 calcamus:
1430 4014 1534 4068 hoc
1582 4013 1964 4083 proculdubio

374 4110 691 4163 inconcussa
720 4107 825 4162 ﬁde
846 4107 1160 4169 retinentes,
1187 4105 1312 4174 quia
1338 4119 1474 4173 quos
1517 4102 1751 4172 Spiritus
1777 4104 1965 4173 gratia:

372 4198 704 4268 septiformis
751 4194 1042 4267 repleverit
1072 4195 1324 4265 .perﬁcit,
1386 4195 1571 4263 eisque
1631 4209 1738 4249 non
1790 4194 1963 4248 solum

375 4289 659 4343 Trinitatis
685 4289 956 4352 notitiam,
984 4287 1079 4342 sed
1122 4287 1286 4341 etiam
1328 4286 1592 4339 virtutum
1624 4291 1876 4354 quatuor,
1913 4282 1965 4337 id

372 4387 474 4441 est,
504 4380 823 4449 prudentiae,
850 4376 1246 4448 temperantiae,
1291 4375 1646 4441 fortitudinis,
1690 4382 1852 4445 atque
1880 4374 1967 4443 ju-

373 4471 534 4528 stitiaa
560 4472 929 4542 operationem
958 4472 1177 4541 praibet.

1003 4558 1230 4614 CAPUT
1270 4558 1334 4612 V.

376 4654 649 4724 Sapientia
680 4664 849 4708 monet
875 4667 981 4724 non
1011 4667 1119 4706 esse
1146 4650 1413 4724 offerenda
1449 4663 1668 4701 munera
1696 4646 1960 4724 prava,_id

444 4720 519 4778 est
552 4740 655 4778 non
696 4734 922 4788 tempore
950 4723 1170 4787 incerto,
1220 4737 1313 4775 nec
1355 4720 1494 4789 ipsas
1540 4733 1723 4790 preces
1759 4720 1958 4771 oratio-

446 4811 636 4864 nesque
662 4794 958 4848 inconditas
1005 4801 1053 4846 et
1095 4787 1450 4864 infructuosus
1484 4802 1500 4838 :
1541 4787 1673 4859 ’quia
1705 4787 1838 4841 bona
1886 4798 1961 4841 est

448 4862 615 4917 oratio
638 4882 754 4918 cum
772 4864 979 4934 jejunio
1006 4873 1052 4915 et
1080 4862 1425 4932 eleemosyna.

453 4973 470 5001 ι
502 4953 617 5008 Noli
648 4953 844 5009 offerre
886 4968 1113 5008 munera
1159 4968 1345 5023 prava,
1388 4968 1494 5006 non
1525 4953 1667 5006 enim
1710 4949 1966 5019 suscipiet

384 5065 401 5094 ι
434 5044 518 5098 illa
548 5061 561 5107 ;
592 5053 648 5096 et
682 5045 789 5099 noli
830 5043 1100 5114 inspicere
1146 5043 1470 5099 sacriﬁcium
1514 5043 1798 5115 injustum,
1833 5056 1968 5111 quo—

386 5157 403 5187 ‹
425 5136 569 5189 niam
596 5135 852 5190 Dominus
874 5136 1036 5206 judex
1052 5144 1150 5195 est.
1170 5146 1224 5190 et
1237 5153 1341 5192 non
1359 5147 1439 5191 est
1458 5137 1596 5206 apud
1623 5136 1775 5190 illum
1802 5135 1968 5204 gloria

385 5249 402 5280 ι
426 5238 697 5298 ’personm.
721 5245 740 5276 ι
774 5224 929 5295 Apud
959 5240 1251 5294 supernum
1292 5226 1528 5293 judicem
1568 5240 1673 5279 non
1697 5224 1971 5294 quantitas

382 5316 643 5382 muneris,
672 5330 773 5370 nec
800 5328 1027 5386 persona
1050 5315 1282 5385 potentis
1310 5315 1648 5384 appenditnr,
1680 5316 1772 5369 sed
1803 5330 1943 5384 quan

383 5413 508 5466 titas
539 5409 856 5474 devotionis,
889 5416 944 5464 et
986 5407 1265 5463 humilitas
1298 5407 1495 5463 cordis.
1546 5407 1670 5462 ideo
1700 5408 1966 5472 hortatur,

383 5512 442 5557 ut
468 5519 571 5558 non
599 5517 665 5557 ex
697 5502 880 5571 iniquo
928 5500 1079 5555 lucro
1108 5496 1399 5555 offeramus
1447 5515 1670 5555 munera
1715 5501 1845 5563 Deo,
1874 5500 1969 5554 sed

385 5610 449 5646 ex
478 5594 660 5647 labore
683 5594 864 5663 justo:
899 5592 1157 5662 quoniam
1182 5593 1442 5648 Dominus
1466 5592 1647 5664 justus
1671 5589 1834 5661 judex
1863 5599 1967 5657 est,

388 5699 487 5737 nec
522 5684 716 5753 accipit
742 5698 1029 5755 personam
1055 5684 1257 5748 divitis,
1290 5699 1389 5740 nec
1424 5684 1650 5755 despicit
1679 5697 1968 5752 personam

391 5773 661 5840 pauperis.
686 5773 837 5829 Unde
867 5774 1112 5843 sequitur
1136 5793 1147 5827 :

2071 3322 2088 3354 ι
2117 3304 2193 3358 tio
2223 3303 2557 3358 bumiliantis
2581 3319 2641 3358 se
2677 3303 2850 3359 nubes
2883 3303 3210 3373 penetrabit,
3240 3311 3297 3358 et
3338 3303 3515 3358 donec
3554 3320 3681 3374 pro-

2071 3410 2088 3443 ι
2116 3394 2341 3462 pinquet
2383 3409 2490 3448 non
2544 3393 2931 3455 consolabitur,
2962 3401 3018 3447 et
3063 3408 3169 3447 non
3220 3393 3465 3448 discedet
3496 3394 3680 3448 donec

2070 3502 2090 3534 ι
2122 3484 2347 3552 aspiciat
2370 3482 2699 3538 Altissimus.
2742 3482 2809 3537 Et
2833 3482 3093 3537 Dominus
3120 3498 3229 3538 non
3253 3483 3558 3553 elongaoit,
3579 3486 3685 3538 sed

2071 3600 2088 3629 ι
2112 3579 2377 3649 judicabit
2419 3578 2596 3650 justos
2620 3587 2675 3632 et
2703 3570 2865 3634 faciet
2910 3577 3197 3647 judicium,
3243 3586 3299 3631 et
3334 3577 3681 3632 fortissimus

2072 3690 2089 3721 ι
2123 3686 2229 3725 non
2273 3670 2495 3725 habebit
2524 3671 2576 3724 in
2618 3670 2724 3725 illis
2766 3670 3102 3740 patientiam,
3149 3682 3433 3739 quousque
3460 3667 3677 3722 contri-

2072 3780 2090 3812 ‹
2119 3762 2268 3817 buiet
2310 3760 2530 3817 dorsum
2578 3762 2858 3831 ipsorum;
2898 3769 2953 3815 et
2980 3760 3231 3831 gentibus
3281 3758 3475 3813 reddet
3498 3758 3679 3813 vindi-

2073 3870 2091 3904 ι
2121 3860 2284 3917 ctam,
2323 3852 2495 3907 donec
2539 3850 2691 3905 tollat
2736 3850 3127 3920 plenitudinem
3171 3846 3578 3917 superborum;
3620 3856 3681 3902 et

2073 3966 2091 3996 ι
2122 3954 2334 4016 sceptra
2362 3944 2668 4012 iniquorum
2691 3941 3037 4006 contribuiet,
3065 3941 3239 3996 donec
3268 3940 3462 3995 reddat
3492 3940 3680 3996 homi—

2075 4057 2092 4087 ι
2126 4037 2284 4094 uibus
2332 4036 2627 4091 secundum
2680 4042 2833 4089 actus
2879 4048 3024 4096 suos,
3054 4042 3109 4087 et
3160 4033 3459 4087 secundum
3499 4048 3675 4103 opera

2075 4149 2091 4180 ι
2123 4128 2272 4193 Adm,
2326 4135 2381 4182 et
2430 4126 2725 4181 secundum
2762 4125 3244 4194 praesumptionem
3293 4122 3460 4188 illius,
3497 4124 3677 4179 donec

2075 4240 2091 4272 ι
2116 4220 2322 4289 judicet
2345 4219 2606 4289 judicium
2661 4216 2832 4286 plebis
2868 4231 3001 4279 suae,
3055 4224 3109 4270 et
3155 4215 3452 4269 obiectabit
3493 4215 3677 4283 justus

2075 4331 2091 4363 ι
2125 4310 2494 4365 misericordia
2523 4324 2638 4361 sua.
2667 4329 2682 4358 ι
2732 4307 2827 4361 Hic
2862 4308 3008 4361 locus
3038 4314 3184 4360 totus
3225 4307 3292 4359 ad
3333 4305 3671 4374 superiorem

2070 4401 2289 4469 respicit
2328 4412 2567 4460 sensum,
2617 4397 2741 4466 quia
2778 4396 3038 4449 Dominus
3082 4395 3387 4450 orationem
3434 4392 3671 4448 ﬁdelium

2070 4508 2312 4558 suorum,
2341 4508 2462 4563 quzc
2502 4492 2593 4561 pio
2621 4489 2812 4544 all'ectn
2845 4491 3241 4560 transgreditur
3270 4488 3444 4542 nubes
3465 4496 3523 4542 et
3558 4503 3669 4543 cm-

1987 4553 2147 4639 Dlos
2172 4591 2440 4653 penetrat,
2492 4580 2918 4636 misericorditer
2963 4581 3225 4645 exaudit;
3282 4580 3543 4649 quoniam
3592 4580 3668 4634 in-

2069 4686 2277 4733 stanter
2289 4684 2341 4729 ct
2360 4681 2774 4745 perseveranter
2797 4673 3039 4743 quotidie
3061 4671 3209 4727 illum
3226 4680 3339 4725 tam
3362 4686 3464 4741 pro
3478 4682 3662 4727 semet

2072 4768 2203 4838 ipsis
2252 4781 2414 4836 quam
2445 4766 2610 4820 etiam
2644 4780 2741 4836 pro
2767 4765 2880 4820 suis
2922 4764 3172 4819 omnibus
3201 4764 3593 4833 deprecantur,
3620 4770 3665 4817 et

2075 4879 2177 4917 non
2212 4868 2426 4917 cessant
2481 4860 2651 4913 donec
2698 4856 3120 4912 consolationem
3170 4856 3238 4910 ab
3285 4870 3349 4911 eo
3381 4855 3663 4924 accipiant.

2079 4953 2228 5008 Unde
2256 4963 2311 5007 et
2332 4951 2589 5005 Dominus
2614 4950 2727 5017 ipse
2757 4964 2860 5002 non
2907 4944 3178 5017 elongabit
3202 4945 3269 4999 ab
3306 4945 3387 5000 eis
3412 4945 3663 4998 auxilium

2074 5061 2250 5109 suum,
2302 5043 2395 5098 sed
2441 5041 2707 5111 judicabit
2752 5040 2952 5111 justos,
3003 5035 3206 5091 faciens
3258 5037 3337 5092 eis
3377 5035 3656 5105 judicium.

2074 5148 2127 5194 et
2155 5137 2402 5193 districto
2442 5134 2739 5204 iudicando
2784 5130 3025 5203 proferet
3065 5128 3328 5203 ultionem
3376 5129 3432 5183 in
3480 5128 3665 5182 advero

2075 5228 2250 5284 sarios
2278 5238 2424 5291 Suos,
2455 5239 2562 5279 non
2595 5223 2747 5293 prius
2787 5235 3027 5285 cessans,
3060 5218 3233 5274 donec
3270 5218 3455 5273 hostes
3479 5228 3662 5269 eorum

2073 5320 2312 5392 perfecte
2354 5316 2564 5388 puniat,
2613 5313 2844 5369 reddens
2878 5311 2959 5366 eis
3007 5309 3331 5380 condignam
3376 5305 3661 5360 vindictam

2075 5424 2354 5482 quousque
2375 5406 2781 5461 universitatem
2811 5401 3236 5473 superbientium
3263 5408 3663 5470 pet-secutorum

2074 5503 2227 5558 tollat
2273 5501 2338 5556 de
2394 5496 2681 5569 superﬁcie
2727 5504 2905 5560 terrae,
2958 5502 3014 5548 et
3057 5501 3269 5562 sceptra
3314 5499 3663 5561 tyrannorum

2076 5595 2407 5663 iniquorum,
2450 5589 2543 5659 qui
2575 5586 2858 5642 tormentis
2903 5585 3135 5640 diversis
3172 5582 3507 5639 eonfessores
3538 5591 3662 5632 mos

2077 5680 2493 5742 interﬁciebant,
2547 5684 2810 5737 conterat,
2874 5674 3105 5728 reddens
3156 5673 3424 5743 perversis
3470 5683 3666 5724 secun-

2078 5774 2202 5826 dum
2230 5778 2384 5824 actus
2427 5783 2574 5834 suos,
2599 5777 2652 5822 ct
2696 5765 2991 5821 secundum
3024 5780 3188 5834 opera
3234 5764 3376 5830 Adzc,
3424 5763 3527 5815 hoc
3556 5769 3667 5812 est.
