3902 6162
316 313 446 367 ΜΠ

1168 310 1522 369 COMMENT.
1566 314 1633 368 ΙΝ
1674 310 2282 369 ECCLESIASTICUM.
2324 342 2387 351 —
2433 311 2563 365 LIB.
2607 306 2739 366 Vili.

3446 320 3580 376 1018

307 425 470 497 primi
495 420 731 479 hominis
756 421 989 492 lapsum,
1018 423 1107 493 qui
1139 434 1567 495 praesumptuose
1606 435 1905 494 transgres-
1931 426 1980 483 Α
2008 423 2189 492 pepuli
2230 422 2344 485 Dei,
2379 422 2722 491 postmodum
2776 422 2908 475 ﬁant
2957 421 3151 479 fratres
3183 432 3239 479 et
3278 434 3584 487 conteredes

307 532 404 571 sus
431 526 516 571 est
546 514 797 569 mandata
831 514 966 577 Dei;
1009 516 1152 569 unde
1193 523 1305 570 tam
1335 518 1435 570 sibi
1463 532 1622 584 quam
1654 518 1904 570 universo

305 606 495 675 generi
518 620 616 658 suo
630 604 896 658 conscivit
925 603 1141 665 pmnain
1162 606 1335 659 exsilii
1356 616 1409 659 et
1424 607 1633 668 mortis,
1658 606 1827 659 donec
1851 605 1902 658 in

307 705 557 751 extremo
579 708 829 747 examine
854 693 1016 761 judex
1042 695 1284 749 vivorum
1308 707 1362 749 et
1386 705 1720 749 mortuorum
1745 694 1905 748 faciet

304 787 573 857 judicium
612 784 786 854 plebis
817 801 948 847 sum,
979 794 1035 839 et
1063 785 1355 840 obiectabit
1378 785 1556 854 justos
1597 786 1905 840 misericor-

309 878 399 932 dia
429 890 546 939 sua,
576 874 910 929 transferens
949 875 1069 930 illos
1097 876 1167 929 ad
1214 891 1435 946 regnum
1480 877 1670 946 patris,
1714 877 1805 931 ubi
1849 877 1902 930 in

312 968 766 1038 contemplatione
792 966 971 1021 vultus
993 969 1075 1022 sui
1102 969 1260 1024 beate
1285 971 1528 1024 viventes
1552 969 1903 1023 delectatione

310 1059 564 1114 fruentur
592 1066 872 1128 perpetua.

932 1165 1158 1222 CAPUT
1190 1169 1275 1221 Vl.

358 1292 359 1295 η
424 1257 730 1328 Deprectuio
758 1257 827 1310 ad
859 1257 1025 1310 Deum
1048 1266 1096 1309 et
1123 1256 1238 1310 laus
1270 1259 1646 1311 misericordia:
1671 1257 1786 1311 Dei.

395 1387 413 1419 ι
459 1366 716 1438 Speciosa
744 1364 1119 1421 misericordia
1174 1368 1263 1421 Dei
1320 1368 1371 1421 in
1399 1377 1636 1438 tempore
1679 1368 1901 1422 tribula-

325 1479 342 1511 ι
386 1459 572 1524 tionis,
602 1457 754 1527 quasi
784 1458 955 1512 nubes
981 1458 1176 1526 pluviae
1203 1458 1254 1511 in
1288 1467 1531 1527 tempore
1559 1459 1839 1513 siccitatis.
1877 1481 1893 1512 ι

319 1549 473 1603 Sicut
502 1550 553 1603 iu
577 1558 820 1617 tempore
847 1548 1111 1602 siccitatis
1152 1549 1318 1603 nubes
1358 1549 1590 1617 pluviam
1624 1559 1781 1604 terra:
1803 1566 1901 1621 op-

303 1634 606 1710 portunam
637 1639 868 1704 confert,
896 1638 974 1693 sic
998 1648 1053 1693 et
1078 1640 1444 1693 misericordia
1468 1640 1562 1694 Dei
1595 1642 1903 1695 necessario

318 1729 571 1783 humanas
597 1729 837 1783 occurrit
876 1729 1182 1783 infirmitati
1218 1730 1270 1783 in
1319 1739 1560 1799 tempore
1592 1731 1900 1786 tribulatio-

320 1822 426 1884 nis,
466 1821 591 1889 quia
640 1821 740 1875 soli
795 1821 869 1875 illi
928 1823 1187 1891 competit
1239 1837 1403 1892 opere
1458 1839 1557 1877 suo
1606 1824 1902 1881 multifario

320 1913 571 1967 conferre
623 1927 781 1980 opem
810 1913 1177 1967 miserationis
1209 1929 1338 1979 suae,
1369 1916 1435 1969 de
1486 1932 1594 1985 quo
1640 1918 1901 1985 scriptum

318 2016 440 2060 est:
477 2026 495 2057 ι
526 2004 720 2060 Suavis
770 2006 1027 2060 Dominus
1075 2007 1366 2072 universis,
1420 2018 1475 2063 et
1524 2011 1901 2066 miserationes

320 2100 439 2169 ejus
463 2114 623 2171 super
643 2100 822 2153 omnia
849 2115 1013 2167 opera
1039 2098 1154 2166 ejus
1175 2097 1349 2169 (Ρεᾱι.
1383 2100 1582 2156 cxuvl.

918 2209 1147 2265 CAPUT
1194 2211 1306 2265 VII.

845 2297 1030 2353 Oratio
1072 2299 1375 2372 Sapientia).

394 2407 542 2481 (Car.
575 2408 782 2480 xxxvr.)
820 2428 838 2459 ‹
874 2409 1130 2465 Miserere
1157 2412 1348 2477 nostri,
1376 2412 1520 2467 Deus
1556 2414 1821 2482 omnium,
1846 2424 1903 2472 et

324 2519 343 2550 ι
387 2502 594 2570 respice
618 2517 739 2564 nos,
770 2507 825 2555 et
852 2492 1077 2555 ostende
1108 2502 1263 2555 nobis
1284 2502 1459 2557 lucem
1490 2505 1899 2560 miserationum

324 2613 343 2643 ι
387 2600 639 2658 tuarum;
673 2602 727 2646 et
755 2593 987 2647 immitte
1039 2593 1289 2647 timorem
1334 2603 1483 2649 tuum
1524 2612 1689 2667 super
1711 2610 1902 2667 gentes

324 2701 343 2732 α
384 2698 504 2752 quae
549 2699 656 2736 non
686 2683 1059 2751 exquisierunt
1089 2691 1162 2749 te,
1194 2692 1249 2736 et
1276 2694 1607 2754 cognoscant
1643 2688 1767 2755 quia
1794 2702 1899 2741 non

324 2790 343 2823 ε
384 2781 466 2826 est
497 2773 638 2827 Deus
668 2772 770 2826 nisi
806 2781 883 2837 tu,
942 2780 1001 2825 ut
1027 2782 1283 2827 enat-rent
1323 2775 1591 2842 magnalia
1624 2784 1735 2829 tua.
1767 2796 1785 2828 ι
1821 2776 1900 2830 Ex

316 2879 551 2933 persona
608 2862 844 2917 ﬁdelium
896 2864 1159 2933 sapientia
1223 2864 1405 2935 dirigit
1478 2868 1784 2922 orationem
1832 2867 1899 2922 ad

319 2955 513 3018 Deum,
540 2962 600 3007 ut
625 2954 844 3007 dextera
904 2969 1013 3007 suae
1062 2955 1319 3022 potentiae
1368 2955 1620 3037 defendat
1673 2957 1816 3025 illos,
1845 2966 1899 3013 et

318 3043 558 3099 inimicis
608 3044 720 3098 suis
764 3043 953 3098 reddat
988 3045 1398 3100 retributionem
1437 3047 1597 3117 justa:
1624 3048 1895 3116 vindictae,

2008 513 2158 582 regni
2195 511 2452 565 caelestis.

2083 621 2103 653 ι
2140 603 2340 655 litnova
2396 603 2566 671 signa,
2618 611 2671 655 et
2709 611 2933 656 immuta
2986 603 3275 660 mirabilia.
3333 607 3585 663 Glorifiea

2012 710 2031 742 ι
2070 709 2288 746 manum
2329 703 2383 747 et
2428 693 2707 747 brachium
2754 694 3025 747 dextrum.
3078 694 3269 749 Excita
3318 695 3582 765 furorem,

2013 802 2031 834 ι
2069 793 2122 838 et
2152 784 2365 839 effunde
2411 785 2567 838 iram.
2603 785 2751 839 Tolle
2780 786 3174 852 adversarium,
3202 794 3256 840 et
3279 785 3455 855 afﬂige
3484 789 3587 842 ini-

2013 894 2031 925 ι
2070 877 2290 930 mieum.
2342 876 2561 931 Festina
2622 886 2852 945 tempus,
2911 886 2967 932 et
3015 888 3284 933 memento
3329 878 3472 944 finis,
3529 889 3586 933 ut

2012 984 2030 1017 ι
2068 976 2329 1021 enarrent
2356 967 2626 1022 mirabilia
2671 977 2784 1022 tua.
2822 988 2840 1020 ι
2876 968 2988 1023 Hoc
3022 978 3141 1023 orat
3169 978 3230 1023 ut
3261 970 3438 1024 divina
3467 984 3582 1023 ma-

1998 1057 2168 1125 jestas
2218 1074 2315 1127 per
2359 1073 2579 1112 manum
2611 1068 2663 1113 et
2686 1059 2967 1114 brachium
3024 1061 3293 1124 dextrum,
3346 1061 3449 1114 hoc
3475 1069 3577 1122 est,

2007 1150 2291 1203 Dominum
2336 1150 2608 1204 Christum
2662 1151 2922 1205 miracula
2971 1168 3090 1221 qua;
3114 1153 3416 1223 antiquitus
3468 1151 3587 1208 fue-

2008 1248 2134 1292 runt
2183 1237 2321 1293 facta
2374 1240 2616 1311 innovet
2647 1242 2979 1309 temporibus
3023 1244 3228 1311 gratiae,
3278 1252 3339 1297 ut
3365 1244 3504 1297 idem
3534 1255 3586 1298 et

2006 1344 2143 1383 unus
2175 1329 2309 1399 legis
2341 1332 2541 1385 veteris
2569 1339 2621 1386 et
2668 1348 2820 1386 nova:
2872 1333 3209 1403 intelligatur
3253 1349 3372 1389 esse
3420 1336 3581 1399 Deus,

2006 1419 2275 1473 mediator
2307 1421 2557 1475 videlicet
2603 1422 2697 1476 Dei
2731 1423 3119 1493 hominumque
3147 1425 3310 1478 homo
3338 1424 3587 1480 Christus

2005 1505 2180 1574 Jesus,
2208 1510 2299 1578 qui
2327 1526 2449 1565 cum
2481 1512 2642 1564 Patre
2665 1519 2719 1564 et
2749 1512 2953 1579 Spiritu
2984 1521 3174 1566 sancto
3204 1522 3332 1567 tunc
3360 1522 3415 1567 et
3446 1530 3587 1569 nunc

2009 1598 2138 1652 facit
2160 1600 2430 1654 mirabilia
2461 1602 2630 1656 solus.
2665 1602 2818 1668 Quod
2850 1611 3029 1656 autem
3082 1604 3318 1672 postulat
3344 1606 3586 1660 excitare

2008 1686 2247 1744 furorem
2270 1698 2326 1743 et
2349 1689 2627 1745 eli‘undere
2661 1692 2820 1755 iram,
2846 1700 2907 1745 ut
2928 1692 3220 1746 extollatur
3244 1694 3586 1750 adversarius

1931 1767 1977 1825 B
2005 1785 2060 1832 et
2093 1777 2361 1848 allligatur
2382 1780 2656 1844 inimicus,
2687 1782 2788 1835 hoc
2814 1782 3122 1851 significare
3170 1784 3302 1846 vult,
3334 1787 3476 1853 quod
3499 1801 3587 1839 ne-

2005 1868 2242 1923 cessario
2288 1882 2386 1936 per
2413 1868 2701 1922 adventum
2748 1870 2949 1924 Christi
2998 1869 3243 1924 aufertur
3284 1872 3585 1928 diabolusa

2004 1962 2259 2015 cordibus
2312 1960 2629 2024 infidelium,
2686 1978 2752 2017 ne
2799 1964 3001 2018 diutius
3035 1980 3131 2020 eos
3160 1965 3213 2019 in
3239 1982 3426 2022 errore
3447 1977 3502 2023 et
3531 1968 3584 2022 in

2005 2050 2309 2105 idololatria
2343 2060 2524 2106 teneat
2578 2053 2839 2122 captivos,
2892 2055 3035 2123 quod
3080 2065 3137 2110 et
3172 2057 3287 2126 ipse
3340 2058 3588 2114 Salvator

2004 2141 2058 2195 in
2088 2140 2381 2210 Evangelia
2404 2142 2691 2211 expressit,
2723 2144 2910 2198 dicens
2937 2158 2951 2196 :
2988 2164 3005 2195 t
3043 2145 3176 2199 Cum
3215 2145 3371 2202 fortis
3403 2164 3585 2202 arma-

2006 2238 2091 2286 tus
2116 2232 2352 2287 custodit
2378 2233 2578 2286 atrium
2621 2247 2801 2298 suum,
2830 2236 2882 2289 in
2912 2250 3046 2305 pace
3070 2244 3196 2292 sunt
3216 2253 3277 2291 ea
3302 2253 3425 2307 qua:
3462 2254 3581 2308 pos-

2003 2323 2161 2378 sidet.
2192 2322 2248 2378 Si
2277 2334 2457 2379 autem
2486 2324 2680 2380 fortior
2704 2325 2795 2380 illo
2821 2328 3207 2396 superveniens
3235 2328 3580 2391 viceriteum,

2004 2414 2256 2468 universa
2287 2429 2436 2468 arma
2488 2415 2605 2485 ejus
2636 2414 2815 2471 aufert
2844 2417 2896 2469 in
2929 2416 3127 2486 quibus
3172 2418 3501 2482 confidebat,
3532 2430 3584 2474 et

2005 2504 2173 2573 spolia
2196 2502 2311 2572 ejus
2340 2506 2616 2560 distribuit
2645 2505 2797 2575 (Luc.
2832 2505 2929 2576 χι).
2968 2527 2986 2559 ι
3019 2506 3113 2562 llle
3143 2516 3226 2563 est
3251 2509 3396 2563 enim
3424 2524 3585 2564 verus

2005 2596 2254 2651 inimicus
2296 2605 2352 2651 et
2377 2598 2550 2651 hostis
2599 2597 2781 2667 pepuli
2809 2598 2927 2663 Dei,
2982 2613 3144 2668 super
3169 2614 3329 2668 quem
3380 2600 3461 2654 ira
3491 2601 3585 2655 Dei

2004 2682 2307 2739 effundetur
2336 2701 2505 2755 usque
2535 2688 2601 2741 ad
2643 2686 2823 2747 finem,
2880 2702 2980 2742 nec
3006 2698 3091 2742 est
3138 2689 3397 2744 sanabilis
3427 2691 3584 2759 plaga

2001 2774 2138 2844 ejus.
2168 2774 2321 2840 Quod
2370 2784 2551 2830 autem
2584 2775 2713 2829 dicit
2743 2794 2755 2828 :
2789 2794 2805 2826 ι
2844 2775 3059 2830 Festina
3104 2785 3332 2849 tempus,
3365 2788 3418 2833 et
3469 2795 3585 2835 me—

2003 2874 2187 2919 mento
2225 2864 2387 2920 finis:
2428 2886 2446 2917 ι
2484 2867 2587 2920 hoc
2616 2874 2719 2929 est,
2751 2867 2895 2935 quod
2938 2866 3209 2936 Propheta
3257 2869 3311 2922 in
3358 2868 3587 2924 Psalmis

2003 2959 2070 3012 ad
2102 2959 2269 3013 Deum
2291 2958 2405 3012 ait:
2442 2976 2460 3008 ι
2499 2958 2577 3012 Tu
2619 2973 2937 3028 exsurgens,
2964 2958 3210 3023 Domine,
3244 2960 3587 3015 misereberis

2004 3050 2158 3115 Sion,
2184 3050 2310 3118 quia
2338 3050 2488 3105 venit
2515 3057 2723 3118 tempus
2753 3050 3046 3105 miserendi
3071 3051 3188 3119 ejus
3220 3046 3399 3121 (Psal.
3428 3051 3523 3122 et).
3559 3071 3576 3102 ι

317 3143 589 3203 quatenus
636 3150 734 3203 per
764 3135 906 3189 hanc
938 3134 1086 3206 digni
1139 3138 1373 3206 correpti
1404 3150 1700 3207 agnoscant
1731 3157 1896 3195 unum
1925 3111 1972 3177 Ο
2002 3140 2117 3195 Hoc
2144 3148 2287 3205 orat,
2319 3147 2379 3193 ut
2421 3139 2548 3208 quia
2606 3147 2821 3208 tempus
2872 3149 2955 3194 est
2998 3111 3308 3195 novissima:
3336 3111 3502 3204 horae,
3533 3149 3588 3192 et

317 3240 509 3279 verum
540 3223 732 3289 Deum,
763 3233 819 3278 et
846 3226 1159 3281 deserentes
1216 3227 1356 3281 idola
1408 3227 1565 3293 falsa,
1617 3230 1721 3284 soli
1774 3246 1902 3288 vero

320 3321 434 3375 Deo
456 3319 749 3374 exhibeant
775 3321 975 3375 cultum
1002 3323 1103 3392 pia:
1138 3323 1434 3394 religionis.
1469 3326 1777 3382 Notandum
1804 3344 1901 3382 au-

322 3420 430 3467 tem
460 3412 602 3481 quod
634 3413 807 3467 sancti
840 3414 962 3478 viri,
996 3419 1211 3486 quando
1239 3418 1490 3473 videntur
1526 3420 1579 3474 in
1603 3421 1764 3476 dictis
1792 3424 1904 3477 suis

318 3517 483 3556 orare
538 3511 726 3556 contra
770 3505 1110 3561 adversarios
1163 3522 1308 3569 suos,
1345 3518 1438 3563 aut
1473 3510 1577 3564 hoc
1605 3511 1900 3579 deprecan—

319 3602 430 3656 tur,
472 3600 529 3645 ut
558 3592 689 3661 ipsis
712 3590 938 3664 ﬂagellis
969 3597 1167 3651 eruditi
1216 3599 1472 3653 deserant
1524 3601 1818 3656 vanitatem
1848 3611 1904 3656 et

313 3680 510 3734 sordes
537 3691 905 3750 peccatorum,
936 3693 991 3738 et
1017 3694 1407 3742 convertantur
1428 3689 1493 3744 ad
1516 3697 1720 3744 rectam
1741 3691 1902 3745 fidem

317 3778 369 3824 et
405 3785 569 3839 opera
608 3772 864 3841 pietatis;
908 3783 1002 3829 aut
1052 3777 1157 3831 hoc
1213 3778 1293 3832 eis
1344 3779 1659 3848 prophetico
1703 3781 1902 3849 pratdi-

318 3869 452 3913 euut
476 3861 688 3930 spiritu,
722 3864 867 3932 quod
896 3865 1027 3934 ipsis
1054 3866 1279 3922 omnino
1310 3868 1365 3921 in
1418 3870 1613 3924 merita
1665 3871 1900 3926 vindicta

318 3962 539 4007 constat
567 3969 687 4011 esse
726 3955 985 4012 futurum.
1020 3958 1152 4014 Orat
1182 3961 1327 4015 enim
1373 3962 1610 4017 Ecclesia
1642 3979 1742 4033 pro
1771 3979 1898 4033 per-

318 4044 661 4099 secutoribus
684 4048 811 4109 suis,
849 4058 907 4102 ut
934 4050 1034 4120 ipsi
1060 4059 1445 4106 convertantur
1473 4053 1540 4107 ab
1564 4068 1751 4107 errore
1781 4068 1896 4120 suo,

274 4128 279 4133 ’
314 4144 374 4189 et
430 4144 592 4204 agant
636 4138 1009 4206 paenitentiam
1061 4142 1126 4195 de
1155 4142 1394 4212 peccatis
1433 4144 1565 4195 suis.
1612 4141 1655 4197 Ο
1685 4143 1900 4197 deside-

316 4235 460 4289 rium
487 4244 688 4289 sancta:
712 4233 911 4289 mentis
940 4233 1232 4287 eximium!
1289 4233 1420 4300 Quis
1468 4234 1611 4287 enim
1643 4235 1697 4287 iu
1737 4248 1898 4287 causa

313 4341 413 4380 sua
445 4324 677 4395 amplius
706 4333 888 4394 petere
937 4325 1133 4394 potuit,
1163 4340 1326 4392 quam
1380 4325 1485 4379 ista
1519 4341 1619 4394 pro
1665 4326 1901 4380 inimicis

312 4417 430 4471 suis
479 4417 760 4471 acerrimis
808 4415 1142 4486 postulavit?
1169 4416 1377 4469 Talium
1418 4414 1599 4485 itaque
1642 4416 1899 4470 Dominus

315 4506 631 4572 miseretur,
677 4508 767 4577 qui
801 4508 1193 4563 misericordia:
1248 4518 1519 4563 momenta
1575 4524 1682 4563 non
1728 4509 1899 4579 negli-

310 4607 475 4667 gunt,
496 4598 639 4653 sicut
664 4599 716 4652 in
747 4599 1042 4669 Evangelia
1095 4600 1354 4667 scriptum
1386 4608 1469 4654 est
1500 4618 1512 4653 :
1551 4618 1567 4649 ι
1604 4600 1754 4654 Beati
1799 4601 1899 4654 mi-

310 4689 643 4752 sericordes,
679 4693 934 4763 quoniam
968 4692 1072 4761 ipsi
1100 4691 1539 4747 misericordiam
1566 4706 1900 4762 consequen-

313 4790 408 4835 tur
436 4780 650 4852 (Matth.
682 4784 757 4853 v).
804 4803 823 4834 ι

394 4891 412 4923 ι
448 4872 635 4927 Alleva
677 4890 894 4929 manum
947 4883 1093 4929 tuam
1128 4890 1291 4944 super
1341 4883 1530 4945 gentes
1582 4875 1808 4939 alienas,
1841 4884 1898 4928 ut

314 4980 337 5013 ι
378 4962 601 5016 videant
636 4966 929 5033 potentiam
980 4974 1147 5019 tuam.
1186 4965 1339 5019 Sicut
1390 4965 1535 5019 enim
1571 4965 1623 5018 in
1661 4980 1895 5034 conspe-

314 5075 336 5105 ι
382 5063 473 5107 ctu
494 5069 679 5108 eorum
706 5056 1072 5111 sanctificatus
1099 5072 1160 5111 es
1202 5057 1253 5110 in
1280 5055 1453 5119 nobis,
1488 5056 1568 5110 sic
1598 5057 1651 5109 in
1672 5071 1901 5124 conspe-

314 5167 337 5197 ι
377 5156 468 5202 ctu
494 5154 679 5200 nostro
722 5146 1155 5218 magniﬁcaberis
1187 5148 1239 5200 iu
1271 5147 1378 5201 illis
1409 5165 1420 5199 :
1463 5155 1524 5200 ut
1573 5154 1901 5217 cognoscant

313 5260 334 5291 c
381 5248 436 5293 te
461 5240 601 5293 sicut
622 5248 677 5292 et
703 5254 802 5293 nos
828 5240 1199 5309 cognovimus,
1230 5240 1491 5308 quoniam
1517 5254 1622 5293 nou
1649 5248 1730 5294 est
1755 5238 1900 5292 Deus

311 5352 332 5382 ‹
379 5338 581 5399 prteter
611 5339 679 5393 te,
724 5330 969 5402 Domine.
1013 5350 1032 5381 ι
1083 5330 1285 5385 Gentes
1314 5330 1504 5385 alienae
1529 5338 1654 5385 sunt
1673 5331 1894 5391 ethnici,

303 5424 410 5495 qui
436 5422 540 5477 fide
571 5434 625 5478 et
659 5424 803 5479 cultu
833 5440 863 5477 a
895 5423 1201 5478 Christiana
1240 5423 1501 5493 religione
1556 5432 1683 5477 sunt
1713 5423 1896 5476 alieni.

302 5514 530 5569 Allevat
585 5514 731 5568 enim
787 5514 1045 5567 Dominus
1098 5528 1259 5584 super
1305 5528 1398 5568 eas
1450 5528 1669 5566 manum
1722 5527 1897 5577 suam,

301 5608 537 5678 quando
582 5622 678 5663 eas
704 5607 1087 5677 prtedimtione
1131 5617 1186 5662 et
1209 5606 1489 5662 miraculis
1536 5606 1800 5661 convertit
1833 5606 1900 5659 ad

307 5700 507 5764 ﬁdem,
529 5707 591 5754 ut
614 5700 707 5770 q'ui
734 5699 885 5770 prius
941 5698 1160 5755 fuerunt
1193 5699 1399 5756 inimici
1444 5706 1499 5754 et
1522 5704 1900 5767 persecutores

1926 4456 1977 4515 D

2004 3230 2131 3286 linis
2157 3231 2343 3285 mundi
2365 3230 2782 3300 appropinquat,
2813 3230 2994 3283 veniat
3019 3229 3105 3282 ille
3148 3230 3241 3298 qui
3287 3232 3586 3299 promissus

2003 3330 2106 3386 est,
2162 3305 2219 3375 et
2262 3320 2583 3375 misereatur
2637 3321 2875 3374 humano
2940 3320 3149 3389 generi,
3207 3321 3331 3389 quia
3365 3319 3482 3390 ipse
3505 3329 3588 3375 est

2003 3416 2339 3486 exspectatio
2367 3414 2625 3483 gentium.

2081 3526 2099 3559 ι
2140 3507 2199 3561 In
2248 3507 2328 3560 ira
2357 3505 2589 3559 ﬂammae
2638 3505 2932 3561 devoretur
2984 3505 3074 3573 qui
3121 3505 3379 3567 solvatur,
3412 3514 3466 3559 et
3495 3506 3587 3573 qui

2009 3617 2028 3649 ‹
2065 3598 2363 3669 pessimant
2393 3594 2603 3665 plebem
2632 3604 2805 3660 tuam,
2840 3593 3120 3649 inveniant
3152 3595 3531 3663 perditionem.
3564 3615 3582 3647 ι

2003 3689 2118 3744 Hoc
2139 3688 2404 3758 pnedicit,
2430 3686 2576 3755 quod
2603 3686 2658 3740 hi
2693 3685 2785 3754 qui
2811 3691 2995 3738 amant
3022 3684 3231 3737 animas
3250 3698 3378 3738 suas
3407 3685 3460 3738 in
3493 3699 3586 3739 vo-

2002 3783 2206 3851 luptate
2232 3780 2355 3833 vitae
2376 3779 2553 3841 istius,
2589 3792 2689 3831 nec
2730 3790 2824 3831 eas
2862 3791 2961 3845 pro
2990 3774 3210 3829 Christo
3253 3790 3456 3845 ponere
3486 3790 3584 3830 vo-

2004 3874 2139 3936 lunt,
2166 3874 2274 3926 imo
2299 3877 2700 3940 persequuntur
2751 3867 2960 3937 plebem
2993 3867 3340 3932 catholicam,
3368 3875 3423 3922 et
3452 3866 3587 3921 fide-

2002 3967 2081 4020 les
2110 3965 2205 4020 Dei
2234 3962 2587 4018 internecioni
2641 3960 2879 4023 tradont,
2913 3961 2966 4013 in
3000 3960 3080 4012 ira
3110 3957 3343 4012 llaunnze
3391 3958 3586 4013 futura:

2003 4056 2353 4117 devorentur,
2380 4061 2436 4107 et
2458 4064 2716 4107 aeternam
2748 4050 2802 4104 in
2843 4051 2969 4121 igne
3008 4050 3267 4120 gehennae
3308 4049 3588 4103 inveniant

2002 4145 2382 4216 perditionem.

2082 4255 2098 4286 ι
2135 4236 2365 4291 Contere
2397 4241 2559 4302 caput
2586 4231 2890 4301 principum
2923 4230 3262 4284 inimicorum
3293 4228 3585 4283 dicentium

2011 4346 2029 4378 ι
2064 4343 2171 4382 non
2200 4338 2283 4381 est
2305 4326 2445 4379 alius
2471 4332 2669 4393 pratter
2698 4338 2816 4377 nos.
2853 4341 2871 4374 ι
2907 4319 3079 4389 Caput
3103 4319 3344 4373 omnium
3373 4320 3587 4388 iniquo-

2012 4434 2131 4472 rum
2175 4425 2232 4472 et
2258 4414 2570 4479 inﬁdelium,
2605 4412 2848 4467 diabolus
2883 4422 2987 4465 est.
3035 4410 3148 4464 Hoc
3203 4420 3356 4479 rogat
3397 4408 3582 4489 Eccle-

2003 4511 2103 4576 sia,
2150 4518 2209 4563 ut
2240 4510 2354 4578 ipse
2382 4514 2718 4569 conteratur,
2769 4503 2862 4573 qui
2889 4502 3141 4573 princeps
3178 4510 3263 4556 est
3292 4502 3448 4555 istius
3481 4516 3586 4555 sm-
3640 4500 3646 4505 ”

1999 4603 2128 4667 culi,
2160 4609 2215 4657 et
2244 4599 2551 4655 idololatras
2581 4598 2782 4653 excitat
2809 4595 2861 4649 in
2886 4594 3295 4664 persecutiones
3323 4590 3587 4646 Christia—

2001 4711 2217 4759 norum,
2275 4694 2556 4749 dicentes:
2599 4710 2617 4742 c
2658 4690 2774 4745 Non
2820 4698 2904 4742 est
2953 4687 3091 4741 alius
3140 4693 3338 4755 puriter
3382 4699 3521 4738 nos:
3560 4702 3579 4733 ι

1999 4788 2129 4857 quia
2177 4801 2236 4839 se
2274 4784 2418 4839 solos
2448 4785 2500 4836 in
2550 4783 2752 4837 mundo
2795 4780 3128 4833 arbitrantur
3165 4776 3456 4839 dominari,
3489 4788 3587 4829 nec

2000 4877 2189 4945 subjici
2218 4876 2402 4929 volunt
2435 4885 2653 4929 (eterna:
2676 4873 2769 4926 Dei
2796 4870 3073 4941 potestati.

2078 4987 2097 5019 ε
2141 4968 2421 5036 Congrega
2483 4977 2671 5018 omnes
2723 4962 2899 5017 tribus
2953 4958 3142 5024 Iacob,
3172 4967 3233 5012 ut
3261 4963 3587 5027 cognoscant

2009 5077 2027 5110 ‹
2065 5058 2191 5126 quia
2235 5071 2343 5110 non
2386 5062 2469 5109 est
2498 5053 2644 5108 Deus
2676 5052 2781 5106 nisi
2836 5058 2913 5116 tu,
2943 5060 3003 5104 ut
3027 5057 3287 5105 enarrent
3320 5046 3585 5118 magnalia

2009 5168 2027 5199 ι
2066 5156 2177 5211 tua,
2233 5154 2290 5200 et
2334 5143 2680 5199 haereditabis
2731 5157 2826 5197 eos
2876 5142 3021 5195 sicut
3052 5140 3120 5195 ab
3177 5139 3349 5193 initio.
3388 5158 3408 5188 ι
3440 5137 3585 5190 Post-

2003 5254 2167 5310 quam
2197 5238 2498 5293 orationem
2545 5234 2784 5305 explevit
2812 5240 3009 5289 contra
3033 5239 3368 5302 peccatores,
3397 5237 3451 5281 et
3490 5242 3579 5281 ca-

2002 5340 2314 5401 puteorum
2341 5327 2633 5392 diabolum,
2685 5334 2839 5397 rogat
2896 5325 3159 5395 sapientia
3207 5337 3305 5390 pro
3334 5317 3584 5372 Ecclesiae

2004 5430 2169 5485 statu,
2219 5429 2275 5474 et
2323 5420 2497 5474 salute
2522 5418 2877 5473 credentium.
2923 5416 3062 5481 Quid
3090 5420 3217 5468 sunt
3242 5410 3385 5464 enim
3415 5407 3585 5460 tribus

2003 5514 2193 5577 Jacob,
2245 5512 2352 5566 nisi
2378 5509 2636 5565 Ecclesia:
2685 5525 2749 5561 ex
2777 5500 3026 5576 gentibus
3051 5507 3409 5571 congregata}.
3436 5497 3584 5566 ipsas

2005 5604 2152 5659 enim
2181 5600 2547 5672 praefiguravit
2588 5599 2766 5651 minor
2796 5596 2939 5650 ﬁlius
2962 5594 3051 5663 qui
3076 5592 3373 5646 fraternam
3400 5587 3582 5643 subri-

2004 5695 2116 5764 puit
2148 5691 2595 5749 benedictionem.
2642 5687 2752 5741 Hos
2779 5686 2922 5741 enim
2952 5681 3267 5753 congregari
3294 5682 3449 5751 petit,
3478 5679 3581 5734 hoc
