3926 6168
359 311 494 367 ιοιῠ

997 299 1053 352 Β.
1093 292 1347 351 RABANI
1384 288 1605 346 MAURI
1643 286 1965 346 ARCHIEP.
2007 281 2318 342 MOC'UN'I‘.
2361 277 2646 336 OPERUM
2687 273 2868 331 PARS
2897 272 2946 328 I.

3492 268 3644 324 1020

358 432 467 486 est,
497 422 556 475 in
603 417 808 472 unitate
841 408 1126 467 catholicae
1177 405 1302 460 ﬁdei
1349 403 1589 468 solidari,
1614 411 1674 456 ut
1701 399 1933 456 ﬁdeliter
1959 400 2010 462 Α
2038 396 2254 471 (Ephes.
2291 394 2396 465 III).
2435 413 2453 445 ι
2489 392 2662 462 Ipsius
2705 390 2852 444 enim
2890 399 3077 442 sumus
3105 382 3340 448 factura,
3370 385 3551 438 creati
3585 384 3641 436 in

363 511 534 566 Deum
587 509 986 574 cognoscentes,
1030 506 1085 551 et
1119 495 1235 566 ejus
1263 493 1532 550 mirabilia
1563 493 1616 546 in
1667 491 1936 561 praedica-

366 603 512 657 tione
554 593 726 650 sancti
762 587 1038 660 Evangelii
1077 594 1324 650 narrent,
1373 593 1428 638 et
1475 581 1766 637 haereditas
1798 579 1940 634 illius

365 693 504 748 sicut
530 690 596 743 ab
626 686 783 740 initio
812 683 933 738 ﬁdei
961 682 1028 735 ab
1055 695 1120 734 eo
1147 678 1386 749 possessi
1415 684 1562 741 sunt,
1593 675 1665 729 ita
1689 682 1746 728 et
1772 687 1942 743 usque

365 781 419 833 in
449 774 704 831 smculum
732 775 1109 842 permaneant,
1129 767 1194 821 de
1215 781 1322 834 quo
1351 764 1527 819 adhuc
1551 762 1832 817 subditur:

443 887 461 920 ι
506 867 762 921 Miserere
795 861 937 933 plebi
968 869 1091 923 ture,
1121 872 1283 926 super
1312 871 1475 925 quam
1523 854 1827 908 invocatum
1859 858 1947 905 est

371 980 391 1013 ι
432 973 628 1015 nomen
657 965 833 1021 tuum,
865 963 920 1008 et
946 952 1129 1016 Israel,
1164 964 1324 1019 quem
1355 946 1644 1016 comquasti
1677 945 1946 1015 primoge-

373 1072 392 1103 ε
437 1052 551 1106 nito
607 1057 716 1102 tuo.
761 1045 1017 1100 Miserere
1063 1039 1298 1096 civitatis
1342 1034 1787 1092 sanctiﬁcationis
1816 1043 1944 1096 tuae,

374 1166 393 1199 ‹
429 1143 767 1201 Hierusalem
794 1137 1031 1194 civitatis
1066 1133 1271 1204 requiei
1299 1140 1456 1208 tuae.»
1494 1128 1652 1182 Plebs
1676 1126 1819 1180 enim
1852 1124 1945 1179 Dei

367 1237 558 1292 eadem
582 1241 666 1290 est
689 1246 810 1302 qua:
840 1229 1031 1285 civitas
1074 1227 1194 1291 Dei,
1219 1222 1461 1278 Ecclesia
1489 1218 1737 1274 videlicet
1763 1216 1950 1270 catho-

368 1325 493 1390 lica,
524 1320 863 1377 Hierusalem
903 1315 1184 1389 spiritalis,
1208 1313 1346 1368 visio
1375 1309 1545 1380 pacis,
1579 1317 1632 1363 et
1662 1307 1813 1363 locus
1849 1305 1950 1359 ha-

371 1411 649 1467 bitationis
690 1406 972 1469 Altissimi,
1022 1417 1186 1473 super
1213 1415 1376 1471 quam
1407 1401 1717 1453 invocatum
1746 1404 1830 1450 est
1856 1409 1953 1448 no-

373 1518 494 1557 men
517 1500 635 1565 Dei,
667 1499 791 1568 quia
823 1498 937 1568 ipsa
975 1504 1058 1551 est
1075 1493 1302 1564 populus
1331 1490 1469 1559 ejus,
1499 1498 1554 1543 et
1581 1503 1711 1559 grex
1741 1501 1954 1556 pascua:

374 1593 512 1661 ejus,
541 1607 663 1661 qua:
707 1599 762 1644 et
811 1587 977 1643 Israel
1024 1591 1389 1653 nuncupatur,
1439 1579 1530 1648 qui
1567 1579 1955 1646 interpretatur

375 1692 555 1738 rectus
607 1682 727 1747 Dei,
759 1680 841 1735 vel
870 1680 955 1733 vir
983 1678 1171 1732 videns
1201 1675 1389 1738 Deum,
1421 1671 1678 1740 quoniam
1708 1677 1860 1722 recto
1888 1666 1953 1720 ﬁ-

2039 485 2258 544 Christo
2289 482 2439 550 Jesu,
2494 484 2549 538 in
2593 481 2852 554 operibus
2895 478 3076 543 bonis,
3126 492 3248 547 qua:
3298 477 3643 547 praeparavit

2039 580 2204 645 Deus,
2229 586 2292 633 ut
2319 577 2372 631 in
2397 575 2506 631 illis
2541 572 2896 635 ambulemus,
2931 571 3037 624 hoc
3064 567 3208 624 enim
3235 575 3500 638 precatur
3543 582 3643 619 sa-

2040 671 2262 742 pientia,
2291 677 2351 723 ut
2375 665 2785 739 promissiones,
2813 676 2946 731 quas
2975 660 3044 715 de
3067 658 3462 714 convocatione
3496 669 3643 725 gen-

2042 762 2178 816 tium
2205 759 2273 815 ad
2309 759 2468 813 ﬁdem
2495 755 2699 811 Christi
2733 751 3009 822 prophetae
3035 749 3244 820 priores
3280 746 3454 801 locuti
3483 754 3643 810 sunt,

2042 869 2142 924 per
2171 852 2459 907 adventum
2490 845 2690 904 Christi
2721 843 3066 913 impleantur.
3115 838 3271 895 Unde
3294 846 3352 892 et
3400 836 3642 905 subjun-

2045 946 2188 1018 gitur
2211 959 2226 998 :

2123 1054 2142 1088 ι
2177 1035 2255 1090 Da
2282 1032 2608 1095 mercedem,
2625 1029 2871 1092 Domine,
2898 1024 3290 1082 sustinentibus
3310 1029 3389 1087 te,
3418 1029 3485 1074 ut
3505 1034 3647 1090 pro-

2054 1149 2073 1182 ¢
2107 1131 2283 1200 phetze
2317 1128 2392 1182 tui
2424 1125 2607 1181 ﬁdeles
2642 1123 3002 1188 inveniantur,
3033 1128 3088 1175 et
3133 1118 3328 1174 exaudi
3357 1115 3650 1171 orationes

2056 1241 2074 1274 ι
2111 1235 2387 1277 servor-um
2417 1228 2654 1274 tuorum.
2685 1234 2705 1266 ‹
2728 1215 2999 1270 Abraham
3027 1209 3320 1267 exsultavit
3341 1215 3403 1262 ut
3427 1206 3650 1260 videret

2052 1315 2196 1370 diem
2218 1310 2598 1376 Christi,vidit
2621 1316 2678 1365 et
2697 1307 2912 1379 gavisus
2932 1313 3016 1360 est
3038 1301 3220 1370 (Joan.
3245 1299 3391 1370 vin).
3422 1318 3441 1350 ι
3472 1296 3652 1352 Isaias

2053 1411 2130 1465 ait
2155 1429 2168 1464 :
2209 1428 2229 1461 ι
2255 1407 2514 1470 Domine,
2535 1402 2890 1460 sustinuimus
2927 1407 3004 1465 te,
3034 1411 3230 1452 nomen
3264 1401 3418 1447 tuum
3442 1399 3500 1444 et
3522 1403 3647 1443 me-

2053 1501 2280 1558 moriale
2330 1507 2480 1552 tuum
2536 1497 2588 1550 in
2645 1493 2914 1550 desiderio
2962 1490 3156 1544 animae
3208 1486 3346 1557 (lsa.
3394 1481 3576 1554 xxvi).
3628 1500 3646 1530 ι

2055 1590 2206 1646 Multi
2235 1603 2391 1659 reges
2419 1595 2472 1640 et
2495 1585 2628 1654 justi
2660 1583 2944 1638 voluerunt
2979 1579 3186 1642 videre,
3212 1591 3356 1648 quae.
3386 1573 3651 1626 viderunt

2058 1679 2309 1752 apostoli,
2346 1687 2401 1733 et
2436 1692 2541 1732 non
2571 1675 2863 1738 viderunt;
2893 1681 2948 1727 et
2983 1670 3171 1725 audire
3221 1683 3340 1736 qum
3400 1665 3505 1734 ipsi
3543 1678 3649 1716 au-

375 1775 458 1829 dCi
490 1773 734 1845 ετειάίιιπ
761 1772 916 1836 Cane:
943 1779 997 1824 θῑ
1025 1769 1194 1824 Deum
1222 1783 1357 1837 Pura
1381 1763 1778 1833 contemplatur
1801 1776 1954 1815 men‘
1985 1758 2028 1816 Β
2059 1776 2298 1838 diebant,
2323 1781 2383 1827 et.
2404 1787 2508 1825 non
2558 1769 2867 1824 audierunt.
2900 1766 3037 1822 Ilinc
3075 1773 3132 1818 et
3159 1763 3382 1818 Simeon
3415 1774 3653 1827 respon—

377 1872 466 1929 te;
499 1865 641 1918 hanc
671 1863 756 1917 ille
796 1859 1097 1930 cozequavit
1145 1856 1506 1926 primogenito
1552 1869 1672 1918 suo,
1718 1854 1821 1908 hoc
1849 1862 1952 1917 est,

377 1951 711 2006 cohaeredem
743 1949 870 2004 fecit
890 1945 1167 2018 unigenito
1198 1944 1333 1998 Filio
1363 1957 1482 2007 suo,
1527 1941 1620 2011 qui
1643 1948 1726 1995 est
1755 1941 1958 2009 primo-

380 2041 594 2112 genitus
643 2049 980 2094 mortuorum
1011 2043 1065 2090 et
1091 2035 1341 2104 princeps
1371 2047 1557 2102 regum
1588 2040 1767 2087 terrae.
1803 2031 1957 2087 Unde

379 2140 434 2187 et
459 2133 705 2202 sequitur
729 2150 742 2184 :

457 2242 474 2274 ι
500 2223 688 2293 Reple,
715 2221 867 2286 Sion,
887 2217 1338 2276 inenarrabilibus
1350 2217 1531 2273 verbis
1558 2216 1684 2279 tuis,
1707 2224 1764 2272 et
1790 2217 1960 2288 gloria

385 2335 406 2366 ς
443 2323 534 2370 tua
567 2314 820 2385 populum
844 2322 1012 2368 tuum.
1037 2332 1056 2365 ›
1093 2310 1224 2366 Sion
1249 2311 1394 2365 enim
1422 2311 1810 2380 interpretatur
1835 2325 1958 2379 spe—

379 2405 600 2470 culatio,
628 2414 683 2460 et
712 2405 906 2459 merito
935 2413 1122 2460 sancta
1145 2404 1388 2460 Ecclesia
1417 2403 1712 2474 speculatio
1741 2404 1957 2470 dicitur,

380 2497 506 2566 quia
545 2495 670 2550 inde
705 2495 944 2550 ﬁdelium
984 2495 1150 2550 corda
1178 2495 1613 2565 contemplantur
1656 2494 1849 2564 gaudia
1870 2507 1960 2547 re-

384 2587 472 2656 gni
511 2586 769 2650 cmlestis,
808 2601 970 2654 quam
1019 2584 1473 2640 inenarrabilibus
1507 2585 1687 2638 verbis
1715 2583 1828 2637 suis
1853 2583 1961 2638 Do-

386 2677 566 2731 minus
596 2675 786 2746 replet,
817 2691 940 2731 cum
971 2691 1089 2730 eam
1116 2676 1306 2730 notitia
1338 2675 1646 2731 divinorum
1676 2674 1961 2739 librorum,

386 2769 475 2823 ubi
504 2768 891 2823 inenarrabilis.
911 2768 1090 2822 virtus
1131 2767 1248 2832 Dei,
1281 2775 1338 2822 et
1365 2765 1754 2821 inmstimabilis
1795 2765 1966 2837 gloria

386 2857 686 2927 majestatis
713 2855 829 2925 ejus
855 2857 1198 2927 prmdicatur,
1249 2855 1488 2919 instruit,
1520 2863 1574 2909 et
1599 2855 1765 2924 signis
1797 2854 1964 2907 inira-

385 2946 630 3000 culorum
669 2947 810 3002 inter
837 2947 1115 3002 universas
1142 2955 1330 3017 gentes
1360 2947 1602 3001 eminere
1625 2943 1774 3010 facit,
1806 2943 1880 2998 ita
1909 2951 1969 2998 ut

389 3036 513 3091 inde
543 3038 792 3093 omnibus
819 3053 916 3107 per
943 3037 1232 3092 circuitum
1278 3037 1589 3092 nationibus
1621 3038 1735 3107 ipsa
1767 3037 1964 3092 terrori

386 3129 457 3182 sit
481 3137 536 3184 et
564 3129 780 3184 honori.
821 3128 956 3184 Ilinc
1009 3129 1207 3198 legitur
1232 3129 1284 3182 in
1312 3127 1538 3182 Actibus
1573 3128 1964 3197 apostolorum,
1993 3107 2037 3168 (ἶ

386 3220 530 3289 quod
588 3220 918 3290 praedicante
979 3218 1146 3273 Paulo
1215 3225 1271 3272 et
1322 3219 1578 3273 miracula
1629 3219 1880 3294 faciente,
1913 3218 1965 3272 i‘n

391 3309 747 3378 Ephesiorum
777 3308 994 3361 civitate
1017 3306 1212 3362 cecidit
1241 3306 1402 3361 timor
1427 3322 1589 3376 super
1615 3322 1803 3362 omnes
1825 3307 1965 3372 illos,

393 3399 495 3452 hoc
524 3405 627 3463 cst,
655 3397 870 3452 Jndzeos
915 3406 1076 3467 atque
1126 3398 1371 3468 gentiles,
1408 3398 1501 3468 qui
1552 3397 1868 3452 habitabant
1893 3399 1968 3454 ibi

392 3497 448 3543 et
509 3487 927 3558 magniﬁcabant
974 3503 1169 3542 nomen
1223 3487 1436 3542 Domini
1487 3485 1635 3552 Jesu,
1707 3487 1970 3556 multique

394 3580 733 3636 credentium
771 3581 1061 3636 veniebant
1105 3579 1430 3636 conﬁtentes
1481 3587 1538 3636 et
1587 3581 1970 3636 annuntiantes

395 3678 550 3725 actus
581 3684 728 3724 suos.
761 3669 912 3724 Multi
938 3678 1123 3724 autem
1147 3685 1216 3724 ex
1243 3670 1346 3734 his,
1395 3670 1487 3738 qui
1516 3668 1731 3724 fuerant
1755 3671 1971 3726 curiosa

393 3762 609 3826 sectati,
641 3761 982 3816 contulerunt
1027 3761 1212 3826 libros,
1249 3770 1305 3815 et
1340 3762 1758 3816 combusserunt
1785 3777 1971 3817 coram

394 3853 668 3919 omnibus,
721 3862 778 3908 et
803 3853 1130 3922 computatis
1156 3853 1346 3922 pretiis
1397 3853 1609 3908 illorum
1652 3854 1972 3910 invenerunt

395 3947 680 4015 pecuniam
752 3944 1100 4000 denariorum
1156 3945 1547 4013 quinquaginta
1602 3943 1850 4009 millium,
1899 3947 1973 4000 ita

397 4037 604 4092 fortiter
631 4037 856 4092 verbum
890 4038 1102 4093 Domini
1151 4039 1434 4093 crescebat
1477 4046 1536 4092 et
1556 4037 1974 4093 conﬁrmabatur

398 4129 536 4199 (Act.
561 4129 700 4199 xix).
734 4127 833 4183 Cui
861 4129 1046 4184 sensui
1071 4128 1397 4183 conveniunt
1438 4142 1500 4182 ea
1528 4142 1647 4197 qua:
1693 4127 1975 4182 continua-

400 4219 492 4273 tim
521 4227 818 4288 sequentur
849 4237 861 4272 :

479 4329 493 4360 ι
533 4309 611 4363 Da
636 4310 1004 4365 testimonium
1027 4310 1111 4365 his
1137 4309 1228 4380 qui
1275 4310 1348 4364 ab
1374 4309 1528 4365 initio
1555 4318 1820 4366 creaturae
1869 4321 1974 4367 tum

403 4420 422 4451 ι
455 4409 603 4466 sunt,
631 4409 686 4454 et
711 4402 908 4455 suscita
940 4402 1350 4471 pratdicationes
1401 4416 1534 4470 quas
1583 4401 1742 4456 locuti
1770 4411 1897 4457 sunt
1919 4402 1973 4457 in

321 4503 323 4507 ‘
405 4515 424 4547 ι
459 4496 677 4550 nomine
711 4503 806 4550 tuo
844 4496 1121 4564 prophetae
1150 4495 1378 4564 priores.
1418 4513 1437 4546 ι
1468 4491 1669 4549 Omnes
1700 4493 1975 4563 propheta:

401 4587 767 4643 testimonium
819 4585 1212 4654 perhibuerunt
1264 4584 1622 4639 incarnationi
1681 4583 1978 4640 Salvatoris

401 4682 593 4743 nostri,
621 4677 764 4748 quod
815 4677 958 4731 Deus
990 4675 1151 4730 homo
1184 4673 1358 4728 factus
1388 4674 1684 4728 Ecclesiam
1723 4675 1824 4729 sibi
1849 4675 1979 4730 ﬁde-

401 4767 529 4824 lium
559 4777 922 4832 construeret,
976 4781 1228 4836 sponsam
1263 4765 1364 4820 sibi
1396 4764 1538 4819 illam
1569 4765 1835 4820 exhibens
1866 4765 1978 4836 glo-

405 4861 622 4924 riosam,
653 4876 762 4915 non
810 4861 1101 4914 habentem
1150 4858 1416 4913 maculam
1464 4866 1558 4912 aut
1583 4874 1792 4928 rugam.
1826 4858 1978 4914 Unde

401 4949 533 5004 dicit
570 4967 583 5003 :
630 4969 648 5000 ι
681 4950 757 5004 Da
793 4949 1160 5004 testimonium
1193 4949 1277 5004 his
1326 4949 1416 5019 qui
1442 4950 1510 5003 ab
1540 4949 1694 5005 initio
1717 4959 1980 5005 creatura:

407 5049 508 5094 tua:
533 5050 678 5094 sunt.
719 5061 737 5092 ι
767 5040 1024 5096 Creatura
1054 5043 1197 5096 enim
1242 5042 1339 5096 Dei
1387 5051 1470 5097 est
1522 5041 1786 5107 Ecclesia,
1816 5057 1980 5111 quam

406 5134 518 5202 ipse
549 5132 650 5187 sibi
675 5147 772 5201 per
798 5133 1027 5202 gratiam
1055 5132 1256 5187 Christi
1287 5148 1353 5188 ac
1371 5133 1573 5188 donum
1605 5133 1841 5204 Spiritus
1862 5149 1982 5189 san-

404 5227 502 5291 cti,
531 5224 838 5295 acquisivit.
886 5223 957 5279 Ut
978 5222 1136 5290 juxta
1162 5222 1314 5278 Pauli
1345 5225 1669 5279 sententiam
1705 5242 1725 5276 ‹
1764 5225 1977 5279 innote-

408 5326 522 5372 scat
560 5315 896 5387 principibus
929 5323 985 5370 et
1028 5315 1386 5384 potestatibus
1438 5315 1493 5370 in
1544 5317 1854 5371 cmlestibus
1882 5332 1982 5386 per

404 5409 649 5462 eamdem
686 5407 982 5463 Ecclesiam
1016 5404 1364 5462 multiformis
1413 5406 1677 5477 sapientia
1725 5407 1840 5470 Dei,
1887 5422 1977 5461 se-

405 5499 638 5552 cundum
669 5499 1080 5568 prazﬁnitionem
1135 5498 1475 5562 saeculorum,
1532 5514 1696 5568 quam
1746 5497 1880 5553 fecit
1921 5499 1975 5552 in

405 5586 620 5642 Christo
648 5587 773 5645 Jesu
827 5591 1052 5646 Domino
1087 5597 1291 5654 nostro,
1332 5589 1384 5643 in
1415 5604 1524 5659 quo
1554 5589 1815 5645 habemus
1841 5588 1982 5643 ﬁdu-

407 5677 546 5734 ciam
599 5688 654 5735 et
703 5697 978 5739 accessum
1030 5684 1080 5738 in
1122 5683 1448 5739 conﬁdentia
1508 5698 1606 5753 per
1656 5682 1815 5739 ﬁdem
1869 5681 1986 5752 ejus

2001 4461 2052 4520 D

2059 1882 2178 1924 sum
2203 1867 2409 1936 accepit
2435 1881 2465 1919 a
2512 1864 2714 1934 Spiritu
2744 1868 2950 1924 sancto,
2984 1874 3090 1913 non
3123 1857 3364 1910 visurum
3407 1869 3467 1906 se
3497 1867 3652 1904 mor-

2060 1970 2192 2027 tem,
2215 1959 2318 2014 nisi
2343 1959 2498 2028 prius
2529 1957 2740 2012 videret
2761 1954 3034 2010 Christum
3070 1950 3280 2006 Domini
3312 1967 3324 2001 :
3356 1946 3503 2000 unde
3523 1960 3655 1999 cum

2059 2065 2185 2106 eum
2249 2056 2571 2119 praesentem
2618 2047 2683 2100 in
2747 2044 2903 2098 ulnas
2966 2057 3092 2097 suas
3155 2039 3480 2108 accepisset,
3530 2036 3647 2088 ait:

2067 2158 2086 2192 ι
2116 2139 2270 2194 Nunc
2304 2139 2533 2194 dimittis
2579 2151 2792 2192 servum
2825 2143 3004 2199 tuum,
3051 2132 3298 2195 Domine,
3343 2128 3652 2184 secundum

2060 2230 2286 2286 verbum
2343 2238 2489 2284 tuum
2520 2229 2572 2282 in
2612 2241 2765 2296 pace,
2798 2225 2922 2296 quia
2962 2223 3212 2277 viderunt
3244 2220 3387 2276 ocnli
3421 2218 3530 2272 mei
3565 2232 3657 2270 sa-

2061 2321 2238 2376 lutare
2279 2327 2453 2385 tuum,
2479 2319 2617 2388 quod
2647 2317 2845 2388 parasti
2875 2325 3000 2370 ante
3028 2314 3220 2369 faciem
3265 2311 3516 2366 omnium
3547 2324 3652 2378 po-

2061 2411 2331 2484 pulorum.
2360 2410 2564 2464 Lumen
2604 2409 2670 2463 ad
2719 2407 3103 2463 rcvelationem
3151 2404 3416 2475 gentium,
3446 2410 3504 2455 et
3542 2401 3654 2470 glo-

2064 2505 2201 2560 riam
2232 2503 2406 2574 plebis
2428 2511 2532 2557 tu:e
2564 2501 2728 2556 Israel
2759 2500 2913 2572 (Luc.
2941 2499 3028 2569 ιι).
3079 2497 3286 2552 Merces
3309 2495 3456 2549 enim
3490 2492 3660 2547 susti-

2066 2595 2319 2650 nentibus
2353 2595 2519 2648 Deum
2551 2593 2730 2657 datur,
2785 2589 3002 2660 quando
3044 2586 3304 2641 ﬁdelibus
3327 2593 3658 2652 exspectan-

2067 2686 2209 2740 tibus
2237 2685 2465 2756 gratiam
2490 2682 2713 2748 Christi,
2745 2690 2799 2736 et
2827 2679 3170 2750 sperantibus
3205 2677 3256 2730 in
3287 2690 3412 2730 eum
3469 2689 3656 2727 remu-

2067 2776 2275 2830 neratio
2332 2774 2528 2828 futura:
2589 2772 2714 2827 vita:
2783 2776 3092 2840 praastatur.
3145 2766 3225 2821 Ita
3278 2766 3426 2819 enim
3486 2761 3657 2817 divini

2067 2868 2343 2939 prophetae
2370 2875 2425 2921 et
2459 2863 2644 2920 fideles
2670 2871 2726 2918 et
2746 2861 2969 2918 veridici
3001 2860 3367 2921 inveniuntur,
3401 2865 3456 2910 et
3484 2869 3654 2909 exau-

2070 2959 2218 3014 ditur
2240 2958 2415 3013 oratio
2441 2957 2632 3011 devota
2669 2968 2951 3009 servorum
2992 2949 3128 3020 ejus,
3157 2947 3248 3018 qui
3282 2953 3444 3001 orant
3479 2944 3657 3014 quoti-

2071 3050 2158 3104 die
2199 3068 2218 3100 ‹
2271 3057 2330 3103 ut
2356 3048 2608 3104 adveniat
2643 3060 2875 3115 regnum
2903 3044 3019 3109 Dei,
3053 3051 3109 3098 et
3136 3041 3230 3096 ﬁat
3255 3039 3510 3094 voluntas
3540 3037 3656 3108 ejus

2069 3141 2209 3196 sicut
2234 3141 2286 3195 in
2316 3140 2454 3195 ctelo
2478 3145 2533 3192 et
2563 3139 2618 3192 in
2646 3146 2811 3192 terra.

2145 3249 2163 3282 ε
2200 3230 2507 3286 Secundum
2536 3227 2966 3284 benedictionem
2999 3226 3178 3281 Aaron
3207 3224 3271 3280 da
3307 3221 3507 3293 popqu
3539 3229 3650 3285 tuo,

2077 3341 2096 3374 ι
2131 3331 2187 3378 et
2227 3322 2401 3392 dirige
2449 3336 2548 3376 nos
2578 3321 2631 3374 in
2661 3320 2803 3374 viam
2850 3316 3094 3387 justitite,
3155 3323 3210 3370 ct
3261 3315 3441 3369 sciant
3465 3328 3655 3367 omnes

2077 3431 2095 3463 ι
2133 3412 2222 3482 qui
2255 3411 2561 3466 inhabitant
2582 3420 2804 3474 terram,
2831 3409 2955 3479 quia
2983 3416 3039 3462 tu
3065 3423 3124 3462 es
3149 3407 3290 3461 Deus
3336 3412 3658 3474 conspector

2075 3521 2093 3554 ‹
2128 3502 2467 3556 saeculorum.
2503 3522 2520 3554 ι
2552 3500 2680 3567 Quae
2709 3508 2793 3556 est
2819 3500 2962 3554 enim
2987 3498 3292 3553 benedictio
3319 3499 3526 3560 Aaron,
3555 3494 3654 3548 nisi

2070 3592 2205 3646 ordo
2227 3601 2282 3647 et
2312 3592 2448 3646 ritus
2506 3589 2819 3654 sacerdotii,
2858 3603 3019 3659 quem
3063 3587 3324 3643 Dominus
3382 3587 3531 3640 dedit
3561 3600 3655 3656 po-

2074 3681 2200 3752 pulo
2251 3695 2372 3745 suo,
2420 3680 2636 3750 quando
2665 3679 2922 3733 adunavit
2965 3692 3088 3731 eum
3125 3675 3342 3730 Christo
3378 3675 3655 3744 unigenito

2072 3785 2170 3828 suo
2195 3769 2378 3824 Filio?
2417 3769 2535 3838 Ipse
2562 3768 2710 3823 enim
2763 3767 3017 3822 sacerdos
3066 3780 3248 3829 verus,
3307 3763 3401 3833 qui
3452 3771 3653 3817 semet-

2072 3861 2247 3932 ipsum
2275 3861 2471 3916 obtulit
2525 3860 2762 3915 hostiam
2812 3858 2961 3913 Patri
2991 3872 3089 3928 pro
3116 3856 3296 3921 nobis,
3323 3864 3379 3909 et
3409 3855 3657 3923 corporis

2072 3958 2124 4005 et
2153 3950 2430 4020 sanguinis
2460 3949 2552 4003 sui
2580 3956 2922 4003 sacramenta
2969 3947 3124 4001 nobis
3178 3944 3422 4010 tradidit,
3457 3945 3524 4000 de
3553 3959 3656 4013 quo

2072 4041 2333 4110 scriptum
2360 4049 2484 4094 est:
2517 4057 2536 4090 ι
2579 4039 2657 4092 Tu
2690 4054 2749 4093 es
2777 4039 3029 4093 sacerdos
3059 4037 3114 4090 in
3150 4044 3437 4099 aeternum,
3470 4049 3658 4088 secun—

2075 4131 2201 4186 dum
2250 4130 2492 4185 ordinem
2545 4128 2936 4184 Melchisedech
2985 4125 3158 4199 (Psal.
3184 4125 3315 4196 clx).
3353 4146 3372 4178 ι
3415 4124 3518 4191 Qui
3563 4139 3658 4178 nos

2075 4220 2202 4277 fecit
2233 4237 2457 4291 regnum
2489 4229 2545 4277 et
2591 4221 2899 4276 sacerdotes
2939 4220 3050 4274 Deo
3076 4226 3130 4272 et
3159 4216 3307 4270 Patri
3357 4231 3478 4270 suo.
3509 4214 3657 4270 Unde

2074 4317 2207 4372 dicit
2258 4316 2448 4372 Petrus
2496 4315 2807 4386 apostolus:
2854 4332 2872 4364 ‹
2907 4313 3017 4368 Vos
3068 4319 3251 4366 autem
3311 4308 3445 4365 estis
3492 4322 3656 4377 genus

2077 4407 2328 4474 electum,
2382 4407 2562 4478 regale
2599 4405 2982 4470 sacerdotium,
3010 4418 3141 4475 gens
3189 4408 3396 4465 sancta,
3429 4398 3656 4470 populus

2079 4499 2472 4570 acquisitionis,
2506 4508 2567 4552 ut
2595 4499 2824 4552 virtutes
2847 4494 3181 4550 annuntietis
3212 4490 3328 4560 ejus
3351 4491 3446 4561 qui
3474 4491 3542 4543 de
3580 4498 3655 4556 tc-

2079 4590 2262 4645 nebris
2290 4605 2388 4644 vos
2428 4589 2641 4643 vocavit
2693 4589 2746 4642 in
2776 4586 3093 4642 admirabile
3141 4585 3318 4639 lumen
3376 4599 3557 4647 suum,
3593 4582 3654 4635 ad

2079 4695 2238 4748 quem
2269 4679 2587 4734 accedentes
2616 4677 2847 4746 lapidem
2879 4677 3083 4743 vivum,
3116 4676 3184 4729 ab
3214 4673 3528 4730 hominibus
3547 4673 3654 4742 qui-

2080 4769 2199 4823 dem
2231 4769 2600 4836 reprobatum,
2629 4783 2660 4822 a
2703 4767 2814 4822 Deo
2849 4774 3032 4822 autem
3085 4765 3316 4822 electum
3351 4772 3406 4819 et
3436 4763 3652 4818 honori-

2080 4860 2321 4926 ﬁcatum,
2361 4871 2415 4913 et
2446 4859 2544 4928 ipsi
2573 4868 2830 4929 tanquam
2860 4858 3065 4929 lapides
3109 4857 3215 4912 vivi
3262 4855 3653 4925 supermdiﬁca-

2085 4950 2238 5015 mini,
2296 4950 2486 5005 domus
2528 4950 2810 5019 spiritalis,
2867 4949 3225 5004 sacerdotium
3277 4943 3652 5010 sanctum,of—

2083 5041 2228 5097 ferre
2265 5041 2534 5111 spiritales
2560 5042 2787 5107 hostias,
2831 5039 3191 5109 aceeptabiles
3218 5037 3328 5091 Deo
3357 5052 3458 5105 per
3483 5034 3645 5090 Iesum

2083 5132 2358 5189 Christum
2411 5133 2465 5206 (I
2500 5132 2646 5187 Petr.
2695 5135 2780 5205 ιι).
2821 5152 2839 5184 ι
2875 5131 3181 5186 Secundum
3232 5127 3644 5184 benedictionem

2081 5225 2228 5280 enim
2255 5225 2432 5281 Aaron
2458 5241 2586 5280 vere
2608 5233 2736 5278 tunc
2761 5225 2918 5279 datur
2945 5221 3142 5293 popqu
3179 5219 3296 5285 Dei,
3340 5217 3559 5288 quando
3581 5215 3646 5270 di-

2082 5319 2280 5388 rigitur
2301 5319 2354 5373 in
2381 5319 2522 5372 viam
2541 5316 2785 5385 justitize,
2815 5327 2874 5370 ut
2898 5317 3041 5386 quod
3064 5315 3244 5368 Aaron
3281 5311 3646 5383 przeﬁgurabat

2082 5411 2137 5465 in
2168 5410 2402 5466 victimis
2455 5408 2826 5480 corporalibus
2863 5408 3017 5480 legis,
3055 5407 3157 5461 hoc
3191 5406 3292 5460 iste
3319 5404 3370 5457 in
3403 5400 3647 5474 spiritali-

2084 5503 2186 5556 bus
2238 5499 2431 5556 hostiis
2465 5498 2757 5568 adimpleat
2804 5496 3099 5566 Evangelii.
3156 5513 3176 5545 ‹
3214 5493 3425 5558 Sciant,
3464 5491 3643 5561 inquit,

2085 5607 2275 5648 omnes
2303 5591 2395 5662 qui
2427 5589 2734 5645 inhabitant
2762 5596 2984 5650 terram,
3017 5586 3141 5658 quia
3176 5594 3233 5640 tu
3276 5601 3336 5639 es
3364 5583 3508 5638 Deus
3537 5597 3646 5636 cou-

2089 5690 2303 5753 spector
2349 5680 2689 5737 saeculorum.
2731 5699 2750 5734 ι
2785 5677 2900 5736 Hoc
2929 5686 3030 5744 est,
3063 5692 3254 5733 omnes
3279 5684 3466 5746 gentes
3497 5689 3644 5744 agnu-
