3926 6168
245 371 379 427 1621

1101 368 1457 426 COMMENT.
1497 367 1564 424 IN
1604 364 2212 425 ECCLESIASTICUM.
2259 403 2264 408 -
2299 401 2322 410 -
2359 371 2484 426 LIB.
2525 371 2656 426 VIII.

3374 380 3397 433 ι
3408 381 3515 434 0‘22

235 491 398 540 scant
429 482 484 538 in
534 477 771 534 mirabili
804 479 1100 535 Christiani
1130 482 1310 553 populi
1344 483 1664 547 salvatione,
1697 482 1827 553 quia
1857 487 1904 546 Α
1934 483 2088 538 Unde
2137 485 2403 555 scriptum
2436 496 2519 542 est
2569 488 2622 542 in
2655 487 3005 545 Proverbiis:
3049 511 3068 543 ι
3097 492 3328 550 Conﬁdit
3367 494 3418 548 in
3447 513 3514 550 cu

238 589 295 630 tu
321 591 383 630 es
417 574 560 628 Deus
595 580 722 626 ante
747 573 926 626 omnia
957 573 1174 639 saecula,
1205 585 1261 629 et
1287 585 1408 646 post
1429 575 1609 630 omnia
1633 576 1826 631 smcula

237 671 386 725 idem
420 681 664 724 manens,
699 665 790 735 qui
821 665 894 718 ita
926 665 1215 720 ordinabas
1251 668 1523 736 prmterita
1563 676 1826 738 tempora,

235 770 297 814 ιιι
323 760 405 814 eis
425 766 648 829 propter
685 756 916 826 gratiam
944 753 1144 810 Christi
1171 757 1577 826 supercminere
1619 757 1828 812 faceres

238 863 487 923 tempora
519 851 700 903 futura

316 965 335 996 ‹
373 945 603 1002 Omnem
634 957 815 998 escam
852 940 1198 996 manducabit
1245 951 1454 1008 venter,
1487 953 1542 998 et
1567 950 1651 996 est
1677 941 1829 997 cibus

243 1055 264 1086 ς
298 1037 421 1091 cibo
478 1034 691 1088 melior.
746 1033 954 1088 Fauces
1005 1034 1327 1105 contingunt
1367 1035 1546 1089 cibum
1594 1033 1741 1098 feraa,
1772 1041 1828 1087 et

244 1146 262 1178 ι
298 1143 394 1181 cor
451 1134 724 1180 sensatum
755 1124 916 1178 verba
966 1125 1270 1180 mendacia.
1307 1145 1326 1178 ι
1367 1126 1497 1180 Post
1524 1125 1825 1180 orationem

232 1216 589 1285 completam,
615 1224 670 1270 et
697 1216 1032 1282 vaticinium,
1085 1231 1192 1285 quo
1241 1217 1651 1287 prophetizabat
1684 1217 1828 1270 futu-

235 1327 354 1365 ram
384 1309 828 1364 convocationem
881 1309 1121 1378 gentium
1159 1309 1226 1363 ad
1271 1309 1432 1363 ﬁdem
1461 1309 1685 1373 Christi,
1734 1309 1830 1364 do-

237 1412 324 1458 cet
354 1419 456 1457 nos
508 1401 773 1470 sapientia
822 1410 883 1455 ut
908 1401 1205 1456 habeamus
1232 1401 1539 1456 distantiam
1570 1401 1624 1456 in
1650 1401 1827 1454 diver—

245 1495 400 1548 3itate
435 1493 768 1562 dogmatum,
794 1491 1060 1546 adhibens
1090 1491 1396 1561 exemplum
1425 1493 1490 1546 de
1517 1500 1705 1546 ventre
1731 1491 1828 1544 liu-

237 1597 404 1636 uiano
431 1592 486 1636 et
537 1581 808 1646 faucibus,
841 1590 898 1634 ut
928 1582 1198 1650 quomodo
1232 1590 1416 1652 guttur
1442 1597 1595 1635 escas
1628 1579 1827 1648 dijudi-

236 1687 396 1736 cans,
425 1671 662 1726 secernit
713 1687 933 1726 suavem
978 1672 1156 1726 cibum
1183 1674 1250 1726 ab
1277 1688 1484 1737 amaro,
1512 1672 1590 1728 sic
1619 1673 1829 1726 animus

240 1763 531 1831 prudentis
574 1761 886 1832 dogmatum
934 1761 1292 1818 diﬁ‘ercntiam
1329 1763 1674 1832 dignoscens,
1711 1763 1826 1818 dis-

237 1850 455 1924 tinguat
484 1869 735 1908 veracem
771 1854 1070 1908 doctrinam
1103 1871 1133 1908 a
1164 1854 1363 1910 fallaci.

317 1962 337 1992 ι
373 1943 481 1997 Cor
508 1959 731 2013 pravum
763 1943 914 1998 dabit
952 1945 1253 2011 tristitiam,
1300 1953 1354 1998 et
1410 1946 1570 2000 homo
1623 1946 1830 2016 peritus

243 2056 262 2087 ι
305 2037 513 2092 resistit
549 2036 646 2090 illi.
684 2056 704 2088 ι
736 2035 843 2091 Cor
894 2051 1120 2106 pravum
1169 2037 1547 2092 haereticorum
1604 2045 1713 2092 tota
1745 2038 1831 2092 die

239 2128 538 2182 meditatur
587 2125 926 2194 iujustitiam,
978 2135 1032 2180 et
1085 2127 1269 2196 lingua
1313 2144 1500 2184 eorum
1542 2129 1831 2183 concinna-

242 2218 317 2270 vit
348 2217 550 2281 dolum,
579 2225 634 2270 et
659 2217 820 2271 homo
846 2216 1054 2286 peritus
1083 2216 1136 2270 in
1168 2216 1435 2272 catholica
1469 2217 1714 2271 doctrina
1746 2232 1832 2271 re—

238 2309 387 2364 sistit
420 2308 494 2362 illi
525 2316 680 2362 scuto
733 2323 877 2364 verae
910 2307 1055 2374 ﬁdei,
1086 2317 1142 2364 et
1191 2308 1372 2380 gladio
1411 2309 1654 2380 spiritus,
1687 2311 1832 2380 quod

238 2405 326 2453 est
354 2399 575 2453 verbum
607 2398 723 2453 Dei.

319 2507 338 2539 (
378 2488 604 2544 Omnem
662 2489 959 2544 masculum
997 2491 1236 2561 excipiet
1282 2492 1497 2558 mulier,
1531 2501 1586 2546 et
1611 2500 1694 2547 est
1722 2491 1832 2547 ﬁlia

247 2601 266 2634 ι
307 2583 503 2638 melior
526 2582 652 2636 ﬁlia.
689 2602 708 2633 ι
737 2581 924 2637 Mulier
943 2599 1158 2638 omnem
1188 2584 1485 2638 masculum
1513 2585 1830 2654 suscipiens,

243 2673 300 2726 in
355 2672 434 2726 eis
489 2671 804 2743 intelligitur
848 2673 938 2740 qui
989 2673 1198 2737 dicunt,
1236 2692 1255 2724 ‹
1293 2690 1394 2744 ego
1445 2675 1661 2744 quidem
1712 2691 1831 2730 sum

244 2759 422 2824 Pauli,
468 2777 567 2832 ego
597 2771 776 2816 autem
816 2761 1026 2832 Apollo,
1070 2777 1172 2834 ego
1219 2777 1349 2818 vero
1373 2763 1569 2833 Cepba:
1627 2763 1679 2836 (1
1705 2764 1829 2821 Cor.

257 2851 366 2922 ιιι).
417 2871 436 2902 ι
475 2851 607 2905 Filia
642 2851 831 2905 melior
856 2851 1173 2924 intelligitur
1200 2853 1252 2906 in
1278 2853 1361 2908 his
1389 2855 1481 2923 qui
1504 2855 1710 2921 dicunt,
1733 2871 1834 2926 ego

241 2953 424 2998 autem
439 2940 662 2998 Christi.
697 2943 814 3013 Ipsa
829 2955 914 2999 est
933 2945 986 2998 in
999 2944 1226 3000 Cantico
1241 2946 1573 3001 canticorum
1589 2948 1832 3020 proxima

243 3031 363 3100 ejus
393 3033 447 3086 in
472 3033 649 3088 medio
678 3032 931 3098 ﬁliarum,
969 3051 988 3084 ι
1009 3033 1151 3089 sicut
1179 3034 1350 3089 lilium
1383 3035 1438 3089 in
1462 3021 1834 3106 metﬁospina-

243 3139 367 3178 rum
399 3123 580 3194 (Cant.
607 3127 691 3195 ιι).
730 3145 749 3178 ι
792 3125 965 3180 Aliter
1009 3127 1063 3180 in
1099 3126 1338 3182 masculo
1364 3143 1653 3198 possumus
1690 3130 1834 3184 acci-

1933 590 2027 630 cor
2048 576 2146 631 viri
2184 579 2286 643 sui,
2327 587 2380 633 et
2412 581 2599 649 spoliis
2649 596 2754 636 non
2787 582 3067 655 indigebit.
3102 587 3308 642 Reddet
3336 589 3384 643 ci
3412 588 3510 642 bo-

1930 684 2081 733 num,
2142 678 2196 724 et
2244 686 2349 724 non
2407 670 2608 725 malum
2659 673 2911 728 omnibus
2963 675 3154 732 dichs
3210 679 3335 733 vitae
3404 696 3516 734 sua:

1931 753 2110 828 (Prov.
2155 757 2327 829 XXXI).
2374 777 2393 810 ι
2434 759 2499 812 Ει
2523 759 2672 825 item,
2708 780 2726 812 ι
2779 763 3082 831 Fortitudo,
3117 767 3309 837 inquit,
3339 775 3395 822 et
3420 769 3513 823 de-

1929 865 2026 904 cor
2064 848 2436 904 indumentum
2471 850 2607 920 ejus,
2648 861 2702 907 et
2732 854 2930 909 ridebit
2987 857 3041 911 in
3090 859 3176 912 die
3224 860 3514 914 novissima

1931 943 2140 1014 (Ibid).
2181 961 2200 994 ι
2233 942 2386 996 Nulla
2417 944 2560 998 enim
2594 947 3028 1016 concupiscentia
3073 949 3308 1004 hominis
3356 949 3515 1019 hujus

1928 1033 2195 1087 desiderio
2224 1035 2529 1103 comparari
2568 1044 2782 1105 potest;
2813 1039 2939 1106 quia
2989 1039 3064 1092 ita
3101 1039 3361 1109 scriptum
3388 1050 3510 1094 est:

1936 1141 1954 1174 ι
1992 1123 2177 1178 Fallax
2213 1124 2407 1193 gratia,
2451 1134 2507 1179 et
2534 1141 2670 1180 vana
2724 1135 2807 1182 est
2856 1128 3200 1198 pulchritudo
3229 1128 3441 1202 (Ibid.).
3481 1149 3499 1182 ι

1931 1215 2119 1270 Mulier
2146 1215 2341 1270 timens
2367 1217 2557 1282 Deum,
2591 1217 2704 1286 ipsa
2735 1217 3063 1274 laudabitur.

2006 1324 2025 1357 ι
2073 1304 2130 1360 Si
2159 1314 2240 1360 est
2273 1305 2454 1377 lingua
2507 1307 2823 1374 curationis,
2861 1317 2946 1364 est
2971 1319 3026 1364 et
3077 1309 3430 1380 mitigationis
3459 1318 3514 1364 et

1935 1415 1954 1447 ι
1996 1396 2405 1451 ηιὶεθιὶεοι-ἀὶω.
2447 1416 2464 1447 ι
2500 1397 2927 1454 Misericordiam
2964 1400 3053 1455 hic
3077 1401 3309 1471 gratiam
3352 1399 3513 1455 Chri-

1930 1486 1998 1540 sti
2029 1485 2282 1554 appellat,
2315 1501 2434 1555 qua:
2462 1501 2562 1556 per
2597 1488 3035 1558 praedicationem
3088 1489 3362 1560 Evangelii
3400 1491 3518 1544 ani-

1931 1592 2144 1632 marum
2180 1588 2337 1632 curat
2379 1577 2624 1643 vulnera,
2684 1589 2741 1634 et
2778 1580 2990 1650 mitigat
3052 1589 3241 1634 :estum
3278 1581 3516 1637 carnalis

1930 1668 2398 1738 concupiscentiae.
2432 1668 2557 1724 Hagc
2585 1685 2714 1741 ergo
2744 1671 3117 1727 misericordia
3171 1672 3438 1727 redundat
3462 1673 3517 1727 in

1932 1758 2171 1813 Ecclesia
2209 1759 2496 1814 catholica.
2527 1759 2655 1814 Inde
2715 1760 2849 1814 dicit
2885 1761 3001 1832 ejus
3047 1761 3373 1816 desiderium
3398 1777 3518 1817 esse

1857 1837 1904 1896 Β
1933 1865 2097 1921 super
2130 1866 2346 1906 omnem
2369 1851 2866 1921 concupiscentiam
2905 1853 3160 1919 hominis,
3213 1854 3340 1924 quia
3373 1855 3427 1908 in
3453 1869 3517 1908 ea

1932 1943 2097 1998 decor
2126 1943 2385 1997 virtutum
2421 1950 2475 1998 et
2507 1943 2852 2013 pulchritudo
2896 1945 3157 2000 doctrinae
3197 1945 3520 2002 mirabiliter

1931 2032 2120 2104 fulget.

2009 2142 2028 2175 ι
2061 2123 2178 2178 Non
2220 2133 2305 2180 est
2356 2124 2440 2179 vir
2465 2124 2610 2180 illius
2655 2125 2952 2180 secundum
2984 2125 3122 2180 ﬁlios
3156 2127 3456 2181 hominum.
3491 2146 3510 2178 ι

1933 2213 2029 2268 Vir
2053 2214 2199 2268 enim
2252 2214 2506 2269 Ecclesia:
2533 2222 2616 2269 est
2660 2214 2932 2280 Christus,
2963 2215 3054 2284 qui
3085 2231 3189 2271 non
3217 2225 3300 2270 est
3329 2231 3522 2270 secun-

1933 2304 2060 2358 dum
2091 2303 2228 2358 ﬁlios
2252 2304 2553 2369 hominum,
2583 2305 2710 2372 quia
2745 2305 2978 2376 dignitas
3002 2304 3117 2373 ejus
3164 2306 3321 2377 longe
3361 2320 3525 2360 exce-

1933 2395 2013 2449 dit
2042 2394 2333 2448 humanam
2364 2404 2636 2449 naturam.
2670 2393 2821 2450 Unde
2849 2395 2916 2450 de
2964 2409 3030 2450 eo
3055 2395 3319 2465 scriptum
3350 2403 3433 2450 est
3463 2395 3514 2449 in

1932 2484 2246 2555 Propheta:
2285 2505 2302 2538 ι
2359 2486 2645 2556 Speciosus
2701 2485 2873 2542 forma
2925 2501 3035 2556 pra:
3065 2486 3190 2541 ﬁliis
3218 2486 3516 2547 hominum,

1936 2574 2129 2630 diﬁ‘usa
2155 2583 2241 2631 est
2268 2576 2442 2646 gratia
2476 2576 2529 2630 in
2568 2575 2726 2631 labiis
2753 2577 2883 2642 tuis,
2917 2584 3198 2646 propterea
3243 2575 3520 2631 bcnedixit

1936 2672 1988 2718 te
2027 2665 2166 2719 Deus
2215 2665 2270 2718 in
2306 2673 2567 2719 azlernum
2622 2663 2796 2734 (Psal.
2849 2665 3015 2736 χιιι).
3075 2685 3094 2716 ι
3140 2663 3248 2720 Sed
3309 2679 3431 2719 cum
3463 2665 3516 2717 in

1931 2758 2069 2812 Isaia
2099 2758 2325 2829 legatur,
2356 2775 2375 2808 ι
2408 2756 2652 2813 Vidimus
2681 2773 2828 2823 eum,
2853 2767 2907 2812 et
2938 2773 3045 2812 non
3075 2766 3194 2812 erat
3216 2757 3265 2812 ei
3307 2755 3520 2828 species

1934 2863 2110 2917 neque
2133 2849 2333 2904 decor:
2367 2847 2462 2903 sed
2516 2848 2725 2918 species
2773 2846 2953 2901 vultus
2980 2845 3098 2916 ejus
3147 2847 3264 2901 sine
3290 2847 3517 2907 honore,

1935 2939 2146 3010 abjecta
2175 2957 2288 3011 prae
2312 2941 2564 2996 omnibus
2587 2940 2898 2996 hominibus
2931 2939 3068 3011 (Isa.
3095 2939 3212 3010 Lm)
3243 2953 3258 2992 :
3295 2958 3313 2989 ι
3343 2939 3516 3008 qua-ri

1933 3040 2113 3102 potest
2163 3032 2434 3102 quomodo
2479 3033 2562 3086 vir
2585 3033 2676 3087 hic
2699 3047 2863 3102 super
2890 3047 3058 3100 genus
3086 3031 3362 3086 hominum
3393 3046 3516 3100 spe-

1934 3125 2270 3180 ciosissimus
2300 3125 2660 3192 describatur,
2710 3143 2817 3181 non
2867 3125 2991 3196 quia
3019 3124 3190 3180 forma
3223 3124 3338 3194 ejus
3361 3125 3518 3180 deco-

241 3228 374 3282 pere
401 3229 704 3269 sermonem
735 3215 931 3269 divina:
959 3215 1110 3287 legis,
1157 3217 1248 3286 qui
1280 3215 1532 3272 fecundat
1570 3218 1825 3288 intelligi-
1855 3221 1899 3283 (ζ
1934 3229 2048 3268 rem
2111 3213 2268 3269 lactei
2298 3214 2498 3269 coloris
2527 3216 2704 3276 duxit,
2752 3223 2847 3269 aut
2872 3214 3012 3270 flavo
3041 3216 3189 3270 crine
3225 3213 3517 3283 splenduit,

243 3301 410 3356 bilem
454 3304 689 3356 animam
727 3304 1013 3373 prudentia
1067 3306 1345 3375 sapientia:
1390 3316 1447 3362 et
1471 3307 1609 3362 bona
1640 3324 1830 3379 opera-

243 3393 414 3447 tione.
452 3393 601 3448 Unde
645 3401 701 3448 ει
753 3409 850 3464 per
872 3393 1065 3449 Isaiam
1095 3395 1332 3451 dicitur:
1370 3415 1388 3448 ι
1424 3396 1705 3464 Quomodo
1730 3399 1830 3453 de-

241 3482 456 3536 scendit
510 3482 681 3536 imber
726 3491 782 3537 et
826 3483 920 3537 nix
969 3483 1036 3539 de
1066 3484 1225 3550 caelo,
1267 3493 1324 3540 et
1377 3485 1484 3541 illic
1531 3487 1668 3541 ultra
1724 3504 1827 3542 non

243 3573 556 3637 revertitur,
588 3573 683 3628 sed
709 3573 946 3629 inebriat
989 3584 1212 3642 terram,
1242 3585 1298 3631 et
1347 3577 1578 3632 infundit
1627 3593 1745 3633 eam
1776 3586 1833 3633 et

239 3665 549 3735 germinare
573 3679 694 3719 eam
715 3665 864 3730 facit,
889 3674 944 3720 et
971 3667 1064 3721 dat
1085 3683 1267 3723 semen
1299 3669 1520 3730 serenti,
1552 3679 1608 3724 et
1630 3685 1827 3739 panem

239 3753 573 3818 comedenti,
615 3754 695 3808 sic
735 3754 840 3809 erit
874 3756 1097 3810 verbum
1144 3770 1324 3811 meum
1352 3757 1494 3826 quod
1522 3759 1830 3826 egredietur

242 3843 314 3896 de
370 3858 467 3898 ore
498 3857 660 3899 meo:
695 3859 801 3899 non
843 3854 1146 3902 revertetur
1177 3847 1245 3900 ad
1298 3863 1385 3903 me
1432 3863 1682 3913 vacuum,
1734 3849 1829 3904 sed

243 3932 410 3987 faciet
456 3946 791 4004 quaecunque
830 3935 996 4001 volui,
1033 3944 1088 3992 et
1112 3937 1521 4007 prosperabitur
1549 3939 1600 3992 in
1624 3939 1729 4004 his,
1761 3940 1830 3995 ad

239 4037 366 4091 qua:
394 4023 519 4076 misi
561 4023 688 4076 illud
724 4024 862 4096 (Iw.
890 4025 999 4097 ιν).
1037 4045 1056 4078 ι
1087 4027 1240 4093 Quod
1274 4036 1452 4083 autem
1481 4029 1558 4083 ait
1592 4047 1604 4082 :
1663 4048 1682 4081 ι
1735 4031 1830 4086 Est

244 4113 356 4166 ﬁlia
386 4113 493 4167 ﬁlia
519 4113 727 4178 melior,
768 4133 786 4166 ι
821 4116 1057 4170 ostendit
1084 4117 1395 4172 distantiam
1437 4132 1558 4173 esse
1592 4119 1645 4172 in
1697 4135 1827 4188 pro-

242 4199 391 4256 fectu
450 4202 689 4256 scientia:
730 4211 786 4257 et
812 4203 1073 4258 virtutum
1130 4206 1463 4274 operatione,
1496 4215 1552 4262 et
1579 4208 1827 4277 quaedam

239 4306 412 4361 Opera
441 4307 564 4347 esse
589 4293 752 4354 bona.
780 4294 1027 4362 quaadam
1051 4305 1230 4350 autem
1256 4297 1516 4366 perfecta,
1551 4299 1692 4353 sicut
1714 4299 1829 4370 ipse

241 4380 508 4435 Dominus
538 4381 591 4435 in
623 4381 916 4452 Evangelio
959 4385 1195 4438 ostendit
1243 4386 1426 4441 dicens
1458 4404 1470 4439 :
1511 4405 1530 4438 ι
1565 4387 1622 4442 Si
1652 4388 1734 4442 vis
1761 4388 1828 4442 ad

239 4471 416 4525 vitam
475 4471 707 4542 ingredi,
771 4487 927 4528 serva
985 4475 1237 4530 mandata
1293 4476 1508 4547 (Matth.
1541 4479 1676 4551 xxx).
1708 4499 1726 4530 ι
1761 4479 1828 4534 Ει

1931 3312 2026 3356 aut
2059 3303 2255 3372 insigni
2285 3311 2494 3358 statura
2522 3305 2850 3374 praeminuit,
2899 3305 2994 3360 sed
3024 3303 3287 3359 veraciter
3315 3303 3513 3358 huma-

1931 3411 2002 3451 no
2031 3397 2214 3467 generi
2243 3396 2520 3466 pulchrior
2546 3397 2668 3463 fuit,
2720 3397 2846 3467 quia
2896 3409 3117 3467 peccata
3169 3411 3275 3451 non
3306 3395 3516 3450 habuit.

1929 3487 2063 3543 Illud
2111 3489 2254 3542 enim
2303 3490 2607 3559 speciosum
2664 3498 2812 3544 recte
2863 3489 3092 3544 dicimus
3145 3487 3290 3557 quod
3343 3487 3518 3557 gratia

1929 3577 2296 3632 mundissimae
2317 3578 2568 3647 puritatis
2593 3588 2838 3640 ornatur,
2871 3579 3118 3648 quamvis
3146 3586 3302 3646 pater
3329 3578 3516 3646 Augu-

1930 3667 2108 3722 stinus
2137 3669 2372 3736 speciem
2422 3669 2667 3737 corporis
2713 3667 2830 3737 ejus
2869 3669 3012 3722 dicat
3046 3667 3215 3722 fuisse
3267 3668 3516 3722 laudabi-

1929 3758 2058 3813 lem.
2089 3757 2196 3812 Sed
2225 3758 2530 3828 exemplum
2563 3759 2715 3814 Isaiae
2739 3775 2903 3828 supra
2934 3759 3166 3829 positum
3192 3757 3258 3811 ad
3301 3758 3515 3828 passio-

1929 3847 2016 3902 nis
2044 3845 2159 3913 ejus
2195 3847 2377 3900 retulit
2431 3858 2664 3916 tempus,
2695 3849 2910 3917 quando
2941 3858 2996 3903 et
3049 3847 3292 3918 colaphis
3319 3863 3516 3914 cazsus,

1929 3947 1984 3993 et
2013 3939 2182 4008 spinis
2233 3947 2546 4005 coronatus,
2589 3948 2644 3995 et
2675 3940 2847 4009 sputis
2879 3939 3075 4010 legitur
3103 3955 3221 3995 esse
3273 3940 3515 4010 comple-

1929 4038 2038 4085 tus.
2086 4030 2324 4085 Ecclesia
2379 4047 2527 4096 vero,
2564 4047 2684 4102 quae
2736 4032 2946 4087 Domini
2990 4031 3291 4087 Salvatoris
3333 4043 3513 4102 portat

1929 4121 2243 4192 imaginem,
2290 4121 2369 4176 sic
2415 4121 2611 4192 legitur
2651 4121 2704 4175 in
2760 4119 2999 4176 Canticis
3047 4121 3382 4176 canticorum
3431 4122 3515 4177 di-

1927 4213 2074 4268 xisse
2104 4231 2116 4266 :
2155 4231 2173 4265 ι
2198 4212 2371 4268 Fusca
2395 4229 2513 4268 sum
2541 4221 2598 4268 et
2623 4213 2816 4269 decora
2851 4212 3028 4284 (Cant.
3060 4213 3122 4284 ι),
3162 4232 3180 4264 ι
3218 4213 3271 4268 id
3297 4223 3400 4278 est,
3433 4212 3514 4268 fu-

1928 4319 2021 4359 sca
2050 4319 2278 4374 corpore
2303 4304 2525 4368 carnali,
2560 4303 2797 4361 formosa
2827 4305 3137 4360 omlestibus
3185 4305 3416 4360 meritis.
3447 4305 3516 4359 Et

1928 4412 2098 4466 quare
2150 4399 2454 4468 speciosum
2519 4400 2741 4464 dixerit,
2793 4399 3008 4469 probat,
3074 4399 3201 4469 quia
3260 4398 3514 4468 loquente

1929 4486 2146 4543 Christo
2172 4503 2269 4558 per
2319 4489 2551 4559 gratiam
2599 4489 2709 4544 Deo
2740 4489 3120 4545 reconciliatus
3144 4500 3228 4546 est
3254 4491 3508 4545 mundus.

240 4561 443 4616 iterum
473 4577 488 4615 :
520 4581 537 4612 ι
584 4561 640 4616 Si
673 4563 754 4618 vis
789 4563 1061 4632 perfectus
1090 4580 1231 4631 esse,
1261 4567 1422 4631 vade,
1453 4568 1622 4622 vende
1641 4570 1822 4624 omnia

1935 4580 2067 4648 Quid
2089 4596 2217 4652 ergo
2240 4583 2417 4652 potuit
2445 4582 2499 4636 in
2525 4583 2764 4637 humano
2793 4597 2990 4653 genere
3018 4596 3141 4638 esse
3173 4592 3282 4637 tam
3313 4583 3510 4649 simile,

238 4669 366 4723 qua:
413 4653 605 4719 habes,
654 4663 709 4709 et
752 4655 817 4709 da
864 4657 1226 4725 pauperibus:
1257 4666 1312 4712 et
1337 4657 1562 4714 habebis
1615 4660 1827 4715 thesau-

241 4761 366 4800 rum
422 4745 474 4799 in
511 4745 669 4810 caelo,
720 4755 776 4800 et
812 4747 934 4800 veni
977 4761 1204 4818 sequere
1239 4763 1323 4802 me
1362 4747 1572 4821 (Ibid.).
1619 4769 1638 4800 ι
1674 4750 1828 4806 Unde

238 4846 299 4890 et
330 4836 530 4890 Paulus
553 4837 912 4892 diﬁ‘erentiam
936 4853 1054 4894 esse
1074 4839 1299 4908 intelligi
1324 4840 1510 4895 volens
1531 4841 1585 4894 in
1614 4849 1827 4896 sancto-

241 4944 369 4982 rum
405 4929 859 4994 remuneratione,
894 4928 970 4982 ait
997 4945 1011 4983 :
1050 4948 1068 4980 ι
1101 4928 1267 4984 Stella
1293 4930 1436 4984 enim
1464 4946 1494 4984 a
1519 4931 1671 4986 stella
1725 4932 1827 4987 dif-

238 5017 355 5074 fert
389 5019 443 5072 in
469 5018 739 5084 claritate,
773 5020 846 5074 ita
875 5029 930 5074 et
953 5021 1280 5076 resurrectio
1306 5030 1666 5077 mortuorum.
1704 5043 1723 5076 ι

325 5127 344 5160 ι
379 5108 600 5180 Species
650 5111 895 5166 mulieris
948 5111 1216 5166 exhilarat
1252 5111 1449 5168 faciem
1501 5114 1604 5168 viri
1635 5114 1742 5180 sui,
1773 5123 1828 5170 et

245 5220 266 5254 σ
308 5217 473 5272 super
508 5216 723 5256 omnem
770 5203 1260 5271 concupiscentiam
1296 5204 1530 5260 hominis
1559 5204 1824 5275 superdu-

246 5311 268 5344 ι
312 5301 399 5348 cet
427 5294 773 5348 desiderium.
809 5312 830 5345 ι
865 5291 1015 5348 lianc
1065 5293 1345 5351 mulierem
1394 5310 1684 5365 possumus
1733 5305 1828 5350 aut

237 5383 559 5455 specialiter
584 5385 817 5439 animam
848 5385 1082 5452 ﬁdelem,
1115 5395 1208 5440 aut
1257 5389 1585 5456 generaliter
1610 5405 1826 5445 omnem

240 5477 548 5532 Ecclesiam
585 5479 866 5548 accipere;
913 5477 1073 5548 hujus
1114 5481 1259 5535 enim
1308 5481 1554 5537 mulieris
1591 5484 1822 5553 species,

237 5571 350 5627 hoc
379 5582 484 5636 est,
514 5572 679 5627 decor
711 5588 872 5642 quam
917 5575 1080 5628 habet
1117 5573 1170 5627 in
1208 5583 1353 5628 recta
1407 5574 1512 5629 ﬁde
1560 5583 1615 5628 et
1671 5577 1825 5631 bonis

237 5661 522 5730 operibus,
555 5662 824 5717 exhilarat
874 5662 1066 5719 faciem
1098 5664 1222 5728 viri,
1259 5665 1440 5734 sponsi
1473 5665 1721 5721 videlicet
1741 5669 1824 5723 sui

239 5750 463 5808 Domini
492 5751 617 5808 Iesu
649 5753 871 5818 Christi,
902 5755 995 5824 qui
1019 5754 1319 5811 delectatur
1347 5755 1398 5810 in
1421 5749 1664 5826 profectu
1685 5756 1818 5826 ejus.

1928 4690 2089 4746 quam
2121 4673 2298 4743 ipsum
2345 4675 2685 4729 incarnatum
2715 4675 3055 4740 conspicere,
3103 4689 3200 4744 per
3230 4688 3389 4737 quem
3423 4688 3509 4727 re-

1931 4763 2258 4833 demptionis
2304 4765 2503 4819 donum
2534 4772 2680 4818 totus
2729 4764 2876 4818 orbis
2898 4763 3140 4832 accipit?
3167 4763 3302 4817 Nam
3331 4763 3412 4818 sic
3455 4763 3522 4818 de

1929 4851 2047 4922 ipso
2070 4861 2124 4907 et
2153 4853 2441 4922 przedictus
2469 4853 2606 4907 liber
2632 4851 2940 4908 Salomonis
2961 4854 3208 4908 enuntiat
3238 4873 3252 4907 :
3290 4873 3308 4905 ‹
3345 4853 3512 4908 Labia

1929 4952 2022 4996 tua
2068 4951 2123 4996 et
2161 4942 2370 5009 loquela
2407 4951 2496 4996 tua
2529 4944 2772 5012 speciosa
2811 4941 2988 5014 (Cant.
3024 4960 3098 5009 iv,
3137 4943 3213 5018 v).
3251 4965 3270 4998 ι
3315 4944 3513 5016 Sequi-

1931 5038 2020 5085 tur
2055 5049 2068 5085 :
2115 5049 2132 5080 σ
2169 5031 2465 5100 Propterea
2515 5033 2790 5088 benedixit
2827 5044 2878 5088 te
2914 5034 3052 5089 Deus
3079 5035 3132 5089 in
3171 5048 3457 5094 mternum.
3489 5059 3508 5091 ι

1930 5119 2222 5191 Propterea
2256 5121 2407 5187 dicit,
2448 5131 2666 5192 propter
2715 5125 3128 5194 praedicationes
3181 5128 3414 5183 eximias
3459 5139 3511 5182 et

1927 5212 2184 5282 pietatem
2211 5214 2462 5268 omnibus
2488 5215 2661 5269 modis
2697 5215 3046 5287 singularem,
3075 5217 3201 5290 quia
3230 5219 3375 5274 nulla
3400 5219 3518 5273 eui-

1929 5320 2091 5374 quam
2120 5320 2218 5376 pro
2248 5305 2456 5361 meritis
2480 5307 2729 5373 contulit,
2758 5308 2851 5364 sed
2881 5311 3062 5364 omnia
3091 5325 3186 5365 sua
3214 5313 3393 5380 potius
3422 5309 3521 5362 bo-

1934 5394 2105 5449 nitate
2153 5397 2442 5451 concessit.
2498 5397 2822 5455 Benedictus
2848 5411 2933 5456 est
2966 5403 3108 5456 enim
3144 5403 3196 5455 in
3226 5410 3484 5455 internum
3505 5439 3522 5463 ,

1931 5483 2087 5553 cujus
2113 5487 2264 5556 regni
2318 5503 2425 5542 non
2452 5487 2557 5542 erit
2583 5489 2723 5544 ﬁnis.
2757 5491 2904 5545 Bene
2933 5493 3136 5546 dictum
3163 5497 3247 5544 est
3273 5495 3453 5542 autem
3481 5503 3511 5542 a

1934 5576 2104 5633 forma
2143 5579 2288 5633 servi
2319 5597 2331 5632 :
2371 5597 2389 5630 ι
2427 5580 2709 5635 Benediin
2739 5591 2790 5636 te
2819 5583 2982 5649 Deus,
3020 5603 3038 5634 ι
3068 5597 3188 5650 qua}
3215 5589 3271 5635 et
3293 5579 3502 5649 passio-

1933 5684 2056 5725 nem
2083 5670 2322 5740 pertulit,
2352 5679 2406 5725 et
2432 5671 2497 5724 ad
2525 5687 2688 5742 regna
2712 5673 2969 5728 caelorum
2997 5671 3261 5741 pervenit.

2010 5781 2028 5814 ι
2063 5762 2162 5829 Qui
2186 5763 2425 5834 possidet
2454 5765 2733 5821 mulierem
2773 5765 2987 5829 bonam,
3046 5765 3264 5821 inchoat
3289 5776 3510 5833 possm-
