3902 6162
379 314 514 371 10Ξό

1018 303 1093 364 Β]
1120 300 1632 367 ΒΑΒΑΝΓΜΑΠΒΙ
1668 307 1951 367 ARCHIEI

2064 306 2353 372 IOGUNT.
2386 316 2671 374 OPERUM
2714 317 2893 374 PARS
2930 318 2972 373 Ι.

3508 327 3668 380 109.3

373 430 606 483 sionem.
644 443 663 478 δ
701 423 823 478 Haec
853 437 983 492 ergo
1008 424 1272 476 sententia
1308 424 1648 478 demonstrat
1670 423 1958 479 bzeredita-
1984 425 2039 486 Α
2062 434 2333 493 taverunt,
2363 440 2419 486 et
2463 431 2674 502 aliquas
2713 431 2975 487 virtutum
3016 435 3226 503 species
3266 432 3458 492 imitati
3496 450 3671 501 sunt,

373 528 482 572 tem
528 515 747 579 Christi,
798 521 1043 568 sanctam
1094 529 1214 569 esse
1263 514 1582 580 Ecclesiam,
1637 531 1799 587 quam
1840 515 1956 587 ipse

373 620 602 676 sponsus
627 602 1048 673 gloriosissimus
1078 602 1202 657 fidei
1252 620 1361 658 suae
1390 605 1554 670 dono,
1584 613 1639 660 et
1665 605 1957 677 baptisma-

376 696 447 751 tis
489 702 832 750 sacramento
875 694 1131 763 primitus
1182 696 1444 758 fundavit.
1498 698 1685 769 sicque
1739 700 1806 753 ad
1835 714 1954 754 eam

369 785 609 839 omnium
640 785 880 853 gentium
909 785 1154 839 nationes
1185 800 1475 841 occurrere
1503 787 1650 841 fecit.
1682 788 1832 844 Unde
1862 805 1957 858 pa-

370 880 523 925 terna
580 887 683 926 vox
715 872 780 925 ad
812 888 934 926 eum
990 872 1042 925 in
1075 873 1283 942 psalmo
1319 876 1395 929 ait
1425 894 1437 928 :
1488 894 1505 926 ι
1542 876 1760 931 Postula
1789 894 1819 931 a
1845 894 1952 944 me,

369 973 422 1017 et
445 964 584 1018 dabo
614 965 707 1035 tibi
738 973 922 1035 gentes
951 965 1323 1020 hiereditatem
1360 976 1527 1034 tuam,
1552 977 1607 1023 et
1653 972 1953 1039 possessio-

369 1072 491 1110 nem
523 1065 668 1109 tuam
704 1056 965 1110 terminos
993 1067 1150 1111 terra:
1195 1054 1367 1128 (Psal.
1396 1059 1479 1129 ιι).
1516 1080 1533 1112 ι
1566 1059 1679 1116 Hoc
1718 1076 1816 1130 per
1853 1063 1952 1116 ba-

367 1145 538 1198 bitnm
569 1144 764 1198 dicitur
791 1143 1130 1217 formamque
1159 1149 1432 1213 servilem,
1466 1166 1531 1205 ex
1582 1167 1647 1205 eo
1697 1152 1839 1221 quod
1887 1152 1951 1206 fi-

366 1240 473 1294 lius
504 1247 585 1294 est
610 1240 837 1310 virginis
866 1258 879 1307 ;
919 1242 1177 1311 quidquid
1211 1244 1354 1298 enim
1389 1244 1440 1298 in
1475 1254 1716 1316 tempore
1744 1249 1953 1317 accepit

366 1332 639 1399 Christus,
696 1336 990 1390 secundum
1047 1337 1322 1391 hominem
1390 1354 1510 1407 qua:
1564 1356 1668 1394 non
1720 1342 1956 1396 habebat

365 1425 623 1494 acquirit.
655 1425 791 1481 Hinc
818 1428 960 1481 enim
996 1427 1238 1498 jubetur,
1272 1437 1330 1483 ut
1357 1438 1509 1499 petat
1531 1434 1825 1488 secundum
1853 1450 1947 1489 na-

365 1525 542 1571 turam
569 1516 905 1584 inferiorem,
933 1530 987 1574 et
1013 1530 1237 1589 accepta
1267 1522 1564 1591 possideat.
1591 1524 1726 1579 Nam
1757 1541 1951 1581 secun-

363 1607 491 1661 dum
521 1609 816 1676 potentiam
843 1609 1016 1672 verbi,
1050 1609 1419 1666 indifferenter
1467 1615 1649 1668 omnia
1701 1630 1819 1683 quae
1849 1617 1950 1671 ha-

365 1698 453 1752 bet
484 1698 668 1763 Pater,
699 1698 863 1753 habet
891 1709 945 1753 et
991 1698 1179 1765 Filius,
1238 1716 1338 1756 nec
1396 1702 1469 1756 illi
1500 1720 1721 1761 necesse
1749 1714 1831 1761 est
1853 1722 1949 1776 pe-

2061 533 2426 587 supervacuus
2465 532 2521 577 et
2547 523 2770 578 omnino
2810 523 2912 579 sibi
2956 524 3160 578 inutilis
3188 533 3292 588 est,
3319 527 3445 595 quia
3486 529 3671 597 quid-

2061 611 2188 680 quid
2213 621 2363 667 extra
2405 622 2645 668 sanctam
2693 614 2999 671 Ecclesiam
3040 616 3120 680 fit,
3155 618 3413 687 gemitum
3455 636 3673 690 perpe—

2061 711 2233 769 tuum,
2272 721 2379 759 non
2408 706 2659 775 gaudium
2688 714 2974 771 :eternum,
3005 707 3165 777 parit.

2135 812 2154 845 ι
2185 795 2317 861 Quis
2345 797 2515 849 credit
2544 796 2618 861 ei,
2664 797 2754 865 qui
2793 813 2900 853 non
2949 797 3114 852 habet
3158 799 3363 865 nidum,
3404 810 3457 854 ct
3490 801 3675 856 deue-

2065 902 2083 935 t
2131 894 2284 940 ctcns
2330 887 2637 956 ubicunque
2691 888 3080 950 obscuravcrit,
3138 890 3295 959 quasi
3335 892 3673 947 succinctus

2064 990 2082 1022 ι
2129 972 2269 1027 latro
2306 974 2562 1030 exsiliens
2603 975 2671 1030 de
2722 976 2942 1030 civitate
2967 977 3021 1030 in
3053 977 3346 1033 civitatem.
3377 998 3396 1031 ι
3446 979 3668 1035 Νἰόιιω

2059 1063 2147 1118 hic
2176 1074 2450 1135 nuncupat
2479 1074 2725 1121 sanetam
2753 1067 3070 1131 Ecclesiam,
3098 1068 3188 1121 uhi
3217 1069 3316 1139 pim
3345 1068 3668 1126 electorum

2058 1156 2251 1209 animre
2280 1157 2417 1211 filios
2444 1158 2706 1212 bonorum
2750 1158 3068 1224 enutriunt;
3106 1161 3251 1215 unde
3271 1162 3537 1231 scriptum
3572 1171 3669 1218 est

2058 1245 2112 1298 in
2130 1245 2352 1315 ipsalmo
2378 1261 2392 1299 :
2422 1265 2439 1297 ι
2468 1247 2668 1303 Passer
2714 1250 2920 1303 invenit
2963 1249 3064 1304 sibi
3094 1251 3337 1317 domum,
3378 1262 3432 1306 et
3465 1261 3670 1308 turtur

2057 1337 2264 1399 nidum,
2307 1338 2398 1393 ubi
2444 1348 2670 1409 reponat
2718 1340 3061 1410 pullessuos
3113 1340 3286 1412 (Psal.
3329 1344 3597 1413 Lxxxtn).
3640 1365 3660 1397 ι

2060 1427 2159 1481 Ubi
2197 1444 2325 1498 ergo
2355 1430 2596 1498 requiem
2633 1438 2687 1483 et
2731 1433 2949 1484 tutelam
2985 1432 3170 1495 habet,
3208 1433 3297 1501 qui
3344 1449 3451 1486 non
3501 1435 3667 1488 intra

2057 1527 2298 1571 sanctam
2333 1518 2630 1581 Ecclesiam
2662 1528 2865 1584 manet,
2896 1521 3202 1591 ubicunque
3236 1522 3377 1575 enim
3406 1538 3507 1590 per
3538 1522 3668 1577 ha:-

2057 1610 2347 1664 reticorum
2403 1610 2655 1682 dogmata
2700 1612 2783 1668 vel
2829 1611 3272 1683 philosophorum
3327 1615 3505 1668 studia
3558 1616 3667 1671 de-

2057 1700 2289 1766 flexerit,
2340 1718 2556 1773 semper
2586 1705 2641 1758 in
2688 1720 2875 1760 errore
2924 1707 3052 1767 erit,
3103 1715 3157 1761 et
3208 1706 3375 1762 lucem
3417 1708 3671 1763 sincera:

365 1798 478 1845 tere
503 1804 622 1859 quae
661 1791 821 1845 simul
859 1792 1173 1862 agnoscitur
1200 1794 1502 1862 possidere.
1535 1796 1736 1852 Gentes
1768 1806 1950 1854 autem
1980 1780 2028 1838 Β
2054 1794 2301 1849 veritatis
2327 1811 2591 1864 nusquam
2631 1797 2888 1851 inveniet.
2928 1798 3092 1863 Quasi
3131 1798 3297 1852 etiam
3334 1801 3672 1856 succinctus

367 1880 581 1949 signant
612 1883 859 1936 nationes
886 1890 999 1936 toto
1024 1885 1156 1937 orbe
1184 1885 1447 1951 diversas,
1496 1903 1632 1956 quas
1665 1889 1957 1946 distinctas

369 1985 431 2024 ac
462 1981 742 2041 separatas
795 1974 1020 2043 sanguis
1051 1975 1399 2043 amplectitur
1422 1976 1649 2032 Christi.
1682 1978 1818 2034 Nam
1850 1982 1956 2037 hoc

367 2060 540 2130 ipsum
566 2062 707 2130 quod
743 2061 841 2126 ait,
875 2081 894 2113 ι
936 2072 1101 2128 tuam,
1138 2085 1156 2115 ι
1201 2066 1630 2122 incarnationem
1659 2069 1808 2124 verbi
1835 2085 1955 2127 esse

366 2153 724 2219 demonstrat,
758 2162 817 2208 ut
848 2153 982 2210 nihil
1006 2156 1337 2227 intelligatur
1359 2174 1479 2214 esse
1500 2161 1756 2227 divisum,
1787 2178 1955 2232 quan-

365 2243 434 2297 do
464 2260 568 2297 una
597 2243 880 2313 majestate
905 2247 1086 2301 omnia
1124 2249 1489 2317 possidentur,
1517 2252 1659 2307 sicut
1700 2255 1752 2308 in
1779 2255 1955 2310 Evan-

364 2331 505 2399 gelio
554 2333 665 2401 ipse
719 2334 893 2389 dicit:
943 2354 961 2385 ‹
998 2334 1189 2390 Omnia
1239 2353 1359 2406 qua:
1387 2339 1551 2394 Pater
1599 2341 1788 2407 habet,
1830 2360 1951 2399 mea

365 2429 511 2485 sunt,
544 2430 599 2475 et
622 2424 803 2477 omnia
835 2424 1035 2491 Patris,
1066 2442 1186 2482 mea
1217 2436 1341 2482 sunt
1367 2428 1549 2498 (Joan.
1581 2432 1741 2504 xvu).
1781 2453 1800 2486 ι
1834 2453 1851 2486 ς
1886 2436 1953 2489 Et

364 2510 785 2578 possessionem,
841 2513 1033 2581 inquit,
1088 2523 1236 2569 tuam
1275 2518 1534 2573 terminos
1575 2527 1754 2575 terrm.
1802 2542 1820 2573 ι
1855 2522 1954 2577 Hic

363 2600 742 2655 manifestatur
793 2604 1076 2658 universas
1121 2614 1310 2675 gentes
1362 2608 1413 2662 in
1473 2608 1676 2666 Christi
1733 2614 1953 2669 nomine

362 2691 691 2757 crediturus,
720 2708 820 2762 per
869 2709 1029 2763 quem
1059 2696 1291 2751 mundus
1325 2698 1561 2768 explosis
1604 2704 1952 2771 superstitio-

361 2782 523 2837 nibus
558 2784 940 2839 reconciliatus
965 2793 1049 2839 est
1077 2786 1208 2841 Deo.
1260 2786 1394 2842 Nam
1424 2804 1550 2844 cum
1577 2800 1632 2846 et
1682 2793 1772 2848 hic
1821 2794 1953 2849 dicit

367 2893 386 2925 ι
421 2860 818 2943 possessionem
851 2884 1015 2941 tuam,
1056 2897 1074 2929 ι
1128 2887 1378 2933 naturam
1417 2881 1774 2939 humanitatis
1800 2899 1953 2939 acce-

358 2966 459 3036 pit,
491 2968 633 3036 quod
690 2984 905 3040 semper
954 2970 1134 3025 divina
1185 2973 1449 3040 possedit.
1482 2973 1751 3046 Majestati
1803 2976 1950 3031 enim

359 3057 530 3126 ipsius
560 3059 673 3113 dari
704 3076 809 3114 non
837 3070 1053 3129 poterat
1080 3064 1223 3132 quod
1260 3064 1517 3120 habebat.
1544 3067 1784 3124 Termini
1804 3071 1951 3125 enim

2056 1884 2195 1940 latro
2220 1885 2284 1938 de
2305 1885 2526 1940 civitate
2555 1886 2607 1939 in
2635 1887 2910 1941 civitatem
2934 1888 3106 1953 exilit,
3136 1890 3259 1958 quia
3292 1890 3578 1945 instabilis
3609 1892 3669 1945 in

2054 1976 2202 2030 omni
2232 1991 2290 2031 re
2325 1992 2493 2048 vagus
2521 1986 2568 2031 et
2597 1977 2859 2049 profugus
2887 1978 2953 2033 de
2980 1993 3167 2034 errore
3194 1980 3247 2033 in
3272 1996 3519 2036 errorem
3559 1997 3666 2038 ca-

2056 2067 2151 2121 dit.
2181 2065 2458 2137 Sequitur.

2642 2160 2868 2218 CAPUT
2920 2162 3049 2218 Vill.

2057 2249 2182 2305 Non
2206 2267 2316 2306 esse
2342 2253 2568 2306 anticum
2596 2263 2800 2325 tantum
2831 2256 3057 2320 nomine,
3084 2256 3175 2310 8rd
3204 2272 3351 2325 apere
3381 2268 3438 2310 et
3459 2257 3579 2325 ﬁde
3609 2269 3664 2312 et

2715 2324 2988 2378 cltart'tatc.

2127 2432 2279 2503 (CAP.
2311 2435 2543 2503 xxxvu.)
2590 2454 2606 2485 ι
2641 2434 2830 2491 Omnis
2853 2435 3059 2490 amicus
3082 2437 3223 2490 dicet
3249 2455 3260 2488 :
3286 2436 3353 2491 Et
3376 2452 3484 2507 ego
3504 2440 3631 2493 ami
3652 2471 3665 2478 -

2062 2539 2080 2571 ι
2116 2522 2304 2576 citiam
2331 2523 2613 2594 cepulavi,
2641 2525 2734 2579 sed
2761 2533 2844 2580 est
2870 2526 3100 2586 amicus,
3133 2527 3251 2581 solo
3276 2528 3496 2583 nomine
3517 2531 3670 2583 ami-

2060 2632 2078 2664 t
2119 2630 2234 2669 cus.
2271 2635 2290 2668 ι
2323 2615 2587 2686 Superius
2623 2616 2712 2672 ubi
2744 2619 2811 2672 de
2852 2620 3044 2673 amicis
3078 2619 3390 2690 disputavit,
3423 2622 3670 2692 diligen-

2054 2705 2162 2760 tius
2190 2707 2444 2762 disseruit
2471 2708 2648 2777 qualis
2673 2708 2745 2763 sit
2786 2711 2995 2766 amicus
3020 2728 3200 2777 verus,
3230 2714 3479 2782 qualisve
3504 2718 3663 2770 ami-

2054 2812 2150 2852 cus
2180 2796 2368 2864 falsus,
2416 2800 2547 2869 quia
2578 2801 2703 2855 alibi
2753 2802 2957 2856 dictum
2987 2812 3072 2857 est
3098 2821 3110 2856 :
3143 2822 3160 2855 t
3191 2804 3288 2859 list
3314 2806 3534 2860 amicus
3570 2824 3667 2862 se-

2053 2890 2290 2945 cundum
2324 2898 2535 2961 tempus
2564 2908 2743 2958 suum,
2772 2901 2826 2946 ct
2852 2909 2959 2948 non
2990 2894 3328 2963 permanebit
3350 2896 3402 2949 in
3438 2898 3529 2951 die
3559 2900 3671 2952 tri-

2052 2980 2368 3047 bulationis,
2404 2989 2460 3035 et
2487 2990 2572 3037 est
2601 2983 2830 3049 amicus,
2862 2984 2955 3054 qui
3001 2985 3274 3054 egreditur
3301 2987 3367 3040 ad
3418 2987 3671 3043 inimiei~

2054 3071 2208 3125 tiam.
2236 3071 2439 3141 Estque
2466 3074 2695 3138 amicus,
2727 3076 2909 3130 socius
2944 3092 3166 3141 mensa},
3194 3086 3251 3131 et
3293 3093 3398 3132 non
3432 3093 3667 3148 penna-

360 3159 520 3204 tcrrte
562 3160 705 3217 sunt,
766 3152 858 3220 qui
904 3152 1149 3208 tellurem
1208 3154 1435 3226 cingunt
1489 3167 1655 3228 atque
1724 3162 1946 3216 conclu-
1975 3162 2021 3224 C
2052 3164 2205 3219 nebit
2252 3164 2306 3218 in
2356 3164 2443 3220 die
2496 3168 2840 3223 necessitatis
2868 3168 3057 3239 (Eccli.
3090 3176 3182 3230 Vl).
3217 3190 3236 3222 ›
3278 3172 3322 3225 Ε
3363 3177 3666 3230 contrario

360 3242 514 3307 dunt,
548 3250 636 3296 aut
671 3259 777 3298 non
808 3244 984 3299 solum
1012 3245 1186 3309 arida,
1218 3261 1405 3301 verum
1436 3248 1602 3303 etiam
1647 3252 1813 3308 totius
1857 3270 1947 3310 ae-
2049 3269 2179 3310 vero
2205 3256 2383 3311 amico
2413 3256 2557 3313 fideli
2590 3258 2734 3312 nulla
2762 3268 2844 3314 est
2876 3262 3231 3329 comparatio,
3264 3264 3385 3331 quia
3430 3267 3662 3322 amicus

359 3332 438 3384 ris
468 3332 815 3403 circutnjecta
847 3334 1150 3388 substantia
1206 3344 1262 3390 et
1298 3339 1539 3392 omnittm
1571 3349 1945 3399 creaturarum
2052 3346 2225 3403 fizlelis
2271 3349 2726 3404 medicamentum
2789 3360 2873 3406 est
2916 3352 3039 3407 vita:
3085 3363 3141 3407 et
3192 3354 3659 3413 immortalitatis.

362 3422 698 3493 significatur
749 3423 1052 3494 integritas,
1089 3426 1232 3480 sicut
1282 3427 1478 3497 ipsein
1520 3429 1814 3502 Evangelio
1847 3434 1948 3488 sub
2050 3436 2239 3493 Omnis
2264 3438 2489 3503 amicus,
2529 3442 2631 3496 hoc
2659 3449 2762 3505 est,
2795 3458 2953 3497 verus
2992 3452 3048 3498 et
3085 3442 3274 3508 falsus,
3298 3461 3357 3500 se
3400 3448 3659 3502 amicum

363 3512 630 3567 brevitate
659 3514 946 3579 conclusit,
998 3515 1183 3571 dicens
1216 3534 1229 3571 :
1274 3538 1290 3568 ι
1330 3518 1463 3572 Data
1502 3529 1587 3575 cst
1614 3523 1746 3576 mihi
1770 3527 1949 3583 omnis
2049 3543 2168 3582 esse
2199 3527 2512 3598 profitetur;
2554 3532 2647 3585 sed
2678 3532 2769 3599 qui
2801 3541 3082 3601 permanet
3125 3534 3282 3597 fixus,
3322 3535 3411 3589 ille.
3443 3540 3662 3593 merito

363 3614 604 3674 potestas
649 3606 701 3661 in
748 3606 887 3662 cudo
936 3608 1071 3662 etin
1128 3618 1273 3665 terra
1323 3611 1539 3675 (Matth.
1574 3617 1789 3689 xxvut).
1827 3640 1847 3671 ι
1881 3621 1950 3677 Ει
2050 3620 2210 3688 hujus
2249 3621 2483 3675 nominis
2521 3623 2727 3677 honore
2756 3623 3065 3678 decoratur.
3105 3624 3238 3679 Nam
3276 3628 3539 3695 quoniam
3597 3632 3661 3684 in

287 3718 291 3720 ν
360 3695 648 3765 Apostolus
680 3714 691 3749 :
729 3714 748 3748 ι
786 3696 857 3752 Ut
894 3697 947 3751 in
981 3698 1220 3764 nomine,
1249 3700 1444 3771 inquit,
1473 3703 1599 3760 Jesu
1622 3723 1782 3763 omne
1807 3724 1946 3779 genu
2051 3709 2184 3765 falso
2232 3711 2410 3765 amico
2466 3711 2778 3767 firmissima
2836 3712 2972 3769 ﬁdes
3015 3728 3121 3769 non
3174 3715 3468 3781 invenitur,
3515 3734 3665 3788 pro-

362 3786 629 3855 flectatur,
682 3789 1004 3851 caelestium,
1075 3794 1416 3849 terrestrium
1482 3805 1536 3851 et
1603 3798 1944 3856 infernorum
2046 3813 2236 3871 pterea
2259 3800 2803 3874 subjungit,dieens:

362 3879 528 3951 (Phil.
564 3880 643 3951 ιι).
685 3900 703 3933 ι
2124 3912 2144 3944 t
2180 3892 2371 3949 Nonne
2411 3895 2635 3949 tristitia
2681 3904 2764 3950 est
2794 3910 2966 3966 usque
3012 3898 3084 3952 ad
3132 3900 3394 3953 mortem?
3423 3900 3669 3960 Sodalis

436 3989 453 4021 ι
484 3970 827 4039 Adjutorium
876 3974 1172 4028 secundum
1213 3976 1363 4032 illum
1406 3989 1491 4034 est
1530 3990 1585 4037 et
1611 3984 1861 4041 columna
1888 3997 1950 4043 ιιι
2053 4001 2072 4033 ι
2108 3993 2289 4039 autem
2331 3992 2385 4038 et
2425 3985 2631 4039 anticus
2675 3985 2743 4039 ad
2785 3985 3126 4042 inimicitiam
3166 3998 3592 4046 convertentur.
3630 4014 3654 4047 ι

365 4062 596 4130 requies.
634 4082 652 4113 ι
688 4061 1028 4131 Atljutorium
1054 4066 1198 4120 enim
1231 4068 1486 4126 Ecclesiae
1518 4076 1812 4131 secundum
1836 4079 1948 4135 dis-

2064 4074 2346 4130 tlaximum
2393 4077 2539 4131 enim
2585 4077 2783 4131 malum
2824 4085 2929 4143 est,
2958 4087 3016 4133 et
3045 4081 3302 4157 continuo
3334 4083 3523 4138 dolore
3554 4103 3668 4156 ge-

365 4152 731 4216 pmtsationem
790 4154 999 4208 Domini
1067 4165 1122 4209 et
1164 4160 1347 4227 sponsi
1398 4162 1480 4215 sui
1527 4172 1644 4229 est,
1701 4180 1802 4221 nec
1858 4168 1947 4224 illa
2048 4170 2324 4232 mendum,
2350 4170 2496 4237 quod
2540 4170 2630 4224 ubi
2660 4180 2911 4239 speratur
2948 4154 3327 4237 fidelitas,iibi
3365 4175 3667 4233 invenitur

364 4240 577 4296 aliunde
612 4242 715 4297 nisi
745 4244 812 4297 ab
844 4243 958 4313 ipso
986 4247 1178 4314 qurerit
1209 4247 1481 4317 solatium,
1514 4254 1636 4322 quia
1664 4255 1717 4310 in
1743 4256 1834 4311 illo
1866 4267 1949 4313 to-
2049 4259 2376 4329 malignitas,
2410 4268 2465 4314 et
2510 4260 2598 4314 ubi
2629 4260 2884 4315 amicitiae
2910 4263 3213 4318 assimilata
3255 4275 3340 4319 est
3371 4268 3661 4335 charitas,

367 4331 470 4385 tius
488 4347 598 4387 suze
618 4334 957 4389 necessitatis
981 4335 1585 4409 invenietopportunum
1606 4346 1943 4419 suffragium.
2050 4350 2127 4406 ibi
2162 4351 2463 4406 inimicitia:
2494 4353 2763 4422 reperitur
2786 4355 3134 4423 perversitas.

368 4413 515 4476 llnile
546 4421 599 4476 in
628 4422 833 4493 psalmo
874 4425 987 4495 ipse
1009 4427 1081 4481 ita
1109 4428 1278 4485 dicit:
1311 4449 1329 4481 ι
1361 4431 1574 4490 Justum
1618 4413 1944 4509 adiutorium
2125 4457 2144 4489 ε
2177 4437 2222 4494 Ο
2248 4413 2599 4509 praesumptio
2631 4413 2981 4511 nequissima,
3022 4445 3166 4501 unde
3198 4456 3377 4502 creata
3412 4465 3477 4505 es
3508 4467 3660 4507 eoo.

364 4530 539 4569 meum
563 4530 590 4568 a
621 4515 869 4582 Domino,
901 4517 991 4586 qui
1018 4519 1194 4574 salvos
1224 4520 1351 4578 facit
1376 4534 1555 4582 rectos
1580 4531 1742 4587 corde
1763 4532 1934 4603 (Paul.

2064 4548 2067 4581 ι
2105 4530 2284 4600 perire
2322 4531 2531 4587 aridam
2560 4532 2765 4586 malitia
2792 4541 2847 4588 et
2872 4533 3160 4591 dolositate
3193 4538 3354 4592 illius.
3409 4559 3427 4589 ι
3473 4541 3662 4597 Mira-

363 4603 479 4670 vn).
513 4624 531 4654 ι
568 4604 648 4658 Ab
677 4621 784 4675 quo
818 4608 981 4660 etiam
1026 4610 1189 4665 habet
1232 4612 1560 4673 infirmitatis
1602 4625 1949 4680 sustentatio-
2051 4630 2139 4677 tur
2165 4637 2295 4692 ergo
2325 4624 2406 4677 vir
2454 4612 2674 4693 sapiens
2719 4630 2901 4678 ortum
2939 4627 3216 4695 nequitize,
3250 4644 3412 4696 quam
3455 4640 3658 4689 tamen

363 4710 485 4747 nunt
525 4703 579 4749 et
615 4694 818 4749 laboris
846 4696 1109 4767 requiem.
1141 4699 1292 4756 Unde
1322 4704 1520 4761 dicitur
1557 4710 1805 4767 columna
1830 4714 1947 4770 fieri
2049 4722 2264 4771 constat
2299 4729 2368 4768 ex
2398 4715 2539 4769 mala
2569 4716 2848 4772 voluntate
2886 4694 3155 4774 creaturae
3184 4694 3455 4789 prolatam
3495 4740 3656 4791 esse,

363 4794 417 4837 nt
440 4787 671 4855 requies,
697 4787 951 4857 quoniam
979 4787 1206 4860 ipsequi
1229 4792 1280 4845 in
1310 4799 1563 4862 prtesenti
1585 4810 1670 4854 est
1698 4802 1816 4873 ejus
1836 4805 1947 4860 fra-
2048 4815 2102 4860 et
2147 4805 2447 4861 detestatur
2490 4805 2649 4860 valde
2695 4807 3027 4876 hypocrisin,
3068 4787 3196 4879 quia
3235 4813 3529 4884 pessimum
3566 4787 3657 4871 vi;

363 4876 584 4947 gilitatis
612 4878 1058 4946 sustentaculum,
1090 4880 1204 4949 ipse
1231 4883 1285 4936 in
1312 4882 1495 4944 futuro
1527 4889 1619 4947 fiet
1652 4895 1856 4964 requiei
1882 4896 1945 4950 ιι-
2050 4897 2179 4951 tium
2220 4903 2303 4950 est
2330 4896 2628 4965 quemlibet
2669 4896 2773 4951 hoc
2803 4911 2861 4951 se
2901 4876 3104 4967 lingere
3129 4876 3286 4959 velle.
3309 4880 3464 4971 (quod
3487 4908 3649 4973 peni-

366 4967 468 5022 litts
496 4969 946 5039 supplementum.
2055 4995 2135 5041 tus
2159 5002 2266 5042 non
2293 4994 2396 5050 est,
2433 5001 2557 5041 cum
2584 4987 2759 5043 malus
2784 5002 2845 5043 se
2886 4991 3045 5045 sintut
3074 5000 3128 5047 et
3158 4995 3376 5058 bonum,
3407 4996 3659 5067 injustas

441 5077 458 5108 ι
498 5058 599 5114 Ubi
635 5077 742 5118 non
789 5073 871 5120 est
916 5082 1092 5136 sepes,
1117 5069 1403 5140 diripietur
1435 5075 1729 5143 possessio,
1770 5084 1826 5131 et
1854 5077 1944 5132 ubi
2043 5075 2272 5145 justum,
2312 5078 2530 5147 iniquus
2558 5094 2795 5148 aequum,
2844 5080 3094 5137 inimicus
3124 5085 3359 5139 amicum
3396 5088 3651 5144 simulet.

372 5166 388 5197 ι
429 5144 532 5203 non
582 5160 663 5205 est
712 5155 907 5211 mulier
949 5158 1254 5229 ingemiscit
1303 5177 1485 5233 egens.
1517 5183 1536 5215 ι
1590 5164 1703 5219 Hoc
1744 5166 1947 5223 indicat
2046 5144 2425 5238 Cooperiendo
2453 5144 2798 5225 dolositatem
2828 5180 2884 5226 et
2906 5173 3117 5228 aridam
3154 5176 3518 5242 dolositatem,
3549 5187 3654 5238 ubi

365 5242 508 5309 quod
540 5243 624 5297 uhi
656 5260 759 5299 non
789 5256 870 5301 est
906 5265 1091 5303 murus
1120 5251 1242 5307 fidei
1270 5254 1566 5321 catholicm,
1590 5256 1681 5325 qui
1702 5272 1798 5326 per
1819 5275 1946 5315 san-

368 5344 573 5388 ctorum
625 5336 904 5392 doctorum
944 5355 1040 5395 ora
1090 5342 1379 5410 fundatur,
1433 5344 1629 5400 frustra
1684 5348 1942 5407 virtutum

369 5430 635 5499 possessio
655 5430 947 5502 colligitur,
978 5433 1104 5502 quia
1129 5436 1197 5490 ab
1218 5436 1512 5492 immundis
1532 5440 1811 5508 spiritibus
1835 5451 1944 5498 tota

368 5518 671 5589 diripietur.
710 5541 728 5574 ι
762 5522 1100 5594 [inpossibile
1139 5536 1222 5582 est
1254 5528 1398 5583 enim
1432 5530 1549 5585 sine
1596 5530 1699 5589 ﬁde
1733 5534 1947 5603 placere

369 5607 481 5663 Deo
531 5610 716 5683 (Hebr.
762 5615 840 5686 χι)
870 5633 882 5669 :
917 5634 935 5667 ι
983 5616 1127 5671 unde
1171 5616 1363 5687 conjici
1399 5622 1577 5687 datur,
1614 5625 1755 5692 quod
1801 5633 1946 5681 totus

368 5696 806 5771 philosophorum
846 5707 1126 5776 gentilium
1153 5707 1321 5779 labor,
1353 5713 1444 5781 qui
1471 5714 1536 5770 de
1561 5715 1736 5770 ethica
1766 5717 1947 5785 dispu-

2052 5277 2159 5316 uon
2183 5271 2268 5317 est
2312 5262 2580 5333 pinguedo
2611 5263 2916 5319 dilectionis
2953 5273 3009 5320 et
3043 5268 3461 5334 misericordiae;
3497 5274 3662 5329 (Ieci-

2051 5355 2131 5425 pit
2168 5355 2311 5409 enim
2352 5356 2620 5411 veraciter
2664 5358 3035 5428 semetipsum,
3079 5375 3201 5415 cum
3245 5376 3307 5417 se
3349 5363 3647 5420 honestum

2052 5445 2357 5501 delusorem
2390 5455 2544 5517 putat
2569 5460 2690 5503 esse
2719 5448 2975 5510 aliorum.

2127 5555 2148 5587 ι
2184 5535 2397 5592 Sodalis
2431 5538 2609 5593 amico
2634 5538 3064 5608 conjucundatur
3091 5542 3146 5596 in
3170 5544 3552 5609 oblectatione,
3581 5557 3647 5601 et

2057 5646 2076 5678 ἰ
2112 5627 2166 5682 in
2196 5635 2438 5696 tempore
2468 5629 2836 5686 tribulationis
2882 5632 3231 5689 adversarius
3252 5638 3374 5692 erit.
3420 5637 3645 5693 Sodalis

2056 5737 2075 5769 ι
2113 5719 2287 5775 amico
2330 5721 2579 5777 condolet
2619 5718 3057 5790 causa'ventris,
3084 5734 3142 5780 et
3183 5736 3367 5782 contra
3416 5729 3645 5783 hostem
