3926 6168
252 314 276 366 I
287 314 395 367 025

1114 310 1467 368 COMMENT.
1513 314 1578 368 IN
1621 315 2232 373 ECCLESIASTICUM.
2270 350 2338 359 -—
2376 319 2504 374 LIB.
2549 319 2655 377 VIII

3400 331 3529 387 I026

257 449 276 477 ι
315 426 546 498 accipiet
584 433 817 480 scutum.
855 445 873 476 ι
909 425 1100 479 Adhuc
1152 441 1282 497 ergo
1323 429 1558 497 scriptor
1602 429 1845 484 historia:
1875 434 1923 491 A
1951 438 2004 483 et
2044 431 2096 485 in
2140 432 2286 485 omni
2326 432 2493 487 fratre
2544 449 2640 489 suo
2692 450 2798 490 non
2852 435 3045 489 habeat
3094 437 3367 503 liduciam,
3407 446 3530 510 quia

252 525 569 588 perseverat
603 516 656 569 in
685 516 1061 586 objurgatione
1085 514 1352 570 falsorum
1383 519 1683 573 amicorum
1723 519 1849 589 quia

252 619 371 661 arte
386 606 721 660 simulatoria
743 605 999 659 deludunt
1015 606 1337 673 simplicium
1362 618 1660 676 aspectum,
1684 606 1849 663 etsub

250 699 433 767 specie
463 698 766 751 venustatis
806 695 1025 750 malitizc
1063 696 1337 750 occultant
1367 712 1631 752 venenum
1664 702 1689 753 :'
1719 698 1850 753 Con-

249 788 621 857 incundantur
645 788 700 840 in
742 786 1423 853 oblectationevoluptatis,
1451 798 1497 840 et
1528 789 1579 841 in
1621 799 1848 858 tempore

251 881 607 945 adiici-sitatis,
646 879 920 934 recedunt.
972 878 1138 934 Arma
1190 888 1379 934 contra
1425 883 1634 936 hostem
1683 896 1845 935 causa

254 974 462 1027 ventris
488 971 802 1034 sustollant,
830 969 924 1024 sed
965 968 1055 1022 fidi
1089 968 1399 1024 defensores
1429 972 1588 1024 amici
1619 971 1699 1025 sui
1735 986 1844 1024 non

253 1071 433 1125 erunt,
476 1062 607 1131 quia
653 1076 759 1114 non
820 1059 1146 1129 proximum,
1191 1060 1285 1113 sed
1331 1060 1549 1113 delicias
1595 1061 1841 1129 diligunt.

253 1153 495 1206 Possunt
520 1166 625 1205 non
674 1151 968 1219 incongrue
995 1148 1049 1201 in
1079 1148 1166 1202 his
1193 1147 1345 1202 falsis
1373 1150 1562 1203 amicis
1586 1157 1639 1201 et
1671 1150 1843 1202 luere-

253 1245 344 1296 tici
372 1241 626 1311 intelligi.
654 1241 783 1309 quia
812 1238 994 1294 omnia
1021 1238 1144 1293 ﬁcte
1173 1236 1398 1305 faciunt,
1428 1239 1519 1308 qui
1545 1254 1603 1293 se
1624 1239 1843 1307 quidem

252 1335 513 1389 simulant
546 1332 735 1386 salutis
769 1331 1049 1385 hominum
1078 1330 1386 1399 provisores
1408 1345 1528 1385 esse
1550 1339 1605 1385 et
1630 1331 1846 1385 consul-

252 1437 426 1491 tores,
452 1424 549 1479 scd
579 1432 635 1476 ut
662 1422 834 1492 magis
866 1429 1087 1491 apparet
1108 1421 1224 1475 veri
1270 1428 1395 1475 sunt
1420 1421 1727 1474 animarum
1753 1421 1846 1474 de-

251 1525 506 1584 ccptores
543 1523 594 1566 et
626 1512 950 1583 perditores,
985 1513 1126 1565 unde
1154 1519 1207 1566 et
1232 1512 1450 1565 omnino
1476 1511 1697 1565 cavendi
1722 1518 1847 1565 sunt

251 1615 306 1659 et
334 1605 613 1675 fugiendi:
640 1604 781 1657 sicut
806 1613 860 1657 et
904 1601 1166 1656 Dominus
1193 1602 1244 1655 in
1286 1601 1577 1671 Evangelio
1611 1603 1846 1670 discipu-

252 1703 334 1751 los
359 1712 491 1751 suos
518 1695 820 1759 admonuit,
851 1695 1040 1749 dicens
1066 1712 1077 1746 :
1110 1712 1128 1743 ‹
1160 1693 1437 1748 Attendite
1464 1708 1495 1746 a
1522 1693 1674 1748 falsis
1710 1708 1843 1762 pro-

252 1787 454 1855 pinetis,
503 1786 593 1854 qui
627 1786 851 1839 veniunt
896 1784 962 1837 ad
1004 1799 1099 1837 vos
1143 1784 1198 1836 in
1246 1783 1583 1838 vestimentis
1637 1785 1838 1847 ovium,
1872 1772 1918 1833 Β

253 1879 587 1932 intrinsecus
625 1884 807 1931 autem
855 1883 979 1930 sunt
1008 1875 1116 1944 lupi
1161 1888 1404 1944 rapaces.
1436 1873 1603 1945 Igitur
1633 1890 1697 1928 ex
1725 1874 1829 1927 fru,

252 1972 439 2026 ctibus
468 1982 658 2023 eorum
695 1964 1039 2034 cognoscetis
1092 1978 1185 2017 eos
1222 1962 1441 2031 (Matth.
1504 1964 1623 2030 vn).
1682 1980 1701 2015 ι
1758 1963 1826 2021 Et

255 2061 387 2115 alibi
415 2076 432 2114 :
461 2076 478 2109 ι
515 2058 733 2121 Cavete,
758 2055 951 2124 inquit,
993 2069 1023 2106 a
1051 2052 1314 2106 fermento
1348 2050 1746 2105 Pharisaeorum
1771 2063 1827 2107 et

257 2152 680 2207 Sadducaiorutn
710 2146 926 2215 (Matth.
956 2160 1041 2198 1m
1071 2145 1090 2211 )

347 2261 369 2294 ι
410 2241 526 2295 Non
555 2238 896 2294 oblitiscaris
919 2237 1075 2290 amici
1113 2236 1186 2291 tui
1216 2236 1268 2290 in
1300 2237 1482 2289 animo
1510 2247 1623 2299 tuo,
1644 2245 1699 2290 et
1722 2250 1829 2291 nou

266 2354 285 2385 ι
329 2336 616 2387 immemor
655 2330 734 2384 sis
771 2328 913 2383 illius
943 2328 994 2381 in
1022 2328 1270 2395 operibus
1300 2327 1426 2383 tuis.
1468 2344 1487 2379 ι
1540 2325 1655 2383 Non
1685 2328 1829 2380 enim

259 2441 428 2480 verus
453 2424 659 2477 amicus
681 2422 950 2475 discordat
977 2420 1156 2473 animo
1173 2428 1223 2469 et
1248 2431 1435 2485 opere,
1463 2417 1556 2469 sed
1584 2417 1723 2471 sicut
1744 2416 1831 2471 di-

261 2517 383 2584 ligit
413 2523 616 2577 mente,
650 2513 719 2563 ita
749 2508 904 2562 fratri
936 2508 1316 2574 profectuosus
1352 2508 1457 2558 erit
1522 2515 1576 2559 et
1635 2520 1831 2574 opera-

261 2607 607 2670 tione.Quud
635 2615 688 2656 ct
725 2600 961 2657 Joannes
1005 2597 1279 2674 apostolus
1336 2599 1386 2649 in
1448 2595 1684 2664 Epistula
1728 2612 1824 2653 sua

258 2701 441 2763 docet,
476 2696 663 2750 dicens
699 2708 713 2749 :
752 2709 770 2743 ι
812 2690 988 2743 Filioli
1020 2688 1148 2751 mei,
1183 2701 1287 2739 non
1313 2686 1603 2755 diligamus
1660 2687 1827 2740 verbo

259 2803 364 2843 nec
391 2789 601 2854 lingua,
633 2782 729 2838 sed
751 2796 915 2852 opcrc
943 2790 997 2834 et
1024 2780 1248 2837 veritate
1275 2778 1318 2847 (ι
1338 2775 1503 2830 Joan.
1546 2777 1652 2846 ut.)

326 2898 345 2929 ι
384 2877 502 2933 Νοιὶ
534 2875 809 2932 consiliari
851 2882 974 2929 cum
998 2885 1086 2935 eo,
1128 2870 1219 2939 qui
1246 2870 1341 2925 tibi
1386 2869 1694 2933 insidiatur,
1724 2876 1778 2921 et
1806 2882 1837 2921 a

251 2991 269 3021 ι
318 2969 625 3023 zelantibus
653 2977 704 3021 te
727 2964 999 3021 absconde
1026 2960 1329 3018 consilium.
1371 2978 1389 3009 ι
1423 2959 1481 3013 In
1511 2972 1720 3022 socero,
1747 2956 1837 3024 qui

248 3079 277 3116 a
307 3073 467 3132 parte
488 3061 719 3115 feminea
745 3057 1049 3129 cognat'nni
1081 3054 1367 3124 adjunctus
1387 3062 1486 3113 est,
1519 3052 1837 3107 muliebrem

1949 521 2125 575 omnis
2174 521 2344 576 frater
2397 524 2748 593 supplantans
2798 525 3189 593 supplantabit,
3246 538 3302 583 et
3357 533 3533 587 omnis

1950 612 2159 665 amicus
2208 612 2581 669 fraudulenter
2626 616 2856 678 incedet,
2894 624 2949 669 et
2995 616 3078 669 vir
3116 615 3341 673 fratrem
3377 636 3533 676 suum

1949 699 2235 765 deridebit,
2282 709 2337 755 et
2385 702 2668 756 veritatem
2712 719 2820 756 non
2865 702 3182 772 loquentur;
3235 707 3531 765 docuerunt

1948 792 2091 844 enim
2130 791 2366 862 linguam
2418 808 2570 848 suam
2623 793 2769 861 loqui
2819 795 3191 859 mendacium,
3246 806 3305 850 ut
3353 797 3533 869 inique

1947 891 2169 950 agerent
2195 881 2578 937 laboraverunt
2609 882 2743 955 (Jer.
2776 884 2874 955 Ix).
2911 904 2930 935 ι
2960 885 3030 937 Ει
3050 886 3178 939 item
3208 903 3221 939 :
3256 905 3274 936 ‹
3301 887 3527 958 Sagitta,

1948 970 2145 1039 inquit,
2176 971 2468 1026 vulnerans
2495 972 2674 1043 lingua
2712 989 2917 1037 eorum,
2953 974 3133 1027 dolum
3165 976 3340 1031 locuta
3364 987 3448 1032 est
3478 980 3531 1032 in

1945 1076 2039 1117 ore
2066 1076 2183 1115 suo.
2230 1061 2422 1115 Pacem
2453 1079 2575 1116 cum
2606 1063 2781 1117 amico
2823 1080 2922 1117 suo
2952 1064 3213 1131 loquitur,
3245 1074 3298 1119 et
3322 1067 3533 1121 occulte

1944 1151 2098 1221 ponit
2124 1152 2174 1205 ei
2207 1151 2450 1205 insidias.
2501 1152 2753 1222 Nunquid
2802 1169 2963 1223 super
3004 1155 3089 1208 his
3117 1170 3221 1209 non
3253 1156 3530 1211 visitabo?

1944 1240 2078 1294 dicit
2118 1240 2398 1306 Dominus,
2453 1250 2547 1294 aut
2586 1242 2639 1295 in
2685 1251 2844 1312 gente
2885 1242 3258 1312 hujuscemodi
3310 1261 3417 1300 non
3447 1247 3530 1299 ul-

1943 1330 2178 1385 ciseetur
2204 1332 2385 1385 anima
2411 1347 2553 1385 mea.
2584 1350 2602 1382 ι
3028 1340 3031 1343 ⁷

2529 1467 2756 1524 CAPUT
2794 1470 2885 1523 IX.

1946 1576 2218 1650 Sapientia
2261 1579 2409 1634 docet
2437 1598 2556 1652 cum
2595 1582 2781 1652 quibus
2823 1584 3180 1651 tractandum;
3210 1585 3263 1639 id
3309 1595 3381 1640 est
3412 1599 3528 1639 cum

2484 1650 2726 1720 religioso
2757 1663 2804 1706 et
2824 1654 2994 1723 justo.

2022 1777 2040 1807 ι
2076 1758 2210 1812 Cum
2244 1760 2363 1813 viro
2394 1759 2643 1829 religioso
2672 1770 2844 1816 tracta
2884 1763 2951 1817 de
2982 1766 3289 1829 sanctitate,
3315 1776 3370 1820 et
3407 1782 3528 1820 eum

1951 1869 1968 1900 ι
2008 1849 2206 1919 injuste
2234 1851 2300 1904 de
2326 1848 2537 1918 justitia
2584 1852 2693 1906 noli
2732 1854 3025 1913 consiliari,
3062 1865 3114 1909 et
3138 1871 3259 1909 cum
3306 1857 3531 1912 muliere

1948 1957 1968 1991 ‹
2004 1940 2071 1993 de
2104 1956 2167 1994 ea
2213 1956 2333 2011 quae
2361 1941 2667 1995 mtuulntur.
2716 1941 2850 1997 Cum
2879 1943 3068 1998 timido
3099 1945 3164 1999 de
3216 1945 3372 2003 bello.
3409 1963 3531 2000 cum

1950 2050 1968 2080 ι
2006 2033 2342 2101 negotiatore
2389 2033 2457 2087 de
2493 2032 2833 2101 trajectione,
2876 2050 3002 2090 cum
3039 2045 3283 2106 emptore
3317 2039 3384 2092 de
3412 2054 3535 2091 ven-

1949 2140 1967 2172 ‹
2009 2122 2230 2189 ditioue,
2275 2140 2396 2178 cum
2427 2124 2546 2178 viro
2580 2124 2747 2179 livido
2782 2125 2848 2180 de
2900 2127 3091 2197 gratiis
3134 2129 3375 2197 agendis,
3406 2145 3529 2183 cum

1948 2232 1965 2263 ι
2002 2214 2167 2284 impio
2189 2214 2253 2269 de
2279 2215 2502 2283 pietate,
2534 2231 2655 2269 cum
2680 2216 2963 2272 inhonesto
2991 2218 3055 2271 de
3080 2219 3384 2285 honestate,
3407 2238 3529 2275 cum

1949 2324 1965 2354 ι
2006 2305 2256 2374 operario
2279 2306 2394 2375 agri
2418 2307 2483 2360 de
2503 2307 2651 2360 omni
2676 2321 2860 2376 opere,
2886 2323 3008 2361 cum
3031 2310 3278 2378 operario
3309 2313 3526 2368 aunuali

1950 2415 1967 2445 ι
2006 2397 2070 2449 de
2097 2397 2563 2450 consummatione
2586 2398 2736 2462 anni,
2767 2413 2889 2451 cum
2915 2413 3073 2453 servo
3097 2400 3248 2470 pigro
3270 2390 3335 2454 de
3362 2403 3529 2456 multa

1948 2506 1965 2536 ι
2002 2486 2315 2555 Operatione
2344 2501 2487 2539 :non
2522 2487 2771 2541 attendas
2815 2486 2899 2541 his
2946 2488 3000 2541 in
3031 2490 3182 2543 omni
3226 2490 3471 2544 consilio.
3507 2512 3524 2542 ι

1942 2579 2040 2634 Hic
2080 2582 2322 2635 diversas
2370 2581 2577 2650 species
2625 2580 2963 2635 enumeravit
3012 2582 3434 2648 consiliantium,
3476 2583 3530 2636 in

1942 2673 2135 2741 quibus
2169 2681 2344 2726 tamen
2384 2673 2569 2744 plures
2604 2689 2864 2743 personas
2896 2675 3124 2741 notavit,
3173 2692 3292 2745 qum
3327 2692 3356 2728 a
3389 2677 3531 2729 veri-

1944 2771 2052 2818 tate
2078 2764 2389 2819 discordant
2418 2765 2711 2829 voluntate,
2744 2773 2799 2819 et
2830 2764 2951 2819 ideo
2989 2780 3096 2818 non
3131 2775 3257 2821 sunt
3281 2767 3439 2820 utiles
3470 2767 3524 2820 in

1942 2857 2293 2914 consiliorum
2331 2859 2563 2913 actione.
2614 2856 2767 2913 Unde
2812 2857 2976 2911 etiam
3016 2858 3173 2928 juxta
3203 2859 3530 2928 principium

1942 2949 2102 3019 hujus
2139 2950 2361 3020 capituli
2411 2934 2655 3020 prieeipit
2696 2950 2982 3019 sapientia,
3023 2965 3147 3003 cum
3199 2949 3395 3003 talibus
3425 2965 3531 3003 non

1947 3040 2366 3104 consiliandum,
2396 3049 2453 3094 et
2479 3041 2532 3093 in
2564 3039 2668 3093 fine
2691 3038 2939 3093 similiter
2961 3046 3163 3105 monet,
3208 3038 3292 3092 his
3320 3054 3424 3092 non
3454 3047 3535 3092 at-

248 3122 657 3209 et-mutabilcm
682 3149 914 3204 ostendit
939 3148 1204 3211 animum,
1236 3161 1267 3200 a
1301 3160 1407 3214 quo
1442 3159 1718 3212 nunquam
1748 3152 1838 3201 tua

1955 3131 2272 3185 tendendum
2317 3131 2370 3184 in
2397 3130 2544 3183 omni
2571 3129 2797 3183 consilio
2822 3129 2948 3198 quia
2980 3145 3210 3199 quorum
3257 3145 3363 3183 non
3400 3145 3531 3184 con-

250 3246 388 3299 lides
422 3243 686 3313 speranda
709 3249 809 3306 est,
837 3241 915 3295 sic
935 3247 992 3294 et
1022 3238 1188 3303 zelus,
1222 3238 1313 3306 qui
1334 3236 1605 3307 prmcipuc
1635 3236 1687 3289 in
1710 3250 1842 3295 sexu

249 3340 509 3411 praevalet
552 3338 809 3403 femineo,
858 3334 1265 3391 instabilitatem
1312 3333 1509 3387 mentis
1549 3331 1840 3400 signiﬁcat,

249 3433 339 3486 cui
385 3446 661 3499 nunquam
697 3430 831 3485 fides
871 3426 1174 3482 adhibenda
1222 3433 1305 3479 est
1337 3443 1351 3478 :
1384 3442 1401 3475 ‹
1442 3423 1586 3493 qui-I,
1637 3432 1695 3479 ut
1721 3425 1842 3492 qui-

250 3523 375 3577 dam
404 3523 501 3587 ait,
534 3521 673 3575 sicut
700 3519 850 3575 littus
878 3519 994 3573 sine
1027 3524 1185 3586 portu
1213 3522 1315 3577 est,
1348 3513 1511 3566 infida
1558 3512 1719 3569 statio
1748 3529 1843 3567 na-

247 3613 423 3676 vium,
447 3611 527 3666 sic
551 3620 605 3665 et
641 3610 854 3664 animus
889 3608 1004 3664 sine
1033 3608 1136 3663 tide
1162 3604 1500 3676 periculosus
1525 3611 1610 3660 est
1638 3604 1695 3658 in
1720 3620 1842 3658 con-

246 3703 425 3759 sortio
448 3701 768 3754 amicorum.
798 3718 819 3753 ι

332 3812 349 3844 ι
386 3790 579 3847 Omnis
635 3790 979 3846 consiliarius
1025 3790 1207 3859 prodit
1246 3789 1552 3854 consilium,
1610 3788 1705 3847 sed
1761 3796 1845 3842 est

254 3902 274 3935 ι
311 3881 661 3938 consiliarius
706 3880 761 3935 in
810 3881 1122 3950 semetipso.
1158 3900 1176 3931 ι
1207 3880 1324 3936 Non
1373 3889 1455 3935 est
1497 3894 1618 3934 cum
1660 3877 1844 3935 multis

249 3973 538 4032 consilium
575 3972 891 4036 ineundum,
933 3972 1190 4039 quoniam
1236 3971 1393 4040 pauci
1430 3978 1557 4026 sunt
1596 3968 1687 4037 qui
1737 3966 1843 4020 fide

248 4065 483 4138 perfecti
509 4075 566 4120 et
589 4064 840 4135 prudenti
866 4064 975 4118 sint
1000 4064 1180 4118 animo
1207 4081 1221 4117 :
1250 4064 1393 4118 unde
1428 4061 1688 4130 scriptum
1716 4068 1837 4114 est:

257 4180 275 4212 ι
309 4159 461 4213 Multi
488 4158 596 4212 sint
634 4157 727 4211 tibi
752 4156 937 4221 amici,
963 4163 1019 4211 et
1040 4154 1382 4213 consiliarius
1428 4152 1651 4208 uuusde
1695 4148 1842 4210 mille

252 4248 451 4321 (Eccti.
477 4245 578 4320 γι),
601 4266 621 4299 ι
668 4246 764 4301 sed
793 4253 878 4301 est
907 4245 1249 4301 consiliarius
1283 4244 1340 4298 in
1371 4242 1679 4312 semetipso,
1715 4240 1840 4309 quia

248 4341 418 4411 elegit
460 4338 639 4394 facere
685 4353 806 4408 qua:
860 4336 1011 4391 novit
1059 4334 1326 4391 conditori
1371 4348 1471 4388 suo
1521 4346 1621 4403 per
1659 4327 1841 4387 omnia

247 4430 488 4501 placere.
544 4427 659 4484 Hoc
706 4428 851 4482 enim
899 4425 1186 4482 consilium
1242 4434 1326 4479 est
1379 4424 1622 4488 unicum,
1684 4435 1740 4480 et
1773 4444 1841 4485 ex

249 4521 493 4592 Spiritus
523 4519 695 4575 sancti
718 4518 893 4590 gratia
918 4519 970 4572 in
999 4533 1098 4573 cor
1119 4518 1413 4572 humanum
1435 4514 1693 4571 infusum.

331 4634 350 4666 ι
387 4613 433 4668 Α
461 4614 774 4670 consiliario
822 4627 976 4668 serva
1028 4613 1267 4666 animam
1309 4619 1476 4667 tuam.
1506 4612 1666 4667 Prius
1702 4615 1840 4668 scito

255 4727 273 4758 ι
315 4721 438 4776 quae
466 4705 543 4759 sit
576 4704 720 4760 illius
762 4703 1079 4768 necessitas,
1105 4711 1199 4765 aut
1224 4703 1353 4772 quid
1391 4704 1505 4772 ipse
1535 4705 1718 4759 animo
1745 4721 1842 4759 suo

254 4816 274 4848 ι
314 4796 538 4867 cogitet,
569 4810 638 4850 ne
667 4794 810 4850 forte
835 4794 1017 4848 mittat
1055 4794 1243 4847 sudem
1268 4793 1321 4847 in
1358 4802 1580 4858 terram,
1614 4802 1671 4848 et
1697 4795 1841 4850 dicat

253 4910 273 4942 ι
320 4888 420 4942 tibi
458 4905 472 4940 :
501 4885 651 4941 Bena
687 4896 772 4942 est
796 4886 884 4939 via
932 4893 1054 4950 tua;
1080 4894 1137 4940 et
1174 4893 1340 4939 state
1362 4887 1636 4941 contrario
1659 4886 1845 4942 videre

254 4999 272 5031 ‹
315 4977 454 5049 quid
494 4977 591 5031 tibi
630 4976 864 5031 eveniat.
899 4994 919 5027 ι
980 4976 1180 5033 Eadem
1218 4976 1412 5045 repetit
1450 4992 1570 5044 qua;
1599 4978 1848 5046 superius

246 5071 416 5134 dixit,
447 5077 507 5122 ut
527 5083 626 5123 nos
648 5084 756 5122 non
792 5068 962 5122 simus
991 5068 1195 5122 incauti
1224 5067 1278 5120 in
1311 5068 1611 5143 amicorum
1638 5077 1694 5122 et
1719 5083 1849 5123 con-

246 5157 587 5214 siliariorum
614 5157 901 5221 electione,
950 5171 1053 5212 nec
1093 5156 1234 5210 ultra
1276 5158 1495 5212 modum
1543 5158 1847 5227 petulanter

246 5262 484 5319 agamus
512 5245 568 5299 in
606 5244 963 5315 suscipiendis
993 5244 1184 5298 amicis
1211 5252 1265 5298 et
1309 5245 1639 5301 adhibendis
1669 5248 1846 5301 consi-

246 5340 452 5403 liariis,
493 5338 618 5406 quia
662 5337 818 5391 multi
865 5346 993 5391 sunt
1035 5337 1129 5406 qui
1168 5336 1306 5391 facie
1345 5345 1505 5392 tenus
1530 5354 1588 5393 se
1615 5340 1844 5393 assimu-

246 5431 369 5485 lant
406 5428 721 5484 ﬁdelitatem
743 5442 962 5484 servare
991 5429 1046 5482 in
1073 5428 1335 5494 amicitia,
1367 5429 1461 5483 sed
1477 5429 1659 5483 dolum
1683 5445 1843 5484 exco-

247 5521 432 5593 gitant
471 5519 672 5585 animo,
721 5528 777 5575 et
815 5520 1040 5575 insidias
1089 5520 1417 5574 meditantur
1467 5519 1649 5574 corde.
1691 5520 1843 5575 Unde

245 5612 524 5670 Jcremtas
552 5611 620 5666 de
646 5610 1019 5679 hujuscemodi
1043 5613 1185 5667 malo
1212 5612 1451 5667 cavendo
1471 5628 1571 5668 nos
1599 5614 1839 5681 instruit,

249 5705 445 5769 dicens
472 5722 485 5758 :
518 5726 539 5756 ι
571 5702 956 5775 Unusquisque
989 5722 1018 5759 a
1050 5705 1294 5776 proximo
1339 5720 1437 5761 suo
1463 5720 1520 5760 se
1550 5706 1834 5772 custodiat,

1947 3223 2169 3277 veniunt
2195 3221 2357 3277 corda
2384 3230 2439 3275 et
2461 3231 2636 3282 actus,
2670 3221 2786 3275 sine
2814 3220 2976 3275 dubio
2999 3220 3334 3290 periclitatur
3358 3226 3535 3276 cousi—

1948 3312 2097 3368 lium.
2136 3311 2475 3383 Quaproptcr
2497 3313 2545 3366 is
2570 3312 2660 3380 qui
2701 3312 2804 3365 rite
2834 3311 3116 3365 consilium
3147 3294 3536 3381 cum'quolihct

1944 3405 2057 3459 vult
2088 3421 2266 3476 agere,
2299 3404 2594 3459 consiliarii
2643 3404 2725 3459 sui
2756 3403 2988 3473 primum
3018 3384 3351 3473 perpendere
3376 3404 3538 3458 debet

1943 3496 2311 3565 prudentiam,
2339 3497 2520 3561 fidem,
2559 3497 2908 3561 voluntatem,
2939 3505 2993 3551 et
3019 3496 3453 3567 religiositatcm,
3481 3507 3536 3551 et

1944 3586 2023 3640 sic
2056 3584 2174 3653 ejus
2205 3587 2281 3640 uti
2312 3586 2561 3653 consilio,
2590 3587 2656 3642 de
2682 3602 2789 3656 quo
2812 3597 2867 3642 et
2910 3588 3174 3656 sequitur.

2574 3718 2800 3775 CAPUT
2841 3719 2908 3773 Χ.

2087 3829 2256 3885 Iustis
2293 3840 2339 3884 et
2365 3831 2510 3883 bonrc
2540 3830 2697 3899 [anne
2740 3845 2940 3899 semper
2964 3830 3159 3882 sociari
3193 3839 3385 3882 monet.

2018 3962 2036 3999 ι
2079 3941 2213 4001 Cum
2244 3943 2360 4001 viro
2394 3951 2584 3997 sancto
2612 3942 2850 3996 maxime
2886 3941 3136 3997 assiduus
3174 3951 3312 4004 esto,
3346 3956 3533 4011 quem.

1948 4052 1965 4084 ι
2002 4046 2215 4099 cunque
2242 4031 2562 4101 cognoveris
2591 4031 2972 4084 observantem
3004 4030 3255 4085 timorem
3286 4031 3405 4095 Dei,
3434 4049 3529 4084 cu-

1948 4139 1965 4171 ι
2004 4121 2096 4190 jus
2142 4120 2325 4175 anima
2366 4128 2450 4175 est
2502 4120 2796 4177 secundum
2845 4121 3081 4181 animam
3119 4130 3297 4188 tuam;
3348 4131 3405 4176 ct
3440 4124 3532 4190 qui

1947 4231 1965 4264 ‹
2001 4227 2123 4267 cum
2168 4209 2481 4265 titubaveris
2523 4211 2578 4263 in
2618 4210 2879 4274 tenebris,
2913 4211 3216 4267 condolehit
3259 4212 3377 4265 tibi.
3426 4212 3534 4266 Cor

1949 4320 1967 4352 ι
2007 4301 2131 4355 boni
2160 4300 2369 4355 consilii
2394 4309 2572 4355 statue
2598 4309 2810 4363 tecum;
2839 4316 2948 4356 non
2980 4309 3065 4355 est
3089 4302 3232 4355 enim
3266 4301 3360 4356 tibi
3389 4301 3532 4356 aliud

1949 4413 1967 4443 ‹
2003 4391 2124 4462 plus
2148 4391 2258 4446 illo.
2291 4410 2310 4443 ι
2346 4390 2517 4458 Quem
2559 4392 2705 4446 enim
2739 4392 3020 4446 timentem
3062 4393 3231 4446 Deum
3259 4407 3528 4463 cognove-

1866 4472 1919 4530 D
1946 4483 2040 4549 ris,
2074 4482 2287 4543 ﬁdelem
2318 4482 2417 4537 tibi
2445 4491 2500 4537 et
2526 4484 2778 4537 devotum
2809 4497 3029 4553 sperare
3052 4484 3256 4551 poteris
3280 4500 3293 4549 ;
3321 4484 3412 4551 qui
3438 4498 3535 4537 au—

1948 4582 2056 4629 tem
2093 4573 2344 4628 timorem
2392 4572 2490 4627 Dei
2542 4572 2844 4627 deseruerit
2892 4574 2946 4627 in
2995 4573 3231 4628 tenebris
3277 4573 3535 4629 vitiorum

1949 4667 2254 4731 ambulans,
2297 4682 2637 4735 nequaquam
2670 4666 2768 4720 tibi
2796 4665 2957 4721 fidem
3006 4666 3270 4736 integram
3313 4680 3536 4722 servare

1948 4758 2166 4826 poterit,
2215 4772 2319 4820 nec
2356 4756 2643 4819 consilium
2696 4756 2829 4817 utile
2874 4757 3114 4826 prtebere
3140 4774 3152 4809 :
3183 4765 3309 4811 ante
3347 4757 3531 4813 omnia

1949 4849 2096 4911 enim
2137 4865 2233 4912 eor
2279 4850 2407 4910 boni
2452 4849 2662 4907 consilii
2693 4848 2893 4918 eligere
2929 4848 3112 4915 debes,
3151 4857 3208 4905 et
3255 4848 3383 4901 illud
3418 4863 3535 4916 prae

1951 4940 2163 4995 ueteris
2188 4940 2409 4995 cbarius
2433 4938 2578 4993 omni
2609 4947 2852 5006 tempore
2877 4938 3096 4999 habere.

2573 5068 2800 5126 CAPUT
2843 5069 2930 5124 XI.

1952 5186 2221 5257 Sapientia
2250 5195 2435 5257 narrat
2458 5186 2689 5240 animam
2718 5185 2812 5239 viri
2839 5186 3030 5249 sancti,
3067 5202 3184 5257 qum
3212 5186 3383 5240 sancti
3418 5185 3530 5256 Spi.

2020 5257 2153 5310 ritus
2180 5256 2470 5325 septenario
2497 5268 2711 5310 numero
2734 5257 2982 5311 uirtutum
3012 5256 3277 5326 impletur,
3305 5258 3527 5325 prop/w-

2019 5335 2150 5381 tare.
3486 5338 3499 5357 ‘

2026 5454 2045 5486 ι
2078 5435 2274 5490 Anima
2327 5436 2429 5491 viri
2485 5436 2655 5490 sancti
2711 5436 2957 5491 enuntiat
3008 5432 3297 5501 aliquando
3357 5445 3525 5496 vera,

1954 5545 1972 5577 ι
2013 5541 2174 5595 quam
2202 5535 2408 5596 septem
2431 5528 2914 5596 circumspectores
2939 5527 3187 5580 sedentes
3208 5524 3265 5574 in
3289 5520 3530 5585 excelso,

1954 5636 1972 5668 ι
2010 5618 2077 5672 ad
2112 5617 2514 5687 speculandum.
2555 5637 2573 5669 ›
2607 5616 2740 5672 Cum
2762 5616 3007 5686 superius
3033 5614 3097 5668 de
3124 5611 3528 5665 consiliatorum

1948 5708 2267 5762 diversitate
2318 5707 2594 5772 disseruit,
2632 5714 3023 5775 consequenter
3069 5700 3312 5771 adjunxit
3348 5715 3526 5771 quan-
