3926 6168
446 291 586 345 1027

446 413 557 458 tum
587 391 865 464 sapientia:
894 390 1144 444 humana:
1167 384 1398 439 excellat
1432 383 1606 438 sancti
1635 382 1738 436 viri
1773 380 2019 446 scientia,
2049 395 2096 448 Α

442 504 562 558 quze
609 487 750 540 dono
793 481 1028 552 Spiritus
1075 477 1248 533 sancti
1294 477 1347 530 in
1379 476 1616 529 animam
1662 473 1806 528 illius
1844 470 2022 528 infusa

440 565 548 634 υδιξ
575 579 791 646 Septem
819 589 950 643 ergo
972 572 1463 638 circumspectores
1489 565 1793 637 philosophi
1825 564 2023 618 libera-

439 669 568 720 lium
614 665 812 718 artium
859 663 1001 732 (quae
1051 661 1104 714 in
1153 659 1462 729 septenario
1503 671 1729 711 numero
1778 656 1846 710 ab
1894 653 2024 724 ipsis

439 753 990 827 con‘iprehenduntur)
1039 760 1163 806 sunt
1201 751 1510 814 traditores,
1555 749 1650 802 sed
1697 747 1870 818 magis
1895 760 2022 800 vera

439 863 560 902 esse
601 847 655 899 in
685 845 938 898 omnibus
984 842 1156 896 claret
1200 838 1455 894 catholici
1501 837 1604 891 viri
1653 836 1897 890 modesta
1929 834 2025 888 do-

435 939 637 1002 ctrina,
665 951 784 1004 quaa
821 935 878 988 in
923 933 1121 987 divinis
1148 931 1300 984 libris
1345 929 1611 993 consistit,
1645 942 1805 996 quam
1847 924 2023 979 omnis

442 1029 881 1100 philosophorum
912 1024 1188 1093 multiplex
1236 1024 1290 1076 in
1329 1019 1652 1090 disputando
1677 1028 1732 1072 et
1763 1017 1816 1071 in
1855 1031 2020 1086 argu-

441 1119 733 1172 mentando
768 1116 1006 1178 solertia,
1038 1115 1091 1168 in
1124 1114 1228 1166 hac
1255 1111 1399 1166 enim
1429 1110 1612 1180 paucis
1640 1117 1695 1161 et
1722 1107 1872 1176 puris
1907 1119 2023 1159 ser-

442 1208 690 1263 monibus
720 1202 1210 1276 irreprchensibilis
1243 1217 1341 1272 per
1381 1199 1562 1254 onmia
1592 1197 1770 1252 elucet
1797 1195 2018 1259 veritas,

441 1299 492 1350 in
522 1297 612 1351 illa
644 1311 772 1350 vero
801 1295 857 1348 in
893 1294 1286 1362 exquisitarum
1328 1305 1511 1344 rerum
1554 1290 1817 1344 oberrans
1841 1285 2022 1355 opinio

440 1387 658 1458 garrula
693 1387 1036 1456 loquacitate,
1072 1385 1181 1438 imo
1215 1381 1502 1437 manifesta
1535 1388 1759 1450 apparet
1789 1378 2018 1432 falsitas.

441 1477 546 1531 Sed
577 1477 705 1546 quia
737 1477 914 1530 omnis
945 1476 1208 1544 sapientia
1235 1492 1263 1528 a
1290 1475 1515 1529 Domino
1547 1475 1655 1527 Deo
1685 1481 1791 1536 est,
1819 1485 1920 1524 nec
1960 1469 2022 1522 il-

437 1566 546 1619 lam
571 1567 857 1635 quisquam
887 1565 1002 1618 sine
1028 1562 1142 1631 ejus
1185 1578 1408 1617 munere
1444 1562 1642 1616 habere
1676 1565 1874 1630 potest,
1902 1557 2022 1612 ideo

441 1658 740 1726 subjungit,
769 1657 956 1712 dicens
983 1673 997 1708 :

1125 273 1187 330 Β.
1229 270 1482 327 RABANI
1520 267 1739 326 MAUBI
1773 265 2092 324 ARCHIEP.
2134 261 2444 322 MOGUNT.
2485 259 2774 317 OPERUSI
2811 256 2992 313 PARS
3031 257 3069 312 l.

3585 261 3606 312 1
3620 260 3721 313 0'28

2729 375 2958 431 CAPUT
2997 372 3110 428 XII.

2124 468 2204 524 De
2261 477 2467 524 versuta
2523 477 2570 523 et
2619 467 2904 536 sophistica
2957 465 3237 531 locutione,
3294 466 3352 518 id
3401 476 3478 522 at
3531 482 3716 537 pourpa

2733 537 3113 608 philosophica.

2199 672 2218 704 ι
2257 651 2359 719 Qui
2391 659 2574 705 autem
2620 650 2916 720 sophistice
2965 649 3226 720 loquitur,
3258 649 3482 705 odibilis
3505 660 3633 706 est;
3665 650 3714 703 in

2109 762 2147 795 ι(
2183 742 2331 797 omni
2356 756 2414 796 re
2439 741 2869 796 defraudabitur.
2899 739 3015 795 Non
3045 749 3129 796 est
3151 742 3296 795 enim
3326 741 3404 795 illi
3433 758 3466 795 a
3489 741 3715 796 Domino

2127 850 2147 883 ‹
2181 831 2305 886 data
2341 832 2551 902 gratia;
2585 832 2733 887 omni
2780 831 3046 902 sapientia
3077 830 3431 887 defraudatus
3470 841 3579 887 est.
3611 853 3628 884 ι
3659 831 3713 886 In

2123 911 2228 977 hac
2266 924 2541 978 sententia
2580 932 2636 978 et
2675 932 2899 978 versuta
2951 922 3151 978 locutio
3193 921 3636 992 reprehenditur,
3663 933 3714 977 et

2125 1014 2384 1070 lueretica
2441 1016 2687 1086 nequitia
2733 1015 3042 1069 damnatur.
3107 1013 3224 1070 Non
3281 1029 3414 1086 ergo
3466 1015 3539 1068 ad
3593 1031 3712 1070 cor-

2119 1107 2270 1175 poris
2325 1121 2542 1172 sensus,
2601 1105 2695 1160 sed
2749 1107 2818 1161 ad
2871 1107 3137 1161 rationem
3197 1106 3365 1160 animi
3416 1106 3712 1176 disciplina:

2120 1201 2394 1270 pertinent
2421 1201 2803 1272 disputationis
2831 1212 2886 1254 et
2910 1200 3141 1255 numeri.
3166 1198 3225 1253 ln
3254 1199 3452 1268 quibus
3485 1215 3518 1253 a
3545 1199 3709 1253 Deum

2121 1291 2440 1346 timentibus
2471 1291 2684 1346 Veritas
2719 1291 2809 1361 pie
2842 1291 3122 1360 quaeritur,
3169 1298 3226 1344 et
3253 1290 3462 1344 utiliter
3501 1290 3708 1344 inveni-

2121 1391 2233 1446 tur,
2277 1381 2372 1436 sed
2421 1381 2801 1452 disputationis
2843 1381 3125 1450 disciplina
3173 1381 3240 1436 ad
3284 1381 3471 1435 omnia
3517 1397 3708 1452 genera

2121 1473 2503 1543 quaestionum,
2537 1488 2658 1542 qua:
2687 1473 2741 1526 in
2763 1472 2960 1526 litteris
2989 1473 3190 1526 sanctis
3222 1481 3352 1526 sunt
3375 1474 3705 1542 penetrantia

2121 1573 2176 1619 et
2202 1563 2542 1619 dissolvenda
2570 1563 2864 1632 plurimum
2894 1563 3058 1618 valet.
3087 1561 3320 1616 Tantum
3363 1562 3438 1617 ibi
3469 1562 3705 1617 cavenda

2121 1655 2397 1714 estlibido
2423 1655 2655 1718 rixandi,
2689 1662 2745 1709 et
2767 1653 2991 1723 puerilis
3016 1655 3259 1723 quaedam
3289 1655 3590 1709 ostentatio
3619 1656 3706 1709 de.

517 1791 532 1822 ι
570 1769 710 1823 Ειίη
739 1763 824 1823 his
851 1768 1100 1822 omnibus
1124 1767 1416 1836 deprecare
1443 1763 1800 1828 Altissimum,
1842 1770 1900 1815 ut
1934 1760 2004 1815 di-

2122 1746 2354 1815 cipiendi
2392 1744 2785 1799 adversarium.
2815 1742 2956 1798 Sunt
2989 1743 3133 1797 enim
3164 1742 3332 1797 multa
3364 1759 3489 1812 qua:
3531 1744 3708 1813 appel-

443 1882 459 1913 ι
499 1863 638 1931 rigat
669 1863 720 1914 in
754 1861 981 1914 veritate
1002 1859 1145 1912 viam
1175 1867 1340 1911 tuam.
1374 1877 1391 1908 ι
1423 1856 1498 1911 De
1533 1856 1634 1910 hoc
1665 1855 1780 1924 ipso
1823 1865 1879 1908 et
1904 1853 2021 1924 ,Το-

436 1951 553 2005 bias
581 1950 746 2003 lilium
773 1964 930 2003 suum
961 1947 1256 2012 admonuit,
1289 1947 1472 2001 dicens
1497 1961 1510 1998 :
1541 1963 1560 1996 ‹
1589 1943 1748 1999 Omni
1780 1953 2018 2013 tempore

437 2041 660 2095 benedic
683 2041 870 2105 Deum,
901 2050 956 2093 et
979 2048 1100 2109 pete
1141 2040 1207 2093 ab
1233 2053 1297 2092 eo
1323 2047 1383 2092 ut
1416 2039 1532 2092 vias
1569 2045 1688 2091 tuas
1718 2038 1935 2108 dirigat,
1964 2045 2020 2090 et

437 2131 616 2185 omnia
651 2130 875 2185 consilia
917 2138 1007 2184 tua
1036 2131 1090 2184 in
1121 2130 1236 2199 ipso
1280 2137 1638 2198 permaneant
1665 2127 1817 2198 (Tob.
1862 2128 1958 2199 ιν).
1990 2147 2009 2182 ι

437 2224 572 2280 Hinc
593 2233 646 2278 et
661 2224 946 2279 Psalmista
975 2224 1048 2277 ita
1075 2222 1360 2276 Dominum
1391 2221 1713 2291 deprecatur
1737 2239 1750 2273 :
1785 2239 1804 2271 ι
1837 2221 2018 2292 Dirige

436 2329 520 2366 me
549 2313 601 2366 in
623 2313 853 2367 veritate
889 2320 1001 2377 tua,
1027 2319 1083 2364 et
1111 2311 1242 2364 doce
1269 2325 1374 2373 me,
1400 2309 1528 2378 quia
1558 2317 1614 2363 tu
1643 2324 1720 2374 es,
1750 2309 1914 2375 Deus,
1931 2325 2016 2364 sa-

434 2403 626 2457 lutaris
651 2417 826 2467 meus,
858 2409 914 2455 et
945 2411 996 2454 te
1027 2400 1258 2454 sustinui
1289 2408 1400 2454 tota
1429 2399 1515 2453 die
1547 2397 1720 2470 (Psal.
1783 2398 1955 2469 xxiv).
1989 2418 2008 2451 ι

507 2528 526 2560 ι
563 2510 704 2564 Ante
739 2509 921 2562 omnia
963 2523 1127 2577 opera
1178 2509 1402 2562 verbum
1434 2523 1597 2562 verax
1630 2509 1900 2577 praacedet
1937 2518 2010 2575 te,

440 2620 459 2650 ι
493 2609 546 2654 et
567 2610 692 2653 ante
720 2614 933 2654 omnem
963 2608 1141 2652 actum
1155 2599 1442 2653 consilium
1466 2598 1676 2653 stabile.
1703 2619 1722 2650 ι
1753 2599 1866 2654 Hoc
1881 2614 2014 2669 quo-

433 2705 536 2758 que
557 2688 781 2742 verbum
804 2704 911 2741 non
934 2696 1202 2753 exterum,
1227 2689 1319 2742 sed
1343 2689 1614 2742 internum
1636 2687 2009 2759 vultintelligi,

431 2779 573 2849 quod
601 2792 669 2832 ex
696 2777 1016 2848 cogitatione
1050 2777 1252 2832 mentis
1291 2777 1513 2847 prodiit,
1544 2777 1843 2832 secundum
1868 2777 2012 2848 quod

431 2868 728 2924 locutiones
773 2876 827 2922 et
874 2876 1029 2921 actus
1075 2867 1374 2922 exteriores
1429 2868 1805 2938 disponuntur.
1859 2867 2011 2922 Unde

427 2961 688 3030 scriptum
729 2967 850 3016 est:
885 2977 904 3010 ι
943 2959 1023 3013 Ex
1065 2958 1398 3013 abundantia
1454 2959 1634 3012 cordis
1675 2973 1738 3012 os
1773 2957 2011 3028 loquitur

428 3053 645 3125 (Matth.
675 3052 795 3125 xu).
831 3051 941 3107 ι·ὃί
970 3053 1114 3107 enim
1145 3053 1400 3122 cogitatio
1430 3053 1666 3107 hominis
1696 3053 1750 3107 in
1779 3053 2008 3107 veritate

425 3155 482 3200 et
517 3147 655 3201 bona
685 3145 961 3200 voluntate
985 3145 1208 3199 verbum
1232 3153 1287 3198 ct
1307 3144 1590 3199 consilium
1622 3160 1776 3199 suum
1813 3160 2006 3198 secun-

427 3237 552 3290 dum
582 3237 829 3290 timorem
864 3235 955 3288 Dei
983 3234 1217 3297 ordinat,
1251 3249 1438 3288 omnes
1466 3243 1620 3289 actus
1645 3233 1761 3302 ejus
1791 3234 1926 3287 ﬁunt
1950 3235 2004 3288 in

427 3342 576 3395 pace,
602 3341 632 3379 e
660 3325 934 3379 contrario
959 3340 1087 3378 vero
1122 3324 1188 3378 de
1217 3323 1326 3379 alio
1355 3325 1518 3380 verbo
1549 3325 1811 3394 sequitur.

501 3455 518 3487 ‹
553 3436 788 3491 Verbum
819 3450 1050 3504 nequam
1076 3435 1381 3490 immutabit
1418 3451 1531 3490 cor.
1565 3454 1584 3487 ι
1612 3435 1726 3491 Hoc
1745 3445 1851 3501 est,
1873 3452 2004 3491 con-

425 3528 606 3583 silium
653 3527 852 3582 malum
902 3535 1070 3582 totam
1122 3527 1356 3581 hominis
1399 3527 1682 3598 perturbat
1721 3528 2004 3581 conscien-

367 3667 382 3675 .
425 3623 576 3686 tiam,
617 3629 672 3676 et
715 3621 1042 3674 voluntatem
1071 3619 1188 3689 ejus
1216 3619 1515 3684 confundit,
1549 3634 1670 3674 cum
1710 3634 1773 3674 ea
1806 3627 2004 3674 tractat

421 3731 539 3786 qua:
565 3729 747 3769 coram
772 3713 942 3768 oculis
972 3713 1066 3766 Dei
1091 3711 1394 3781 displicent.

497 3848 514 3880 ι
551 3829 631 3883 Ex
652 3842 758 3898 quo
786 3835 1016 3896 quatuor
1042 3833 1224 3895 partes
1263 3824 1532 3891 oriuntur,
1579 3825 1778 3880 bonum
1804 3831 1858 3880 et
1884 3838 2000 3878 ma-

424 3942 443 3974 (
480 3921 609 3984 Ιιιιιι,
644 3922 751 3974 vita
779 3928 834 3973 et
874 3934 1019 3973 mors
1045 3937 1058 3972 :
1083 3926 1138 3973 et
1177 3917 1506 3972 dominatrix
1553 3917 1767 3972 illomm
1798 3927 1882 3974 est
1913 3931 2000 3972 as-

425 4036 445 4070 t
483 4017 635 4071 siilua
664 4015 861 4082 lingua.
889 4032 906 4064 ι
951 4012 1036 4066 Ea:
1073 4028 1196 4082 quo,
1231 4011 1424 4080 inquit,
1456 4012 1557 4065 hoc
1585 4019 1689 4075 est,
1739 4024 1806 4064 ex
1830 4011 1998 4065 verbo

417 4109 618 4170 cordis,
659 4117 886 4177 quatuor
930 4114 1102 4174 partes
1149 4102 1414 4166 oriuntur,
1459 4103 1649 4156 bonum
1689 4111 1737 4155 et
1775 4101 1992 4168 malum,

418 4199 521 4254 hoc
551 4207 654 4262 est,
686 4197 884 4251 bonum
915 4194 1002 4249 vel
1030 4193 1229 4248 malum
1255 4193 1560 4257 consilium,
1593 4200 1646 4246 et
1673 4205 1993 4246 remunera-

418 4288 494 4342 tio
524 4301 711 4339 cormn
736 4285 845 4337 vita
865 4283 954 4337 vel
980 4297 1148 4347 mors,
1181 4282 1307 4352 quia
1329 4281 1652 4350 stipendium
1680 4281 1887 4349 peccati
1910 4288 1995 4334 est

418 4394 594 4440 mors,
649 4377 821 4445 gratia
878 4382 1057 4429 autem
1114 4374 1211 4428 Dei
1239 4374 1348 4428 vita
1402 4383 1605 4428 mterna
1658 4372 1835 4443 (Rom.
1890 4379 1988 4444 vt).

414 4469 567 4534 Quod
611 4477 791 4521 autem
835 4466 986 4530 dicit,
1019 4466 1430 4520 dominatrieem
1460 4480 1646 4520 eorum
1691 4480 1813 4520 esse
1850 4464 1986 4520 assi-

414 4559 571 4612 duam
611 4557 867 4627 linguam,
903 4554 1140 4608 ostendit
1184 4555 1326 4622 quod
1377 4571 1476 4624 per
1503 4554 1696 4624 lingua:
1739 4555 1986 4609 ministe-

412 4649 551 4701 rium
597 4655 804 4700 secreta
845 4643 1024 4698 cordis
1057 4643 1387 4712 panduntur.
1425 4641 1567 4696 Mors
1595 4643 1738 4696 enim
1781 4651 1837 4696 et
1871 4643 1986 4696 vita

411 4738 465 4792 in
500 4737 744 4792 manibus
767 4743 891 4790 sunt
921 4733 1138 4804 linguae,
1165 4733 1305 4786 unde
1335 4733 1452 4801 ipsa
1479 4732 1695 4787 Veritas
1723 4734 1834 4787 ait:
1859 4751 1878 4783 ι
1904 4733 1984 4788 Ex

413 4830 589 4883 verbis
610 4829 753 4882 enim
778 4827 883 4881 tuis
900 4823 1310 4894 justiﬁcaberis,
1341 4832 1395 4878 et
1419 4839 1488 4877 ex
1516 4823 1697 4878 verbis
1733 4823 1838 4878 tuis
1861 4838 1984 4878 eon-

410 4920 754 4973 demnaberis
785 4917 996 4990 (Matth.
1026 4917 1148 4988 xu).
1180 4935 1199 4967 ι

485 5046 504 5078 ι
543 5027 636 5082 Vir
662 5029 868 5096 peritus
895 5027 1091 5082 multos
1117 5026 1370 5094 erudivit,
1393 5036 1450 5082 et
1477 5027 1671 5082 anima:
1707 5041 1818 5081 sua:
1861 5040 1985 5080 sua-

408 5120 489 5174 vis
517 5128 618 5174 est.
652 5137 670 5169 ι
700 5118 834 5184 Quia
863 5119 1184 5187 pnndixerat
1211 5120 1276 5174 de
1308 5119 1806 5189 operibusdiuguze,
1843 5132 1984 5172 nunc

406 5210 759 5266 continuatim
787 5209 851 5263 de
883 5211 1035 5262 bonis
1064 5209 1288 5264 malisve
1325 5210 1637 5264 doctoribus
1673 5223 1980 5262 sermonem

403 5303 652 5371 explicat.
685 5299 787 5367 Qui
815 5301 959 5354 enim
989 5301 1193 5369 peritus
1239 5309 1324 5354 est
1373 5301 1425 5353 in
1473 5300 1752 5370 Scriptura
1799 5315 1977 5366 sacra,

397 5403 451 5446 et
484 5409 646 5448 verax
683 5407 934 5448 sermone
954 5394 1261 5462 probusque
1288 5391 1531 5446 moribus
1557 5393 1832 5462 probatur,
1866 5389 1978 5459 ejus

403 5483 638 5540 eruditio
663 5484 909 5555 plurimis
937 5492 1018 5538 est
1052 5482 1394 5552 profectuosa
1419 5490 1476 5536 et
1497 5483 1754 5547 salubris,
1784 5483 1982 5552 ipsius-

403 5590 504 5642 que
534 5577 769 5632 studium
810 5577 1005 5632 anima:
1038 5591 1150 5630 suae
1173 5581 1405 5644 .znterntc
1441 5575 1565 5630 vita:
1598 5574 1775 5644 pariet
1804 5573 1983 5628 suavi-

401 5670 585 5715 tatem.

1740 5793 1768 5805 ν

2122 1835 2305 1890 lantur
2331 1835 2688 1903 sophismata,
2720 1833 2868 1888 falsa:
2911 1832 3284 1888 conclusiones
3321 1833 3621 1898 rationum,
3659 1844 3708 1887 et

2120 1927 2436 1998 plerumque
2462 1929 2537 1981 ita
2565 1942 2724 1982 veras
2754 1926 3051 1990 imitantes,
3082 1933 3141 1980 ut
3165 1940 3269 1980 non
3298 1925 3475 1980 solum
3506 1925 3705 1989 tardos,

2121 2020 2216 2074 sed
2246 2019 2557 2087 ingeniosos
2599 2019 2762 2072 etiam
2809 2018 2989 2072 minus
3013 2017 3297 2088 diligenter
3334 2027 3582 2073 attentos
3619 2019 3707 2072 de-

2119 2114 2345 2182 cipiant.
2373 2113 2659 2184 Proposuit
2685 2113 2830 2168 enim
2865 2115 3084 2184 quidam
3113 2115 3296 2169 dicens
3323 2115 3397 2180 ei,
3447 2131 3575 2170 cum
3603 2131 3705 2186 quo

2119 2205 2480 2275 loquebatur:
2511 2224 2529 2256 ι
2563 2204 2717 2272 Quod
2761 2221 2862 2275 ego
2910 2221 3051 2271 sum,
3083 2213 3142 2260 tu
3175 2222 3284 2261 non
3327 2222 3420 2273 es;
3457 2227 3480 2259 ι
3531 2218 3590 2261 at
3621 2209 3703 2262 ille

2119 2297 2417 2362 consensit,
2467 2312 2656 2351 verum
2699 2296 2845 2350 enim
2883 2305 3000 2350 erat
3027 2311 3092 2350 ex
3139 2305 3329 2367 parte;
3377 2297 3466 2352 vel
3495 2312 3564 2353 eo
3595 2298 3704 2367 ipso

2117 2385 2258 2456 quod
2288 2385 2388 2440 iste
2421 2385 2733 2451 insidiosus,
2775 2385 2865 2440 ille
2883 2385 3112 2456 simplex
3138 2397 3279 2454 erat,
3316 2395 3432 2442 tum
3474 2389 3582 2443 iste
3612 2391 3702 2444 ad-

2113 2475 2290 2530 didit:
2329 2494 2346 2525 ι
2375 2475 2488 2546 Ego
2533 2483 2714 2530 autem
2757 2475 2922 2529 homo
2962 2490 3103 2529 sum.
3134 2495 3152 2526 ι
3181 2475 3294 2530 Hoc
3326 2492 3550 2546 quoque
3587 2493 3703 2532 cum

2115 2567 2183 2622 ab
2216 2567 2307 2622 illo
2340 2567 2663 2637 accepisset,
2691 2567 2958 2622 conclusit
2984 2566 3209 2622 dicens:
3243 2587 3260 2618 ε
3293 2567 3373 2621 Tu
3405 2568 3578 2639 igitur
3603 2586 3703 2625 non

2114 2678 2174 2718 es
2217 2665 2400 2718 homo.
2433 2683 2450 2714 ι
2487 2661 2640 2728 Quod
2679 2676 2848 2732 genus
2887 2662 3255 2732 captiosarum
3290 2663 3702 2718 conclusionum

2115 2753 2419 2824 Scriptura,
2459 2761 2722 2822 quantum
2756 2752 3031 2818 existimo,
3078 2752 3380 2806 detestatur
3427 2753 3536 2808 hoc
3567 2753 3698 2817 loco,

2114 2844 2204 2898 ubi
2244 2844 2447 2898 dictum
2496 2852 2600 2907 est,
2650 2862 2667 2892 ι
2697 2843 2788 2912 qui
2830 2842 3123 2913 sophistice
3172 2843 3433 2913 loquitur,
3485 2845 3701 2900 odibilis

2111 2944 2215 3000 est,
2254 2953 2272 2986 ι
2304 2950 2613 3005 quanquam
2638 2935 2803 2989 etiam
2834 2947 3014 2990 sermo
3042 2949 3149 2988 non
3181 2935 3482 3004 captiosus,
3508 2936 3607 2990 sed
3632 2944 3702 2989 ta-

2112 3039 2235 3079 men
2267 3024 2630 3079 abundantius
2653 3038 2815 3093 quam
2847 3024 3166 3094 gravitatem
3213 3024 3368 3079 decet
3406 3024 3698 3079 verborum

2035 3091 2078 3152 Ο
2111 3123 2431 3171 ornamenta
2480 3124 2800 3170 consectans
2843 3115 3190 3184 scphisticus.
3244 3114 3302 3169 in
3343 3117 3447 3171 hac
3478 3118 3697 3187 quidam

2114 3211 2409 3280 sophistica
2437 3208 2707 3263 locutione
2732 3209 3057 3263 denotantur
3079 3209 3340 3273 hzcretiei,
3381 3210 3478 3278 qui
3515 3212 3696 3264 omnia

2109 3303 2348 3372 captiose
2407 3309 2462 3354 et
2517 3300 2782 3354 malitiose
2839 3300 2907 3354 ad
2973 3300 3335 3355 seducendum
3382 3299 3521 3354 alios
3568 3316 3700 3354 con-

2107 3401 2345 3458 struunt,
2375 3391 2428 3446 hi
2458 3391 2684 3447 odibiles
2711 3399 2839 3446 sunt
2864 3399 2972 3445 tam
2999 3390 3110 3446 Deo
3135 3406 3298 3460 quam
3323 3391 3490 3445 etiam
3521 3391 3699 3444 omni-

2106 3486 2208 3538 bus
2236 3483 2391 3538 bonis
2425 3483 2736 3538 hominibus
2761 3483 2884 3554 :qui
2917 3483 3065 3537 omni
3098 3497 3158 3536 re
3189 3482 3306 3536 utili
3337 3491 3395 3536 et
3438 3496 3568 3537 vera
3598 3482 3698 3536 do-

2104 3577 2278 3632 ctrina
2306 3575 2607 3631 defraudati
2634 3585 2780 3641 sunt,
2827 3576 3079 3646 quoniam
3110 3591 3215 3630 non
3245 3583 3330 3629 est
3370 3575 3477 3630 illis
3505 3574 3636 3628 data
3666 3589 3698 3629 ι

2104 3666 2332 3722 Domino
2362 3667 2534 3736 gratia
2586 3665 2822 3737 Spiritus
2861 3667 3054 3720 sancti.
3103 3661 3341 3735 Spiritus
3369 3666 3518 3719 enim
3558 3680 3695 3718 san-

2102 3767 2225 3814 ctus
2245 3756 2547 3827 disciplinae
2581 3755 2803 3826 eﬂ‘ugiet
2842 3755 3047 3821 fictum,
3085 3765 3141 3811 et
3167 3757 3221 3810 in
3256 3775 3274 3808 ‹
3303 3757 3540 3811 animam
3567 3775 3696 3812 ma-

2103 3847 2335 3903 levolam
2366 3863 2472 3902 non
2520 3847 2765 3901 introibit
2799 3847 3065 3916 sapientia
3093 3845 3247 3916 (Sap.
3292 3845 3355 3917 ι).
3390 3865 3409 3897 ›
3448 3845 3603 3900 Unde
3639 3857 3699 3901 et

2101 3939 2372 4009 sapientia
2413 3939 2625 3994 cmlesti
2671 3939 2978 3993 defraudati
3024 3947 3168 4002 sunt,
3198 3939 3289 4008 qui
3333 3953 3399 3992 ea
3441 3954 3560 4008 qua:
3587 3939 3696 3995 Dei

2099 4038 2225 4084 sunt
2249 4045 2352 4084 non
2394 4029 2630 4099 sapiunt,
2657 4029 2750 4084 sed
2780 4043 2846 4082 ea
2873 4043 2993 4098 qua:
3023 4029 3319 4092 hominum,
3349 4039 3603 4082 errantes
3637 4039 3696 4084 et

2097 4121 2150 4176 in
2172 4136 2414 4176 errorem
2451 4119 2730 4175 mittentes
2761 4119 2976 4191 (Matth.
3012 4117 3144 4189 xvr).

2173 4231 2190 4263 ι
2225 4213 2321 4267 Est
2344 4212 2562 4282 sapiens
2591 4212 2784 4266 anima:
2813 4227 2924 4266 sua:
2948 4211 3188 4280 sapiens,
3221 4217 3278 4263 et
3319 4210 3528 4264 fructus
3561 4225 3694 4263 sen-

2103 4319 2121 4351 ‹
2159 4316 2252 4356 sus
2293 4300 2435 4355 illius
2473 4299 2778 4354 laudabilis.
2808 4319 2827 4351 ι
2853 4299 2956 4366 Qui
2999 4300 3145 4353 enim
3168 4314 3297 4353 vere
3329 4307 3410 4353 est
3436 4300 3690 4367 sapiens,

2097 4406 2161 4446 ea
2183 4407 2304 4462 qua:
2343 4391 2412 4445 ad
2455 4391 2683 4446 salutem
2711 4390 2906 4445 anima:
2934 4407 3045 4446 sua:
3089 4392 3273 4454 sentit,
3308 4393 3462 4446 docet
3504 4400 3561 4444 et
3602 4391 3692 4444 fa-

2096 4483 2192 4547 cit,
2252 4483 2479 4552 ideoque
2532 4482 2741 4537 fructus
2787 4497 2977 4537 sensus
3033 4482 3177 4538 illius
3227 4491 3312 4538 est
3365 4482 3687 4547 laudabilis,

2096 4574 2350 4644 quoniam
2381 4589 2445 4628 ea
2484 4589 2605 4643 qua:
2651 4573 2762 4628 Deo
2803 4583 2928 4629 sunt
2974 4573 3174 4644 placita
3221 4583 3401 4628 mente
3445 4581 3686 4637 tractat,

2095 4662 2275 4734 lingua
2303 4661 2528 4732 profert,
2561 4672 2616 4716 et
2639 4663 2757 4716 utili
2784 4664 3097 4732 operatione
3121 4672 3360 4718 exercet.

2170 4773 2188 4806 ι
2229 4755 2326 4810 Vir
2348 4753 2564 4824 sapiens
2585 4753 2797 4823 plebem
2824 4769 2977 4809 suam
3003 4755 3199 4818 erudit,
3233 4764 3289 4809 et
3313 4755 3523 4810 fruetus
3543 4771 3686 4812 sen-

2099 4865 2118 4898 r
2154 4861 2246 4901 sus
2278 4845 2421 4900 illius
2449 4844 2634 4899 ﬁdeles
2663 4853 2806 4899 sunt.
2837 4865 2856 4896 ι
2891 4845 3091 4900 Doctor
3119 4846 3314 4916 quippe
3339 4845 3685 4904 ecclesiasti-

2089 4950 2186 4990 cus
2236 4935 2579 4988 commissam
2619 4934 2720 4988 sibi
2768 4932 2978 5002 plebem
3025 4935 3202 4988 erudit
3248 4937 3432 4999 verbo,
3474 4944 3534 4989 et
3585 4937 3680 4992 in-

2088 5025 2248 5080 struit
2293 5025 2560 5096 exemplo,
2611 5032 2665 5079 et
2705 5023 2914 5080 fructus
2959 5039 3150 5080 sensus
3194 5025 3358 5090 illius,
3398 5041 3541 5095 quos
3592 5029 3680 5083 vel

2086 5117 2373 5173 scribendo
2405 5099 2492 5172 vel
2515 5118 2676 5171 etiam
2704 5117 3050 5187 prmdicando
3073 5118 3395 5186 protulerat,
3441 5129 3580 5173 sunt
3609 5120 3675 5174 li-

2086 5208 2267 5263 deles:
2297 5208 2554 5277 quoniam
2595 5208 2649 5261 in
2690 5207 2772 5262 eis
2819 5223 2925 5262 non
2966 5207 3308 5276 reperiuntur
3348 5209 3590 5264 haareses
3621 5219 3680 5264 et

2085 5301 2438 5356 schismatum
2479 5299 2884 5369 perversitates.
2912 5297 3063 5353 Unde
3092 5297 3187 5352 ﬁet
3206 5298 3349 5368 quod
3396 5300 3670 5367 sequitur.

2162 5409 2181 5442 ‹
2216 5391 2314 5445 Vir
2356 5391 2571 5460 sapiens
2617 5389 2926 5459 implebitur
2974 5389 3456 5455 benedictionibus.
3483 5399 3547 5444 et
3586 5391 3669 5444 vi-

2089 5503 2108 5534 ‹
2142 5483 2331 5537 dentes
2354 5481 2503 5536 illum
2531 5482 2848 5536 laudabunt.
2880 5499 2899 5533 ι
2926 5480 3239 5550 lmplebitur
3259 5481 3476 5552 quidem
3503 5479 3672 5535 bene-

2085 5573 2343 5637 dictione,
2387 5573 2602 5642 quando
2646 5572 3080 5627 remunerabitur
3108 5572 3317 5627 caelesti
3368 5572 3662 5626 mercede:

2083 5673 2138 5719 et
2162 5664 2404 5720 videntes
2449 5664 2599 5719 illum
2629 5663 2946 5731 laudabunt,
2991 5663 3205 5734 quando
3228 5662 3419 5732 Angeli
3446 5664 3573 5719 boni
3603 5670 3666 5716 et
