3902 6162
273 266 414 321 1029

1126 266 1486 325 ωΜΜΕΝΤ.
1528 271 1596 328 IN
1637 271 2247 330 ECCLESIASTICUM.
2289 305 2355 314 -—
2395 275 2522 329 LIB.
2565 273 2696 329 VIII.

3417 285 3558 342 ί-οδο

265 391 582 437 sanctorum
624 383 820 438 anima:
860 383 1269 440 considerantes
1316 383 1432 453 ejus
1463 388 1742 454 meritum,
1795 388 1850 443 in
1880 391 1930 450 Α
1963 405 1980 437 ι
2023 389 2129 442 erit
2152 388 2463 458 inﬁrmitas,
2512 393 2825 459 insatietas,
2861 394 3091 449 aviditas
3121 404 3174 450 et
3200 395 3428 466 aplcstia
3457 416 3553 469 ξψ-

260 475 473 545 praemii
525 475 669 530 illius
716 475 1073 532 retributione
1109 478 1552 548 congaudebunt,
1599 495 1699 535 nec
1745 481 1851 534 mi-

265 580 410 628 rum,
451 580 575 619 cum
605 566 718 634 ipse
755 565 1146 636 paterfamilias
1195 583 1356 622 serve
1383 569 1525 623 bona
1576 570 1771 623 merito
1798 570 1852 624 in

255 651 466 722 judicio
504 653 688 709 futuro
713 654 955 710 dicturus
981 655 1085 710 sit:
1119 675 1136 707 ‹
1167 656 1331 728 Euge,
1363 671 1520 712 serve
1542 658 1683 712 bone
1716 668 1770 712 et
1792 658 1854 710 ﬁ-

262 745 420 810 delis,
463 745 590 814 quia
629 760 794 814 super
835 760 1009 816 pauca
1054 745 1202 800 fuisti
1253 745 1443 809 ﬁdelis,
1478 761 1641 815 super
1683 746 1850 800 multa

265 843 321 888 te
387 835 760 898 constituam,
849 834 992 889 intra
1060 834 1112 888 in
1170 833 1426 904 gaudium
1504 834 1716 889 Domini
1774 835 1851 889 tui

261 926 484 998 (Matth.
515 928 666 997 xxv).
702 945 718 978 ι

336 1037 354 1068 ‹
392 1019 515 1072 Vita
543 1018 644 1071 viri
673 1018 726 1072 in
759 1031 988 1072 numero
1035 1017 1267 1084 dierum,
1316 1019 1432 1073 dies
1476 1029 1657 1074 autem
1685 1019 1853 1075 Israel

265 1125 284 1158 ι
325 1107 746 1162 innumerabiles
773 1116 919 1162 sunt.
960 1127 978 1159 ι
1025 1106 1166 1174 Quid
1187 1117 1272 1164 est
1295 1111 1440 1179 quod
1471 1111 1638 1164 vitam
1664 1110 1765 1164 viri
1797 1111 1852 1164 in

256 1214 486 1253 numero
513 1197 725 1252 dierum
755 1199 1203 1268 comprehensam
1258 1198 1444 1254 dicens
1475 1199 1706 1264 addidit,
1738 1200 1852 1254 dies

257 1287 424 1344 Israel
455 1304 580 1344 esse
615 1288 1080 1344 innumerabiles?
1109 1289 1212 1343 nisi
1244 1289 1387 1358 quod
1417 1299 1727 1344 sanctorum
1776 1289 1853 1344 vi-

259 1388 369 1440 tam
419 1381 470 1434 in
500 1380 706 1436 ccelesti
739 1380 1073 1436 beatitudine
1101 1381 1336 1436 ostendit
1366 1396 1488 1436 esse
1514 1391 1770 1436 azternam
1797 1389 1852 1436 et

257 1469 546 1526 inﬁnitam.
577 1470 729 1537 Quod
773 1477 954 1524 autem
981 1469 1090 1522 vita
1119 1484 1362 1538 praesens
1391 1469 1670 1524 hominum
1701 1478 1852 1524 certo

258 1575 486 1614 numero
508 1558 560 1612 in
591 1558 930 1628 praescientia
964 1558 1060 1612 Dei
1090 1566 1144 1612 et
1177 1559 1530 1628 dispositione
1557 1560 1851 1614 constituta

241 1640 364 1713 sit,
411 1650 648 1704 ostendit
688 1647 811 1714 Job,
869 1649 1098 1704 dicens:
1161 1668 1178 1700 ι
1213 1630 1572 1706 Βισενοε’(1ἱθε
1617 1652 1851 1708 hominis

1961 494 1982 528 ι
2023 478 2350 548 propinquat
2375 497 2548 550 usque
2585 483 2652 537 ad
2679 483 2970 538 choleram.
3026 484 3255 556 Pr0pter
3279 489 3554 558 crapulam

1961 586 1979 618 ι
2027 567 2179 622 multi
2207 570 2479 636 obierunt,
2512 573 2603 642 qui
2647 583 2829 628 autem
2874 575 3153 632 abstinens
3183 587 3288 642 est,
3337 578 3557 647 adjiciet

1961 679 1979 710 ε
2025 661 2214 714 vitam.
2254 682 2272 713 ι
2321 662 2378 716 In
2410 664 2494 719 his
2528 665 2742 734 quidem
2777 669 3058 722 sententiis
3084 670 3239 739 juxta
3268 672 3553 727 historiam

1960 750 2148 806 laudat
2174 754 2568 823 parcimon-iam
2596 757 2794 823 victus,
2844 766 2900 813 et
2929 760 3197 828 vituperat
3234 761 3552 818 aviditatem

1953 851 2010 897 et
2043 846 2604 913 superabundantiam
2657 849 2929 914 ciborum,
2985 852 3239 920 quoniam
3271 869 3442 923 usque
3487 855 3553 909 ad

1953 947 2209 988 nauseam
2260 944 2315 990 et
2363 937 2430 990 ad
2477 937 2711 993 cholera:
2764 938 3132 996 inﬁrmitatem
3167 944 3415 1010 perducit
3466 945 3552 998 in-

1956 1029 2370 1090 temperantem.
2409 1023 2633 1096 Mystice
2656 1037 2840 1083 autem
2877 1029 3132 1084 admonet
3160 1041 3219 1084 ut
3244 1031 3298 1084 in
3329 1032 3551 1101 spirita-

1950 1110 2095 1170 libus
2123 1111 2258 1166 cibis
2296 1113 2466 1169 simus
2495 1124 2892 1186 temperantes,
2923 1129 2980 1174 et
3022 1121 3222 1190 nequid
3251 1122 3434 1188 nimis,
3485 1139 3554 1178 ne

1953 1198 2096 1257 forte
2122 1203 2168 1258 si
2202 1204 2531 1262 voluerimus
2566 1210 2782 1264 modum
2813 1211 3076 1267 excedere
3123 1213 3383 1277 scientia},
3415 1215 3552 1270 inci-

1953 1293 2147 1350 damus
2176 1296 2229 1350 in
2256 1312 2518 1365 errorem,
2565 1309 2622 1354 et
2659 1311 2878 1370 propter
2906 1302 3232 1372 superﬂuam
3260 1307 3550 1362 scrutatio-

1952 1400 2079 1439 nem
2105 1401 2286 1441 rerum
2311 1388 2943 1459 incomprehensibilium
2982 1394 3265 1449 veniamus
3293 1396 3344 1449 in
3375 1397 3552 1451 stulti-

1954 1474 2087 1529 tiam
2128 1478 2438 1543 maximam,
2478 1481 2618 1535 unde
2647 1497 2792 1535 mors
2830 1491 2884 1535 et
2927 1483 3158 1551 perditio
3196 1493 3345 1538 certa
3392 1487 3548 1541 nobis

1955 1575 2144 1621 restat.
2177 1567 2316 1623 Hinc
2340 1585 2555 1640 quoque
2584 1586 2680 1640 per
2715 1570 3062 1627 Salomonem
3097 1572 3335 1628 dic-itur:
3387 1593 3405 1624 ‹
3441 1575 3542 1629 Mel

1956 1656 2237 1723 invenisti,
2267 1662 2489 1715 comede
2519 1662 2663 1730 quod
2692 1661 2891 1717 sullicit
2918 1663 3035 1729 tibi,
3064 1679 3131 1718 ne
3155 1663 3292 1718 forte
3321 1667 3548 1722 satiatus

255 1748 407 1804 sunt,
438 1755 700 1794 numerus
723 1739 989 1794 mensium
1019 1741 1135 1810 ejus
1159 1739 1298 1808 apud
1319 1749 1375 1795 te
1401 1749 1506 1795 est.
1551 1741 1848 1797 Constitui-
1885 1744 1926 1802 Β
1954 1760 2175 1800 evomas
2223 1747 2352 1801 illud
2377 1788 2393 1814 ,
2449 1758 2503 1803 et
2550 1748 2794 1818 perjures
2848 1766 3044 1806 nomen
3091 1751 3184 1807 Dei
3235 1754 3309 1807 tui
3364 1754 3546 1824 (Ρη-ον.

255 1832 325 1886 sti
372 1833 632 1887 terminos
687 1832 804 1902 ejus
848 1848 984 1902 quos
1013 1834 1290 1903 prmterire
1334 1849 1440 1888 non
1481 1835 1679 1903 poterit
1703 1834 1844 1908 (Job.

256 1920 392 1991 xxv).
428 1940 447 1972 ι
499 1923 568 1973 At
595 1935 724 1976 vero
749 1921 915 1976 Israel
947 1922 1080 1986 dies,
1113 1922 1215 1977 hoc
1242 1933 1345 1987 est,
1378 1924 1550 1978 sancti
1596 1925 1720 1989 viri,
1756 1925 1846 1994 qui

257 2021 404 2066 recta
437 2011 538 2066 ﬁde
556 2021 610 2066 et
636 2012 793 2067 bonis
821 2015 1076 2083 operibus
1108 2014 1158 2068 in
1190 2015 1288 2068 hac
1319 2016 1568 2084 praesenti
1601 2016 1708 2070 vita
1745 2016 1849 2071 Do-

254 2101 465 2156 minum
493 2117 707 2172 semper
733 2103 922 2168 coluit,
959 2113 1080 2173 post
1114 2104 1274 2159 ﬁnem
1318 2106 1603 2174 praesentis
1647 2107 1848 2164 laboris

252 2207 386 2261 pura
418 2203 596 2248 mente
631 2211 884 2249 seremun
925 2195 1020 2250 Dei
1069 2196 1276 2251 vultum
1321 2197 1376 2250 in
1417 2198 1627 2253 cmlesti
1680 2214 1846 2270 regno

253 2285 642 2354 perpetualiter
687 2288 1105 2358 contemplatur.
1163 2288 1328 2357 Cujus
1360 2290 1487 2346 boni
1515 2291 1658 2346 sicut
1701 2291 1844 2346 nulla

251 2387 337 2432 cst
366 2378 536 2443 labes,
564 2380 636 2433 ita
665 2387 719 2434 et
747 2380 926 2450 gaudii
955 2380 1137 2435 nullus
1163 2389 1246 2434 est
1276 2380 1420 2436 ﬁnis.

331 2485 349 2516 ε
387 2465 615 2536 Sapiens
638 2467 690 2521 in
729 2469 926 2538 populo
955 2469 1297 2523 htereditabit
1323 2469 1607 2535 honorem,
1659 2477 1713 2524 et
1743 2485 1842 2525 no-

257 2571 276 2605 ι
314 2571 438 2609 men
476 2556 620 2612 illius
645 2558 753 2611 erit
783 2558 972 2613 vivens
999 2559 1053 2612 in
1097 2566 1383 2614 teternum.
1424 2580 1442 2611 ι
1495 2560 1570 2614 Dc
1609 2561 1726 2630 ipso
1759 2577 1846 2615 sa-

249 2647 435 2716 piente
465 2647 551 2700 hic
581 2647 730 2711 dicit,
755 2648 821 2702 de
848 2663 954 2718 quo
980 2657 1036 2702 ct
1060 2649 1310 2718 superius
1339 2649 1430 2719 qui
1453 2649 1662 2720 plebem
1689 2667 1842 2706 suam

249 2735 547 2791 secundum
576 2737 861 2792 veritatem
889 2738 1172 2793 catholica:
1199 2737 1320 2793 ﬁdei
1351 2739 1550 2807 erudit,
1580 2738 1843 2810 cujusque

249 2844 445 2883 sensus
471 2829 679 2884 fructus
707 2830 893 2885 ﬁdeles
935 2832 1124 2902 gignit,
1166 2833 1256 2902 qui
1301 2831 1608 2902 implebitur
1634 2832 1844 2888 caelesti

248 2918 624 2974 benedictione
645 2961 661 2985 ,
693 2929 749 2974 et
772 2921 984 2976 laudem
1018 2933 1382 2992 consequetur
1409 2932 1694 2978 teternam.
1724 2923 1844 2994 Ipse

248 3008 592 3064 Inereditabit
621 3011 672 3064 in
696 3011 914 3081 populo,
950 3013 1078 3082 quia
1111 3014 1165 3066 in
1190 3028 1419 3084 corpore
1444 3014 1696 3070 Ecclesia:
1729 3016 1843 3086 glo-

1953 1833 2105 1906 xxv).
2141 1853 2160 1886 ι
2224 1835 2362 1890 Hinc
2411 1845 2465 1891 et
2500 1837 2700 1892 Paulus
2748 1841 2948 1905 docet,
3001 1859 3017 1890 ι
3052 1857 3156 1894 non
3210 1840 3330 1911 plus
3357 1858 3547 1911 sapere

1952 1941 2115 1996 quam
2137 1936 2351 1996 oportet
2388 1943 2596 1998 sapere,
2652 1931 2745 1984 sed
2770 1945 2962 1998 sapere
2983 1931 3049 1984 ad
3072 1929 3421 1986 sobrietatem
3447 1972 3462 1997 ,
3492 1943 3549 1986 et

1949 2016 2242 2087 unicuique
2288 2018 2430 2073 sicut
2467 2018 2651 2073 divisit
2691 2019 2835 2074 Deus
2873 2036 3181 2075 mensuram
3214 2022 3336 2076 ﬁdei
3370 2022 3542 2094 (Rom.

1951 2106 2073 2178 πυ»
2112 2125 2131 2158 ι

2541 2201 2771 2258 CAPUT
2799 2202 2939 2256 XIII.

2417 2292 2492 2347 De
2513 2294 2712 2347 medico
2746 2294 3077 2349 honorando.

2019 2390 2167 2456 (Car.
2200 2393 2456 2467 xxxvm.)
2505 2415 2523 2447 ι
2558 2396 2772 2452 Honora
2806 2399 3071 2454 medicum
3106 2409 3329 2470 propter
3358 2417 3543 2458 neces-

1949 2499 1973 2535 c
2008 2484 2221 2539 sitatem
2245 2525 2260 2550 ,
2312 2487 2512 2541 etenim
2541 2487 2691 2542 illum
2719 2491 2926 2544 creavit
2971 2491 3303 2546 Altissimus.
3359 2492 3405 2546 Α
3430 2493 3538 2549 Do-

1951 2599 1972 2632 ‹
2005 2579 2153 2634 mino
2181 2581 2324 2635 enim
2369 2591 2452 2636 est
2487 2583 2666 2636 omnis
2697 2584 2901 2638 medela
2924 2625 2940 2649 ,
2984 2592 3040 2638 et
3075 2599 3107 2638 a
3157 2601 3283 2656 rege
3312 2587 3542 2656 accipiet

1951 2688 1970 2721 ι
2003 2671 2370 2726 donationem.
2407 2691 2426 2723 ι
2458 2672 2733 2728 Discretos
2759 2689 2858 2728 nos
2887 2674 3000 2729 vult
3039 2689 3161 2730 esse
3203 2676 3255 2729 in
3283 2677 3429 2730 omni
3459 2693 3540 2738 re,

1945 2779 2047 2820 nec
2071 2764 2270 2834 aliquid
2293 2774 2495 2819 temere
2526 2781 2707 2836 agere,
2755 2767 3010 2836 quoniam
3037 2768 3218 2822 omnia
3248 2782 3413 2838 opera
3445 2768 3540 2823 Dei

1945 2870 2054 2908 non
2093 2855 2266 2910 solum
2315 2856 2476 2920 bona,
2514 2857 2606 2911 sed
2648 2856 2814 2910 etiam
2839 2856 2995 2911 valde
3019 2866 3146 2912 sunt
3192 2858 3351 2912 bona.
3388 2859 3542 2914 Unde

1946 2960 2053 2999 non
2081 2946 2339 3000 debemus
2375 2961 2440 3001 ea
2474 2960 2731 3016 spernere
2751 2986 2765 3010 ,
2819 2961 2938 3016 qua:
2964 2948 3274 3002 noverimus
3295 2949 3362 3002 ad
3392 2950 3572 3004 utili-"

1945 3043 2110 3090 tatem
2143 3044 2384 3092 nostram
2428 3045 2482 3092 et
2511 3038 2798 3092 sanitatem
2841 3046 3143 3094 creatorem
3170 3049 3414 3095 nostrum
3445 3058 3542 3097 ηο-

249 3102 430 3157 riosus
459 3118 683 3159 manens
725 3105 1094 3160 hiereditatem
1127 3121 1374 3176 supernae
1406 3109 1596 3176 patria:
1625 3125 1718 3178 spe
1750 3110 1840 3164 Ia:-

1955 3126 2028 3181 bis
2056 3142 2375 3196 procreasse
2399 3154 2422 3194 ,-
2465 3128 2559 3182 sed
2585 3143 2708 3182 cum
2740 3129 3037 3199 gratiarum
3085 3131 3298 3184 actione
3326 3147 3390 3186 ea
3419 3148 3540 3202 per-

248 3192 523 3247 tabundus
549 3202 844 3263 exspectat.
894 3195 1058 3263 Cujus
1088 3213 1281 3252 nomen
1314 3199 1447 3252 vivit
1472 3199 1524 3253 in
1547 3208 1835 3268 aeternum,

248 3282 505 3348 quoniam
543 3302 561 3333 ι
597 3284 652 3337 in
677 3286 933 3340 memoria
968 3297 1171 3342 aeterna
1199 3288 1303 3342 erit
1333 3287 1536 3356 justus,
1566 3300 1622 3345 et
1643 3307 1839 3348 nomen

247 3367 368 3438 ejus
396 3371 700 3438 requiretur
726 3387 757 3425 a
793 3375 1140 3441 generatione
1169 3376 1220 3429 in
1250 3379 1678 3447 generationem,
1715 3402 1734 3434 ι
1775 3382 1840 3438 de

248 3473 361 3528 quo
385 3459 496 3528 ipsa
527 3461 740 3517 Veritas
773 3464 825 3517 in
873 3464 1164 3537 Evangelio
1197 3466 1384 3524 ﬁdeles
1413 3484 1541 3524 suos
1584 3472 1840 3541 praecepit

247 3551 508 3622 gaudere,
539 3554 796 3623 quoniam
823 3555 926 3610 hoc
950 3558 1271 3626 praesciebat
1301 3558 1404 3612 illis
1435 3576 1685 3630 magnum
1707 3577 1840 3631 prae-

246 3640 421 3693 mium
472 3639 710 3697 futurum
763 3661 902 3700 esse.
959 3665 977 3698 ί
1012 3645 1274 3714 Gaudete,
1326 3648 1519 3718 inquit,
1563 3660 1617 3704 ct
1653 3651 1838 3706 exsul--

250 3738 384 3794 tate,
421 3732 675 3800 quoniam
725 3735 942 3790 nomina
988 3745 1165 3792 vestra
1217 3737 1421 3808 scripta
1450 3747 1577 3793 sunt
1618 3740 1672 3793 in
1700 3740 1839 3794 coelo

247 3819 516 3894 (Luc.xy
559 3843 578 3876 ι

328 3935 347 3965 ι
392 3914 515 3982 Fili,
546 3917 599 3972 in
627 3919 736 3973 vita
769 3928 858 3974 tua
883 3927 1030 3974 tenta
1053 3920 1288 3974 animam
1321 3928 1492 3986 tuam,
1522 3929 1577 3974 et
1604 3920 1650 3975 si
1679 3919 1840 3975 fuerit

251 4023 271 4058 ι
305 4021 560 4077 nequam,
590 4023 698 4064 non
722 4011 816 4066 des
843 4010 918 4064 illi
944 4019 1286 4080 potestatem.
1333 4011 1448 4067 Non
1484 4013 1628 4066 enim
1658 4014 1838 4067 omnia

250 4117 270 4150 ι
307 4099 562 4156 omnibus
583 4103 890 4172 expediunt,
935 4111 991 4158 et
1021 4119 1129 4158 non
1156 4104 1302 4160 omni
1341 4105 1534 4158 animae
1562 4120 1720 4159 omne
1749 4120 1840 4174 ge-

251 4209 270 4242 ‹
309 4204 415 4244 nus
460 4190 656 4260 placet.
697 4211 716 4244 ›
766 4191 1019 4262 Praecipit
1044 4193 1308 4263 sapientia
1334 4194 1539 4249 homini
1589 4203 1648 4248 ut
1682 4203 1840 4250 caute

245 4291 432 4337 servet
460 4283 620 4337 vitam
645 4298 822 4349 suam,
865 4301 934 4340 ne
977 4283 1116 4339 forte
1141 4300 1239 4354 per
1279 4287 1543 4342 incuriam
1588 4287 1643 4340 in
1671 4287 1838 4342 variis

245 4370 536 4426 desideriis
576 4369 800 4438 ditiluat,
856 4380 911 4428 et
961 4373 1015 4427 in
1059 4375 1268 4443 peccati
1317 4382 1549 4430 mortem
1581 4376 1832 4438 decidat;

247 4455 372 4517 ideo
402 4463 533 4517 dicit
559 4472 620 4518 ut
664 4472 836 4519 tentet
872 4465 1106 4519 animam
1139 4481 1312 4529 suam,
1362 4467 1465 4521 hoc
1493 4475 1607 4532 est,
1649 4467 1843 4536 probet
1865 4466 1918 4525 D

245 4554 447 4608 anima:
481 4569 592 4609 sua:
636 4555 992 4623 voluntatem,
1046 4564 1100 4612 et
1149 4557 1194 4612 si
1221 4555 1385 4611 fuerit
1416 4571 1694 4628 perversa,
1730 4572 1838 4611 non

247 4643 456 4697 tribuat
485 4643 560 4698 illi
587 4652 911 4714 potestatem
937 4645 1254 4716 perﬁciendi
1273 4661 1414 4713 eam,
1445 4648 1572 4716 quia
1601 4662 1708 4703 non
1725 4662 1842 4702 om-

243 4736 341 4790 nia
375 4737 626 4792 omnibus
665 4739 999 4809 expediunt,
1045 4746 1101 4794 et
1144 4753 1251 4793 non
1283 4739 1430 4794 omni
1459 4739 1653 4794 animae
1681 4754 1843 4794 omne

243 4840 422 4896 genus
455 4827 747 4883 voluntatis
777 4829 862 4882 vel
902 4827 1134 4884 actionis
1160 4828 1292 4884 utile
1321 4836 1422 4885 est.
1454 4828 1687 4885 Proinde
1709 4845 1840 4900 apo-

243 4915 424 4971 stolus
474 4916 672 4971 Paulus
712 4927 772 4970 ut
818 4932 919 4972 nos
969 4917 1219 4973 redderet
1259 4926 1470 4985 cautos,
1517 4919 1736 4990 scripsit
1762 4919 1844 4974 di-

240 5023 423 5063 cens:
463 5026 482 5059 (
517 5005 751 5063 Probate
799 5008 1024 5078 spiritus
1065 5010 1113 5064 si
1142 5026 1208 5064 ex
1252 5009 1364 5065 Deo
1404 5019 1530 5064 sunt
1580 5009 1629 5081 (1
1679 5008 1839 5063 Joan.

243 5099 348 5171 ιν).
387 5120 407 5151 ι
455 5099 524 5154 Et
555 5101 722 5156 item:
781 5121 799 5153 ι
833 5101 1028 5158 Omnia
1072 5110 1253 5158 autem
1282 5104 1531 5174 probate,
1577 5105 1722 5174 quod
1748 5105 1843 5159 bo-

242 5208 384 5247 num
411 5200 495 5247 est
525 5201 734 5259 tenete,
785 5195 933 5249 etab
967 5195 1114 5250 omni
1168 5196 1346 5265 specie
1391 5196 1531 5252 mala
1577 5198 1844 5254 abstinete

246 5299 349 5338 vos
377 5281 428 5354 (I
457 5281 636 5338 Thess.
690 5284 765 5355 γ).
801 5303 819 5336 ι
873 5285 940 5338 Et
964 5285 1087 5340 alibi
1121 5303 1134 5338 :
1181 5305 1199 5337 ι
1227 5286 1418 5342 Omnia
1468 5288 1599 5343 mihi
1650 5289 1836 5356 licent,

245 5375 346 5431 sed
378 5391 486 5430 non
514 5378 694 5431 omnia
740 5379 1052 5448 expediunt.
1114 5378 1306 5435 Omnia
1356 5381 1488 5435 mihi
1532 5381 1712 5447 licent,
1745 5383 1838 5437 sed

243 5482 353 5539 ego
379 5468 481 5523 sub
505 5468 702 5526 nullius
732 5472 946 5542 redigar
967 5481 1289 5542 potestatem
1322 5473 1372 5545 (Ι
1396 5474 1517 5528 Cor.
1551 5491 1628 5540 vr,
1653 5475 1730 5545 Σ).
1766 5495 1785 5528 ι

326 5577 349 5610 ι
379 5558 500 5615 Noli
547 5563 735 5618 avidus
772 5579 892 5620 esse
931 5565 986 5619 in
1024 5566 1170 5620 omni
1200 5565 1524 5635 epulatione,
1574 5575 1630 5622 et
1654 5583 1760 5623 non
1790 5576 1844 5624 te

249 5669 275 5707 ς
317 5650 568 5710 eﬂ‘undas
593 5670 755 5725 super
774 5672 988 5713 omnem
1011 5673 1213 5713 escam.
1243 5657 1301 5713 in
1326 5657 1507 5714 multis
1535 5658 1680 5715 enim
1704 5659 1844 5716 escis

1943 3216 2151 3286 cipere,
2197 3225 2251 3270 et
2287 3217 2355 3270 ad
2385 3231 2515 3271 usus
2545 3225 2763 3272 nostros
2793 3228 3130 3273 convertere.
3179 3217 3316 3273 Sunt
3344 3235 3537 3290 corpo-

1945 3307 2089 3363 rales
2130 3308 2347 3373 medici,
2401 3316 2527 3362 sunt
2550 3316 2606 3362 ct
2634 3307 2948 3378 spiritales;
2999 3308 3095 3364 sed
3124 3309 3265 3363 sicut
3290 3324 3542 3379 corpora-

1943 3396 2024 3452 les
2051 3412 2148 3467 per
2177 3397 2470 3452 herbarum
2497 3398 2822 3453 medicinam
2849 3408 3044 3453 curant
3071 3414 3357 3468 corporum
3382 3401 3538 3470 aegri-

1947 3486 2178 3551 tudines,
2212 3486 2286 3540 ita
2315 3495 2368 3541 et
2395 3487 2670 3557 spiritales
2694 3504 2794 3558 per
2818 3487 3122 3542 divinorum
3149 3499 3538 3560 praceptorum

1944 3576 2209 3632 medelam
2231 3585 2425 3631 sanant
2441 3577 2745 3631 animarum
2769 3577 3135 3632 inﬁrmitates.
3165 3577 3392 3648 Utrique
3410 3594 3541 3649 ergo

1943 3670 2297 3726 cumhonore
2324 3669 2553 3724 habendi
2593 3677 2736 3734 sunt,
2790 3669 2885 3724 sed
2916 3668 3186 3739 spiritales
3229 3685 3294 3725 eo
3321 3668 3540 3738 majoris

1942 3759 2261 3813 reverentia:
2291 3769 2415 3813 sunt
2460 3757 2779 3827 prml‘erendi
2807 3797 2821 3822 ,
2857 3773 2964 3826 quo
2996 3773 3187 3812 eorum
3229 3773 3394 3827 opera
3425 3775 3540 3813 ma-

1943 3852 2026 3923 gis
2050 3851 2304 3906 diuturna
2328 3859 2384 3906 et
2410 3852 2586 3922 magis
2608 3850 2845 3905 salubria
2875 3858 3089 3904 constat
3125 3851 3376 3905 inveniri.

2019 3961 2036 3991 ι
2075 3940 2367 4010 Disciplina
2398 3940 2590 3995 medici
2617 3939 2882 3994 exaltabit
2907 3947 3071 4008 caput
3096 3937 3230 4006 ejus,
3254 3949 3309 3994 et
3337 3941 3391 3994 in
3419 3957 3543 3996 con-

1947 4049 1966 4083 t
2004 4040 2191 4101 spectu
2223 4039 2606 4100 magnatorum
2628 4029 3044 4085 collaudabitur.
3069 4049 3085 4081 ι
3109 4029 3400 4100 Disciplina
3431 4046 3542 4086 me-

1941 4123 2046 4178 dici
2091 4121 2348 4194 spiritalis
2389 4121 2563 4191 pariet
2591 4122 2794 4176 anima:
2838 4135 2949 4176 sua:
2989 4121 3214 4192 gloriam
3257 4122 3542 4190 sempiter-

1940 4229 2098 4280 nam,
2165 4220 2220 4267 et
2277 4213 2332 4266 in
2378 4220 2669 4281 conspectu
2735 4220 3046 4268 sanctorum
3101 4209 3414 4282 angelorum
3475 4227 3542 4265 ac

1941 4312 2250 4357 Sanctarum
2300 4301 2606 4356 animarum
2654 4317 2867 4360 merces
2920 4301 2999 4356 illi
3043 4301 3169 4378 vitae
3220 4300 3537 4357 conferetur

1941 4401 2179 4448 aeternae.

2019 4501 2039 4534 ‹
2071 4482 2380 4538 Altissimus
2407 4483 2615 4538 creavit
2642 4483 2708 4539 de
2742 4491 2888 4539 terra
2939 4483 3266 4540 medicinam
3294 4526 3308 4550 ,
3363 4495 3418 4540 et
3459 4485 3542 4539 vir

1949 4589 1968 4622 ‹
2009 4571 2244 4640 prudens
2272 4587 2376 4624 non
2410 4571 2726 4626 abhorrebit
2757 4571 2922 4625 illam.
2965 4591 2983 4624 ›
3018 4573 3094 4628 De
3122 4572 3352 4626 terrenis
3377 4572 3540 4628 rebus

1944 4660 2178 4731 providit
2227 4659 2368 4714 Deus
2413 4658 2818 4716 inﬁrmitatibus
2845 4661 3094 4715 humanis
3129 4661 3346 4727 solatia,
3397 4662 3540 4717 unde

1946 4766 2076 4806 sane
2104 4751 2226 4820 quis
2247 4752 2462 4820 sapiens
2491 4751 2655 4806 audet
2681 4761 3030 4807 contemnere
3059 4761 3114 4807 et
3165 4753 3445 4824 despicere
3475 4753 3541 4807 il-

1947 4838 2096 4893 lam?
2137 4838 2255 4894 Non
2285 4849 2369 4894 est
2389 4840 2534 4894 enim
2565 4841 3040 4907 contemnendum,
3070 4843 3212 4911 quod
3239 4859 3268 4896 a
3293 4851 3540 4899 creatore

1947 4931 2187 4985 omnium
2235 4941 2434 4987 nostrae
2459 4930 2765 4986 inﬁrmitati
2797 4933 3222 4992 misericorditer
3246 4944 3327 4991 est
3362 4937 3540 5008 prola-

1950 5029 2080 5075 tum.

2025 5129 2043 5163 ‹
2085 5111 2273 5168 Nonne
2324 5129 2354 5167 a
2406 5113 2553 5185 ligno
2590 5114 2863 5170 indulcata
2894 5124 2979 5171 est
3034 5132 3220 5173 amara
3258 5134 3420 5190 aqua,
3471 5122 3538 5176 ad

1953 5222 1973 5255 ‹
2009 5197 2337 5274 agnitionem
2367 5205 2645 5261 hominum
2688 5207 2863 5263 virtus
2898 5207 3148 5276 illorum,
3179 5219 3234 5266 et
3270 5212 3416 5267 dedit
3442 5212 3538 5265 ho-

1942 5315 1961 5347 ι
2001 5295 2133 5350 mini
2177 5297 2462 5352 scientiam
2511 5298 2841 5365 Altissimus,
2875 5299 3131 5357 honorari
3169 5303 3226 5356 in
3279 5303 3537 5356 mirabih-

1977 5399 1996 5432 ι
2039 5384 2140 5436 bus
2190 5383 2325 5446 suis,
2353 5389 2407 5434 et
2437 5383 2488 5434 in
2517 5381 2604 5435 his
2643 5396 2841 5435 curans
2891 5382 3155 5451 ntitigabit
3201 5381 3465 5436 dolorem.
3506 5399 3526 5432 ο

1970 5475 2184 5531 Veteris
2227 5474 2540 5534 recordatur
2575 5466 2813 5528 hiswrite
2845 5476 3038 5542 (Exod.
3091 5474 3249 5539 xvn),
3284 5474 3370 5526 ubi
3434 5472 3531 5528 ﬁlii

1942 5564 2110 5623 Israel
2143 5569 2482 5625 ambulantes
2527 5586 2624 5640 per
2645 5569 2920 5625 desertum
2953 5569 3079 5633 Sur,
3131 5567 3308 5623 tribus
3343 5569 3532 5625 diebus

1946 5677 2055 5718 non
2084 5662 2429 5720 inveniebant
2460 5678 2678 5734 aquam.
2728 5661 2968 5717 Tandem
3015 5675 3145 5732 ergo
3167 5659 3445 5718 venientes
3473 5659 3530 5714 in
