3926 6168
395 278 525 332 1051
1031 268 1090 321 Β.
1136 262 1385 319 RABANI
1426 262 1645 317 MAURI
1682 254 1981 315 ARCHIEP

2096 258 2353 315 UGUNT.
2396 255 2681 313 OPERL‘M
2717 258 2897 313 PARS
2935 262 2973 313 ι.
3535 262 3674 316 i032

387 386 559 450 Μαι-τι,
588 398 694 439 non
725 382 910 436 bibere
954 387 1206 448 poterant
1229 392 1398 447 aquas
1432 378 1500 432 de
1526 376 1693 443 Mara,
1743 392 1810 431 eo
1831 375 1975 446 quod
2001 380 2051 440 Α
2078 377 2427 444 desperemus
2456 377 2835 449 nosmetipsos,
2864 377 2989 446 quia
3018 379 3327 447 desperatio
3347 376 3539 449 aﬂligit
3564 381 3681 433 ani-

386 486 571 535 essent
595 488 792 530 amara:
816 489 828 536 ;
876 473 970 526 sed
998 470 1235 525 ostendit
1258 472 1517 526 Dominus
1543 472 1745 542 lignum
1777 470 1977 543 Moysi:

391 567 535 639 quod
582 580 704 619 cum
752 562 987 616 misisset
1037 561 1091 614 in
1120 576 1306 629 aquas,
1361 562 1415 615 in
1446 561 1783 616 dulcedinem
1811 575 1983 615 versae

391 666 536 712 sunt.
596 654 692 709 Uld
719 652 873 720 juxta
904 651 1183 706 historiam
1239 653 1607 705 demonstrata
1635 660 1717 706 est
1740 652 1982 721 potentia

391 746 621 810 Domini,
671 742 974 797 medieabili
1008 752 1123 795 arte
1159 757 1255 810 per
1291 742 1495 812 lignum
1526 742 1579 796 in
1609 757 1778 811 aquas
1800 741 1984 796 dulca-

391 850 492 894 tas.
526 836 690 904 Cujus
714 834 841 889 facti
866 834 1181 905 mysterium
1207 834 1261 887 in
1282 842 1531 904 promptu
1556 843 1658 888 est.
1685 833 1985 887 Murmurat

391 946 523 1001 ergo
547 927 778 998 populus
800 927 989 981 videns
1015 941 1204 995 aquas,
1232 934 1286 979 et
1320 935 1509 995 potare
1537 941 1641 979 non
1688 926 1981 981 sustinens.

395 1021 557 1074 Mittit
582 1021 783 1091 lignum
809 1018 1021 1089 Moyses
1042 1020 1095 1071 in
1118 1033 1307 1088 aquas,
1348 1026 1403 1071 et
1431 1017 1589 1072 factae
1616 1024 1743 1071 sunt
1779 1015 1981 1070 dulces.

392 1111 630 1183 lntellige
651 1128 866 1168 amaras
887 1128 1058 1181 aquas
1082 1112 1378 1167 occidentis
1404 1112 1615 1177 litterae,
1646 1120 1701 1165 et
1731 1111 1863 1181 legis
1890 1110 1987 1163 ha-

392 1203 518 1257 bere
551 1202 777 1273 ﬁguram
803 1219 818 1266 ;
856 1203 1053 1271 quibus
1074 1202 1118 1257 si
1148 1203 1461 1256 immittitur
1485 1201 1755 1257 confessio
1785 1201 1983 1266 crucis,

392 1302 445 1345 ct
474 1292 743 1362 passionis
782 1292 1072 1347 Dominica:
1113 1302 1514 1349 sacramentum
1541 1293 1806 1364 jungitur,
1860 1300 1989 1346 tunc

394 1384 622 1438 eﬁicitur
644 1399 784 1454 aqua
811 1399 997 1437 amara
1022 1384 1225 1450 suavis,
1253 1394 1307 1438 et
1331 1384 1634 1438 amaritudo
1660 1382 1853 1437 littera:
1866 1397 1988 1437 ver-

393 1475 524 1527 titur
548 1475 600 1527 in
631 1472 969 1528 dulcedinem
1008 1474 1373 1545 intelligentia:
1418 1473 1699 1543 spiritalis.
1747 1472 1901 1527 Unde
1929 1481 1985 1527 et

392 1566 653 1634 scriptum
695 1573 818 1619 est:
875 1584 893 1615 ι
931 1565 1223 1621 Constituit
1262 1566 1525 1619 Dominus
1566 1566 1741 1635 legem
1789 1563 1987 1634 p0pulo

392 1673 490 1713 suo
519 1658 809 1727 etjudicia,
847 1666 902 1711 et
929 1659 1156 1712 tentavit
1182 1673 1325 1712 eum.
1358 1678 1375 1709 ι
1418 1656 1535 1710 Alio
1559 1672 1772 1727 quoque
1801 1671 1982 1720 sensu,

2085 482 2252 532 mam,
2280 476 2335 521 et
2364 477 2592 521 mortem
2638 466 2711 521 illi
2736 466 2878 535 parit
2905 466 3311 521 certissimam:
3368 467 3465 522 sed
3511 468 3681 540 ngis

2086 570 2305 611 oremus
2334 555 2525 620 Deum,
2564 564 2617 610 et
2656 556 2759 625 ipsi
2801 571 2989 610 curam
3016 558 3465 613 commendemus
3494 558 3683 614 salutis

2088 656 2303 711 nostris,
2331 647 2422 716 qui
2450 646 2696 703 Salvator
2720 656 2804 702 est
2832 647 3076 701 omnium
3106 649 3413 715 hominum,
3446 651 3685 705 maxime

2088 747 2267 793 autem
2307 737 2545 792 ﬁdelium
2575 736 2628 805 (I
2656 736 2790 790 Tim.
2822 734 2917 808 tv).
2952 737 3027 793 De
3068 754 3177 807 quo
3199 737 3438 795 Jacobus
3461 751 3683 809 aposto-

2088 827 2173 883 lus
2202 842 2301 882 nos
2341 828 2575 891 instruit,
2607 827 2794 883 dicens
2822 846 2833 883 :
2869 848 2889 879 ι
2926 828 3235 885 lnﬁrmatur
3262 831 3459 901 aliquis
3509 833 3565 887 in
3598 848 3684 887 vo-

2088 920 2203 984 bis,
2253 918 2472 973 inducat
2513 920 2858 989 prcsbyteros
2900 921 3180 986 Ecclesiae,
3218 932 3274 976 et
3321 931 3485 977 orent
3527 940 3687 994 super

2089 1026 2233 1073 eum,
2262 1019 2522 1080 tingentes
2561 1026 2683 1063 eum
2712 1011 2835 1066 oleo
2867 1011 2920 1066 in
2958 1014 3179 1067 nomine
3199 1014 3438 1079 Domini,
3476 1022 3535 1070 et
3560 1031 3683 1069 ora-

2090 1098 2168 1153 tio
2194 1099 2318 1152 ﬁdei
2366 1098 2596 1154 salvabit
2632 1099 2927 1165 inﬁrmum,
2976 1112 3032 1157 et
3054 1102 3305 1158 allevabit
3346 1119 3473 1158 eum
3502 1104 3685 1161 Domi-

2089 1206 2212 1256 nus,
2244 1198 2298 1245 et
2326 1189 2372 1245 si
2402 1191 2456 1244 in
2486 1191 2724 1260 peccatis
2751 1192 2824 1245 sit
2852 1192 3197 1247 dimittantur
3223 1194 3272 1247 ei
3316 1192 3530 1264 (Iacob.
3557 1194 3633 1265 v).
3661 1214 3678 1246 ι

2093 1281 2199 1337 Sed
2224 1281 2327 1336 hoc
2353 1289 2481 1336 tunc
2525 1280 2686 1351 digne
2722 1282 2803 1346 fit,
2855 1282 2898 1336 si
2924 1284 3226 1338 avertimus
3271 1284 3460 1340 oculos
3494 1287 3687 1341 mentis

2090 1380 2292 1427 nostra:
2312 1372 2380 1424 ab
2401 1371 2549 1426 omni
2577 1371 2740 1435 malo,
2768 1381 2823 1425 et
2862 1372 3146 1442 dirigimus
3171 1388 3364 1428 manus
3393 1383 3609 1429 nostras
3632 1376 3684 1431 in

2089 1464 2228 1518 bona
2258 1448 2591 1532 Operatione,
2642 1472 2696 1517 et
2744 1465 3066 1519 mundamus
3094 1466 3455 1536 cogitationes
3510 1469 3686 1523 cordis

2092 1554 2265 1608 nostri
2296 1552 2365 1607 ab
2389 1555 2533 1623 omni
2557 1554 2679 1609 dolo
2708 1563 2762 1609 et
2807 1555 3049 1624 nequitia
3078 1574 3091 1610 :
3141 1557 3220 1613 sic
3248 1558 3394 1612 enim
3419 1573 3687 1613 meremur

2091 1644 2333 1699 exaudiri
2361 1660 2391 1698 a
2418 1644 2667 1710 Domino,
2717 1654 2772 1700 et
2819 1647 3249 1703 misericordiam
3279 1648 3397 1717 ejus
3437 1650 3683 1719 adipisci.

391 1749 532 1818 quod
556 1765 707 1817 aqua:
737 1763 933 1801 amarae
969 1749 1112 1817 ligno
1147 1749 1199 1800 in
1252 1762 1310 1801 se
1363 1755 1614 1815 suscepto
1650 1745 1983 1808 dulcescunt,
2016 1743 2064 1802 Β
2091 1733 2321 1787 Additur
2365 1743 2627 1804 prieterea
2679 1736 2934 1791 salutaris
2979 1739 3233 1795 sacriﬁcii
3278 1740 3486 1795 oblatio
3513 1782 3528 1804 ,
3575 1758 3688 1812 qut:

394 1839 592 1893 indicio
623 1851 739 1893 erat
789 1840 1205 1893 amaritudinem
1242 1840 1482 1907 gentium
1512 1853 1608 1907 per
1636 1838 1990 1907 lignumcru-

397 1930 476 1984 cis
502 1930 701 1984 Christi
732 1931 784 1983 in
810 1945 965 1983 usum
1009 1929 1309 1983 dulcedinis
1348 1928 1673 1997 quandoque
1713 1942 1835 1981 esse
1863 1941 1986 1980 ver-

396 2019 631 2071 tendam.
666 2017 747 2071 Ad
771 2018 874 2071 hoc
900 2031 1028 2087 ergo
1052 2016 1360 2070 Altissimus
1388 2016 1531 2069 dedit
1576 2014 1780 2070 homini
1813 2013 1988 2068 scien-

394 2109 523 2162 tiam
564 2110 617 2163 in
646 2109 805 2162 rebus
836 2124 865 2161 a
889 2123 947 2163 se
976 2108 1296 2162 mirabiliter
1320 2109 1520 2162 creatis
1541 2148 1555 2172 ,
1586 2116 1645 2161 ut
1674 2120 1863 2161 eorum
1888 2121 1988 2159 usu

393 2199 494 2253 sibi
526 2198 870 2268 profectuose
900 2213 1158 2252 concesso
1205 2199 1270 2252 ad
1298 2197 1672 2252 honorandum
1702 2204 1759 2251 et
1780 2194 1986 2267 gloriﬁ-

394 2290 624 2343 candum
646 2289 895 2358 opilicem
923 2303 1078 2341 suum
1107 2288 1488 2342 incitarentur.

471 2400 488 2430 ι
525 2378 592 2432 Ει
613 2379 1003 2448 unguentarius
1052 2376 1214 2431 faciet
1240 2377 1575 2447 pigmentum
1600 2374 1906 2440 suavitatis,
1936 2383 1993 2428 et

402 2490 420 2522 ι
460 2471 765 2525 unctionem
801 2470 1052 2523 conficiet
1077 2469 1346 2534 sanitatis,
1400 2478 1454 2522 et
1493 2484 1600 2522 non
1645 2481 1990 2521 consumma-

400 2584 418 2613 ι
457 2564 658 2618 buntur
695 2577 861 2631 opera
903 2562 1041 2630 ejus.
1096 2561 1210 2615 Pax
1256 2562 1400 2615 enim
1451 2561 1544 2615 Dei
1592 2575 1754 2630 super
1797 2559 1991 2614 faciem

401 2673 421 2704 ι
460 2663 637 2708 terrae.
675 2673 693 2706 ι
728 2653 949 2707 Diverso
971 2652 1113 2706 enim
1141 2651 1299 2706 modo
1326 2652 1518 2705 medici
1546 2660 1664 2705 arte
1713 2666 1812 2705 sua
1863 2664 1992 2704 con-

399 2757 482 2802 tra
508 2745 852 2800 inﬁrmitates
874 2745 1115 2799 diversas
1145 2752 1389 2809 utuntur,
1419 2745 1521 2798 hoc
1544 2752 1647 2809 est,
1672 2743 1727 2797 in
1756 2742 1911 2807 cibis,
1935 2741 1991 2795 in

396 2837 629 2906 potihus,
685 2836 740 2890 in
796 2835 1124 2905 emplastris,
1166 2842 1328 2903 atque
1376 2833 1700 2903 unguentis:
1739 2842 1798 2886 ut
1837 2830 1992 2899 juxta

397 2930 712 3001 qualitatem
740 2928 1054 2984 morborum
1082 2928 1219 2982 artis
1269 2942 1380 2981 sum
1402 2924 1815 2981 accommodent
1861 2939 1993 2979 con-

399 3038 592 3094 gruum
621 3022 1077 3076 medicamentum
1099 3061 1113 3086 ,
1151 3019 1296 3088 quod
1342 3017 1552 3072 scilicet
1580 3015 1854 3086 spiritales
1882 3030 1994 3069 me—

2093 1826 2330 1880 maxime
2353 1824 2575 1893 adjuvat
2605 1826 2976 1882 inﬁrmitatem
3007 1828 3315 1883 animarum
3352 1840 3687 1897 nostrarum,

2092 1918 2137 1971 si
2167 1932 2233 1971 ex
2270 1933 2404 1988 pura
2444 1926 2625 1972 mente
2663 1917 2945 1985 offeratur,
2990 1920 3133 1975 sicut
3159 1936 3393 1991 sequens
3421 1924 3689 1978 sententia

2090 2010 2304 2078 probat.

2169 2122 2189 2153 ‹
2224 2102 2301 2156 Da
2328 2103 2649 2156 suavitatem
2681 2110 2736 2157 et
2764 2105 3079 2158 memoriam
3110 2104 3455 2177 similaginis,
3505 2114 3559 2160 et
3587 2105 3686 2159 im-

2098 2211 2116 2243 ι
2156 2193 2354 2263 pingua
2382 2194 2734 2258 oblationem,
2781 2203 2837 2251 et
2879 2195 2944 2250 da
2978 2195 3158 2251 locum
3204 2197 3441 2261 medico,
3490 2197 3686 2252 etenim

2098 2280 2116 2338 ἁ
2157 2286 2306 2341 illum
2336 2287 2595 2342 Dominus
2618 2289 2864 2343 creavit:
2901 2296 2957 2343 et
2986 2304 3092 2343 non
3118 2288 3363 2344 discedat
3402 2305 3434 2344 a
3457 2299 3532 2355 te,
3565 2289 3688 2360 quia

2100 2399 2117 2432 ι
2155 2395 2322 2451 opera
2352 2381 2469 2451 ejus
2504 2391 2630 2436 sunt
2669 2383 2997 2437 necessaria.
3040 2402 3060 2435 ι
3096 2381 3262 2438 Panis
3307 2398 3441 2453 ergo
3477 2392 3539 2439 et
3583 2383 3689 2437 vini

2094 2471 2421 2527 sacriﬁcium
2453 2472 2508 2526 in
2536 2472 2853 2527 memoriam
2906 2473 3203 2529 Dominicaa
3242 2475 3521 2544 passionis
3544 2476 3694 2531 obla-

2095 2571 2208 2616 tum
2234 2563 2505 2632 praecipue
2532 2563 2837 2619 animarum
2875 2565 3099 2619 vulnera
3128 2574 3302 2629 curat,
3335 2581 3462 2620 cum
3491 2582 3593 2637 per
3612 2582 3695 2621 sa-

2102 2652 2339 2707 cerdotis
2369 2653 2729 2708 ministerium
2762 2656 2814 2710 in
2846 2655 3017 2711 altare
3040 2652 3198 2711 simul
3220 2673 3344 2712 cum
3372 2658 3553 2713 sacris
3572 2674 3694 2713 ora-

2096 2744 2333 2800 tionibus
2361 2746 2470 2800 Deo
2507 2744 2750 2800 offertur.
2805 2747 2961 2803 Unde
3002 2748 3143 2803 sicut
3168 2748 3361 2805 beatus
3395 2748 3691 2820 Gregorius

2095 2834 2149 2887 in
2178 2832 2334 2889 libris
2373 2834 2718 2907 Dialogorum
2766 2837 2884 2891 ait:
2932 2857 2951 2889 ‹
2986 2836 3044 2892 Si
3091 2838 3261 2907 culpae
3307 2849 3432 2910 post
3460 2848 3691 2895 mortem

2097 2924 2408 2981 insolubiles
2432 2942 2539 2982 non
2566 2936 2708 2989 sunt,
2739 2927 2969 2983 multum
2990 2928 3126 2982 solet
3148 2930 3356 2984 animas
3377 2932 3546 2985 etiam
3573 2941 3694 3001 post

2097 3028 2329 3073 mortem
2360 3033 2514 3074 sacra
2557 3019 2761 3075 oblatio
2801 3020 2992 3076 hostia:
3018 3020 3271 3077 salutaris
3300 3020 3579 3090 adjuvare.
3612 3024 3690 3078 lta

396 3100 503 3169 dici
532 3113 826 3169 secundum
857 3113 992 3167 artis
1028 3127 1140 3166 sua:
1180 3111 1432 3180 peritiam
1480 3110 1548 3164 ad
1579 3110 1808 3165 salutem
1844 3107 1988 3162 salu-
2020 3077 2067 3141 α
2098 3119 2155 3163 ιιι
2183 3124 2570 3180 nonnunquam
2620 3110 2751 3180 ipsae
2796 3109 3174 3165 defunctorum
3212 3113 3408 3167 animat
3456 3114 3561 3168 hoc
3615 3115 3691 3168 vi-

402 3204 570 3258 hriter
612 3202 791 3257 facere
836 3203 1011 3257 solent
1058 3202 1406 3255 animarum:
1453 3200 1711 3255 exhibent
1752 3198 1989 3255 fomenta

398 3294 798 3353 doctrinarum,
853 3300 1127 3360 unguenta
1161 3290 1633 3353 adhortationum,
1678 3297 1840 3357 atque
1874 3303 1989 3342 ma-

399 3384 575 3454 lagma
620 3382 851 3439 assiduae
895 3382 1175 3436 orationis.
1232 3380 1578 3435 Medieabiles
1622 3379 1787 3434 etiam
1834 3389 1992 3448 potus

399 3481 561 3542 atque
590 3472 740 3527 cibos
787 3472 1092 3526 divinarum
1124 3470 1531 3541 Scripturarum
1560 3469 1763 3524 faciunt
1803 3470 1988 3533 etiam,

400 3563 491 3618 ubi
520 3577 753 3618 necesse
778 3572 881 3627 est,
918 3562 1255 3618 exustiouem
1294 3560 1875 3616 exeommunieationis
1906 3558 1988 3614 vel

399 3654 676 3710 ineisionis
710 3654 1006 3724 virgarum,
1056 3664 1114 3708 ut
1145 3658 1360 3724 q'uoquo
1405 3655 1565 3709 modo
1594 3652 1842 3723 possint,
1890 3654 1990 3709 ho-

399 3746 600 3801 minem
641 3745 710 3800 ab
735 3746 1054 3817 aegritudine
1072 3747 1327 3801 vitiorum
1360 3748 1658 3817 perducant
1692 3747 1760 3801 ad
1782 3747 1988 3801 sanita-

400 3843 507 3889 tem
531 3835 795 3889 bonarum
820 3834 1102 3889 virtutum.
1156 3836 1305 3903 Quod
1337 3845 1519 3891 autem
1543 3836 1691 3902 dicit,
1726 3852 1836 3893 non
1863 3851 1989 3891 con-

399 3928 660 3983 summari
684 3942 848 3998 Opera
879 3928 1014 3998 ejus,
1055 3928 1321 3999 signiﬁcat
1360 3929 1503 3997 quod
1527 3943 1699 3997 usque
1730 3928 1795 3981 ad
1825 3926 1990 3983 ﬁnem

399 4019 584 4074 mundi
611 4012 772 4075 verus
793 4022 1032 4075 medicus
1060 4031 1243 4075 noster
1268 4037 1372 4076 non
1397 4030 1574 4077 cessat
1598 4035 1695 4089 per
1717 4021 1991 4075 ministros

400 4127 530 4167 suos
560 4112 800 4183 quotidie
828 4114 1091 4167 sanitates
1121 4114 1174 4167 in
1205 4113 1443 4169 Ecclesia
1472 4127 1569 4168 sua
1596 4112 1842 4181 operari,
1894 4113 1992 4167 do-

398 4217 498 4259 nec
551 4203 606 4257 in
652 4211 901 4259 extremo
938 4204 1189 4257 examine
1236 4217 1333 4271 per
1374 4201 1490 4270 ejus
1544 4202 1775 4272 gratiam
1822 4210 1989 4257 totum

310 4306 319 4319 ·
396 4292 542 4361 quod
568 4292 796 4346 mortale
842 4300 924 4346 εει
972 4292 1329 4347 absorbeatur
1377 4308 1405 4345 a
1438 4293 1581 4356 vita,
1631 4300 1688 4347 et
1738 4301 1865 4347 tunc
1900 4293 1992 4347 ﬁet

398 4384 541 4453 quod
571 4383 817 4453 sequitur
843 4401 855 4436 :
899 4403 917 4435 ι
952 4383 1064 4437 Pax
1094 4384 1305 4439 Domini
1333 4399 1495 4453 super
1516 4382 1709 4439 faciem
1753 4395 1933 4450 terrae,
1964 4404 1983 4437 ι

396 4475 613 4543 quando
641 4474 925 4543 absumpta
970 4482 1147 4530 morte
1182 4474 1235 4528 in
1265 4476 1494 4530 victoria
1523 4486 1808 4547 resurgent
1846 4488 1991 4531 mor-

399 4565 474 4617 tui
504 4564 822 4633 incorrupti,
881 4572 936 4618 et
962 4565 1360 4619 transferentur
1385 4564 1452 4618 ad
1482 4565 1859 4635 possidendam
1889 4581 1986 4635 pa-

399 4655 559 4707 triam
589 4655 825 4709 cmlestis
847 4655 1030 4725 regni;
1054 4655 1147 4709 sed
1174 4656 1297 4723 quia
1325 4657 1563 4721 interim,
1588 4672 1867 4727 quousque
1888 4659 1991 4711 hoc

400 4745 509 4810 ﬁat,
564 4746 795 4801 orationi
828 4761 1043 4814 semper
1082 4746 1432 4801 insistendum
1465 4754 1567 4813 est,
1621 4755 1676 4801 et
1722 4762 1820 4816 pro
1866 4748 1988 4802 vitae

397 4844 542 4890 statu
591 4852 803 4905 semper
842 4838 1126 4891 Dominum
1182 4837 1626 4907 deprecandum,
1675 4853 1705 4891 a
1752 4839 1988 4907 peccatis

396 4942 613 4996 quoque
642 4928 1044 4993 declinandum,
1093 4939 1148 4983 et
1174 4930 1225 4983 in
1254 4930 1408 4985 bonis
1460 4930 1715 5000 operibus
1735 4945 1833 4999 pro
1860 4930 1992 4984 viri-

399 5016 503 5068 hus
531 5016 897 5070 desudandum
920 5020 1153 5072 ostendit
1183 5034 1415 5088 sequens
1438 5020 1703 5075 sententia
1719 5061 1734 5077 .

1000 5129 1227 5186 CAPUT
1263 5130 1399 5185 XIV.

403 5216 480 5270 De
506 5217 705 5269 orando
735 5215 844 5300 Deo
888 5215 1044 5300 Patre
1074 5221 1126 5272 in
1160 5231 1387 5300 tempore
1426 5223 1771 5300 inﬁrmitatis,
1799 5233 1846 5278 et
1875 5235 1987 5278 leu-

805 5293 1016 5341 tatiom's
1049 5300 1096 5343 et
1128 5293 1579 5361 concupiscentiae.

476 5397 495 5428 ‹
532 5377 653 5445 Fili,
699 5379 752 5432 in
798 5388 889 5432 tua
918 5378 1233 5435 inﬁrmitate
1273 5398 1377 5435 non
1431 5383 1698 5454 despicias
1737 5383 1986 5453 teipsum,

408 5489 426 5519 ι
463 5471 555 5523 sed
579 5488 672 5527 ora
705 5471 1014 5537 Dominum,
1051 5482 1105 5527 et
1134 5473 1247 5542 ipse
1271 5474 1480 5529 curabit
1512 5487 1583 5531 te.
1615 5477 1812 5533 Averte
1842 5494 1870 5531 a
1904 5478 1993 5532 de-

409 5579 425 5611 ι
463 5560 587 5617 lieto
621 5572 677 5618 et
705 5565 875 5633 dirige
915 5580 1123 5629 manus,
1183 5575 1236 5619 et
1275 5568 1341 5621 ab
1378 5569 1526 5622 omni
1567 5569 1759 5624 delicto
1790 5570 1987 5624 munda

410 5670 427 5703 ι
465 5668 560 5708 cor
596 5664 763 5711 tuum.
800 5676 818 5708 ι
866 5655 1029 5713 Jubet
1056 5658 1196 5712 enim
1223 5659 1453 5728 primum
1484 5676 1547 5714 ne
1587 5662 1639 5715 in
1676 5662 1985 5719 inﬁrmitate

2094 3201 2323 3255 deantur
2349 3208 2605 3270 expetere
2629 3217 2644 3266 ;
2666 3210 2721 3256 et
2745 3215 2852 3256 non
2889 3201 3059 3255 solum
3081 3200 3373 3266 defunctis,
3400 3204 3495 3257 sed
3522 3205 3688 3256 etiam

2092 3290 2232 3344 vivis
2252 3290 2482 3345 multum
2523 3289 2867 3361 profuturum
2892 3304 3013 3346 esse
3038 3292 3181 3346 idem
3211 3290 3539 3347 sacriﬁcium
3569 3309 3692 3348 cre-

2093 3380 2260 3445 ditur,
2289 3380 2335 3434 si
2361 3378 2520 3451 digne
2548 3379 2825 3435 oﬁ'eratur.
2863 3400 2881 3433 ι
2943 3380 3082 3436 Hinc
3103 3393 3190 3437 est
3216 3383 3359 3451 quod
3383 3383 3692 3439 audivimus

2093 3471 2379 3539 quemdam
2426 3471 2568 3541 apud
2597 3472 2781 3526 hostes
2815 3472 2869 3525 in
2897 3472 3213 3542 captivitate
3255 3474 3516 3543 positum,
3547 3484 3602 3527 et
3638 3476 3691 3529 in

2093 3561 2321 3616 vinculis
2365 3561 2647 3632 religatum
2695 3562 2879 3627 fuisse,
2930 3579 3028 3634 pro
3052 3579 3162 3633 quo
3190 3580 3286 3618 sua
3324 3564 3524 3634 conjux
3569 3568 3691 3621 die-

2092 3653 2193 3709 bus
2223 3655 2387 3709 certis
2410 3655 2737 3711 sacriﬁcium
2768 3655 2965 3712 offerre
2993 3668 3372 3723 consueverat,
3399 3661 3492 3729 qui
3528 3659 3695 3731 longo

2091 3753 2213 3816 post
2244 3753 2484 3815 tempore
2527 3747 2596 3800 ad
2640 3747 2924 3818 conjugem
2955 3764 3227 3813 reversus,
3276 3749 3478 3819 quibus
3499 3750 3695 3805 diebus

2091 3833 2209 3903 ejus
2243 3834 2461 3889 vincula
2489 3836 2830 3891 solverentur
2858 3838 3112 3901 innotuit,
3146 3837 3372 3908 ejusque
3395 3837 3591 3906 conjux
3634 3840 3697 3893 il-

2093 3926 2173 3982 los
2201 3925 2366 3982 fuisse
2397 3928 2533 3992 dies,
2566 3929 2764 3998 quibus
2790 3946 2890 3999 pro
2926 3945 2991 3985 eo
3017 3929 3281 3986 offerebat
3332 3932 3692 3997 sacriﬁcium,

2093 4017 2571 4088 recognovit..lloc
2597 4019 2742 4074 enim
2768 4019 2968 4074 factum
2994 4036 3076 4076 est
3104 4022 3278 4092 gratia
3300 4022 3701 4092 omnipotentis

2094 4108 2231 4175 Dei,
2287 4116 2345 4162 ut
2402 4124 2468 4163 ex
2525 4108 2828 4164 visibilibus
2881 4112 3045 4166 rebus
3097 4111 3353 4167 mortales
3417 4113 3701 4167 discerent

2092 4209 2292 4269 quanta
2320 4200 2577 4270 spiritalis
2607 4200 2786 4255 hostia
2827 4216 2925 4269 pro
2950 4202 3254 4255 animarum
3289 4202 3464 4257 salute
3505 4201 3698 4257 oblata

2094 4293 2436 4348 invisibiliter
2467 4294 2638 4363 possit
2665 4295 2903 4363 operari.

2171 4402 2188 4435 ι
2219 4384 2315 4438 Est
2332 4384 2478 4438 enim
2508 4393 2719 4455 tempus
2741 4386 2957 4455 quando
2980 4387 3036 4440 in
3059 4401 3250 4440 manus
3270 4385 3481 4441 illorum
3507 4387 3705 4441 incur-

2100 4493 2117 4525 ι
2164 4489 2282 4540 ras;
2314 4474 2415 4544 ipsi
2442 4489 2573 4530 vero
2601 4476 2889 4531 Dominum
2915 4477 3366 4547 deprecabuntur,
3400 4485 3459 4529 ut
3489 4477 3703 4547 dirigat

2098 4585 2116 4616 ‹
2165 4565 2405 4633 requiem
2446 4580 2658 4631 eorum,
2689 4574 2742 4620 et
2783 4567 3069 4621 sanitatem
3118 4574 3338 4637 propter
3369 4567 3700 4620 conversio—

2099 4676 2117 4708 ‹
2164 4672 2286 4711 nem
2318 4655 2551 4712 illorum.
2603 4657 2705 4723 Qui
2734 4657 2999 4727 delinquit
3027 4658 3080 4711 in
3114 4664 3405 4725 conspectu
3432 4654 3551 4723 ejus
3600 4656 3699 4724 qui

2099 4770 2117 4803 ι
2163 4751 2292 4806 fecit
2328 4767 2475 4819 eum,
2522 4751 2721 4807 incidet
2769 4751 2825 4805 in
2856 4767 3046 4805 manus
3070 4749 3283 4805 medici.
3320 4768 3339 4801 ι
3398 4747 3514 4803 Hoc
3544 4749 3699 4817 quod

2094 4844 2225 4900 dicit
2253 4853 2465 4915 tempus
2480 4858 2599 4899 esse
2625 4843 2839 4915 quando
2862 4844 3025 4899 homo
3046 4844 3100 4897 in
3133 4856 3323 4896 manus
3354 4839 3699 4894 medicorum

2095 4937 2319 5003 incidat,
2366 4945 2578 5007 tempus
2615 4936 2952 5008 aegritudinis
2981 4935 3155 5006 signat
3182 4941 3238 4987 et
3275 4932 3541 4987 molestia:
3570 4946 3702 4985 corn

2094 5028 2316 5098 poralis,
2340 5018 2560 5097 quando
2586 5028 2674 5097 qui
2709 5027 2847 5081 male
2876 5027 3114 5091 habent,
3159 5039 3382 5079 necesse
3404 5034 3489 5077 est
3512 5031 3579 5077 ut
3600 5037 3698 5077 cu-

2100 5130 2304 5174 rentur.
2353 5119 2475 5189 lpsa
2507 5127 2689 5174 autem
2719 5118 3007 5172 inﬁrmitas
3038 5117 3189 5186 juxta
3226 5114 3697 5185 dispensationem

2099 5209 2193 5266 Dei
2242 5211 2551 5265 immittitur
2606 5211 2672 5263 ad
2720 5209 3091 5279 probationem
3123 5208 3207 5260 vel
3254 5205 3698 5261 emendationem

2093 5305 2410 5368 electorum,
2440 5305 2506 5359 ad
2529 5303 2924 5372 eorreptionem
2950 5302 3035 5357 vel
3063 5303 3132 5356 ad
3156 5302 3565 5357 damnationem
3606 5315 3697 5355 re-

2093 5396 2404 5463 prohorum.
2443 5394 2594 5449 Unde
2618 5394 2786 5449 dicit:
2823 5413 2840 5444 ‹
2877 5394 2978 5460 Qui
3009 5393 3273 5461 delinquit
3306 5393 3362 5446 in
3396 5401 3697 5462 conspectu

2094 5480 2211 5549 ejus
2250 5482 2340 5550 qui
2379 5480 2506 5536 fecit
2532 5497 2676 5546 eum,
2709 5481 2910 5536 incidet
2938 5481 2990 5535 in
3039 5496 3233 5537 manus
3271 5482 3490 5536 medici.
3524 5502 3542 5533 ι
3596 5478 3699 5534 Ju-

2092 5579 2233 5625 stum
2267 5580 2348 5624 est
2378 5571 2521 5624 enim
2549 5577 2607 5623 ut
2655 5571 2746 5640 qui
2781 5570 3143 5639 saperbiendo
3172 5570 3431 5626 mandata
3479 5569 3573 5623 Dei
3609 5567 3701 5620 fa-

2090 5677 2214 5717 cere
2244 5661 2584 5730 contempsit,
2634 5661 2930 5731 castigatus
2978 5676 3077 5731 per
3106 5659 3481 5716 inﬁrmitatem
3510 5657 3697 5713 humi-
