  <div class='ocr_page' id='page_1' title='image "/cluster/home/n/w/nwhite01/storage/ocr_20150623/109/hvd.32044054759741/522.png"; bbox 0 0 3926 6168; ppageno 0'>
   <div class='ocr_carea' id='block_1_1' title="bbox 312 238 453 295">
    <p class='ocr_par' dir='ltr' id='par_1_1' title="bbox 312 238 453 295">
     <span class='ocr_line' id='line_1_1' title="bbox 312 238 453 295; baseline 0.007 -1"><span class='ocrx_word' id='word_1_1' title='bbox 312 238 453 295; x_wconf 74' lang='lat' dir='ltr'><strong>I053</strong></span> 
     </span>
    </p>
   </div>
   <div class='ocr_carea' id='block_1_2' title="bbox 1135 234 2694 296">
    <p class='ocr_par' dir='ltr' id='par_1_2' title="bbox 1135 234 2694 296">
     <span class='ocr_line' id='line_1_2' title="bbox 1135 234 2694 296; baseline 0.004 -6"><span class='ocrx_word' id='word_1_2' title='bbox 1135 234 1489 291; x_wconf 77' lang='lat' dir='ltr'><strong>CUMMENT.</strong></span> <span class='ocrx_word' id='word_1_3' title='bbox 1529 234 1595 289; x_wconf 81' lang='grc' dir='ltr'><strong>ΙΝ</strong></span> <span class='ocrx_word' id='word_1_4' title='bbox 1632 235 2248 294; x_wconf 68' lang='lat' dir='ltr'><strong>ECCLESIASTICUM.</strong></span> <span class='ocrx_word' id='word_1_5' title='bbox 2289 270 2359 280; x_wconf 91' lang='lat'><strong>-—</strong></span> <span class='ocrx_word' id='word_1_6' title='bbox 2395 240 2524 295; x_wconf 85' lang='lat' dir='ltr'><strong>LIB.</strong></span> <span class='ocrx_word' id='word_1_7' title='bbox 2567 239 2694 296; x_wconf 82' lang='lat' dir='ltr'>VIII.</span> 
     </span>
    </p>
   </div>
   <div class='ocr_carea' id='block_1_3' title="bbox 3451 253 3588 310">
    <p class='ocr_par' dir='ltr' id='par_1_3' title="bbox 3451 253 3588 310">
     <span class='ocr_line' id='line_1_3' title="bbox 3451 253 3588 310; baseline 0.029 -4"><span class='ocrx_word' id='word_1_8' title='bbox 3451 253 3588 310; x_wconf 73' lang='lat' dir='ltr'><strong>103l-</strong></span> 
     </span>
    </p>
   </div>
   <div class='ocr_carea' id='block_1_4' title="bbox 302 346 3586 423">
    <p class='ocr_par' dir='ltr' id='par_1_4' title="bbox 302 346 3586 423">
     <span class='ocr_line' id='line_1_4' title="bbox 302 346 3586 423; baseline 0.004 -15"><span class='ocrx_word' id='word_1_9' title='bbox 302 351 511 416; x_wconf 88' lang='lat' dir='ltr'><strong>lietur;</strong></span> <span class='ocrx_word' id='word_1_10' title='bbox 565 358 623 406; x_wconf 91' lang='lat' dir='ltr'><strong>et</strong></span> <span class='ocrx_word' id='word_1_11' title='bbox 659 355 868 420; x_wconf 70' lang='lat' dir='ltr'><strong>quaerat</strong></span> <span class='ocrx_word' id='word_1_12' title='bbox 901 346 1198 418; x_wconf 84' lang='lat' dir='ltr'><strong>ﬁagellatus</strong></span> <span class='ocrx_word' id='word_1_13' title='bbox 1240 362 1398 419; x_wconf 88' lang='lat' dir='ltr'><strong>opem</strong></span> <span class='ocrx_word' id='word_1_14' title='bbox 1423 387 1440 413; x_wconf 96' lang='lat'><strong>,</strong></span> <span class='ocrx_word' id='word_1_15' title='bbox 1480 348 1572 418; x_wconf 88' lang='lat' dir='ltr'><strong>qui</strong></span> <span class='ocrx_word' id='word_1_16' title='bbox 1616 347 1902 405; x_wconf 73' lang='lat' dir='ltr'><strong>incolumis</strong></span> <span class='ocrx_word' id='word_1_17' title='bbox 1927 356 1980 413; x_wconf 79' lang='grc' dir='ltr'>Α</span> <span class='ocrx_word' id='word_1_18' title='bbox 2005 349 2252 419; x_wconf 88' lang='lat' dir='ltr'><strong>corporis</strong></span> <span class='ocrx_word' id='word_1_19' title='bbox 2286 357 2446 420; x_wconf 93' lang='lat' dir='ltr'><strong>prout</strong></span> <span class='ocrx_word' id='word_1_20' title='bbox 2490 367 2738 423; x_wconf 77' lang='lat' dir='ltr'><strong>gesseras</strong></span> <span class='ocrx_word' id='word_1_21' title='bbox 2787 353 2900 408; x_wconf 82' lang='lat' dir='ltr'><strong>sive</strong></span> <span class='ocrx_word' id='word_1_22' title='bbox 2952 355 3149 411; x_wconf 87' lang='lat' dir='ltr'><strong>bonum</strong></span> <span class='ocrx_word' id='word_1_23' title='bbox 3202 359 3314 414; x_wconf 80' lang='lat' dir='ltr'><strong>sive</strong></span> <span class='ocrx_word' id='word_1_24' title='bbox 3366 362 3586 420; x_wconf 90' lang='lat' dir='ltr'><strong>malum.</strong></span> 
     </span>
    </p>
   </div>
   <div class='ocr_carea' id='block_1_5' title="bbox 303 436 1902 510">
    <p class='ocr_par' dir='ltr' id='par_1_5' title="bbox 303 436 1902 510">
     <span class='ocr_line' id='line_1_5' title="bbox 303 436 1902 510; baseline -0.001 -13"><span class='ocrx_word' id='word_1_25' title='bbox 303 450 438 497; x_wconf 81' lang='lat' dir='ltr'><strong>ante</strong></span> <span class='ocrx_word' id='word_1_26' title='bbox 487 438 664 495; x_wconf 88' lang='lat' dir='ltr'><strong>noluit</strong></span> <span class='ocrx_word' id='word_1_27' title='bbox 714 437 1015 509; x_wconf 73' lang='lat' dir='ltr'><strong>intelligere</strong></span> <span class='ocrx_word' id='word_1_28' title='bbox 1064 438 1146 492; x_wconf 92' lang='lat' dir='ltr'><strong>sui</strong></span> <span class='ocrx_word' id='word_1_29' title='bbox 1195 436 1618 494; x_wconf 85' lang='lat' dir='ltr'><strong>benefactorem.</strong></span> <span class='ocrx_word' id='word_1_30' title='bbox 1679 438 1902 510; x_wconf 83' lang='lat' dir='ltr'><strong>Mystice</strong></span> 
     </span>
    </p>
   </div>
   <div class='ocr_carea' id='block_1_6' title="bbox 304 529 1902 600">
    <p class='ocr_par' dir='ltr' id='par_1_6' title="bbox 304 529 1902 600">
     <span class='ocr_line' id='line_1_6' title="bbox 304 529 1902 600; baseline -0.001 -12"><span class='ocrx_word' id='word_1_31' title='bbox 304 547 439 590; x_wconf 79' lang='lat' dir='ltr'><strong>vero</strong></span> <span class='ocrx_word' id='word_1_32' title='bbox 470 531 645 588; x_wconf 83' lang='lat' dir='ltr'><strong>sancti</strong></span> <span class='ocrx_word' id='word_1_33' title='bbox 695 529 947 586; x_wconf 88' lang='lat' dir='ltr'><strong>doctores</strong></span> <span class='ocrx_word' id='word_1_34' title='bbox 988 537 1042 584; x_wconf 92' lang='lat' dir='ltr'><strong>et</strong></span> <span class='ocrx_word' id='word_1_35' title='bbox 1069 529 1338 600; x_wconf 80' lang='lat' dir='ltr'><strong>spiritales</strong></span> <span class='ocrx_word' id='word_1_36' title='bbox 1374 529 1568 586; x_wconf 88' lang='lat' dir='ltr'><strong>medici</strong></span> <span class='ocrx_word' id='word_1_37' title='bbox 1597 531 1902 587; x_wconf 89' lang='lat' dir='ltr'><strong>animarum</strong></span> 
     </span>
    </p>
   </div>
   <div class='ocr_carea' id='block_1_7' title="bbox 301 622 1903 695">
    <p class='ocr_par' dir='ltr' id='par_1_7' title="bbox 301 622 1903 695">
     <span class='ocr_line' id='line_1_7' title="bbox 301 622 1903 695; baseline -0.002 -14"><span class='ocrx_word' id='word_1_38' title='bbox 301 639 524 695; x_wconf 84' lang='lat' dir='ltr'><strong>semper</strong></span> <span class='ocrx_word' id='word_1_39' title='bbox 549 630 910 694; x_wconf 77' lang='lat' dir='ltr'><strong>Opportunum</strong></span> <span class='ocrx_word' id='word_1_40' title='bbox 954 632 1165 692; x_wconf 86' lang='lat' dir='ltr'><strong>tempus</strong></span> <span class='ocrx_word' id='word_1_41' title='bbox 1207 631 1476 691; x_wconf 65' lang='lat' dir='ltr'><strong>qumrunt,</strong></span> <span class='ocrx_word' id='word_1_42' title='bbox 1511 623 1727 692; x_wconf 86' lang='lat' dir='ltr'><strong>quando</strong></span> <span class='ocrx_word' id='word_1_43' title='bbox 1752 622 1903 678; x_wconf 89' lang='lat' dir='ltr'><strong>inﬁr-</strong></span> 
     </span>
    </p>
   </div>
   <div class='ocr_carea' id='block_1_8' title="bbox 301 713 1904 785">
    <p class='ocr_par' dir='ltr' id='par_1_8' title="bbox 301 713 1904 785">
     <span class='ocr_line' id='line_1_8' title="bbox 301 713 1904 785; baseline -0.002 -12"><span class='ocrx_word' id='word_1_44' title='bbox 301 717 414 773; x_wconf 84' lang='lat' dir='ltr'><strong>mis</strong></span> <span class='ocrx_word' id='word_1_45' title='bbox 440 715 728 771; x_wconf 83' lang='lat' dir='ltr'><strong>animabus</strong></span> <span class='ocrx_word' id='word_1_46' title='bbox 774 728 1071 784; x_wconf 75' lang='lat' dir='ltr'><strong>congruam</strong></span> <span class='ocrx_word' id='word_1_47' title='bbox 1121 714 1328 785; x_wconf 84' lang='lat' dir='ltr'><strong>possint</strong></span> <span class='ocrx_word' id='word_1_48' title='bbox 1377 713 1633 770; x_wconf 86' lang='lat' dir='ltr'><strong>adhibere</strong></span> <span class='ocrx_word' id='word_1_49' title='bbox 1679 714 1904 770; x_wconf 89' lang='lat' dir='ltr'><strong>medici-</strong></span> 
     </span>
    </p>
   </div>
   <div class='ocr_carea' id='block_1_9' title="bbox 302 806 1898 877">
    <p class='ocr_par' dir='ltr' id='par_1_9' title="bbox 302 806 1898 877">
     <span class='ocr_line' id='line_1_9' title="bbox 302 806 1898 877; baseline 0.001 -15"><span class='ocrx_word' id='word_1_50' title='bbox 302 823 434 863; x_wconf 85' lang='lat' dir='ltr'><strong>nam</strong></span> <span class='ocrx_word' id='word_1_51' title='bbox 460 848 475 874; x_wconf 93' lang='lat'><strong>,</strong></span> <span class='ocrx_word' id='word_1_52' title='bbox 512 807 960 876; x_wconf 86' lang='lat' dir='ltr'><strong>orationibusque</strong></span> <span class='ocrx_word' id='word_1_53' title='bbox 1006 807 1179 862; x_wconf 87' lang='lat' dir='ltr'><strong>sacris</strong></span> <span class='ocrx_word' id='word_1_54' title='bbox 1223 807 1492 877; x_wconf 7' lang='lat' dir='ltr'><strong>gvirtutum</strong></span> <span class='ocrx_word' id='word_1_55' title='bbox 1522 806 1777 877; x_wconf 83' lang='lat' dir='ltr'><strong>operibus</strong></span> <span class='ocrx_word' id='word_1_56' title='bbox 1814 808 1898 863; x_wconf 84' lang='lat' dir='ltr'><strong>in-</strong></span> 
     </span>
    </p>
   </div>
   <div class='ocr_carea' id='block_1_10' title="bbox 301 875 1899 969">
    <p class='ocr_par' dir='ltr' id='par_1_10' title="bbox 301 875 1899 969">
     <span class='ocr_line' id='line_1_10' title="bbox 301 875 1899 969; baseline 0 -15"><span class='ocrx_word' id='word_1_57' title='bbox 301 908 516 955; x_wconf 84' lang='lat' dir='ltr'><strong>stanter</strong></span> <span class='ocrx_word' id='word_1_58' title='bbox 555 899 840 954; x_wconf 89' lang='lat' dir='ltr'><strong>Dominum</strong></span> <span class='ocrx_word' id='word_1_59' title='bbox 873 875 1264 967; x_wconf 67' lang='lat' dir='ltr'><strong>deprecantur,</strong></span> <span class='ocrx_word' id='word_1_60' title='bbox 1297 907 1357 952; x_wconf 92' lang='lat' dir='ltr'><strong>ut</strong></span> <span class='ocrx_word' id='word_1_61' title='bbox 1389 875 1587 969; x_wconf 76' lang='lat' dir='ltr'><strong>dirigat</strong></span> <span class='ocrx_word' id='word_1_62' title='bbox 1611 912 1773 968; x_wconf 81' lang='lat' dir='ltr'><strong>opera</strong></span> <span class='ocrx_word' id='word_1_63' title='bbox 1804 913 1899 954; x_wconf 89' lang='lat' dir='ltr'><strong>eo-</strong></span> 
     </span>
    </p>
   </div>
   <div class='ocr_carea' id='block_1_11' title="bbox 302 987 1900 1062">
    <p class='ocr_par' dir='ltr' id='par_1_11' title="bbox 302 987 1900 1062">
     <span class='ocr_line' id='line_1_11' title="bbox 302 987 1900 1062; baseline 0 -18"><span class='ocrx_word' id='word_1_64' title='bbox 302 1006 448 1054; x_wconf 88' lang='lat' dir='ltr'><strong>rum,</strong></span> <span class='ocrx_word' id='word_1_65' title='bbox 488 997 544 1045; x_wconf 92' lang='lat' dir='ltr'><strong>et</strong></span> <span class='ocrx_word' id='word_1_66' title='bbox 587 987 926 1062; x_wconf 72' lang='lat' dir='ltr'><strong>refrigerium</strong></span> <span class='ocrx_word' id='word_1_67' title='bbox 957 996 1176 1056; x_wconf 68' lang='lat' dir='ltr'><strong>prmstet</strong></span> <span class='ocrx_word' id='word_1_68' title='bbox 1222 989 1307 1043; x_wconf 91' lang='lat' dir='ltr'><strong>his</strong></span> <span class='ocrx_word' id='word_1_69' title='bbox 1335 988 1428 1058; x_wconf 90' lang='lat' dir='ltr'><strong>qui</strong></span> <span class='ocrx_word' id='word_1_70' title='bbox 1454 989 1622 1044; x_wconf 88' lang='lat' dir='ltr'><strong>variis</strong></span> <span class='ocrx_word' id='word_1_71' title='bbox 1645 989 1900 1044; x_wconf 87' lang='lat' dir='ltr'><strong>vitiorum</strong></span> 
     </span>
    </p>
   </div>
   <div class='ocr_carea' id='block_1_12' title="bbox 301 1077 1144 1149">
    <p class='ocr_par' dir='ltr' id='par_1_12' title="bbox 301 1077 1144 1149">
     <span class='ocr_line' id='line_1_12' title="bbox 301 1077 1144 1149; baseline 0 -17"><span class='ocrx_word' id='word_1_72' title='bbox 301 1077 716 1149; x_wconf 80' lang='lat' dir='ltr'><strong>:egrltudinibus</strong></span> <span class='ocrx_word' id='word_1_73' title='bbox 737 1077 1144 1133; x_wconf 86' lang='lat' dir='ltr'><strong>laboraverunt.</strong></span> 
     </span>
    </p>
   </div>
   <div class='ocr_carea' id='block_1_13' title="bbox 906 1187 1311 1244">
    <p class='ocr_par' dir='ltr' id='par_1_13' title="bbox 906 1187 1311 1244">
     <span class='ocr_line' id='line_1_13' title="bbox 906 1187 1311 1244; baseline 0.005 -2"><span class='ocrx_word' id='word_1_74' title='bbox 906 1187 1136 1243; x_wconf 82' lang='lat' dir='ltr'><strong>CAPUT</strong></span> <span class='ocrx_word' id='word_1_75' title='bbox 1196 1189 1311 1244; x_wconf 81' lang='lat' dir='ltr'><strong>XV.</strong></span> 
     </span>
    </p>
   </div>
   <div class='ocr_carea' id='block_1_14' title="bbox 302 1261 1896 1330">
    <p class='ocr_par' dir='ltr' id='par_1_14' title="bbox 302 1261 1896 1330">
     <span class='ocr_line' id='line_1_14' title="bbox 302 1261 1896 1330; baseline 0.001 -16"><span class='ocrx_word' id='word_1_76' title='bbox 302 1261 383 1315; x_wconf 85' lang='lat' dir='ltr'><strong>De</strong></span> <span class='ocrx_word' id='word_1_77' title='bbox 413 1261 670 1330; x_wconf 74' lang='lat' dir='ltr'><strong>exsequiis</strong></span> <span class='ocrx_word' id='word_1_78' title='bbox 702 1267 1029 1312; x_wconf 80' lang='lat' dir='ltr'><strong>mortuorum</strong></span> <span class='ocrx_word' id='word_1_79' title='bbox 1055 1298 1070 1322; x_wconf 98' lang='lat'><strong>,</strong></span> <span class='ocrx_word' id='word_1_80' title='bbox 1115 1268 1163 1312; x_wconf 83' lang='lat' dir='ltr'><strong>et</strong></span> <span class='ocrx_word' id='word_1_81' title='bbox 1211 1269 1615 1330; x_wconf 83' lang='lat' dir='ltr'><strong>temperamento</strong></span> <span class='ocrx_word' id='word_1_82' title='bbox 1646 1262 1896 1316; x_wconf 71' lang='lat' dir='ltr'><strong>tn&#39;stitiw.</strong></span> 
     </span>
    </p>
   </div>
   <div class='ocr_carea' id='block_1_15' title="bbox 379 1349 1898 1424">
    <p class='ocr_par' dir='ltr' id='par_1_15' title="bbox 379 1349 1898 1424">
     <span class='ocr_line' id='line_1_15' title="bbox 379 1349 1898 1424; baseline 0.004 -22"><span class='ocrx_word' id='word_1_83' title='bbox 379 1370 398 1402; x_wconf 73' lang='grc' dir='ltr'>ι</span> <span class='ocrx_word' id='word_1_84' title='bbox 441 1349 566 1414; x_wconf 86' lang='lat' dir='ltr'><strong>Fili,</strong></span> <span class='ocrx_word' id='word_1_85' title='bbox 618 1349 674 1403; x_wconf 90' lang='lat' dir='ltr'><strong>in</strong></span> <span class='ocrx_word' id='word_1_86' title='bbox 725 1358 997 1404; x_wconf 86' lang='lat' dir='ltr'><strong>mortuum</strong></span> <span class='ocrx_word' id='word_1_87' title='bbox 1051 1351 1252 1422; x_wconf 90' lang='lat' dir='ltr'><strong>produc</strong></span> <span class='ocrx_word' id='word_1_88' title='bbox 1313 1351 1600 1423; x_wconf 86' lang='lat' dir='ltr'><strong>lacrymas,</strong></span> <span class='ocrx_word' id='word_1_89' title='bbox 1649 1362 1704 1407; x_wconf 89' lang='lat' dir='ltr'><strong>et</strong></span> <span class='ocrx_word' id='word_1_90' title='bbox 1744 1354 1898 1424; x_wconf 90' lang='lat' dir='ltr'><strong>quasi</strong></span> 
     </span>
    </p>
   </div>
   <div class='ocr_carea' id='block_1_16' title="bbox 304 1441 1898 1513">
    <p class='ocr_par' dir='ltr' id='par_1_16' title="bbox 304 1441 1898 1513">
     <span class='ocr_line' id='line_1_16' title="bbox 304 1441 1898 1513; baseline 0.006 -21"><span class='ocrx_word' id='word_1_91' title='bbox 304 1464 324 1492; x_wconf 73' lang='grc' dir='ltr'><strong>ε</strong></span> <span class='ocrx_word' id='word_1_92' title='bbox 358 1442 476 1498; x_wconf 88' lang='lat' dir='ltr'><strong>dira</strong></span> <span class='ocrx_word' id='word_1_93' title='bbox 511 1457 704 1512; x_wconf 90' lang='lat' dir='ltr'><strong>passus</strong></span> <span class='ocrx_word' id='word_1_94' title='bbox 732 1441 909 1512; x_wconf 85' lang='lat' dir='ltr'><strong>incipe</strong></span> <span class='ocrx_word' id='word_1_95' title='bbox 953 1441 1191 1512; x_wconf 85' lang='lat' dir='ltr'><strong>plorare,</strong></span> <span class='ocrx_word' id='word_1_96' title='bbox 1221 1451 1274 1498; x_wconf 88' lang='lat' dir='ltr'><strong>et</strong></span> <span class='ocrx_word' id='word_1_97' title='bbox 1300 1443 1594 1499; x_wconf 89' lang='lat' dir='ltr'><strong>secundum</strong></span> <span class='ocrx_word' id='word_1_98' title='bbox 1633 1444 1898 1513; x_wconf 87' lang='lat' dir='ltr'><strong>judicium</strong></span> 
     </span>
    </p>
   </div>
   <div class='ocr_carea' id='block_1_17' title="bbox 304 1533 1898 1606">
    <p class='ocr_par' dir='ltr' id='par_1_17' title="bbox 304 1533 1898 1606">
     <span class='ocr_line' id='line_1_17' title="bbox 304 1533 1898 1606; baseline 0.004 -21"><span class='ocrx_word' id='word_1_99' title='bbox 304 1554 324 1585; x_wconf 86' lang='grc'><em>‹</em></span> <span class='ocrx_word' id='word_1_100' title='bbox 363 1542 586 1603; x_wconf 76' lang='lat' dir='ltr'><strong>contage</strong></span> <span class='ocrx_word' id='word_1_101' title='bbox 609 1547 809 1602; x_wconf 89' lang='lat' dir='ltr'><strong>corpus</strong></span> <span class='ocrx_word' id='word_1_102' title='bbox 832 1533 1000 1598; x_wconf 88' lang='lat' dir='ltr'><strong>illius,</strong></span> <span class='ocrx_word' id='word_1_103' title='bbox 1032 1541 1088 1589; x_wconf 88' lang='lat' dir='ltr'><strong>et</strong></span> <span class='ocrx_word' id='word_1_104' title='bbox 1123 1549 1231 1588; x_wconf 90' lang='lat' dir='ltr'><strong>non</strong></span> <span class='ocrx_word' id='word_1_105' title='bbox 1259 1534 1526 1605; x_wconf 85' lang='lat' dir='ltr'><strong>despicias</strong></span> <span class='ocrx_word' id='word_1_106' title='bbox 1562 1536 1898 1606; x_wconf 89' lang='lat' dir='ltr'><strong>sepulturam</strong></span> 
     </span>
    </p>
   </div>
   <div class='ocr_carea' id='block_1_18' title="bbox 303 1621 1897 1694">
    <p class='ocr_par' dir='ltr' id='par_1_18' title="bbox 303 1621 1897 1694">
     <span class='ocr_line' id='line_1_18' title="bbox 303 1621 1897 1694; baseline 0.005 -19"><span class='ocrx_word' id='word_1_107' title='bbox 303 1643 322 1675; x_wconf 74' lang='grc' dir='ltr'>ι</span> <span class='ocrx_word' id='word_1_108' title='bbox 361 1623 526 1678; x_wconf 91' lang='lat' dir='ltr'><strong>illius.</strong></span> <span class='ocrx_word' id='word_1_109' title='bbox 565 1641 584 1674; x_wconf 73' lang='grc' dir='ltr'><strong>ι</strong></span> <span class='ocrx_word' id='word_1_110' title='bbox 636 1621 926 1693; x_wconf 85' lang='lat' dir='ltr'><strong>Postquam</strong></span> <span class='ocrx_word' id='word_1_111' title='bbox 967 1623 1036 1679; x_wconf 92' lang='lat' dir='ltr'><strong>de</strong></span> <span class='ocrx_word' id='word_1_112' title='bbox 1065 1624 1382 1681; x_wconf 83' lang='lat' dir='ltr'><strong>inﬁrmitate</strong></span> <span class='ocrx_word' id='word_1_113' title='bbox 1411 1627 1791 1694; x_wconf 66' lang='lat' dir='ltr'><strong>aegritudinum</strong></span> <span class='ocrx_word' id='word_1_114' title='bbox 1841 1635 1897 1683; x_wconf 89' lang='lat' dir='ltr'><strong>et</strong></span> 
     </span>
    </p>
   </div>
   <div class='ocr_carea' id='block_1_19' title="bbox 2006 437 3592 512">
    <p class='ocr_par' dir='ltr' id='par_1_19' title="bbox 2006 437 3592 512">
     <span class='ocr_line' id='line_1_19' title="bbox 2006 437 3592 512; baseline 0.011 -20"><span class='ocrx_word' id='word_1_115' title='bbox 2006 437 2236 495; x_wconf 84' lang='lat' dir='ltr'><strong>Proinde</strong></span> <span class='ocrx_word' id='word_1_116' title='bbox 2265 456 2541 512; x_wconf 90' lang='lat' dir='ltr'><strong>nunquam</strong></span> <span class='ocrx_word' id='word_1_117' title='bbox 2586 443 2842 500; x_wconf 83' lang='lat' dir='ltr'><strong>oblivioni</strong></span> <span class='ocrx_word' id='word_1_118' title='bbox 2875 447 3055 502; x_wconf 84' lang='lat' dir='ltr'><strong>tradas</strong></span> <span class='ocrx_word' id='word_1_119' title='bbox 3101 450 3412 507; x_wconf 73' lang='lat' dir='ltr'><strong>novissima:</strong></span> <span class='ocrx_word' id='word_1_120' title='bbox 3443 455 3592 510; x_wconf 81' lang='lat' dir='ltr'><strong>hora:</strong></span> 
     </span>
    </p>
   </div>
   <div class='ocr_carea' id='block_1_20' title="bbox 2003 529 3590 611">
    <p class='ocr_par' dir='ltr' id='par_1_20' title="bbox 2003 529 3590 611">
     <span class='ocr_line' id='line_1_20' title="bbox 2003 529 3590 611; baseline 0.009 -27"><span class='ocrx_word' id='word_1_121' title='bbox 2003 529 2240 595; x_wconf 82' lang='lat' dir='ltr'><strong>exitum,</strong></span> <span class='ocrx_word' id='word_1_122' title='bbox 2291 531 2386 586; x_wconf 90' lang='lat' dir='ltr'><strong>sed</strong></span> <span class='ocrx_word' id='word_1_123' title='bbox 2433 546 2647 603; x_wconf 89' lang='lat' dir='ltr'><strong>semper</strong></span> <span class='ocrx_word' id='word_1_124' title='bbox 2678 542 2903 603; x_wconf 88' lang='lat' dir='ltr'><strong>paratus</strong></span> <span class='ocrx_word' id='word_1_125' title='bbox 2940 545 3058 591; x_wconf 88' lang='lat' dir='ltr'><strong>esto</strong></span> <span class='ocrx_word' id='word_1_126' title='bbox 3084 578 3099 603; x_wconf 91' lang='lat'><strong>,</strong></span> <span class='ocrx_word' id='word_1_127' title='bbox 3153 542 3278 607; x_wconf 88' lang='lat' dir='ltr'><strong>quia</strong></span> <span class='ocrx_word' id='word_1_128' title='bbox 3305 551 3590 611; x_wconf 83' lang='lat' dir='ltr'><strong>postquam</strong></span> 
     </span>
    </p>
   </div>
   <div class='ocr_carea' id='block_1_21' title="bbox 2004 619 3588 702">
    <p class='ocr_par' dir='ltr' id='par_1_21' title="bbox 2004 619 3588 702">
     <span class='ocr_line' id='line_1_21' title="bbox 2004 619 3588 702; baseline 0.011 -30"><span class='ocrx_word' id='word_1_129' title='bbox 2004 619 2130 673; x_wconf 90' lang='lat' dir='ltr'><strong>hinc</strong></span> <span class='ocrx_word' id='word_1_130' title='bbox 2159 620 2378 685; x_wconf 82' lang='lat' dir='ltr'><strong>exieris,</strong></span> <span class='ocrx_word' id='word_1_131' title='bbox 2405 637 2742 693; x_wconf 84' lang='lat' dir='ltr'><strong>nequaquam</strong></span> <span class='ocrx_word' id='word_1_132' title='bbox 2765 625 2902 680; x_wconf 89' lang='lat' dir='ltr'><strong>ultra</strong></span> <span class='ocrx_word' id='word_1_133' title='bbox 2931 627 3035 682; x_wconf 92' lang='lat' dir='ltr'><strong>huc</strong></span> <span class='ocrx_word' id='word_1_134' title='bbox 3057 639 3334 686; x_wconf 89' lang='lat' dir='ltr'><strong>revertens</strong></span> <span class='ocrx_word' id='word_1_135' title='bbox 3354 635 3588 702; x_wconf 84' lang='lat' dir='ltr'><strong>spatium</strong></span> 
     </span>
    </p>
   </div>
   <div class='ocr_carea' id='block_1_22' title="bbox 2001 709 3588 780">
    <p class='ocr_par' dir='ltr' id='par_1_22' title="bbox 2001 709 3588 780">
     <span class='ocr_line' id='line_1_22' title="bbox 2001 709 3588 780; baseline 0.011 -17"><span class='ocrx_word' id='word_1_136' title='bbox 2001 709 2140 764; x_wconf 87' lang='lat' dir='ltr'><strong>bene</strong></span> <span class='ocrx_word' id='word_1_137' title='bbox 2165 711 2422 780; x_wconf 87' lang='lat' dir='ltr'><strong>operandi</strong></span> <span class='ocrx_word' id='word_1_138' title='bbox 2452 713 2696 779; x_wconf 85' lang='lat' dir='ltr'><strong>habebis,</strong></span> <span class='ocrx_word' id='word_1_139' title='bbox 2743 724 2798 770; x_wconf 94' lang='lat' dir='ltr'><strong>ct</strong></span> <span class='ocrx_word' id='word_1_140' title='bbox 2822 716 2942 772; x_wconf 85' lang='lat' dir='ltr'><strong>ideo</strong></span> <span class='ocrx_word' id='word_1_141' title='bbox 2967 727 3160 774; x_wconf 90' lang='lat' dir='ltr'><strong>cautus</strong></span> <span class='ocrx_word' id='word_1_142' title='bbox 3183 731 3299 777; x_wconf 87' lang='lat' dir='ltr'><strong>esto</strong></span> <span class='ocrx_word' id='word_1_143' title='bbox 3323 723 3378 777; x_wconf 93' lang='lat' dir='ltr'><strong>in</strong></span> <span class='ocrx_word' id='word_1_144' title='bbox 3408 727 3588 780; x_wconf 91' lang='lat' dir='ltr'><strong>omni-</strong></span> 
     </span>
    </p>
   </div>
   <div class='ocr_carea' id='block_1_23' title="bbox 2001 800 3588 884">
    <p class='ocr_par' dir='ltr' id='par_1_23' title="bbox 2001 800 3588 884">
     <span class='ocr_line' id='line_1_23' title="bbox 2001 800 3588 884; baseline 0.009 -29"><span class='ocrx_word' id='word_1_145' title='bbox 2001 801 2124 867; x_wconf 90' lang='lat' dir='ltr'><strong>bus,</strong></span> <span class='ocrx_word' id='word_1_146' title='bbox 2157 816 2224 857; x_wconf 91' lang='lat' dir='ltr'><strong>ne</strong></span> <span class='ocrx_word' id='word_1_147' title='bbox 2251 800 2388 857; x_wconf 86' lang='lat' dir='ltr'><strong>forte</strong></span> <span class='ocrx_word' id='word_1_148' title='bbox 2404 804 2458 857; x_wconf 91' lang='lat' dir='ltr'><strong>in</strong></span> <span class='ocrx_word' id='word_1_149' title='bbox 2484 804 2632 859; x_wconf 90' lang='lat' dir='ltr'><strong>obitu</strong></span> <span class='ocrx_word' id='word_1_150' title='bbox 2657 806 2888 874; x_wconf 79' lang='lat' dir='ltr'><strong>proximi</strong></span> <span class='ocrx_word' id='word_1_151' title='bbox 2918 809 3038 879; x_wconf 89' lang='lat' dir='ltr'><strong>plus</strong></span> <span class='ocrx_word' id='word_1_152' title='bbox 3055 826 3208 880; x_wconf 74' lang='lat' dir='ltr'><strong>:equo</strong></span> <span class='ocrx_word' id='word_1_153' title='bbox 3231 812 3432 880; x_wconf 84' lang='lat' dir='ltr'><strong>doleas,</strong></span> <span class='ocrx_word' id='word_1_154' title='bbox 3459 815 3588 884; x_wconf 82' lang='lat' dir='ltr'><strong>quia</strong></span> 
     </span>
    </p>
   </div>
   <div class='ocr_carea' id='block_1_24' title="bbox 2002 892 3587 972">
    <p class='ocr_par' dir='ltr' id='par_1_24' title="bbox 2002 892 3587 972">
     <span class='ocr_line' id='line_1_24' title="bbox 2002 892 3587 972; baseline 0.009 -26"><span class='ocrx_word' id='word_1_155' title='bbox 2002 892 2136 946; x_wconf 86' lang='lat' dir='ltr'><strong>nihil</strong></span> <span class='ocrx_word' id='word_1_156' title='bbox 2179 894 2426 962; x_wconf 87' lang='lat' dir='ltr'><strong>proderis</strong></span> <span class='ocrx_word' id='word_1_157' title='bbox 2455 895 2530 949; x_wconf 91' lang='lat' dir='ltr'><strong>illi</strong></span> <span class='ocrx_word' id='word_1_158' title='bbox 2559 894 2846 966; x_wconf 87' lang='lat' dir='ltr'><strong>plorando,</strong></span> <span class='ocrx_word' id='word_1_159' title='bbox 2897 899 2942 953; x_wconf 91' lang='lat' dir='ltr'><strong>si</strong></span> <span class='ocrx_word' id='word_1_160' title='bbox 2992 902 3332 972; x_wconf 81' lang='lat' dir='ltr'><strong>temetipsum</strong></span> <span class='ocrx_word' id='word_1_161' title='bbox 3381 903 3587 960; x_wconf 71' lang='lat' dir='ltr'><strong>lzeseris</strong></span> 
     </span>
    </p>
   </div>
   <div class='ocr_carea' id='block_1_25' title="bbox 1985 977 3671 1070">
    <p class='ocr_par' dir='ltr' id='par_1_25' title="bbox 1985 977 3671 1070">
     <span class='ocr_line' id='line_1_25' title="bbox 1985 977 3671 1070; baseline 0.008 -35"><span class='ocrx_word' id='word_1_162' title='bbox 1985 981 2276 1038; x_wconf 87' lang='lat' dir='ltr'><strong>&#39;doloribus</strong></span> <span class='ocrx_word' id='word_1_163' title='bbox 2297 984 2576 1040; x_wconf 88' lang='lat' dir='ltr'><strong>immensis</strong></span> <span class='ocrx_word' id='word_1_164' title='bbox 2605 985 2905 1042; x_wconf 76' lang='lat' dir='ltr'><strong>alliciendo.</strong></span> <span class='ocrx_word' id='word_1_165' title='bbox 3332 1045 3347 1070; x_wconf 38' lang='grc' dir='ltr'><strong>κ</strong></span> <span class='ocrx_word' id='word_1_166' title='bbox 3667 977 3671 981; x_wconf 48' lang='grc'><strong>’</strong></span> 
     </span>
    </p>
   </div>
   <div class='ocr_carea' id='block_1_26' title="bbox 2077 1073 3582 1145">
    <p class='ocr_par' dir='ltr' id='par_1_26' title="bbox 2077 1073 3582 1145">
     <span class='ocr_line' id='line_1_26' title="bbox 2077 1073 3582 1145; baseline 0.011 -21"><span class='ocrx_word' id='word_1_167' title='bbox 2077 1091 2098 1124; x_wconf 84' lang='grc'>‹</span> <span class='ocrx_word' id='word_1_168' title='bbox 2133 1073 2340 1130; x_wconf 77' lang='lat' dir='ltr'><strong>Mentor</strong></span> <span class='ocrx_word' id='word_1_169' title='bbox 2367 1085 2484 1130; x_wconf 89' lang='lat' dir='ltr'><strong>esto</strong></span> <span class='ocrx_word' id='word_1_170' title='bbox 2507 1076 2698 1145; x_wconf 92' lang='lat' dir='ltr'><strong>judicii</strong></span> <span class='ocrx_word' id='word_1_171' title='bbox 2730 1079 2874 1145; x_wconf 92' lang='lat' dir='ltr'><strong>mei,</strong></span> <span class='ocrx_word' id='word_1_172' title='bbox 2908 1081 2986 1135; x_wconf 91' lang='lat' dir='ltr'><strong>sic</strong></span> <span class='ocrx_word' id='word_1_173' title='bbox 3010 1082 3154 1136; x_wconf 90' lang='lat' dir='ltr'><strong>enim</strong></span> <span class='ocrx_word' id='word_1_174' title='bbox 3188 1081 3292 1137; x_wconf 88' lang='lat' dir='ltr'><strong>erit</strong></span> <span class='ocrx_word' id='word_1_175' title='bbox 3317 1092 3372 1139; x_wconf 91' lang='lat' dir='ltr'><strong>et</strong></span> <span class='ocrx_word' id='word_1_176' title='bbox 3398 1094 3582 1141; x_wconf 88' lang='lat' dir='ltr'><strong>tuum:</strong></span> 
     </span>
    </p>
   </div>
   <div class='ocr_carea' id='block_1_27' title="bbox 2005 1165 3587 1233">
    <p class='ocr_par' dir='ltr' id='par_1_27' title="bbox 2005 1165 3587 1233">
     <span class='ocr_line' id='line_1_27' title="bbox 2005 1165 3587 1233; baseline 0.011 -17"><span class='ocrx_word' id='word_1_177' title='bbox 2005 1183 2025 1216; x_wconf 87' lang='grc'><strong><em>‹</em></strong></span> <span class='ocrx_word' id='word_1_178' title='bbox 2061 1165 2194 1219; x_wconf 91' lang='lat' dir='ltr'><strong>mihi</strong></span> <span class='ocrx_word' id='word_1_179' title='bbox 2224 1166 2365 1232; x_wconf 88' lang='lat' dir='ltr'><strong>heri,</strong></span> <span class='ocrx_word' id='word_1_180' title='bbox 2414 1174 2470 1222; x_wconf 92' lang='lat' dir='ltr'><strong>et</strong></span> <span class='ocrx_word' id='word_1_181' title='bbox 2516 1167 2612 1222; x_wconf 87' lang='lat' dir='ltr'><strong>tibi</strong></span> <span class='ocrx_word' id='word_1_182' title='bbox 2656 1169 2833 1224; x_wconf 84' lang='lat' dir='ltr'><strong>hodie.</strong></span> <span class='ocrx_word' id='word_1_183' title='bbox 2869 1189 2887 1221; x_wconf 86' lang='grc'><strong>›</strong></span> <span class='ocrx_word' id='word_1_184' title='bbox 2944 1169 3212 1226; x_wconf 72' lang='lat' dir='ltr'><strong>Iudicium</strong></span> <span class='ocrx_word' id='word_1_185' title='bbox 3257 1190 3413 1228; x_wconf 89' lang='lat' dir='ltr'><strong>suum</strong></span> <span class='ocrx_word' id='word_1_186' title='bbox 3454 1177 3587 1233; x_wconf 85' lang='lat' dir='ltr'><strong>dicit</strong></span> 
     </span>
    </p>
   </div>
   <div class='ocr_carea' id='block_1_28' title="bbox 1999 1255 3582 1333">
    <p class='ocr_par' dir='ltr' id='par_1_28' title="bbox 1999 1255 3582 1333">
     <span class='ocr_line' id='line_1_28' title="bbox 1999 1255 3582 1333; baseline 0.009 -24"><span class='ocrx_word' id='word_1_187' title='bbox 1999 1255 2204 1310; x_wconf 89' lang='lat' dir='ltr'><strong>obitum</strong></span> <span class='ocrx_word' id='word_1_188' title='bbox 2233 1259 2299 1312; x_wconf 89' lang='lat' dir='ltr'><strong>de</strong></span> <span class='ocrx_word' id='word_1_189' title='bbox 2323 1257 2426 1312; x_wconf 93' lang='lat' dir='ltr'><strong>hoc</strong></span> <span class='ocrx_word' id='word_1_190' title='bbox 2457 1258 2677 1325; x_wconf 90' lang='lat' dir='ltr'><strong>mundo,</strong></span> <span class='ocrx_word' id='word_1_191' title='bbox 2700 1262 2842 1330; x_wconf 89' lang='lat' dir='ltr'><strong>quod</strong></span> <span class='ocrx_word' id='word_1_192' title='bbox 2868 1261 3158 1332; x_wconf 87' lang='lat' dir='ltr'><strong>unicuique</strong></span> <span class='ocrx_word' id='word_1_193' title='bbox 3180 1265 3454 1333; x_wconf 88' lang='lat' dir='ltr'><strong>proprium</strong></span> <span class='ocrx_word' id='word_1_194' title='bbox 3477 1278 3582 1331; x_wconf 89' lang='lat' dir='ltr'><strong>est,</strong></span> 
     </span>
    </p>
   </div>
   <div class='ocr_carea' id='block_1_29' title="bbox 2001 1347 3588 1424">
    <p class='ocr_par' dir='ltr' id='par_1_29' title="bbox 2001 1347 3588 1424">
     <span class='ocr_line' id='line_1_29' title="bbox 2001 1347 3588 1424; baseline 0.008 -25"><span class='ocrx_word' id='word_1_195' title='bbox 2001 1352 2112 1399; x_wconf 90' lang='lat' dir='ltr'><strong>tam</strong></span> <span class='ocrx_word' id='word_1_196' title='bbox 2137 1347 2428 1415; x_wconf 69' lang='lat' dir='ltr'><strong>praeteritis</strong></span> <span class='ocrx_word' id='word_1_197' title='bbox 2451 1363 2612 1418; x_wconf 89' lang='lat' dir='ltr'><strong>quam</strong></span> <span class='ocrx_word' id='word_1_198' title='bbox 2635 1349 2796 1404; x_wconf 88' lang='lat' dir='ltr'><strong>etiam</strong></span> <span class='ocrx_word' id='word_1_199' title='bbox 2827 1352 3182 1420; x_wconf 64' lang='lat' dir='ltr'><strong>praesentibus</strong></span> <span class='ocrx_word' id='word_1_200' title='bbox 3211 1371 3235 1407; x_wconf 83' lang='lat'><strong>:.</strong></span> <span class='ocrx_word' id='word_1_201' title='bbox 3261 1355 3387 1424; x_wconf 87' lang='lat' dir='ltr'><strong>quia</strong></span> <span class='ocrx_word' id='word_1_202' title='bbox 3420 1375 3437 1406; x_wconf 75' lang='grc' dir='ltr'>ι</span> <span class='ocrx_word' id='word_1_203' title='bbox 3475 1357 3588 1411; x_wconf 84' lang='lat' dir='ltr'><strong>nul-</strong></span> 
     </span>
    </p>
   </div>
   <div class='ocr_carea' id='block_1_30' title="bbox 1999 1435 3582 1510">
    <p class='ocr_par' dir='ltr' id='par_1_30' title="bbox 1999 1435 3582 1510">
     <span class='ocr_line' id='line_1_30' title="bbox 1999 1435 3582 1510; baseline 0.007 -21"><span class='ocrx_word' id='word_1_204' title='bbox 1999 1435 2082 1492; x_wconf 90' lang='lat' dir='ltr'><strong>lus</strong></span> <span class='ocrx_word' id='word_1_205' title='bbox 2109 1444 2193 1492; x_wconf 88' lang='lat' dir='ltr'><strong>est</strong></span> <span class='ocrx_word' id='word_1_206' title='bbox 2232 1437 2392 1493; x_wconf 90' lang='lat' dir='ltr'><strong>homo</strong></span> <span class='ocrx_word' id='word_1_207' title='bbox 2413 1453 2578 1509; x_wconf 88' lang='lat' dir='ltr'><strong>super</strong></span> <span class='ocrx_word' id='word_1_208' title='bbox 2618 1447 2817 1494; x_wconf 89' lang='lat' dir='ltr'><strong>terram</strong></span> <span class='ocrx_word' id='word_1_209' title='bbox 2844 1441 2937 1510; x_wconf 89' lang='lat' dir='ltr'><strong>qui</strong></span> <span class='ocrx_word' id='word_1_210' title='bbox 2963 1441 3130 1508; x_wconf 81' lang='lat' dir='ltr'><strong>vivat,</strong></span> <span class='ocrx_word' id='word_1_211' title='bbox 3171 1451 3225 1497; x_wconf 91' lang='lat' dir='ltr'><strong>et</strong></span> <span class='ocrx_word' id='word_1_212' title='bbox 3255 1459 3361 1499; x_wconf 91' lang='lat' dir='ltr'><strong>non</strong></span> <span class='ocrx_word' id='word_1_213' title='bbox 3402 1445 3582 1500; x_wconf 80' lang='lat' dir='ltr'><strong>videat</strong></span> 
     </span>
    </p>
   </div>
   <div class='ocr_carea' id='block_1_31' title="bbox 1999 1517 3576 1600">
    <p class='ocr_par' dir='ltr' id='par_1_31' title="bbox 1999 1517 3576 1600">
     <span class='ocr_line' id='line_1_31' title="bbox 1999 1517 3576 1600; baseline 0.005 -22"><span class='ocrx_word' id='word_1_214' title='bbox 1999 1533 2250 1580; x_wconf 89' lang='lat' dir='ltr'><strong>mortem.</strong></span> <span class='ocrx_word' id='word_1_215' title='bbox 2289 1545 2308 1579; x_wconf 74' lang='grc' dir='ltr'><strong><em>ι</em></strong></span> <span class='ocrx_word' id='word_1_216' title='bbox 2348 1526 2417 1581; x_wconf 85' lang='grc' dir='ltr'><strong>Ει</strong></span> <span class='ocrx_word' id='word_1_217' title='bbox 2443 1528 2583 1583; x_wconf 87' lang='lat' dir='ltr'><strong>bene</strong></span> <span class='ocrx_word' id='word_1_218' title='bbox 2607 1528 2758 1594; x_wconf 88' lang='lat' dir='ltr'><strong>dicit,</strong></span> <span class='ocrx_word' id='word_1_219' title='bbox 2794 1548 2813 1581; x_wconf 73' lang='grc' dir='ltr'>ι</span> <span class='ocrx_word' id='word_1_220' title='bbox 2844 1517 2973 1584; x_wconf 77' lang='lat' dir='ltr'><strong>Mihi</strong></span> <span class='ocrx_word' id='word_1_221' title='bbox 3002 1531 3119 1585; x_wconf 91' lang='lat' dir='ltr'><strong>heri</strong></span> <span class='ocrx_word' id='word_1_222' title='bbox 3147 1539 3200 1587; x_wconf 90' lang='lat' dir='ltr'><strong>et</strong></span> <span class='ocrx_word' id='word_1_223' title='bbox 3228 1533 3323 1588; x_wconf 87' lang='lat' dir='ltr'><strong>tibi</strong></span> <span class='ocrx_word' id='word_1_224' title='bbox 3347 1533 3524 1600; x_wconf 91' lang='lat' dir='ltr'><strong>hodie,</strong></span> <span class='ocrx_word' id='word_1_225' title='bbox 3558 1555 3576 1586; x_wconf 75' lang='grc' dir='ltr'><strong><em>ι</em></strong></span> 
     </span>
    </p>
   </div>
   <div class='ocr_carea' id='block_1_32' title="bbox 1999 1617 3584 1693">
    <p class='ocr_par' dir='ltr' id='par_1_32' title="bbox 1999 1617 3584 1693">
     <span class='ocr_line' id='line_1_32' title="bbox 1999 1617 3584 1693; baseline 0.007 -23"><span class='ocrx_word' id='word_1_226' title='bbox 1999 1632 2063 1671; x_wconf 90' lang='lat' dir='ltr'><strong>ac</strong></span> <span class='ocrx_word' id='word_1_227' title='bbox 2090 1617 2136 1672; x_wconf 90' lang='lat' dir='ltr'><strong>si</strong></span> <span class='ocrx_word' id='word_1_228' title='bbox 2165 1618 2408 1672; x_wconf 83' lang='lat' dir='ltr'><strong>diceret:</strong></span> <span class='ocrx_word' id='word_1_229' title='bbox 2462 1618 2615 1686; x_wconf 84' lang='lat' dir='ltr'><strong>Quod</strong></span> <span class='ocrx_word' id='word_1_230' title='bbox 2651 1620 2704 1674; x_wconf 93' lang='lat' dir='ltr'><strong>in</strong></span> <span class='ocrx_word' id='word_1_231' title='bbox 2752 1635 2840 1675; x_wconf 91' lang='lat' dir='ltr'><strong>me</strong></span> <span class='ocrx_word' id='word_1_232' title='bbox 2879 1619 2992 1689; x_wconf 91' lang='lat' dir='ltr'><strong>jam</strong></span> <span class='ocrx_word' id='word_1_233' title='bbox 3019 1623 3346 1693; x_wconf 90' lang='lat' dir='ltr'><strong>completum</strong></span> <span class='ocrx_word' id='word_1_234' title='bbox 3374 1633 3476 1692; x_wconf 89' lang='lat' dir='ltr'><strong>est,</strong></span> <span class='ocrx_word' id='word_1_235' title='bbox 3528 1626 3584 1681; x_wconf 90' lang='lat' dir='ltr'><strong>in</strong></span> 
     </span>
    </p>
   </div>
   <div class='ocr_carea' id='block_1_33' title="bbox 299 1708 3584 1788">
    <p class='ocr_par' dir='ltr' id='par_1_33' title="bbox 299 1708 3584 1788">
     <span class='ocr_line' id='line_1_33' title="bbox 299 1708 3584 1788; baseline 0.005 -33"><span class='ocrx_word' id='word_1_236' title='bbox 299 1715 636 1770; x_wconf 69' lang='lat' dir='ltr'><strong>medicorum</strong></span> <span class='ocrx_word' id='word_1_237' title='bbox 685 1715 965 1770; x_wconf 62' lang='lat' dir='ltr'><strong>curatione</strong></span> <span class='ocrx_word' id='word_1_238' title='bbox 1013 1715 1343 1786; x_wconf 52' lang='lat' dir='ltr'><strong>disputavit,</strong></span> <span class='ocrx_word' id='word_1_239' title='bbox 1399 1726 1798 1788; x_wconf 71' lang='lat' dir='ltr'><strong>cousequemer</strong></span> <span class='ocrx_word' id='word_1_240' title='bbox 1823 1721 1888 1774; x_wconf 79' lang='lat' dir='ltr'><strong>de</strong></span> <span class='ocrx_word' id='word_1_241' title='bbox 1917 1714 1964 1773; x_wconf 84' lang='lat' dir='ltr'><strong>B</strong></span> <span class='ocrx_word' id='word_1_242' title='bbox 1993 1717 2046 1763; x_wconf 90' lang='lat' dir='ltr'><strong>te</strong></span> <span class='ocrx_word' id='word_1_243' title='bbox 2069 1709 2229 1764; x_wconf 91' lang='lat' dir='ltr'><strong>modo</strong></span> <span class='ocrx_word' id='word_1_244' title='bbox 2267 1709 2434 1764; x_wconf 91' lang='lat' dir='ltr'><strong>instat</strong></span> <span class='ocrx_word' id='word_1_245' title='bbox 2457 1708 2806 1779; x_wconf 88' lang='lat' dir='ltr'><strong>implendum.</strong></span> <span class='ocrx_word' id='word_1_246' title='bbox 2841 1711 2966 1767; x_wconf 72' lang='lat' dir='ltr'><strong>Hmc</strong></span> <span class='ocrx_word' id='word_1_247' title='bbox 2995 1713 3291 1770; x_wconf 90' lang='lat' dir='ltr'><strong>admonitio</strong></span> <span class='ocrx_word' id='word_1_248' title='bbox 3317 1715 3584 1771; x_wconf 87' lang='lat' dir='ltr'><strong>bonorum</strong></span> 
     </span>
    </p>
   </div>
   <div class='ocr_carea' id='block_1_34' title="bbox 297 1807 1892 1881">
    <p class='ocr_par' dir='ltr' id='par_1_34' title="bbox 297 1807 1892 1881">
     <span class='ocr_line' id='line_1_34' title="bbox 297 1807 1892 1881; baseline 0.004 -20"><span class='ocrx_word' id='word_1_249' title='bbox 297 1807 574 1877; x_wconf 79' lang='lat' dir='ltr'><strong>exsequiis</strong></span> <span class='ocrx_word' id='word_1_250' title='bbox 600 1817 934 1862; x_wconf 84' lang='lat' dir='ltr'><strong>mortuorum</strong></span> <span class='ocrx_word' id='word_1_251' title='bbox 965 1824 1270 1865; x_wconf 86' lang='lat' dir='ltr'><strong>sermonem</strong></span> <span class='ocrx_word' id='word_1_252' title='bbox 1299 1810 1528 1879; x_wconf 88' lang='lat' dir='ltr'><strong>protulit</strong></span> <span class='ocrx_word' id='word_1_253' title='bbox 1553 1825 1568 1864; x_wconf 91' lang='lat'><strong>:</strong></span> <span class='ocrx_word' id='word_1_254' title='bbox 1600 1812 1728 1881; x_wconf 91' lang='lat' dir='ltr'><strong>quia</strong></span> <span class='ocrx_word' id='word_1_255' title='bbox 1749 1813 1892 1868; x_wconf 88' lang='lat' dir='ltr'><strong>sicut</strong></span> 
     </span>
    </p>
   </div>
   <div class='ocr_carea' id='block_1_35' title="bbox 296 1899 1888 1971">
    <p class='ocr_par' dir='ltr' id='par_1_35' title="bbox 296 1899 1888 1971">
     <span class='ocr_line' id='line_1_35' title="bbox 296 1899 1888 1971; baseline 0.006 -17"><span class='ocrx_word' id='word_1_256' title='bbox 296 1900 353 1954; x_wconf 90' lang='lat' dir='ltr'><strong>in</strong></span> <span class='ocrx_word' id='word_1_257' title='bbox 395 1899 713 1956; x_wconf 88' lang='lat' dir='ltr'><strong>inﬁrmitate</strong></span> <span class='ocrx_word' id='word_1_258' title='bbox 748 1901 894 1956; x_wconf 86' lang='lat' dir='ltr'><strong>utilis</strong></span> <span class='ocrx_word' id='word_1_259' title='bbox 923 1909 1006 1956; x_wconf 90' lang='lat' dir='ltr'><strong>est</strong></span> <span class='ocrx_word' id='word_1_260' title='bbox 1058 1903 1337 1958; x_wconf 80' lang='lat' dir='ltr'><strong>medicina:</strong></span> <span class='ocrx_word' id='word_1_261' title='bbox 1371 1905 1597 1971; x_wconf 88' lang='lat' dir='ltr'><strong>curatio,</strong></span> <span class='ocrx_word' id='word_1_262' title='bbox 1631 1907 1703 1961; x_wconf 87' lang='lat' dir='ltr'><strong>ita</strong></span> <span class='ocrx_word' id='word_1_263' title='bbox 1744 1917 1798 1962; x_wconf 93' lang='lat' dir='ltr'><strong>et</strong></span> <span class='ocrx_word' id='word_1_264' title='bbox 1835 1908 1888 1963; x_wconf 91' lang='lat' dir='ltr'><strong>in</strong></span> 
     </span>
    </p>
   </div>
   <div class='ocr_carea' id='block_1_36' title="bbox 297 1993 1885 2063">
    <p class='ocr_par' dir='ltr' id='par_1_36' title="bbox 297 1993 1885 2063">
     <span class='ocr_line' id='line_1_36' title="bbox 297 1993 1885 2063; baseline 0.005 -18"><span class='ocrx_word' id='word_1_265' title='bbox 297 1999 473 2047; x_wconf 87' lang='lat' dir='ltr'><strong>morte</strong></span> <span class='ocrx_word' id='word_1_266' title='bbox 498 1993 805 2046; x_wconf 90' lang='lat' dir='ltr'><strong>necessaria</strong></span> <span class='ocrx_word' id='word_1_267' title='bbox 830 2001 912 2047; x_wconf 92' lang='lat' dir='ltr'><strong>cst</strong></span> <span class='ocrx_word' id='word_1_268' title='bbox 934 1993 1223 2063; x_wconf 78' lang='lat' dir='ltr'><strong>sepultura:</strong></span> <span class='ocrx_word' id='word_1_269' title='bbox 1252 1996 1532 2050; x_wconf 81' lang='lat' dir='ltr'><strong>exhibitio.</strong></span> <span class='ocrx_word' id='word_1_270' title='bbox 1569 1996 1676 2052; x_wconf 87' lang='lat' dir='ltr'><strong>Sed</strong></span> <span class='ocrx_word' id='word_1_271' title='bbox 1708 2007 1885 2053; x_wconf 88' lang='lat' dir='ltr'><strong>tamen</strong></span> 
     </span>
    </p>
   </div>
   <div class='ocr_carea' id='block_1_37' title="bbox 296 2081 1888 2156">
    <p class='ocr_par' dir='ltr' id='par_1_37' title="bbox 296 2081 1888 2156">
     <span class='ocr_line' id='line_1_37' title="bbox 296 2081 1888 2156; baseline 0.006 -23"><span class='ocrx_word' id='word_1_272' title='bbox 296 2082 424 2151; x_wconf 87' lang='lat' dir='ltr'><strong>quia</strong></span> <span class='ocrx_word' id='word_1_273' title='bbox 470 2082 660 2137; x_wconf 89' lang='lat' dir='ltr'><strong>mortis</strong></span> <span class='ocrx_word' id='word_1_274' title='bbox 710 2081 928 2136; x_wconf 89' lang='lat' dir='ltr'><strong>miseria</strong></span> <span class='ocrx_word' id='word_1_275' title='bbox 981 2082 1126 2154; x_wconf 81' lang='lat' dir='ltr'><strong>cogit</strong></span> <span class='ocrx_word' id='word_1_276' title='bbox 1164 2084 1435 2140; x_wconf 89' lang='lat' dir='ltr'><strong>hominem</strong></span> <span class='ocrx_word' id='word_1_277' title='bbox 1468 2085 1739 2156; x_wconf 84' lang='lat' dir='ltr'><strong>lacrymas</strong></span> <span class='ocrx_word' id='word_1_278' title='bbox 1766 2087 1888 2142; x_wconf 84' lang='lat' dir='ltr'><strong>fun-</strong></span> 
     </span>
    </p>
   </div>
   <div class='ocr_carea' id='block_1_38' title="bbox 297 2169 1886 2243">
    <p class='ocr_par' dir='ltr' id='par_1_38' title="bbox 297 2169 1886 2243">
     <span class='ocr_line' id='line_1_38' title="bbox 297 2169 1886 2243; baseline 0.006 -19"><span class='ocrx_word' id='word_1_279' title='bbox 297 2170 446 2235; x_wconf 85' lang='lat' dir='ltr'><strong>dere,</strong></span> <span class='ocrx_word' id='word_1_280' title='bbox 479 2178 534 2225; x_wconf 92' lang='lat' dir='ltr'><strong>et</strong></span> <span class='ocrx_word' id='word_1_281' title='bbox 580 2169 847 2225; x_wconf 90' lang='lat' dir='ltr'><strong>solemnes</strong></span> <span class='ocrx_word' id='word_1_282' title='bbox 874 2171 1118 2240; x_wconf 91' lang='lat' dir='ltr'><strong>planctus</strong></span> <span class='ocrx_word' id='word_1_283' title='bbox 1147 2172 1375 2243; x_wconf 80' lang='lat' dir='ltr'><strong>legimus</strong></span> <span class='ocrx_word' id='word_1_284' title='bbox 1419 2175 1473 2228; x_wconf 93' lang='lat' dir='ltr'><strong>in</strong></span> <span class='ocrx_word' id='word_1_285' title='bbox 1510 2175 1886 2233; x_wconf 83' lang='lat' dir='ltr'><strong>defunctorum</strong></span> 
     </span>
    </p>
   </div>
   <div class='ocr_carea' id='block_1_39' title="bbox 295 2260 1884 2340">
    <p class='ocr_par' dir='ltr' id='par_1_39' title="bbox 295 2260 1884 2340">
     <span class='ocr_line' id='line_1_39' title="bbox 295 2260 1884 2340; baseline 0.006 -26"><span class='ocrx_word' id='word_1_286' title='bbox 295 2270 509 2330; x_wconf 87' lang='lat' dir='ltr'><strong>patrum</strong></span> <span class='ocrx_word' id='word_1_287' title='bbox 550 2260 722 2317; x_wconf 86' lang='lat' dir='ltr'><strong>factos</strong></span> <span class='ocrx_word' id='word_1_288' title='bbox 751 2263 1042 2332; x_wconf 79' lang='lat' dir='ltr'><strong>exsequiis,</strong></span> <span class='ocrx_word' id='word_1_289' title='bbox 1093 2265 1311 2320; x_wconf 85' lang='lat' dir='ltr'><strong>modum</strong></span> <span class='ocrx_word' id='word_1_290' title='bbox 1363 2266 1416 2320; x_wconf 91' lang='lat' dir='ltr'><strong>in</strong></span> <span class='ocrx_word' id='word_1_291' title='bbox 1461 2266 1575 2335; x_wconf 90' lang='lat' dir='ltr'><strong>ipsa</strong></span> <span class='ocrx_word' id='word_1_292' title='bbox 1617 2267 1884 2340; x_wconf 81' lang='lat' dir='ltr'><strong>lacryma-</strong></span> 
     </span>
    </p>
   </div>
   <div class='ocr_carea' id='block_1_40' title="bbox 295 2353 1884 2424">
    <p class='ocr_par' dir='ltr' id='par_1_40' title="bbox 295 2353 1884 2424">
     <span class='ocr_line' id='line_1_40' title="bbox 295 2353 1884 2424; baseline 0.004 -17"><span class='ocrx_word' id='word_1_293' title='bbox 295 2370 417 2408; x_wconf 90' lang='lat' dir='ltr'><strong>rum</strong></span> <span class='ocrx_word' id='word_1_294' title='bbox 458 2353 717 2410; x_wconf 81' lang='lat' dir='ltr'><strong>eli‘usione</strong></span> <span class='ocrx_word' id='word_1_295' title='bbox 744 2362 798 2409; x_wconf 92' lang='lat' dir='ltr'><strong>et</strong></span> <span class='ocrx_word' id='word_1_296' title='bbox 823 2355 1022 2424; x_wconf 91' lang='lat' dir='ltr'><strong>gemitu</strong></span> <span class='ocrx_word' id='word_1_297' title='bbox 1051 2356 1254 2410; x_wconf 86' lang='lat' dir='ltr'><strong>habere</strong></span> <span class='ocrx_word' id='word_1_298' title='bbox 1291 2357 1468 2423; x_wconf 90' lang='lat' dir='ltr'><strong>docet,</strong></span> <span class='ocrx_word' id='word_1_299' title='bbox 1503 2373 1568 2412; x_wconf 91' lang='lat' dir='ltr'><strong>ne</strong></span> <span class='ocrx_word' id='word_1_300' title='bbox 1595 2357 1739 2414; x_wconf 83' lang='lat' dir='ltr'><strong>forte</strong></span> <span class='ocrx_word' id='word_1_301' title='bbox 1785 2360 1884 2414; x_wconf 90' lang='lat' dir='ltr'><strong>tri-</strong></span> 
     </span>
    </p>
   </div>
   <div class='ocr_carea' id='block_1_41' title="bbox 291 2443 1888 2518">
    <p class='ocr_par' dir='ltr' id='par_1_41' title="bbox 291 2443 1888 2518">
     <span class='ocr_line' id='line_1_41' title="bbox 291 2443 1888 2518; baseline 0.004 -19"><span class='ocrx_word' id='word_1_302' title='bbox 291 2445 443 2500; x_wconf 86' lang='lat' dir='ltr'><strong>stitia</strong></span> <span class='ocrx_word' id='word_1_303' title='bbox 493 2443 884 2500; x_wconf 87' lang='lat' dir='ltr'><strong>abundantiore</strong></span> <span class='ocrx_word' id='word_1_304' title='bbox 911 2445 1220 2501; x_wconf 77' lang='lat' dir='ltr'><strong>debilitatur</strong></span> <span class='ocrx_word' id='word_1_305' title='bbox 1245 2461 1441 2518; x_wconf 89' lang='lat' dir='ltr'><strong>corpus</strong></span> <span class='ocrx_word' id='word_1_306' title='bbox 1482 2447 1799 2516; x_wconf 90' lang='lat' dir='ltr'><strong>dolentium,</strong></span> <span class='ocrx_word' id='word_1_307' title='bbox 1833 2460 1888 2508; x_wconf 92' lang='lat' dir='ltr'><strong>et</strong></span> 
     </span>
    </p>
   </div>
   <div class='ocr_carea' id='block_1_42' title="bbox 291 2531 1886 2605">
    <p class='ocr_par' dir='ltr' id='par_1_42' title="bbox 291 2531 1886 2605">
     <span class='ocr_line' id='line_1_42' title="bbox 291 2531 1886 2605; baseline 0.004 -18"><span class='ocrx_word' id='word_1_308' title='bbox 291 2531 597 2587; x_wconf 78' lang='lat' dir='ltr'><strong>olfendatur</strong></span> <span class='ocrx_word' id='word_1_309' title='bbox 626 2531 765 2588; x_wconf 91' lang='lat' dir='ltr'><strong>Deus</strong></span> <span class='ocrx_word' id='word_1_310' title='bbox 794 2549 892 2604; x_wconf 92' lang='lat' dir='ltr'><strong>per</strong></span> <span class='ocrx_word' id='word_1_311' title='bbox 920 2535 1212 2589; x_wconf 88' lang='lat' dir='ltr'><strong>amentiam</strong></span> <span class='ocrx_word' id='word_1_312' title='bbox 1241 2535 1664 2605; x_wconf 89' lang='lat' dir='ltr'><strong>desperantium.</strong></span> <span class='ocrx_word' id='word_1_313' title='bbox 1696 2539 1886 2595; x_wconf 81' lang='lat' dir='ltr'><strong>Mortis</strong></span> 
     </span>
    </p>
   </div>
   <div class='ocr_carea' id='block_1_43' title="bbox 291 2623 1884 2694">
    <p class='ocr_par' dir='ltr' id='par_1_43' title="bbox 291 2623 1884 2694">
     <span class='ocr_line' id='line_1_43' title="bbox 291 2623 1884 2694; baseline 0.005 -18"><span class='ocrx_word' id='word_1_314' title='bbox 291 2623 437 2677; x_wconf 88' lang='lat' dir='ltr'><strong>enim</strong></span> <span class='ocrx_word' id='word_1_315' title='bbox 465 2623 732 2678; x_wconf 85' lang='lat' dir='ltr'><strong>sententia</strong></span> <span class='ocrx_word' id='word_1_316' title='bbox 777 2631 999 2692; x_wconf 89' lang='lat' dir='ltr'><strong>propter</strong></span> <span class='ocrx_word' id='word_1_317' title='bbox 1025 2632 1307 2694; x_wconf 89' lang='lat' dir='ltr'><strong>peccatum</strong></span> <span class='ocrx_word' id='word_1_318' title='bbox 1339 2627 1465 2681; x_wconf 90' lang='lat' dir='ltr'><strong>data</strong></span> <span class='ocrx_word' id='word_1_319' title='bbox 1509 2636 1594 2682; x_wconf 90' lang='lat' dir='ltr'><strong>est</strong></span> <span class='ocrx_word' id='word_1_320' title='bbox 1636 2630 1884 2684; x_wconf 85' lang='lat' dir='ltr'><strong>mortali-</strong></span> 
     </span>
    </p>
   </div>
   <div class='ocr_carea' id='block_1_44' title="bbox 293 2713 1890 2785">
    <p class='ocr_par' dir='ltr' id='par_1_44' title="bbox 293 2713 1890 2785">
     <span class='ocr_line' id='line_1_44' title="bbox 293 2713 1890 2785; baseline 0.005 -17"><span class='ocrx_word' id='word_1_321' title='bbox 293 2714 416 2777; x_wconf 87' lang='lat' dir='ltr'><strong>bus,</strong></span> <span class='ocrx_word' id='word_1_322' title='bbox 455 2714 548 2769; x_wconf 90' lang='lat' dir='ltr'><strong>sed</strong></span> <span class='ocrx_word' id='word_1_323' title='bbox 589 2714 705 2784; x_wconf 84' lang='lat' dir='ltr'><strong>spei</strong></span> <span class='ocrx_word' id='word_1_324' title='bbox 744 2713 938 2770; x_wconf 88' lang='lat' dir='ltr'><strong>ﬁducia</strong></span> <span class='ocrx_word' id='word_1_325' title='bbox 983 2727 1081 2784; x_wconf 91' lang='lat' dir='ltr'><strong>per</strong></span> <span class='ocrx_word' id='word_1_326' title='bbox 1120 2715 1350 2785; x_wconf 82' lang='lat' dir='ltr'><strong>gratiam</strong></span> <span class='ocrx_word' id='word_1_327' title='bbox 1394 2716 1596 2774; x_wconf 90' lang='lat' dir='ltr'><strong>Christi</strong></span> <span class='ocrx_word' id='word_1_328' title='bbox 1636 2719 1764 2774; x_wconf 87' lang='lat' dir='ltr'><strong>data</strong></span> <span class='ocrx_word' id='word_1_329' title='bbox 1803 2729 1890 2776; x_wconf 89' lang='lat' dir='ltr'><strong>est</strong></span> 
     </span>
    </p>
   </div>
   <div class='ocr_carea' id='block_1_45' title="bbox 291 2806 662 2860">
    <p class='ocr_par' dir='ltr' id='par_1_45' title="bbox 291 2806 662 2860">
     <span class='ocr_line' id='line_1_45' title="bbox 291 2806 662 2860; baseline 0 -1"><span class='ocrx_word' id='word_1_330' title='bbox 291 2806 662 2860; x_wconf 90' lang='lat' dir='ltr'><strong>credentibus.</strong></span> 
     </span>
    </p>
   </div>
   <div class='ocr_carea' id='block_1_46' title="bbox 370 2896 1884 2968">
    <p class='ocr_par' dir='ltr' id='par_1_46' title="bbox 370 2896 1884 2968">
     <span class='ocr_line' id='line_1_46' title="bbox 370 2896 1884 2968; baseline 0.007 -20"><span class='ocrx_word' id='word_1_331' title='bbox 370 2917 388 2948; x_wconf 74' lang='grc' dir='ltr'>σ</span> <span class='ocrx_word' id='word_1_332' title='bbox 426 2897 654 2968; x_wconf 86' lang='lat' dir='ltr'><strong>Propter</strong></span> <span class='ocrx_word' id='word_1_333' title='bbox 698 2896 1086 2952; x_wconf 86' lang='lat' dir='ltr'><strong>detractionem</strong></span> <span class='ocrx_word' id='word_1_334' title='bbox 1117 2912 1302 2953; x_wconf 83' lang='lat' dir='ltr'><strong>amare</strong></span> <span class='ocrx_word' id='word_1_335' title='bbox 1354 2896 1438 2952; x_wconf 87' lang='lat' dir='ltr'><strong>fer</strong></span> <span class='ocrx_word' id='word_1_336' title='bbox 1486 2898 1690 2955; x_wconf 91' lang='lat' dir='ltr'><strong>luctum</strong></span> <span class='ocrx_word' id='word_1_337' title='bbox 1740 2899 1884 2958; x_wconf 89' lang='lat' dir='ltr'><strong>illius</strong></span> 
     </span>
    </p>
   </div>
   <div class='ocr_carea' id='block_1_47' title="bbox 299 2988 1883 3060">
    <p class='ocr_par' dir='ltr' id='par_1_47' title="bbox 299 2988 1883 3060">
     <span class='ocr_line' id='line_1_47' title="bbox 299 2988 1883 3060; baseline 0.008 -20"><span class='ocrx_word' id='word_1_338' title='bbox 299 3008 316 3040; x_wconf 72' lang='grc' dir='ltr'>ι</span> <span class='ocrx_word' id='word_1_339' title='bbox 351 3003 460 3042; x_wconf 90' lang='lat' dir='ltr'><strong>uno</strong></span> <span class='ocrx_word' id='word_1_340' title='bbox 485 2989 593 3053; x_wconf 90' lang='lat' dir='ltr'><strong>die,</strong></span> <span class='ocrx_word' id='word_1_341' title='bbox 613 2997 670 3044; x_wconf 90' lang='lat' dir='ltr'><strong>et</strong></span> <span class='ocrx_word' id='word_1_342' title='bbox 695 2988 976 3045; x_wconf 86' lang='lat' dir='ltr'><strong>consolare</strong></span> <span class='ocrx_word' id='word_1_343' title='bbox 1007 2999 1226 3060; x_wconf 90' lang='lat' dir='ltr'><strong>propter</strong></span> <span class='ocrx_word' id='word_1_344' title='bbox 1250 2990 1550 3057; x_wconf 90' lang='lat' dir='ltr'><strong>tristitiam,</strong></span> <span class='ocrx_word' id='word_1_345' title='bbox 1580 3004 1635 3048; x_wconf 92' lang='lat' dir='ltr'><strong>et</strong></span> <span class='ocrx_word' id='word_1_346' title='bbox 1665 2991 1751 3050; x_wconf 89' lang='lat' dir='ltr'><strong>fac</strong></span> <span class='ocrx_word' id='word_1_347' title='bbox 1796 2993 1883 3052; x_wconf 86' lang='lat' dir='ltr'><strong>lu-</strong></span> 
     </span>
    </p>
   </div>
   <div class='ocr_carea' id='block_1_48' title="bbox 1993 1799 3586 1874">
    <p class='ocr_par' dir='ltr' id='par_1_48' title="bbox 1993 1799 3586 1874">
     <span class='ocr_line' id='line_1_48' title="bbox 1993 1799 3586 1874; baseline 0.006 -22"><span class='ocrx_word' id='word_1_348' title='bbox 1993 1808 2207 1869; x_wconf 87' lang='lat' dir='ltr'><strong>patrum</strong></span> <span class='ocrx_word' id='word_1_349' title='bbox 2232 1809 2333 1866; x_wconf 90' lang='lat' dir='ltr'><strong>est,</strong></span> <span class='ocrx_word' id='word_1_350' title='bbox 2387 1809 2448 1855; x_wconf 92' lang='lat' dir='ltr'><strong>ut</strong></span> <span class='ocrx_word' id='word_1_351' title='bbox 2483 1799 2622 1857; x_wconf 91' lang='lat' dir='ltr'><strong>ﬁlios</strong></span> <span class='ocrx_word' id='word_1_352' title='bbox 2651 1818 2780 1858; x_wconf 88' lang='lat' dir='ltr'><strong>suos</strong></span> <span class='ocrx_word' id='word_1_353' title='bbox 2825 1803 3174 1871; x_wconf 87' lang='lat' dir='ltr'><strong>admoneant,</strong></span> <span class='ocrx_word' id='word_1_354' title='bbox 3206 1815 3470 1874; x_wconf 83' lang='lat' dir='ltr'><strong>quatenus</strong></span> <span class='ocrx_word' id='word_1_355' title='bbox 3505 1809 3586 1864; x_wconf 87' lang='lat' dir='ltr'><strong>di-</strong></span> 
     </span>
    </p>
   </div>
   <div class='ocr_carea' id='block_1_49' title="bbox 1992 1893 3583 1967">
    <p class='ocr_par' dir='ltr' id='par_1_49' title="bbox 1992 1893 3583 1967">
     <span class='ocr_line' id='line_1_49' title="bbox 1992 1893 3583 1967; baseline 0.006 -21"><span class='ocrx_word' id='word_1_356' title='bbox 1992 1901 2150 1946; x_wconf 89' lang='lat' dir='ltr'><strong>scant</strong></span> <span class='ocrx_word' id='word_1_357' title='bbox 2173 1893 2226 1945; x_wconf 90' lang='lat' dir='ltr'><strong>in</strong></span> <span class='ocrx_word' id='word_1_358' title='bbox 2267 1893 2486 1948; x_wconf 89' lang='lat' dir='ltr'><strong>casibus</strong></span> <span class='ocrx_word' id='word_1_359' title='bbox 2525 1895 2798 1964; x_wconf 87' lang='lat' dir='ltr'><strong>priorum,</strong></span> <span class='ocrx_word' id='word_1_360' title='bbox 2831 1910 2986 1949; x_wconf 90' lang='lat' dir='ltr'><strong>suum</strong></span> <span class='ocrx_word' id='word_1_361' title='bbox 3011 1911 3225 1967; x_wconf 88' lang='lat' dir='ltr'><strong>quoque</strong></span> <span class='ocrx_word' id='word_1_362' title='bbox 3251 1897 3304 1951; x_wconf 91' lang='lat' dir='ltr'><strong>in</strong></span> <span class='ocrx_word' id='word_1_363' title='bbox 3328 1902 3583 1967; x_wconf 81' lang='lat' dir='ltr'><strong>praesenti</strong></span> 
     </span>
    </p>
   </div>
   <div class='ocr_carea' id='block_1_50' title="bbox 1989 1983 3584 2062">
    <p class='ocr_par' dir='ltr' id='par_1_50' title="bbox 1989 1983 3584 2062">
     <span class='ocr_line' id='line_1_50' title="bbox 1989 1983 3584 2062; baseline 0.006 -25"><span class='ocrx_word' id='word_1_364' title='bbox 1989 1983 2186 2037; x_wconf 70' lang='lat' dir='ltr'><strong>smculo</strong></span> <span class='ocrx_word' id='word_1_365' title='bbox 2227 1983 2544 2038; x_wconf 90' lang='lat' dir='ltr'><strong>diuturnum</strong></span> <span class='ocrx_word' id='word_1_366' title='bbox 2573 2001 2680 2039; x_wconf 89' lang='lat' dir='ltr'><strong>non</strong></span> <span class='ocrx_word' id='word_1_367' title='bbox 2723 2001 2843 2042; x_wconf 87' lang='lat' dir='ltr'><strong>esse</strong></span> <span class='ocrx_word' id='word_1_368' title='bbox 2872 1995 3093 2055; x_wconf 91' lang='lat' dir='ltr'><strong>statum,</strong></span> <span class='ocrx_word' id='word_1_369' title='bbox 3125 2004 3190 2044; x_wconf 88' lang='lat' dir='ltr'><strong>ac</strong></span> <span class='ocrx_word' id='word_1_370' title='bbox 3233 1990 3356 2046; x_wconf 92' lang='lat' dir='ltr'><strong>ideo</strong></span> <span class='ocrx_word' id='word_1_371' title='bbox 3379 2007 3584 2062; x_wconf 59' lang='lat' dir='ltr'><strong>praepa-</strong></span> 
     </span>
    </p>
   </div>
   <div class='ocr_carea' id='block_1_51' title="bbox 1991 2073 3581 2150">
    <p class='ocr_par' dir='ltr' id='par_1_51' title="bbox 1991 2073 3581 2150">
     <span class='ocr_line' id='line_1_51' title="bbox 1991 2073 3581 2150; baseline 0.007 -24"><span class='ocrx_word' id='word_1_372' title='bbox 1991 2080 2114 2126; x_wconf 89' lang='lat' dir='ltr'><strong>rcnt</strong></span> <span class='ocrx_word' id='word_1_373' title='bbox 2143 2073 2246 2128; x_wconf 89' lang='lat' dir='ltr'><strong>sibi</strong></span> <span class='ocrx_word' id='word_1_374' title='bbox 2270 2075 2539 2129; x_wconf 90' lang='lat' dir='ltr'><strong>honorum</strong></span> <span class='ocrx_word' id='word_1_375' title='bbox 2570 2091 2794 2144; x_wconf 89' lang='lat' dir='ltr'><strong>operum</strong></span> <span class='ocrx_word' id='word_1_376' title='bbox 2841 2079 3130 2144; x_wconf 81' lang='lat' dir='ltr'><strong>viaticum,</strong></span> <span class='ocrx_word' id='word_1_377' title='bbox 3179 2096 3285 2150; x_wconf 92' lang='lat' dir='ltr'><strong>quo</strong></span> <span class='ocrx_word' id='word_1_378' title='bbox 3315 2083 3370 2135; x_wconf 88' lang='lat' dir='ltr'><strong>in</strong></span> <span class='ocrx_word' id='word_1_379' title='bbox 3402 2082 3581 2137; x_wconf 91' lang='lat' dir='ltr'><strong>futura</strong></span> 
     </span>
    </p>
   </div>
   <div class='ocr_carea' id='block_1_52' title="bbox 1987 2166 3576 2241">
    <p class='ocr_par' dir='ltr' id='par_1_52' title="bbox 1987 2166 3576 2241">
     <span class='ocr_line' id='line_1_52' title="bbox 1987 2166 3576 2241; baseline 0.006 -24"><span class='ocrx_word' id='word_1_380' title='bbox 1987 2167 2098 2219; x_wconf 89' lang='lat' dir='ltr'><strong>vita</strong></span> <span class='ocrx_word' id='word_1_381' title='bbox 2127 2180 2249 2219; x_wconf 92' lang='lat' dir='ltr'><strong>cum</strong></span> <span class='ocrx_word' id='word_1_382' title='bbox 2271 2166 2472 2221; x_wconf 88' lang='lat' dir='ltr'><strong>sanctis</strong></span> <span class='ocrx_word' id='word_1_383' title='bbox 2496 2166 2702 2237; x_wconf 84' lang='lat' dir='ltr'><strong>angelis</strong></span> <span class='ocrx_word' id='word_1_384' title='bbox 2722 2169 2930 2237; x_wconf 87' lang='lat' dir='ltr'><strong>possint</strong></span> <span class='ocrx_word' id='word_1_385' title='bbox 2954 2168 3134 2224; x_wconf 85' lang='lat' dir='ltr'><strong>vivere</strong></span> <span class='ocrx_word' id='word_1_386' title='bbox 3157 2170 3210 2224; x_wconf 93' lang='lat' dir='ltr'><strong>in</strong></span> <span class='ocrx_word' id='word_1_387' title='bbox 3231 2181 3576 2241; x_wconf 81' lang='lat' dir='ltr'><strong>perpetuum.</strong></span> 
     </span>
    </p>
   </div>
   <div class='ocr_carea' id='block_1_53' title="bbox 2063 2257 3576 2331">
    <p class='ocr_par' dir='ltr' id='par_1_53' title="bbox 2063 2257 3576 2331">
     <span class='ocr_line' id='line_1_53' title="bbox 2063 2257 3576 2331; baseline 0.006 -23"><span class='ocrx_word' id='word_1_388' title='bbox 2063 2279 2081 2308; x_wconf 84' lang='grc'><strong><em>‹</em></strong></span> <span class='ocrx_word' id='word_1_389' title='bbox 2117 2257 2175 2313; x_wconf 83' lang='grc' dir='ltr'><strong>1η</strong></span> <span class='ocrx_word' id='word_1_390' title='bbox 2199 2259 2382 2328; x_wconf 89' lang='lat' dir='ltr'><strong>requie</strong></span> <span class='ocrx_word' id='word_1_391' title='bbox 2408 2260 2606 2314; x_wconf 91' lang='lat' dir='ltr'><strong>mortui</strong></span> <span class='ocrx_word' id='word_1_392' title='bbox 2629 2261 2969 2330; x_wconf 89' lang='lat' dir='ltr'><strong>requiescere</strong></span> <span class='ocrx_word' id='word_1_393' title='bbox 2988 2259 3073 2316; x_wconf 83' lang='lat' dir='ltr'><strong>fac</strong></span> <span class='ocrx_word' id='word_1_394' title='bbox 3101 2263 3417 2317; x_wconf 87' lang='lat' dir='ltr'><strong>memoriam</strong></span> <span class='ocrx_word' id='word_1_395' title='bbox 3439 2261 3576 2331; x_wconf 89' lang='lat' dir='ltr'><strong>ejus,</strong></span> 
     </span>
    </p>
   </div>
   <div class='ocr_carea' id='block_1_54' title="bbox 1995 2351 3578 2423">
    <p class='ocr_par' dir='ltr' id='par_1_54' title="bbox 1995 2351 3578 2423">
     <span class='ocr_line' id='line_1_54' title="bbox 1995 2351 3578 2423; baseline 0.006 -22"><span class='ocrx_word' id='word_1_396' title='bbox 1995 2368 2013 2401; x_wconf 75' lang='grc' dir='ltr'><strong>ε</strong></span> <span class='ocrx_word' id='word_1_397' title='bbox 2047 2359 2102 2405; x_wconf 89' lang='lat' dir='ltr'><strong>ct</strong></span> <span class='ocrx_word' id='word_1_398' title='bbox 2137 2351 2419 2406; x_wconf 89' lang='lat' dir='ltr'><strong>consolare</strong></span> <span class='ocrx_word' id='word_1_399' title='bbox 2445 2351 2592 2406; x_wconf 89' lang='lat' dir='ltr'><strong>illum</strong></span> <span class='ocrx_word' id='word_1_400' title='bbox 2622 2351 2677 2406; x_wconf 90' lang='lat' dir='ltr'><strong>in</strong></span> <span class='ocrx_word' id='word_1_401' title='bbox 2713 2352 2859 2407; x_wconf 81' lang='lat' dir='ltr'><strong>exitu</strong></span> <span class='ocrx_word' id='word_1_402' title='bbox 2880 2353 3102 2423; x_wconf 91' lang='lat' dir='ltr'><strong>spiritus</strong></span> <span class='ocrx_word' id='word_1_403' title='bbox 3133 2354 3233 2408; x_wconf 88' lang='lat' dir='ltr'><strong>sui.</strong></span> <span class='ocrx_word' id='word_1_404' title='bbox 3274 2373 3292 2406; x_wconf 79' lang='grc' dir='ltr'><strong><em>ι</em></strong></span> <span class='ocrx_word' id='word_1_405' title='bbox 3329 2355 3440 2410; x_wconf 81' lang='lat' dir='ltr'><strong>Hoc</strong></span> <span class='ocrx_word' id='word_1_406' title='bbox 3463 2371 3578 2409; x_wconf 90' lang='lat' dir='ltr'><strong>mo-</strong></span> 
     </span>
    </p>
   </div>
   <div class='ocr_carea' id='block_1_55' title="bbox 1987 2440 3576 2515">
    <p class='ocr_par' dir='ltr' id='par_1_55' title="bbox 1987 2440 3576 2515">
     <span class='ocr_line' id='line_1_55' title="bbox 1987 2440 3576 2515; baseline 0.003 -21"><span class='ocrx_word' id='word_1_407' title='bbox 1987 2449 2100 2506; x_wconf 91' lang='lat' dir='ltr'><strong>net,</strong></span> <span class='ocrx_word' id='word_1_408' title='bbox 2128 2440 2262 2495; x_wconf 93' lang='lat' dir='ltr'><strong>utin</strong></span> <span class='ocrx_word' id='word_1_409' title='bbox 2287 2441 2518 2496; x_wconf 90' lang='lat' dir='ltr'><strong>transitu</strong></span> <span class='ocrx_word' id='word_1_410' title='bbox 2556 2441 2808 2496; x_wconf 91' lang='lat' dir='ltr'><strong>morituri</strong></span> <span class='ocrx_word' id='word_1_411' title='bbox 2834 2441 3088 2498; x_wconf 88' lang='lat' dir='ltr'><strong>oblivioni</strong></span> <span class='ocrx_word' id='word_1_412' title='bbox 3113 2444 3429 2499; x_wconf 87' lang='lat' dir='ltr'><strong>memoriam</strong></span> <span class='ocrx_word' id='word_1_413' title='bbox 3458 2445 3576 2515; x_wconf 73' lang='lat' dir='ltr'><strong>ejus</strong></span> 
     </span>
    </p>
   </div>
   <div class='ocr_carea' id='block_1_56' title="bbox 1988 2531 3574 2597">
    <p class='ocr_par' dir='ltr' id='par_1_56' title="bbox 1988 2531 3574 2597">
     <span class='ocr_line' id='line_1_56' title="bbox 1988 2531 3574 2597; baseline 0.002 -11"><span class='ocrx_word' id='word_1_414' title='bbox 1988 2547 2096 2588; x_wconf 89' lang='lat' dir='ltr'><strong>non</strong></span> <span class='ocrx_word' id='word_1_415' title='bbox 2121 2531 2318 2597; x_wconf 87' lang='lat' dir='ltr'><strong>tradat,</strong></span> <span class='ocrx_word' id='word_1_416' title='bbox 2353 2532 2447 2587; x_wconf 88' lang='lat' dir='ltr'><strong>sed</strong></span> <span class='ocrx_word' id='word_1_417' title='bbox 2479 2532 2531 2586; x_wconf 90' lang='lat' dir='ltr'><strong>in</strong></span> <span class='ocrx_word' id='word_1_418' title='bbox 2563 2540 2744 2586; x_wconf 90' lang='lat' dir='ltr'><strong>mente</strong></span> <span class='ocrx_word' id='word_1_419' title='bbox 2777 2547 2896 2585; x_wconf 90' lang='lat' dir='ltr'><strong>eam</strong></span> <span class='ocrx_word' id='word_1_420' title='bbox 2937 2533 3002 2587; x_wconf 86' lang='lat' dir='ltr'><strong>ad</strong></span> <span class='ocrx_word' id='word_1_421' title='bbox 3029 2535 3111 2588; x_wconf 89' lang='lat' dir='ltr'><strong>sui</strong></span> <span class='ocrx_word' id='word_1_422' title='bbox 3143 2533 3574 2589; x_wconf 88' lang='lat' dir='ltr'><strong>meliorationem</strong></span> 
     </span>
    </p>
   </div>
   <div class='ocr_carea' id='block_1_57' title="bbox 1989 2621 3578 2694">
    <p class='ocr_par' dir='ltr' id='par_1_57' title="bbox 1989 2621 3578 2694">
     <span class='ocr_line' id='line_1_57' title="bbox 1989 2621 3578 2694; baseline 0.003 -20"><span class='ocrx_word' id='word_1_423' title='bbox 1989 2621 2249 2676; x_wconf 87' lang='lat' dir='ltr'><strong>continuo</strong></span> <span class='ocrx_word' id='word_1_424' title='bbox 2275 2630 2478 2687; x_wconf 86' lang='lat' dir='ltr'><strong>servet,</strong></span> <span class='ocrx_word' id='word_1_425' title='bbox 2523 2630 2577 2676; x_wconf 89' lang='lat' dir='ltr'><strong>et</strong></span> <span class='ocrx_word' id='word_1_426' title='bbox 2605 2637 2728 2676; x_wconf 92' lang='lat' dir='ltr'><strong>eum</strong></span> <span class='ocrx_word' id='word_1_427' title='bbox 2764 2623 2855 2692; x_wconf 91' lang='lat' dir='ltr'><strong>qui</strong></span> <span class='ocrx_word' id='word_1_428' title='bbox 2884 2623 2950 2677; x_wconf 91' lang='lat' dir='ltr'><strong>de</strong></span> <span class='ocrx_word' id='word_1_429' title='bbox 2994 2624 3097 2678; x_wconf 93' lang='lat' dir='ltr'><strong>hoc</strong></span> <span class='ocrx_word' id='word_1_430' title='bbox 3123 2623 3318 2678; x_wconf 72' lang='lat' dir='ltr'><strong>s=eculo</strong></span> <span class='ocrx_word' id='word_1_431' title='bbox 3346 2625 3578 2694; x_wconf 84' lang='lat' dir='ltr'><strong>migrare</strong></span> 
     </span>
    </p>
   </div>
   <div class='ocr_carea' id='block_1_58' title="bbox 1989 2709 3576 2782">
    <p class='ocr_par' dir='ltr' id='par_1_58' title="bbox 1989 2709 3576 2782">
     <span class='ocr_line' id='line_1_58' title="bbox 1989 2709 3576 2782; baseline 0.003 -18"><span class='ocrx_word' id='word_1_432' title='bbox 1989 2710 2198 2780; x_wconf 90' lang='lat' dir='ltr'><strong>incipit,</strong></span> <span class='ocrx_word' id='word_1_433' title='bbox 2231 2709 2336 2766; x_wconf 88' lang='lat' dir='ltr'><strong>ﬁde</strong></span> <span class='ocrx_word' id='word_1_434' title='bbox 2361 2712 2700 2775; x_wconf 86' lang='lat' dir='ltr'><strong>corroboret,</strong></span> <span class='ocrx_word' id='word_1_435' title='bbox 2752 2720 2808 2765; x_wconf 87' lang='lat' dir='ltr'><strong>et</strong></span> <span class='ocrx_word' id='word_1_436' title='bbox 2847 2726 2942 2781; x_wconf 92' lang='lat' dir='ltr'><strong>spe</strong></span> <span class='ocrx_word' id='word_1_437' title='bbox 2975 2711 3275 2778; x_wconf 87' lang='lat' dir='ltr'><strong>confortet,</strong></span> <span class='ocrx_word' id='word_1_438' title='bbox 3308 2722 3576 2782; x_wconf 86' lang='lat' dir='ltr'><strong>quatenus</strong></span> 
     </span>
    </p>
   </div>
   <div class='ocr_carea' id='block_1_59' title="bbox 1989 2801 3577 2873">
    <p class='ocr_par' dir='ltr' id='par_1_59' title="bbox 1989 2801 3577 2873">
     <span class='ocr_line' id='line_1_59' title="bbox 1989 2801 3577 2873; baseline 0.002 -18"><span class='ocrx_word' id='word_1_439' title='bbox 1989 2801 2046 2856; x_wconf 89' lang='lat' dir='ltr'><strong>in</strong></span> <span class='ocrx_word' id='word_1_440' title='bbox 2093 2801 2342 2873; x_wconf 85' lang='lat' dir='ltr'><strong>angustia</strong></span> <span class='ocrx_word' id='word_1_441' title='bbox 2389 2801 2562 2856; x_wconf 90' lang='lat' dir='ltr'><strong>ultimi</strong></span> <span class='ocrx_word' id='word_1_442' title='bbox 2613 2802 2872 2871; x_wconf 90' lang='lat' dir='ltr'><strong>temporis</strong></span> <span class='ocrx_word' id='word_1_443' title='bbox 2901 2801 3007 2856; x_wconf 91' lang='lat' dir='ltr'><strong>ﬁde</strong></span> <span class='ocrx_word' id='word_1_444' title='bbox 3054 2818 3160 2857; x_wconf 91' lang='lat' dir='ltr'><strong>non</strong></span> <span class='ocrx_word' id='word_1_445' title='bbox 3214 2803 3445 2867; x_wconf 89' lang='lat' dir='ltr'><strong>deﬁciat,</strong></span> <span class='ocrx_word' id='word_1_446' title='bbox 3481 2807 3577 2858; x_wconf 85' lang='lat' dir='ltr'><strong>sed</strong></span> 
     </span>
    </p>
   </div>
   <div class='ocr_carea' id='block_1_60' title="bbox 1987 2894 3576 2967">
    <p class='ocr_par' dir='ltr' id='par_1_60' title="bbox 1987 2894 3576 2967">
     <span class='ocr_line' id='line_1_60' title="bbox 1987 2894 3576 2967; baseline 0 -19"><span class='ocrx_word' id='word_1_447' title='bbox 1987 2908 2139 2967; x_wconf 75' lang='lat' dir='ltr'><strong>apem</strong></span> <span class='ocrx_word' id='word_1_448' title='bbox 2187 2908 2341 2948; x_wconf 90' lang='lat' dir='ltr'><strong>suam</strong></span> <span class='ocrx_word' id='word_1_449' title='bbox 2372 2895 2483 2948; x_wconf 91' lang='lat' dir='ltr'><strong>Deo</strong></span> <span class='ocrx_word' id='word_1_450' title='bbox 2511 2895 2848 2960; x_wconf 88' lang='lat' dir='ltr'><strong>committat,</strong></span> <span class='ocrx_word' id='word_1_451' title='bbox 2885 2894 3011 2964; x_wconf 85' lang='lat' dir='ltr'><strong>quia</strong></span> <span class='ocrx_word' id='word_1_452' title='bbox 3041 2895 3130 2964; x_wconf 89' lang='lat' dir='ltr'><strong>qui</strong></span> <span class='ocrx_word' id='word_1_453' title='bbox 3170 2894 3309 2949; x_wconf 89' lang='lat' dir='ltr'><strong>bene</strong></span> <span class='ocrx_word' id='word_1_454' title='bbox 3358 2905 3576 2950; x_wconf 79' lang='lat' dir='ltr'><strong>certan-</strong></span> 
     </span>
    </p>
   </div>
   <div class='ocr_carea' id='block_1_61' title="bbox 1987 2987 3574 3058">
    <p class='ocr_par' dir='ltr' id='par_1_61' title="bbox 1987 2987 3574 3058">
     <span class='ocr_line' id='line_1_61' title="bbox 1987 2987 3574 3058; baseline -0.002 -14"><span class='ocrx_word' id='word_1_455' title='bbox 1987 2987 2135 3044; x_wconf 88' lang='lat' dir='ltr'><strong>tibus</strong></span> <span class='ocrx_word' id='word_1_456' title='bbox 2165 2987 2290 3042; x_wconf 90' lang='lat' dir='ltr'><strong>ﬁdei</strong></span> <span class='ocrx_word' id='word_1_457' title='bbox 2317 2989 2512 3043; x_wconf 91' lang='lat' dir='ltr'><strong>merito</strong></span> <span class='ocrx_word' id='word_1_458' title='bbox 2555 2987 2806 3057; x_wconf 91' lang='lat' dir='ltr'><strong>promisit</strong></span> <span class='ocrx_word' id='word_1_459' title='bbox 2851 2987 3154 3057; x_wconf 74' lang='lat' dir='ltr'><strong>prtemium,</strong></span> <span class='ocrx_word' id='word_1_460' title='bbox 3204 2989 3319 3056; x_wconf 90' lang='lat' dir='ltr'><strong>ipse</strong></span> <span class='ocrx_word' id='word_1_461' title='bbox 3352 3003 3574 3058; x_wconf 88' lang='lat' dir='ltr'><strong>sperau-</strong></span> 
     </span>
    </p>
   </div>
   <div class='ocr_carea' id='block_1_62' title="bbox 298 3059 3570 3152">
    <p class='ocr_par' dir='ltr' id='par_1_62' title="bbox 298 3059 3570 3152">
     <span class='ocr_line' id='line_1_62' title="bbox 298 3059 3570 3152; baseline 0 -22"><span class='ocrx_word' id='word_1_462' title='bbox 298 3097 316 3126; x_wconf 77' lang='grc' dir='ltr'>ι</span> <span class='ocrx_word' id='word_1_463' title='bbox 353 3089 499 3132; x_wconf 90' lang='lat' dir='ltr'><strong>ctum</strong></span> <span class='ocrx_word' id='word_1_464' title='bbox 531 3081 822 3134; x_wconf 90' lang='lat' dir='ltr'><strong>secundum</strong></span> <span class='ocrx_word' id='word_1_465' title='bbox 860 3059 1110 3136; x_wconf 78' lang='lat' dir='ltr'><strong>meritum</strong></span> <span class='ocrx_word' id='word_1_466' title='bbox 1141 3081 1258 3152; x_wconf 89' lang='lat' dir='ltr'><strong>ejus</strong></span> <span class='ocrx_word' id='word_1_467' title='bbox 1295 3098 1401 3138; x_wconf 93' lang='lat' dir='ltr'><strong>uno</strong></span> <span class='ocrx_word' id='word_1_468' title='bbox 1433 3084 1520 3138; x_wconf 90' lang='lat' dir='ltr'><strong>die</strong></span> <span class='ocrx_word' id='word_1_469' title='bbox 1561 3085 1643 3140; x_wconf 88' lang='lat' dir='ltr'><strong>vel</strong></span> <span class='ocrx_word' id='word_1_470' title='bbox 1671 3086 1882 3144; x_wconf 87' lang='lat' dir='ltr'><strong>duobus</strong></span> <span class='ocrx_word' id='word_1_471' title='bbox 1909 3059 1956 3122; x_wconf 62' lang='grc' dir='ltr'><strong>(δ</strong></span> <span class='ocrx_word' id='word_1_472' title='bbox 1991 3080 2134 3136; x_wconf 87' lang='lat' dir='ltr'><strong>tibus</strong></span> <span class='ocrx_word' id='word_1_473' title='bbox 2168 3080 2222 3134; x_wconf 92' lang='lat' dir='ltr'><strong>in</strong></span> <span class='ocrx_word' id='word_1_474' title='bbox 2245 3093 2302 3134; x_wconf 90' lang='lat' dir='ltr'><strong>se</strong></span> <span class='ocrx_word' id='word_1_475' title='bbox 2327 3087 2516 3148; x_wconf 89' lang='lat' dir='ltr'><strong>potens</strong></span> <span class='ocrx_word' id='word_1_476' title='bbox 2537 3087 2620 3132; x_wconf 87' lang='lat' dir='ltr'><strong>est</strong></span> <span class='ocrx_word' id='word_1_477' title='bbox 2647 3077 3034 3148; x_wconf 86' lang='lat' dir='ltr'><strong>sempiternum</strong></span> <span class='ocrx_word' id='word_1_478' title='bbox 3058 3069 3296 3132; x_wconf 73' lang='lat' dir='ltr'><strong>tribucre</strong></span> <span class='ocrx_word' id='word_1_479' title='bbox 3324 3093 3570 3148; x_wconf 84' lang='lat' dir='ltr'><strong>regnum.</strong></span> 
     </span>
    </p>
   </div>
   <div class='ocr_carea' id='block_1_63' title="bbox 300 3170 1880 3244">
    <p class='ocr_par' dir='ltr' id='par_1_63' title="bbox 300 3170 1880 3244">
     <span class='ocr_line' id='line_1_63' title="bbox 300 3170 1880 3244; baseline 0.01 -26"><span class='ocrx_word' id='word_1_480' title='bbox 300 3189 318 3218; x_wconf 71' lang='grc' dir='ltr'><strong>ε</strong></span> <span class='ocrx_word' id='word_1_481' title='bbox 355 3177 574 3238; x_wconf 90' lang='lat' dir='ltr'><strong>propter</strong></span> <span class='ocrx_word' id='word_1_482' title='bbox 588 3170 995 3225; x_wconf 84' lang='lat' dir='ltr'><strong>detractionem.</strong></span> <span class='ocrx_word' id='word_1_483' title='bbox 1012 3171 1057 3224; x_wconf 80' lang='grc' dir='ltr'>Α</span> <span class='ocrx_word' id='word_1_484' title='bbox 1075 3172 1292 3226; x_wconf 86' lang='lat' dir='ltr'><strong>tristitia</strong></span> <span class='ocrx_word' id='word_1_485' title='bbox 1312 3174 1457 3228; x_wconf 89' lang='lat' dir='ltr'><strong>enim</strong></span> <span class='ocrx_word' id='word_1_486' title='bbox 1482 3174 1700 3232; x_wconf 83' lang='lat' dir='ltr'><strong>festinat</strong></span> <span class='ocrx_word' id='word_1_487' title='bbox 1714 3192 1880 3244; x_wconf 92' lang='lat' dir='ltr'><strong>mors,</strong></span> 
     </span>
    </p>
   </div>
   <div class='ocr_carea' id='block_1_64' title="bbox 302 3260 1884 3328">
    <p class='ocr_par' dir='ltr' id='par_1_64' title="bbox 302 3260 1884 3328">
     <span class='ocr_line' id='line_1_64' title="bbox 302 3260 1884 3328; baseline 0.011 -20"><span class='ocrx_word' id='word_1_488' title='bbox 302 3277 319 3308; x_wconf 73' lang='grc' dir='ltr'>ι</span> <span class='ocrx_word' id='word_1_489' title='bbox 353 3267 409 3313; x_wconf 91' lang='lat' dir='ltr'><strong>et</strong></span> <span class='ocrx_word' id='word_1_490' title='bbox 438 3260 712 3328; x_wconf 89' lang='lat' dir='ltr'><strong>cooperiet</strong></span> <span class='ocrx_word' id='word_1_491' title='bbox 739 3260 1016 3327; x_wconf 87' lang='lat' dir='ltr'><strong>virtutem,</strong></span> <span class='ocrx_word' id='word_1_492' title='bbox 1049 3271 1102 3318; x_wconf 93' lang='lat' dir='ltr'><strong>et</strong></span> <span class='ocrx_word' id='word_1_493' title='bbox 1126 3265 1343 3320; x_wconf 88' lang='lat' dir='ltr'><strong>tristitia</strong></span> <span class='ocrx_word' id='word_1_494' title='bbox 1371 3267 1551 3322; x_wconf 84' lang='lat' dir='ltr'><strong>cordis</strong></span> <span class='ocrx_word' id='word_1_495' title='bbox 1571 3267 1739 3324; x_wconf 84' lang='lat' dir='ltr'><strong>ﬂectit</strong></span> <span class='ocrx_word' id='word_1_496' title='bbox 1765 3285 1884 3325; x_wconf 83' lang='lat' dir='ltr'><strong>cer-</strong></span> 
     </span>
    </p>
   </div>
   <div class='ocr_carea' id='block_1_65' title="bbox 298 3348 1882 3428">
    <p class='ocr_par' dir='ltr' id='par_1_65' title="bbox 298 3348 1882 3428">
     <span class='ocr_line' id='line_1_65' title="bbox 298 3348 1882 3428; baseline 0.014 -32"><span class='ocrx_word' id='word_1_497' title='bbox 298 3366 316 3396; x_wconf 71' lang='grc' dir='ltr'><strong><em>ι</em></strong></span> <span class='ocrx_word' id='word_1_498' title='bbox 354 3348 546 3402; x_wconf 82' lang='lat' dir='ltr'><strong>vicem.</strong></span> <span class='ocrx_word' id='word_1_499' title='bbox 586 3369 605 3401; x_wconf 72' lang='grc' dir='ltr'><strong>ι</strong></span> <span class='ocrx_word' id='word_1_500' title='bbox 657 3348 884 3419; x_wconf 89' lang='lat' dir='ltr'><strong>Propter</strong></span> <span class='ocrx_word' id='word_1_501' title='bbox 921 3352 1331 3420; x_wconf 87' lang='lat' dir='ltr'><strong>detractionem,</strong></span> <span class='ocrx_word' id='word_1_502' title='bbox 1381 3357 1576 3426; x_wconf 91' lang='lat' dir='ltr'><strong>inquit,</strong></span> <span class='ocrx_word' id='word_1_503' title='bbox 1625 3361 1727 3416; x_wconf 91' lang='lat' dir='ltr'><strong>hoc</strong></span> <span class='ocrx_word' id='word_1_504' title='bbox 1775 3371 1882 3428; x_wconf 81' lang='lat' dir='ltr'><strong>est,</strong></span> 
     </span>
    </p>
   </div>
   <div class='ocr_carea' id='block_1_66' title="bbox 294 3440 1884 3522">
    <p class='ocr_par' dir='ltr' id='par_1_66' title="bbox 294 3440 1884 3522">
     <span class='ocr_line' id='line_1_66' title="bbox 294 3440 1884 3522; baseline 0.01 -32"><span class='ocrx_word' id='word_1_505' title='bbox 294 3448 516 3509; x_wconf 84' lang='lat' dir='ltr'><strong>propter</strong></span> <span class='ocrx_word' id='word_1_506' title='bbox 556 3440 953 3496; x_wconf 89' lang='lat' dir='ltr'><strong>abscessionem</strong></span> <span class='ocrx_word' id='word_1_507' title='bbox 995 3444 1228 3512; x_wconf 83' lang='lat' dir='ltr'><strong>proximi</strong></span> <span class='ocrx_word' id='word_1_508' title='bbox 1268 3447 1556 3504; x_wconf 89' lang='lat' dir='ltr'><strong>coudoleas</strong></span> <span class='ocrx_word' id='word_1_509' title='bbox 1580 3451 1732 3505; x_wconf 90' lang='lat' dir='ltr'><strong>casui</strong></span> <span class='ocrx_word' id='word_1_510' title='bbox 1767 3451 1884 3522; x_wconf 86' lang='lat' dir='ltr'><strong>ejus</strong></span> 
     </span>
    </p>
   </div>
   <div class='ocr_carea' id='block_1_67' title="bbox 292 3532 1881 3606">
    <p class='ocr_par' dir='ltr' id='par_1_67' title="bbox 292 3532 1881 3606">
     <span class='ocr_line' id='line_1_67' title="bbox 292 3532 1881 3606; baseline 0.008 -25"><span class='ocrx_word' id='word_1_511' title='bbox 292 3543 464 3596; x_wconf 87' lang='lat' dir='ltr'><strong>parvo</strong></span> <span class='ocrx_word' id='word_1_512' title='bbox 495 3537 764 3598; x_wconf 89' lang='lat' dir='ltr'><strong>tempore,</strong></span> <span class='ocrx_word' id='word_1_513' title='bbox 809 3539 863 3584; x_wconf 90' lang='lat' dir='ltr'><strong>et</strong></span> <span class='ocrx_word' id='word_1_514' title='bbox 903 3532 1183 3588; x_wconf 86' lang='lat' dir='ltr'><strong>consolare</strong></span> <span class='ocrx_word' id='word_1_515' title='bbox 1214 3534 1266 3588; x_wconf 92' lang='lat' dir='ltr'><strong>in</strong></span> <span class='ocrx_word' id='word_1_516' title='bbox 1299 3549 1395 3605; x_wconf 91' lang='lat' dir='ltr'><strong>spe</strong></span> <span class='ocrx_word' id='word_1_517' title='bbox 1438 3539 1881 3606; x_wconf 89' lang='lat' dir='ltr'><strong>resurrectionis,</strong></span> 
     </span>
    </p>
   </div>
   <div class='ocr_carea' id='block_1_68' title="bbox 293 3621 1884 3684">
    <p class='ocr_par' dir='ltr' id='par_1_68' title="bbox 293 3621 1884 3684">
     <span class='ocr_line' id='line_1_68' title="bbox 293 3621 1884 3684; baseline 0.006 -10"><span class='ocrx_word' id='word_1_518' title='bbox 293 3635 361 3675; x_wconf 91' lang='lat' dir='ltr'><strong>ne</strong></span> <span class='ocrx_word' id='word_1_519' title='bbox 393 3621 610 3675; x_wconf 86' lang='lat' dir='ltr'><strong>tristitia</strong></span> <span class='ocrx_word' id='word_1_520' title='bbox 651 3621 814 3676; x_wconf 89' lang='lat' dir='ltr'><strong>nimia</strong></span> <span class='ocrx_word' id='word_1_521' title='bbox 842 3623 1020 3677; x_wconf 89' lang='lat' dir='ltr'><strong>mittat</strong></span> <span class='ocrx_word' id='word_1_522' title='bbox 1047 3632 1099 3677; x_wconf 91' lang='lat' dir='ltr'><strong>te</strong></span> <span class='ocrx_word' id='word_1_523' title='bbox 1129 3623 1182 3679; x_wconf 93' lang='lat' dir='ltr'><strong>in</strong></span> <span class='ocrx_word' id='word_1_524' title='bbox 1213 3625 1508 3681; x_wconf 91' lang='lat' dir='ltr'><strong>interitum.</strong></span> <span class='ocrx_word' id='word_1_525' title='bbox 1549 3647 1568 3680; x_wconf 71' lang='grc' dir='ltr'>ς</span> <span class='ocrx_word' id='word_1_526' title='bbox 1595 3628 1641 3682; x_wconf 85' lang='grc' dir='ltr'>Α</span> <span class='ocrx_word' id='word_1_527' title='bbox 1665 3629 1884 3684; x_wconf 87' lang='lat' dir='ltr'><strong>tristitia</strong></span> 
     </span>
    </p>
   </div>
   <div class='ocr_carea' id='block_1_69' title="bbox 291 3709 1882 3784">
    <p class='ocr_par' dir='ltr' id='par_1_69' title="bbox 291 3709 1882 3784">
     <span class='ocr_line' id='line_1_69' title="bbox 291 3709 1882 3784; baseline 0.004 -20"><span class='ocrx_word' id='word_1_528' title='bbox 291 3711 436 3764; x_wconf 87' lang='lat' dir='ltr'><strong>enim</strong></span> <span class='ocrx_word' id='word_1_529' title='bbox 465 3709 684 3766; x_wconf 84' lang='lat' dir='ltr'><strong>festinat</strong></span> <span class='ocrx_word' id='word_1_530' title='bbox 713 3726 860 3766; x_wconf 88' lang='lat' dir='ltr'><strong>mors</strong></span> <span class='ocrx_word' id='word_1_531' title='bbox 888 3729 906 3762; x_wconf 72' lang='grc' dir='ltr'><strong><em>ι</em></strong></span> <span class='ocrx_word' id='word_1_532' title='bbox 936 3713 1130 3767; x_wconf 83' lang='lat' dir='ltr'><strong>animae</strong></span> <span class='ocrx_word' id='word_1_533' title='bbox 1153 3713 1510 3784; x_wconf 75' lang='lat' dir='ltr'><strong>chperantis,</strong></span> <span class='ocrx_word' id='word_1_534' title='bbox 1543 3725 1598 3769; x_wconf 92' lang='lat' dir='ltr'><strong>et</strong></span> <span class='ocrx_word' id='word_1_535' title='bbox 1627 3718 1882 3772; x_wconf 82' lang='lat' dir='ltr'><strong>obscurat</strong></span> 
     </span>
    </p>
   </div>
   <div class='ocr_carea' id='block_1_70' title="bbox 290 3803 1882 3876">
    <p class='ocr_par' dir='ltr' id='par_1_70' title="bbox 290 3803 1882 3876">
     <span class='ocr_line' id='line_1_70' title="bbox 290 3803 1882 3876; baseline 0.005 -20"><span class='ocrx_word' id='word_1_536' title='bbox 290 3817 511 3856; x_wconf 89' lang='lat' dir='ltr'><strong>omnem</strong></span> <span class='ocrx_word' id='word_1_537' title='bbox 558 3803 811 3858; x_wconf 90' lang='lat' dir='ltr'><strong>virtutem</strong></span> <span class='ocrx_word' id='word_1_538' title='bbox 851 3804 1005 3859; x_wconf 75' lang='lat' dir='ltr'><strong>bonae</strong></span> <span class='ocrx_word' id='word_1_539' title='bbox 1047 3805 1276 3860; x_wconf 90' lang='lat' dir='ltr'><strong>actionis</strong></span> <span class='ocrx_word' id='word_1_540' title='bbox 1318 3807 1472 3876; x_wconf 86' lang='lat' dir='ltr'><strong>ejus,</strong></span> <span class='ocrx_word' id='word_1_541' title='bbox 1523 3815 1578 3862; x_wconf 90' lang='lat' dir='ltr'><strong>et</strong></span> <span class='ocrx_word' id='word_1_542' title='bbox 1611 3806 1882 3864; x_wconf 88' lang='lat' dir='ltr'><strong>fortitudi-</strong></span> 
     </span>
    </p>
   </div>
   <div class='ocr_carea' id='block_1_71' title="bbox 290 3896 1496 3963">
    <p class='ocr_par' dir='ltr' id='par_1_71' title="bbox 290 3896 1496 3963">
     <span class='ocr_line' id='line_1_71' title="bbox 290 3896 1496 3963; baseline 0.006 -15"><span class='ocrx_word' id='word_1_543' title='bbox 290 3911 416 3949; x_wconf 86' lang='lat' dir='ltr'><strong>nem</strong></span> <span class='ocrx_word' id='word_1_544' title='bbox 445 3896 622 3951; x_wconf 88' lang='lat' dir='ltr'><strong>cordis</strong></span> <span class='ocrx_word' id='word_1_545' title='bbox 651 3897 908 3963; x_wconf 88' lang='lat' dir='ltr'><strong>emolliet,</strong></span> <span class='ocrx_word' id='word_1_546' title='bbox 936 3907 992 3952; x_wconf 92' lang='lat' dir='ltr'><strong>et</strong></span> <span class='ocrx_word' id='word_1_547' title='bbox 1028 3899 1293 3953; x_wconf 89' lang='lat' dir='ltr'><strong>inﬁrmari</strong></span> <span class='ocrx_word' id='word_1_548' title='bbox 1316 3898 1496 3955; x_wconf 83' lang='lat' dir='ltr'><strong>faciet.</strong></span> 
     </span>
    </p>
   </div>
   <div class='ocr_carea' id='block_1_72' title="bbox 369 3982 1879 4056">
    <p class='ocr_par' dir='ltr' id='par_1_72' title="bbox 369 3982 1879 4056">
     <span class='ocr_line' id='line_1_72' title="bbox 369 3982 1879 4056; baseline 0.009 -22"><span class='ocrx_word' id='word_1_549' title='bbox 369 4003 386 4033; x_wconf 74' lang='grc' dir='ltr'>ι</span> <span class='ocrx_word' id='word_1_550' title='bbox 421 3982 477 4036; x_wconf 93' lang='lat' dir='ltr'><strong>ln</strong></span> <span class='ocrx_word' id='word_1_551' title='bbox 522 3983 842 4040; x_wconf 89' lang='lat' dir='ltr'><strong>abductione</strong></span> <span class='ocrx_word' id='word_1_552' title='bbox 869 3997 1146 4056; x_wconf 88' lang='lat' dir='ltr'><strong>permanet</strong></span> <span class='ocrx_word' id='word_1_553' title='bbox 1198 3989 1442 4055; x_wconf 88' lang='lat' dir='ltr'><strong>tristitia,</strong></span> <span class='ocrx_word' id='word_1_554' title='bbox 1493 3998 1547 4045; x_wconf 87' lang='lat' dir='ltr'><strong>et</strong></span> <span class='ocrx_word' id='word_1_555' title='bbox 1575 3992 1879 4047; x_wconf 88' lang='lat' dir='ltr'><strong>substantia</strong></span> 
     </span>
    </p>
   </div>
   <div class='ocr_carea' id='block_1_73' title="bbox 299 4075 1884 4147">
    <p class='ocr_par' dir='ltr' id='par_1_73' title="bbox 299 4075 1884 4147">
     <span class='ocr_line' id='line_1_73' title="bbox 299 4075 1884 4147; baseline 0.008 -21"><span class='ocrx_word' id='word_1_556' title='bbox 299 4094 316 4125; x_wconf 77' lang='grc' dir='ltr'>ι</span> <span class='ocrx_word' id='word_1_557' title='bbox 353 4075 528 4144; x_wconf 88' lang='lat' dir='ltr'><strong>inopis</strong></span> <span class='ocrx_word' id='word_1_558' title='bbox 556 4077 846 4132; x_wconf 89' lang='lat' dir='ltr'><strong>secundum</strong></span> <span class='ocrx_word' id='word_1_559' title='bbox 874 4093 966 4132; x_wconf 92' lang='lat' dir='ltr'><strong>cor</strong></span> <span class='ocrx_word' id='word_1_560' title='bbox 993 4077 1131 4147; x_wconf 87' lang='lat' dir='ltr'><strong>ejus.</strong></span> <span class='ocrx_word' id='word_1_561' title='bbox 1172 4097 1190 4129; x_wconf 79' lang='grc' dir='ltr'><strong><em>ι</em></strong></span> <span class='ocrx_word' id='word_1_562' title='bbox 1221 4078 1323 4135; x_wconf 89' lang='lat' dir='ltr'><strong>Ubi</strong></span> <span class='ocrx_word' id='word_1_563' title='bbox 1350 4081 1494 4134; x_wconf 91' lang='lat' dir='ltr'><strong>enim</strong></span> <span class='ocrx_word' id='word_1_564' title='bbox 1519 4080 1674 4136; x_wconf 88' lang='lat' dir='ltr'><strong>dolor</strong></span> <span class='ocrx_word' id='word_1_565' title='bbox 1695 4082 1884 4138; x_wconf 79' lang='lat' dir='ltr'><strong>immo-</strong></span> 
     </span>
    </p>
   </div>
   <div class='ocr_carea' id='block_1_74' title="bbox 291 4151 1883 4243">
    <p class='ocr_par' dir='ltr' id='par_1_74' title="bbox 291 4151 1883 4243">
     <span class='ocr_line' id='line_1_74' title="bbox 291 4151 1883 4243; baseline 0.007 -27"><span class='ocrx_word' id='word_1_566' title='bbox 291 4163 517 4218; x_wconf 87' lang='lat' dir='ltr'><strong>deratus</strong></span> <span class='ocrx_word' id='word_1_567' title='bbox 535 4164 743 4219; x_wconf 89' lang='lat' dir='ltr'><strong>obtinet</strong></span> <span class='ocrx_word' id='word_1_568' title='bbox 777 4181 890 4228; x_wconf 89' lang='lat' dir='ltr'><strong>cor,</strong></span> <span class='ocrx_word' id='word_1_569' title='bbox 918 4175 972 4221; x_wconf 93' lang='lat' dir='ltr'><strong>et</strong></span> <span class='ocrx_word' id='word_1_570' title='bbox 995 4167 1281 4223; x_wconf 89' lang='lat' dir='ltr'><strong>abducitur</strong></span> <span class='ocrx_word' id='word_1_571' title='bbox 1303 4151 1535 4235; x_wconf 78' lang='lat' dir='ltr'><strong>animus,</strong></span> <span class='ocrx_word' id='word_1_572' title='bbox 1568 4187 1636 4227; x_wconf 91' lang='lat' dir='ltr'><strong>ne</strong></span> <span class='ocrx_word' id='word_1_573' title='bbox 1659 4172 1883 4243; x_wconf 89' lang='lat' dir='ltr'><strong>recipiat</strong></span> 
     </span>
    </p>
   </div>
   <div class='ocr_carea' id='block_1_75' title="bbox 292 4255 1878 4331">
    <p class='ocr_par' dir='ltr' id='par_1_75' title="bbox 292 4255 1878 4331">
     <span class='ocr_line' id='line_1_75' title="bbox 292 4255 1878 4331; baseline 0.006 -23"><span class='ocrx_word' id='word_1_574' title='bbox 292 4255 732 4319; x_wconf 81' lang='lat' dir='ltr'><strong>consolationem,</strong></span> <span class='ocrx_word' id='word_1_575' title='bbox 767 4257 838 4312; x_wconf 91' lang='lat' dir='ltr'><strong>ibi</strong></span> <span class='ocrx_word' id='word_1_576' title='bbox 869 4267 1149 4327; x_wconf 87' lang='lat' dir='ltr'><strong>permanet</strong></span> <span class='ocrx_word' id='word_1_577' title='bbox 1173 4259 1391 4316; x_wconf 91' lang='lat' dir='ltr'><strong>tristitia</strong></span> <span class='ocrx_word' id='word_1_578' title='bbox 1417 4279 1430 4315; x_wconf 93' lang='lat'><strong>:</strong></span> <span class='ocrx_word' id='word_1_579' title='bbox 1471 4263 1596 4331; x_wconf 88' lang='lat' dir='ltr'><strong>quia</strong></span> <span class='ocrx_word' id='word_1_580' title='bbox 1626 4263 1715 4318; x_wconf 90' lang='lat' dir='ltr'><strong>hic</strong></span> <span class='ocrx_word' id='word_1_581' title='bbox 1742 4263 1878 4318; x_wconf 89' lang='lat' dir='ltr'><strong>inci-</strong></span> 
     </span>
    </p>
   </div>
   <div class='ocr_carea' id='block_1_76' title="bbox 293 4346 1881 4423">
    <p class='ocr_par' dir='ltr' id='par_1_76' title="bbox 293 4346 1881 4423">
     <span class='ocr_line' id='line_1_76' title="bbox 293 4346 1881 4423; baseline 0.007 -25"><span class='ocrx_word' id='word_1_582' title='bbox 293 4346 372 4414; x_wconf 88' lang='lat' dir='ltr'><strong>pit</strong></span> <span class='ocrx_word' id='word_1_583' title='bbox 411 4361 510 4414; x_wconf 91' lang='lat' dir='ltr'><strong>per</strong></span> <span class='ocrx_word' id='word_1_584' title='bbox 549 4347 748 4402; x_wconf 88' lang='lat' dir='ltr'><strong>doloris</strong></span> <span class='ocrx_word' id='word_1_585' title='bbox 779 4347 1143 4415; x_wconf 85' lang='lat' dir='ltr'><strong>alﬁictiOnem,</strong></span> <span class='ocrx_word' id='word_1_586' title='bbox 1190 4361 1247 4405; x_wconf 89' lang='lat' dir='ltr'><strong>et</strong></span> <span class='ocrx_word' id='word_1_587' title='bbox 1291 4349 1347 4405; x_wconf 95' lang='lat' dir='ltr'><strong>in</strong></span> <span class='ocrx_word' id='word_1_588' title='bbox 1385 4351 1566 4406; x_wconf 81' lang='lat' dir='ltr'><strong>futura</strong></span> <span class='ocrx_word' id='word_1_589' title='bbox 1596 4364 1881 4423; x_wconf 90' lang='lat' dir='ltr'><strong>permanet</strong></span> 
     </span>
    </p>
   </div>
   <div class='ocr_carea' id='block_1_77' title="bbox 2067 3166 3574 3239">
    <p class='ocr_par' dir='ltr' id='par_1_77' title="bbox 2067 3166 3574 3239">
     <span class='ocr_line' id='line_1_77' title="bbox 2067 3166 3574 3239; baseline 0 -19"><span class='ocrx_word' id='word_1_590' title='bbox 2067 3187 2086 3220; x_wconf 76' lang='grc' dir='ltr'>ι</span> <span class='ocrx_word' id='word_1_591' title='bbox 2132 3168 2466 3239; x_wconf 89' lang='lat' dir='ltr'><strong>Sapientiam</strong></span> <span class='ocrx_word' id='word_1_592' title='bbox 2492 3167 2669 3222; x_wconf 89' lang='lat' dir='ltr'><strong>scribe</strong></span> <span class='ocrx_word' id='word_1_593' title='bbox 2696 3167 2750 3220; x_wconf 90' lang='lat' dir='ltr'><strong>in</strong></span> <span class='ocrx_word' id='word_1_594' title='bbox 2787 3175 3028 3236; x_wconf 89' lang='lat' dir='ltr'><strong>tempore</strong></span> <span class='ocrx_word' id='word_1_595' title='bbox 3069 3167 3377 3232; x_wconf 87' lang='lat' dir='ltr'><strong>vacuitatis,</strong></span> <span class='ocrx_word' id='word_1_596' title='bbox 3407 3174 3461 3220; x_wconf 92' lang='lat' dir='ltr'><strong>et</strong></span> <span class='ocrx_word' id='word_1_597' title='bbox 3481 3166 3574 3236; x_wconf 89' lang='lat' dir='ltr'><strong>qui</strong></span> 
     </span>
    </p>
   </div>
   <div class='ocr_carea' id='block_1_78' title="bbox 1995 3255 3574 3326">
    <p class='ocr_par' dir='ltr' id='par_1_78' title="bbox 1995 3255 3574 3326">
     <span class='ocr_line' id='line_1_78' title="bbox 1995 3255 3574 3326; baseline -0.001 -14"><span class='ocrx_word' id='word_1_598' title='bbox 1995 3278 2014 3312; x_wconf 70' lang='grc' dir='ltr'><strong><em>ι</em></strong></span> <span class='ocrx_word' id='word_1_599' title='bbox 2063 3259 2365 3313; x_wconf 87' lang='lat' dir='ltr'><strong>minoratur</strong></span> <span class='ocrx_word' id='word_1_600' title='bbox 2420 3265 2543 3311; x_wconf 91' lang='lat' dir='ltr'><strong>actu</strong></span> <span class='ocrx_word' id='word_1_601' title='bbox 2572 3297 2588 3322; x_wconf 91' lang='lat'><strong>,</strong></span> <span class='ocrx_word' id='word_1_602' title='bbox 2639 3255 2962 3326; x_wconf 84' lang='lat' dir='ltr'><strong>sapientiam</strong></span> <span class='ocrx_word' id='word_1_603' title='bbox 3002 3256 3282 3324; x_wconf 87' lang='lat' dir='ltr'><strong>percipiet.</strong></span> <span class='ocrx_word' id='word_1_604' title='bbox 3331 3274 3349 3306; x_wconf 72' lang='grc' dir='ltr'>ι</span> <span class='ocrx_word' id='word_1_605' title='bbox 3413 3256 3574 3310; x_wconf 86' lang='lat' dir='ltr'><strong>Docet</strong></span> 
     </span>
    </p>
   </div>
   <div class='ocr_carea' id='block_1_79' title="bbox 1987 3346 3573 3420">
    <p class='ocr_par' dir='ltr' id='par_1_79' title="bbox 1987 3346 3573 3420">
     <span class='ocr_line' id='line_1_79' title="bbox 1987 3346 3573 3420; baseline -0.003 -16"><span class='ocrx_word' id='word_1_606' title='bbox 1987 3362 2118 3420; x_wconf 86' lang='lat' dir='ltr'><strong>ergo</strong></span> <span class='ocrx_word' id='word_1_607' title='bbox 2151 3357 2230 3413; x_wconf 92' lang='lat' dir='ltr'><strong>ut,</strong></span> <span class='ocrx_word' id='word_1_608' title='bbox 2263 3348 2390 3402; x_wconf 92' lang='lat' dir='ltr'><strong>dum</strong></span> <span class='ocrx_word' id='word_1_609' title='bbox 2438 3356 2596 3401; x_wconf 90' lang='lat' dir='ltr'><strong>vacat</strong></span> <span class='ocrx_word' id='word_1_610' title='bbox 2633 3357 2687 3401; x_wconf 88' lang='lat' dir='ltr'><strong>et</strong></span> <span class='ocrx_word' id='word_1_611' title='bbox 2733 3347 2902 3400; x_wconf 87' lang='lat' dir='ltr'><strong>otium</strong></span> <span class='ocrx_word' id='word_1_612' title='bbox 2954 3347 3231 3412; x_wconf 86' lang='lat' dir='ltr'><strong>habemus,</strong></span> <span class='ocrx_word' id='word_1_613' title='bbox 3258 3346 3573 3416; x_wconf 83' lang='lat' dir='ltr'><strong>sapientiam</strong></span> 
     </span>
    </p>
   </div>
   <div class='ocr_carea' id='block_1_80' title="bbox 1988 3439 3576 3504">
    <p class='ocr_par' dir='ltr' id='par_1_80' title="bbox 1988 3439 3576 3504">
     <span class='ocr_line' id='line_1_80' title="bbox 1988 3439 3576 3504; baseline -0.002 -8"><span class='ocrx_word' id='word_1_614' title='bbox 1988 3441 2226 3497; x_wconf 87' lang='lat' dir='ltr'><strong>divinam</strong></span> <span class='ocrx_word' id='word_1_615' title='bbox 2257 3441 2551 3504; x_wconf 88' lang='lat' dir='ltr'><strong>discamus,</strong></span> <span class='ocrx_word' id='word_1_616' title='bbox 2582 3447 2634 3494; x_wconf 88' lang='lat' dir='ltr'><strong>et</strong></span> <span class='ocrx_word' id='word_1_617' title='bbox 2673 3454 2793 3493; x_wconf 91' lang='lat' dir='ltr'><strong>cam</strong></span> <span class='ocrx_word' id='word_1_618' title='bbox 2842 3439 2896 3492; x_wconf 89' lang='lat' dir='ltr'><strong>in</strong></span> <span class='ocrx_word' id='word_1_619' title='bbox 2931 3439 3128 3494; x_wconf 89' lang='lat' dir='ltr'><strong>tabulis</strong></span> <span class='ocrx_word' id='word_1_620' title='bbox 3172 3441 3354 3494; x_wconf 88' lang='lat' dir='ltr'><strong>cordis</strong></span> <span class='ocrx_word' id='word_1_621' title='bbox 3405 3440 3576 3494; x_wconf 75' lang='lat' dir='ltr'><strong>nostri</strong></span> 
     </span>
    </p>
   </div>
   <div class='ocr_carea' id='block_1_81' title="bbox 1988 3529 3576 3600">
    <p class='ocr_par' dir='ltr' id='par_1_81' title="bbox 1988 3529 3576 3600">
     <span class='ocr_line' id='line_1_81' title="bbox 1988 3529 3576 3600; baseline -0.004 -12"><span class='ocrx_word' id='word_1_622' title='bbox 1988 3533 2311 3598; x_wconf 89' lang='lat' dir='ltr'><strong>scribamus,</strong></span> <span class='ocrx_word' id='word_1_623' title='bbox 2351 3531 2475 3600; x_wconf 86' lang='lat' dir='ltr'><strong>quia</strong></span> <span class='ocrx_word' id='word_1_624' title='bbox 2534 3529 2622 3584; x_wconf 88' lang='lat' dir='ltr'><strong>ille</strong></span> <span class='ocrx_word' id='word_1_625' title='bbox 2649 3529 2740 3598; x_wconf 90' lang='lat' dir='ltr'><strong>qui</strong></span> <span class='ocrx_word' id='word_1_626' title='bbox 2793 3529 3247 3599; x_wconf 86' lang='lat' dir='ltr'><strong>concupiscentiis</strong></span> <span class='ocrx_word' id='word_1_627' title='bbox 3294 3530 3474 3582; x_wconf 89' lang='lat' dir='ltr'><strong>carnis</strong></span> <span class='ocrx_word' id='word_1_628' title='bbox 3521 3537 3576 3582; x_wconf 91' lang='lat' dir='ltr'><strong>et</strong></span> 
     </span>
    </p>
   </div>
   <div class='ocr_carea' id='block_1_82' title="bbox 1986 3617 3571 3693">
    <p class='ocr_par' dir='ltr' id='par_1_82' title="bbox 1986 3617 3571 3693">
     <span class='ocr_line' id='line_1_82' title="bbox 1986 3617 3571 3693; baseline -0.006 -15"><span class='ocrx_word' id='word_1_629' title='bbox 1986 3622 2352 3693; x_wconf 90' lang='lat' dir='ltr'><strong>voluptatibus</strong></span> <span class='ocrx_word' id='word_1_630' title='bbox 2377 3619 2558 3676; x_wconf 68' lang='lat' dir='ltr'><strong>saeculi</strong></span> <span class='ocrx_word' id='word_1_631' title='bbox 2595 3619 2799 3674; x_wconf 89' lang='lat' dir='ltr'><strong>servire</strong></span> <span class='ocrx_word' id='word_1_632' title='bbox 2847 3617 3078 3682; x_wconf 88' lang='lat' dir='ltr'><strong>desistit,</strong></span> <span class='ocrx_word' id='word_1_633' title='bbox 3110 3617 3196 3672; x_wconf 89' lang='lat' dir='ltr'><strong>ille</strong></span> <span class='ocrx_word' id='word_1_634' title='bbox 3235 3617 3571 3685; x_wconf 89' lang='lat' dir='ltr'><strong>Scripturam</strong></span> 
     </span>
    </p>
   </div>
   <div class='ocr_carea' id='block_1_83' title="bbox 1987 3709 3570 3780">
    <p class='ocr_par' dir='ltr' id='par_1_83' title="bbox 1987 3709 3570 3780">
     <span class='ocr_line' id='line_1_83' title="bbox 1987 3709 3570 3780; baseline -0.004 -13"><span class='ocrx_word' id='word_1_635' title='bbox 1987 3713 2195 3768; x_wconf 89' lang='lat' dir='ltr'><strong>intente</strong></span> <span class='ocrx_word' id='word_1_636' title='bbox 2239 3711 2549 3766; x_wconf 88' lang='lat' dir='ltr'><strong>meditando</strong></span> <span class='ocrx_word' id='word_1_637' title='bbox 2575 3725 2820 3780; x_wconf 79' lang='lat' dir='ltr'><strong>superna:</strong></span> <span class='ocrx_word' id='word_1_638' title='bbox 2846 3709 3315 3779; x_wconf 88' lang='lat' dir='ltr'><strong>contemplationis</strong></span> <span class='ocrx_word' id='word_1_639' title='bbox 3347 3724 3570 3761; x_wconf 85' lang='lat' dir='ltr'><strong>munere</strong></span> 
     </span>
    </p>
   </div>
   <div class='ocr_carea' id='block_1_84' title="bbox 1985 3799 3572 3873">
    <p class='ocr_par' dir='ltr' id='par_1_84' title="bbox 1985 3799 3572 3873">
     <span class='ocr_line' id='line_1_84' title="bbox 1985 3799 3572 3873; baseline -0.003 -17"><span class='ocrx_word' id='word_1_640' title='bbox 1985 3801 2271 3873; x_wconf 86' lang='lat' dir='ltr'><strong>gaudebit;</strong></span> <span class='ocrx_word' id='word_1_641' title='bbox 2319 3801 2416 3856; x_wconf 92' lang='lat' dir='ltr'><strong>sed</strong></span> <span class='ocrx_word' id='word_1_642' title='bbox 2477 3801 2734 3870; x_wconf 90' lang='lat' dir='ltr'><strong>quoniam</strong></span> <span class='ocrx_word' id='word_1_643' title='bbox 2801 3799 3078 3869; x_wconf 68' lang='lat' dir='ltr'><strong>sapientiae</strong></span> <span class='ocrx_word' id='word_1_644' title='bbox 3137 3800 3279 3854; x_wconf 90' lang='lat' dir='ltr'><strong>dono</strong></span> <span class='ocrx_word' id='word_1_645' title='bbox 3357 3799 3572 3866; x_wconf 86' lang='lat' dir='ltr'><strong>penitus</strong></span> 
     </span>
    </p>
   </div>
   <div class='ocr_carea' id='block_1_85' title="bbox 1984 3892 3571 3963">
    <p class='ocr_par' dir='ltr' id='par_1_85' title="bbox 1984 3892 3571 3963">
     <span class='ocr_line' id='line_1_85' title="bbox 1984 3892 3571 3963; baseline -0.003 -15"><span class='ocrx_word' id='word_1_646' title='bbox 1984 3893 2232 3948; x_wconf 81' lang='lat' dir='ltr'><strong>extranei</strong></span> <span class='ocrx_word' id='word_1_647' title='bbox 2263 3908 2368 3947; x_wconf 92' lang='lat' dir='ltr'><strong>non</strong></span> <span class='ocrx_word' id='word_1_648' title='bbox 2401 3902 2528 3947; x_wconf 89' lang='lat' dir='ltr'><strong>sunt</strong></span> <span class='ocrx_word' id='word_1_649' title='bbox 2567 3893 2657 3962; x_wconf 86' lang='lat' dir='ltr'><strong>qui</strong></span> <span class='ocrx_word' id='word_1_650' title='bbox 2702 3892 3042 3963; x_wconf 63' lang='lat' dir='ltr'><strong>agricultura:</strong></span> <span class='ocrx_word' id='word_1_651' title='bbox 3089 3900 3328 3960; x_wconf 89' lang='lat' dir='ltr'><strong>tempore</strong></span> <span class='ocrx_word' id='word_1_652' title='bbox 3375 3906 3571 3960; x_wconf 86' lang='lat' dir='ltr'><strong>oppor-</strong></span> 
     </span>
    </p>
   </div>
   <div class='ocr_carea' id='block_1_86' title="bbox 1987 3981 3566 4052">
    <p class='ocr_par' dir='ltr' id='par_1_86' title="bbox 1987 3981 3566 4052">
     <span class='ocr_line' id='line_1_86' title="bbox 1987 3981 3566 4052; baseline -0.001 -16"><span class='ocrx_word' id='word_1_653' title='bbox 1987 3991 2117 4037; x_wconf 92' lang='lat' dir='ltr'><strong>tuno</strong></span> <span class='ocrx_word' id='word_1_654' title='bbox 2143 3983 2425 4048; x_wconf 86' lang='lat' dir='ltr'><strong>insistunt,</strong></span> <span class='ocrx_word' id='word_1_655' title='bbox 2453 3990 2508 4036; x_wconf 92' lang='lat' dir='ltr'><strong>et</strong></span> <span class='ocrx_word' id='word_1_656' title='bbox 2533 3982 2886 4036; x_wconf 88' lang='lat' dir='ltr'><strong>artiﬁciorum</strong></span> <span class='ocrx_word' id='word_1_657' title='bbox 2913 3981 3267 4052; x_wconf 88' lang='lat' dir='ltr'><strong>singulorum,</strong></span> <span class='ocrx_word' id='word_1_658' title='bbox 3293 3981 3488 4051; x_wconf 88' lang='lat' dir='ltr'><strong>quibus</strong></span> <span class='ocrx_word' id='word_1_659' title='bbox 3513 3981 3566 4034; x_wconf 89' lang='lat' dir='ltr'><strong>in</strong></span> 
     </span>
    </p>
   </div>
   <div class='ocr_carea' id='block_1_87' title="bbox 1986 4071 3568 4146">
    <p class='ocr_par' dir='ltr' id='par_1_87' title="bbox 1986 4071 3568 4146">
     <span class='ocr_line' id='line_1_87' title="bbox 1986 4071 3568 4146; baseline -0.001 -18"><span class='ocrx_word' id='word_1_660' title='bbox 1986 4075 2239 4146; x_wconf 64' lang='lat' dir='ltr'><strong>praesenti</strong></span> <span class='ocrx_word' id='word_1_661' title='bbox 2291 4073 2402 4128; x_wconf 85' lang='lat' dir='ltr'><strong>vita</strong></span> <span class='ocrx_word' id='word_1_662' title='bbox 2448 4073 2697 4127; x_wconf 91' lang='lat' dir='ltr'><strong>homines</strong></span> <span class='ocrx_word' id='word_1_663' title='bbox 2726 4071 2964 4126; x_wconf 88' lang='lat' dir='ltr'><strong>studiose</strong></span> <span class='ocrx_word' id='word_1_664' title='bbox 3015 4071 3281 4138; x_wconf 90' lang='lat' dir='ltr'><strong>laborant,</strong></span> <span class='ocrx_word' id='word_1_665' title='bbox 3314 4071 3568 4141; x_wconf 81' lang='lat' dir='ltr'><strong>peritiam</strong></span> 
     </span>
    </p>
   </div>
   <div class='ocr_carea' id='block_1_88' title="bbox 1985 4161 3561 4234">
    <p class='ocr_par' dir='ltr' id='par_1_88' title="bbox 1985 4161 3561 4234">
     <span class='ocr_line' id='line_1_88' title="bbox 1985 4161 3561 4234; baseline -0.004 -14"><span class='ocrx_word' id='word_1_666' title='bbox 1985 4167 2206 4229; x_wconf 89' lang='lat' dir='ltr'><strong>habent,</strong></span> <span class='ocrx_word' id='word_1_667' title='bbox 2230 4164 2467 4234; x_wconf 88' lang='lat' dir='ltr'><strong>primum</strong></span> <span class='ocrx_word' id='word_1_668' title='bbox 2513 4177 2644 4234; x_wconf 87' lang='lat' dir='ltr'><strong>ergo</strong></span> <span class='ocrx_word' id='word_1_669' title='bbox 2682 4177 2870 4217; x_wconf 87' lang='lat' dir='ltr'><strong>eorum</strong></span> <span class='ocrx_word' id='word_1_670' title='bbox 2919 4165 3204 4215; x_wconf 82' lang='lat' dir='ltr'><strong>enumerat</strong></span> <span class='ocrx_word' id='word_1_671' title='bbox 3248 4161 3561 4226; x_wconf 89' lang='lat' dir='ltr'><strong>scientiam;</strong></span> 
     </span>
    </p>
   </div>
   <div class='ocr_carea' id='block_1_89' title="bbox 1983 4254 3562 4326">
    <p class='ocr_par' dir='ltr' id='par_1_89' title="bbox 1983 4254 3562 4326">
     <span class='ocr_line' id='line_1_89' title="bbox 1983 4254 3562 4326; baseline -0.004 -12"><span class='ocrx_word' id='word_1_672' title='bbox 1983 4260 2178 4314; x_wconf 88' lang='lat' dir='ltr'><strong>deinde</strong></span> <span class='ocrx_word' id='word_1_673' title='bbox 2207 4257 2410 4313; x_wconf 89' lang='lat' dir='ltr'><strong>addens</strong></span> <span class='ocrx_word' id='word_1_674' title='bbox 2435 4255 2686 4326; x_wconf 91' lang='lat' dir='ltr'><strong>proponit</strong></span> <span class='ocrx_word' id='word_1_675' title='bbox 2713 4255 2818 4310; x_wconf 93' lang='lat' dir='ltr'><strong>illis</strong></span> <span class='ocrx_word' id='word_1_676' title='bbox 2861 4269 3046 4309; x_wconf 90' lang='lat' dir='ltr'><strong>veram</strong></span> <span class='ocrx_word' id='word_1_677' title='bbox 3070 4254 3413 4324; x_wconf 87' lang='lat' dir='ltr'><strong>sapientiam,</strong></span> <span class='ocrx_word' id='word_1_678' title='bbox 3441 4271 3562 4325; x_wconf 75' lang='lat' dir='ltr'><strong>qua:</strong></span> 
     </span>
    </p>
   </div>
   <div class='ocr_carea' id='block_1_90' title="bbox 1983 4343 3564 4418">
    <p class='ocr_par' dir='ltr' id='par_1_90' title="bbox 1983 4343 3564 4418">
     <span class='ocr_line' id='line_1_90' title="bbox 1983 4343 3564 4418; baseline -0.002 -17"><span class='ocrx_word' id='word_1_679' title='bbox 1983 4349 2036 4402; x_wconf 90' lang='lat' dir='ltr'><strong>in</strong></span> <span class='ocrx_word' id='word_1_680' title='bbox 2067 4347 2340 4418; x_wconf 87' lang='lat' dir='ltr'><strong>agnitione</strong></span> <span class='ocrx_word' id='word_1_681' title='bbox 2369 4344 2664 4399; x_wconf 88' lang='lat' dir='ltr'><strong>voluntatis</strong></span> <span class='ocrx_word' id='word_1_682' title='bbox 2692 4343 2808 4409; x_wconf 90' lang='lat' dir='ltr'><strong>Dei,</strong></span> <span class='ocrx_word' id='word_1_683' title='bbox 2833 4352 2889 4398; x_wconf 90' lang='lat' dir='ltr'><strong>ct</strong></span> <span class='ocrx_word' id='word_1_684' title='bbox 2923 4343 2977 4396; x_wconf 90' lang='lat' dir='ltr'><strong>in</strong></span> <span class='ocrx_word' id='word_1_685' title='bbox 3007 4343 3250 4398; x_wconf 85' lang='lat' dir='ltr'><strong>custodia</strong></span> <span class='ocrx_word' id='word_1_686' title='bbox 3279 4345 3564 4399; x_wconf 88' lang='lat' dir='ltr'><strong>mandato-</strong></span> 
     </span>
    </p>
   </div>
   <div class='ocr_carea' id='block_1_91' title="bbox 292 4413 1900 4510">
    <p class='ocr_par' dir='ltr' id='par_1_91' title="bbox 292 4413 1876 4510">
     <span class='ocr_line' id='line_1_91' title="bbox 292 4413 1876 4510; baseline 0.009 -25"><span class='ocrx_word' id='word_1_687' title='bbox 292 4413 473 4505; x_wconf 72' lang='lat' dir='ltr'><strong>pmna,</strong></span> <span class='ocrx_word' id='word_1_688' title='bbox 488 4445 708 4507; x_wconf 80' lang='lat' dir='ltr'><strong>prapter</strong></span> <span class='ocrx_word' id='word_1_689' title='bbox 729 4437 1074 4494; x_wconf 77' lang='lat' dir='ltr'><strong>diliidentiam</strong></span> <span class='ocrx_word' id='word_1_690' title='bbox 1100 4413 1348 4510; x_wconf 67' lang='lat' dir='ltr'><strong>supernae</strong></span> <span class='ocrx_word' id='word_1_691' title='bbox 1362 4413 1876 4500; x_wconf 67' lang='lat' dir='ltr'><strong>consolationisNe-</strong></span> 
     </span>
    </p>
   </div>
   <div class='ocr_carea' id='block_1_92' title="bbox 1995 4413 3562 4510">
    <p class='ocr_par' dir='ltr' id='par_1_92' title="bbox 1995 4413 3562 4506">
     <span class='ocr_line' id='line_1_92' title="bbox 1995 4413 3562 4506; baseline 0 -16"><span class='ocrx_word' id='word_1_692' title='bbox 1995 4413 2244 4506; x_wconf 37' lang='lat' dir='ltr'><strong>rum&#39;ejus</strong></span> <span class='ocrx_word' id='word_1_693' title='bbox 2282 4451 2379 4506; x_wconf 89' lang='lat' dir='ltr'><strong>per</strong></span> <span class='ocrx_word' id='word_1_694' title='bbox 2422 4435 2769 4491; x_wconf 89' lang='lat' dir='ltr'><strong>dilectionem</strong></span> <span class='ocrx_word' id='word_1_695' title='bbox 2817 4433 3084 4500; x_wconf 89' lang='lat' dir='ltr'><strong>consistit,</strong></span> <span class='ocrx_word' id='word_1_696' title='bbox 3121 4441 3182 4488; x_wconf 89' lang='lat' dir='ltr'><strong>ut</strong></span> <span class='ocrx_word' id='word_1_697' title='bbox 3227 4434 3343 4504; x_wconf 87' lang='lat' dir='ltr'><strong>ipsa</strong></span> <span class='ocrx_word' id='word_1_698' title='bbox 3382 4450 3562 4491; x_wconf 90' lang='lat' dir='ltr'><strong>arcem</strong></span> 
     </span>
    </p>
   </div>
   <div class='ocr_carea' id='block_1_93' title="bbox 295 4525 1876 4602">
    <p class='ocr_par' dir='ltr' id='par_1_93' title="bbox 295 4525 1876 4602">
     <span class='ocr_line' id='line_1_93' title="bbox 295 4525 1876 4602; baseline 0.008 -24"><span class='ocrx_word' id='word_1_699' title='bbox 295 4525 496 4579; x_wconf 87' lang='lat' dir='ltr'><strong>raciter</strong></span> <span class='ocrx_word' id='word_1_700' title='bbox 520 4528 663 4581; x_wconf 91' lang='lat' dir='ltr'><strong>enim</strong></span> <span class='ocrx_word' id='word_1_701' title='bbox 691 4537 1020 4597; x_wconf 87' lang='lat' dir='ltr'><strong>temperatur</strong></span> <span class='ocrx_word' id='word_1_702' title='bbox 1039 4531 1342 4585; x_wconf 85' lang='lat' dir='ltr'><strong>substantia</strong></span> <span class='ocrx_word' id='word_1_703' title='bbox 1365 4531 1466 4585; x_wconf 81' lang='lat' dir='ltr'><strong>viri</strong></span> <span class='ocrx_word' id='word_1_704' title='bbox 1496 4532 1671 4602; x_wconf 84' lang='lat' dir='ltr'><strong>inepis</strong></span> <span class='ocrx_word' id='word_1_705' title='bbox 1694 4535 1876 4591; x_wconf 89' lang='lat' dir='ltr'><strong>animo</strong></span> 
     </span>
    </p>
   </div>
   <div class='ocr_carea' id='block_1_94' title="bbox 289 4616 1878 4690">
    <p class='ocr_par' dir='ltr' id='par_1_94' title="bbox 289 4616 1878 4690">
     <span class='ocr_line' id='line_1_94' title="bbox 289 4616 1878 4690; baseline 0.008 -21"><span class='ocrx_word' id='word_1_706' title='bbox 289 4616 586 4670; x_wconf 86' lang='lat' dir='ltr'><strong>secundum</strong></span> <span class='ocrx_word' id='word_1_707' title='bbox 605 4632 699 4672; x_wconf 89' lang='lat' dir='ltr'><strong>cor</strong></span> <span class='ocrx_word' id='word_1_708' title='bbox 725 4617 858 4686; x_wconf 91' lang='lat' dir='ltr'><strong>ejus,</strong></span> <span class='ocrx_word' id='word_1_709' title='bbox 885 4620 1008 4689; x_wconf 88' lang='lat' dir='ltr'><strong>quia</strong></span> <span class='ocrx_word' id='word_1_710' title='bbox 1037 4629 1297 4690; x_wconf 90' lang='lat' dir='ltr'><strong>quantum</strong></span> <span class='ocrx_word' id='word_1_711' title='bbox 1325 4622 1477 4676; x_wconf 90' lang='lat' dir='ltr'><strong>deest</strong></span> <span class='ocrx_word' id='word_1_712' title='bbox 1502 4622 1575 4676; x_wconf 91' lang='lat' dir='ltr'><strong>illi</strong></span> <span class='ocrx_word' id='word_1_713' title='bbox 1609 4624 1660 4676; x_wconf 93' lang='lat' dir='ltr'><strong>in</strong></span> <span class='ocrx_word' id='word_1_714' title='bbox 1691 4626 1793 4679; x_wconf 89' lang='lat' dir='ltr'><strong>lide</strong></span> <span class='ocrx_word' id='word_1_715' title='bbox 1821 4633 1878 4681; x_wconf 91' lang='lat' dir='ltr'><strong>et</strong></span> 
     </span>
    </p>
   </div>
   <div class='ocr_carea' id='block_1_95' title="bbox 287 4710 1871 4780">
    <p class='ocr_par' dir='ltr' id='par_1_95' title="bbox 287 4710 1871 4780">
     <span class='ocr_line' id='line_1_95' title="bbox 287 4710 1871 4780; baseline 0.006 -20"><span class='ocrx_word' id='word_1_716' title='bbox 287 4722 406 4775; x_wconf 88' lang='lat' dir='ltr'><strong>spe,</strong></span> <span class='ocrx_word' id='word_1_717' title='bbox 439 4715 647 4763; x_wconf 90' lang='lat' dir='ltr'><strong>tantum</strong></span> <span class='ocrx_word' id='word_1_718' title='bbox 673 4710 748 4762; x_wconf 89' lang='lat' dir='ltr'><strong>illi</strong></span> <span class='ocrx_word' id='word_1_719' title='bbox 784 4711 978 4764; x_wconf 90' lang='lat' dir='ltr'><strong>crescit</strong></span> <span class='ocrx_word' id='word_1_720' title='bbox 1005 4725 1206 4765; x_wconf 67' lang='lat' dir='ltr'><strong>maeror</strong></span> <span class='ocrx_word' id='word_1_721' title='bbox 1232 4711 1286 4765; x_wconf 92' lang='lat' dir='ltr'><strong>in</strong></span> <span class='ocrx_word' id='word_1_722' title='bbox 1316 4713 1562 4780; x_wconf 88' lang='lat' dir='ltr'><strong>angustia</strong></span> <span class='ocrx_word' id='word_1_723' title='bbox 1584 4722 1640 4767; x_wconf 88' lang='lat' dir='ltr'><strong>et</strong></span> <span class='ocrx_word' id='word_1_724' title='bbox 1666 4714 1871 4771; x_wconf 61' lang='lat' dir='ltr'><strong>dolare.</strong></span> 
     </span>
    </p>
   </div>
   <div class='ocr_carea' id='block_1_96' title="bbox 366 4799 1876 4874">
    <p class='ocr_par' dir='ltr' id='par_1_96' title="bbox 366 4799 1876 4874">
     <span class='ocr_line' id='line_1_96' title="bbox 366 4799 1876 4874; baseline 0.008 -24"><span class='ocrx_word' id='word_1_725' title='bbox 366 4817 386 4850; x_wconf 75' lang='grc' dir='ltr'>ι</span> <span class='ocrx_word' id='word_1_726' title='bbox 415 4799 532 4854; x_wconf 89' lang='lat' dir='ltr'><strong>Non</strong></span> <span class='ocrx_word' id='word_1_727' title='bbox 577 4801 790 4855; x_wconf 88' lang='lat' dir='ltr'><strong>dederis</strong></span> <span class='ocrx_word' id='word_1_728' title='bbox 835 4801 887 4855; x_wconf 91' lang='lat' dir='ltr'><strong>in</strong></span> <span class='ocrx_word' id='word_1_729' title='bbox 934 4802 1152 4857; x_wconf 85' lang='lat' dir='ltr'><strong>tristitia</strong></span> <span class='ocrx_word' id='word_1_730' title='bbox 1184 4818 1277 4858; x_wconf 90' lang='lat' dir='ltr'><strong>cor</strong></span> <span class='ocrx_word' id='word_1_731' title='bbox 1322 4811 1491 4868; x_wconf 90' lang='lat' dir='ltr'><strong>tuum,</strong></span> <span class='ocrx_word' id='word_1_732' title='bbox 1537 4805 1629 4859; x_wconf 88' lang='lat' dir='ltr'><strong>sed</strong></span> <span class='ocrx_word' id='word_1_733' title='bbox 1679 4805 1876 4874; x_wconf 84' lang='lat' dir='ltr'><strong>repelle</strong></span> 
     </span>
    </p>
   </div>
   <div class='ocr_carea' id='block_1_97' title="bbox 291 4892 1866 4954">
    <p class='ocr_par' dir='ltr' id='par_1_97' title="bbox 291 4892 1866 4954">
     <span class='ocr_line' id='line_1_97' title="bbox 291 4892 1866 4954; baseline 0.006 -14"><span class='ocrx_word' id='word_1_734' title='bbox 291 4907 312 4940; x_wconf 70' lang='grc' dir='ltr'>ί</span> <span class='ocrx_word' id='word_1_735' title='bbox 349 4903 472 4942; x_wconf 85' lang='lat' dir='ltr'><strong>eam</strong></span> <span class='ocrx_word' id='word_1_736' title='bbox 499 4905 529 4942; x_wconf 92' lang='lat' dir='ltr'><strong>a</strong></span> <span class='ocrx_word' id='word_1_737' title='bbox 562 4897 633 4954; x_wconf 89' lang='lat' dir='ltr'><strong>te,</strong></span> <span class='ocrx_word' id='word_1_738' title='bbox 667 4896 724 4942; x_wconf 92' lang='lat' dir='ltr'><strong>et</strong></span> <span class='ocrx_word' id='word_1_739' title='bbox 746 4900 1014 4945; x_wconf 88' lang='lat' dir='ltr'><strong>memento</strong></span> <span class='ocrx_word' id='word_1_740' title='bbox 1049 4892 1486 4948; x_wconf 89' lang='lat' dir='ltr'><strong>novissimorum.</strong></span> <span class='ocrx_word' id='word_1_741' title='bbox 1536 4892 1652 4949; x_wconf 86' lang='lat' dir='ltr'><strong>Noli</strong></span> <span class='ocrx_word' id='word_1_742' title='bbox 1683 4895 1866 4950; x_wconf 83' lang='lat' dir='ltr'><strong>oblivi-</strong></span> 
     </span>
    </p>
   </div>
   <div class='ocr_carea' id='block_1_98' title="bbox 291 4978 1876 5054">
    <p class='ocr_par' dir='ltr' id='par_1_98' title="bbox 291 4978 1876 5054">
     <span class='ocr_line' id='line_1_98' title="bbox 291 4978 1876 5054; baseline 0.006 -24"><span class='ocrx_word' id='word_1_743' title='bbox 291 4997 311 5030; x_wconf 73' lang='grc' dir='ltr'>ι</span> <span class='ocrx_word' id='word_1_744' title='bbox 351 4978 451 5041; x_wconf 90' lang='lat' dir='ltr'><strong>sci,</strong></span> <span class='ocrx_word' id='word_1_745' title='bbox 483 4993 656 5047; x_wconf 86' lang='lat' dir='ltr'><strong>neque</strong></span> <span class='ocrx_word' id='word_1_746' title='bbox 685 4979 828 5033; x_wconf 89' lang='lat' dir='ltr'><strong>enim</strong></span> <span class='ocrx_word' id='word_1_747' title='bbox 877 4987 962 5035; x_wconf 86' lang='lat' dir='ltr'><strong>est</strong></span> <span class='ocrx_word' id='word_1_748' title='bbox 989 4981 1288 5046; x_wconf 89' lang='lat' dir='ltr'><strong>conversio,</strong></span> <span class='ocrx_word' id='word_1_749' title='bbox 1341 4991 1398 5036; x_wconf 93' lang='lat' dir='ltr'><strong>ct</strong></span> <span class='ocrx_word' id='word_1_750' title='bbox 1442 4983 1568 5038; x_wconf 86' lang='lat' dir='ltr'><strong>huic</strong></span> <span class='ocrx_word' id='word_1_751' title='bbox 1590 4984 1721 5038; x_wconf 90' lang='lat' dir='ltr'><strong>nihil</strong></span> <span class='ocrx_word' id='word_1_752' title='bbox 1749 4999 1876 5054; x_wconf 88' lang='lat' dir='ltr'><strong>pro-</strong></span> 
     </span>
    </p>
   </div>
   <div class='ocr_carea' id='block_1_99' title="bbox 293 5068 1872 5146">
    <p class='ocr_par' dir='ltr' id='par_1_99' title="bbox 293 5068 1872 5146">
     <span class='ocr_line' id='line_1_99' title="bbox 293 5068 1872 5146; baseline 0.007 -28"><span class='ocrx_word' id='word_1_753' title='bbox 293 5085 317 5118; x_wconf 74' lang='grc' dir='ltr'>σ</span> <span class='ocrx_word' id='word_1_754' title='bbox 348 5068 518 5132; x_wconf 90' lang='lat' dir='ltr'><strong>deris,</strong></span> <span class='ocrx_word' id='word_1_755' title='bbox 547 5076 598 5122; x_wconf 92' lang='lat' dir='ltr'><strong>et</strong></span> <span class='ocrx_word' id='word_1_756' title='bbox 623 5069 963 5139; x_wconf 88' lang='lat' dir='ltr'><strong>temetipsum</strong></span> <span class='ocrx_word' id='word_1_757' title='bbox 991 5070 1327 5140; x_wconf 88' lang='lat' dir='ltr'><strong>pessimahis.</strong></span> <span class='ocrx_word' id='word_1_758' title='bbox 1357 5091 1378 5124; x_wconf 69' lang='grc' dir='ltr'><strong>ι</strong></span> <span class='ocrx_word' id='word_1_759' title='bbox 1420 5071 1589 5144; x_wconf 84' lang='lat' dir='ltr'><strong>Hujus</strong></span> <span class='ocrx_word' id='word_1_760' title='bbox 1612 5074 1715 5130; x_wconf 92' lang='lat' dir='ltr'><strong>loci</strong></span> <span class='ocrx_word' id='word_1_761' title='bbox 1746 5077 1872 5146; x_wconf 89' lang='lat' dir='ltr'><strong>quia</strong></span> 
     </span>
    </p>
   </div>
   <div class='ocr_carea' id='block_1_100' title="bbox 285 5157 1874 5232">
    <p class='ocr_par' dir='ltr' id='par_1_100' title="bbox 285 5157 1874 5232">
     <span class='ocr_line' id='line_1_100' title="bbox 285 5157 1874 5232; baseline 0.006 -20"><span class='ocrx_word' id='word_1_762' title='bbox 285 5173 389 5230; x_wconf 76' lang='lat' dir='ltr'><strong>per</strong></span> <span class='ocrx_word' id='word_1_763' title='bbox 419 5157 788 5216; x_wconf 83' lang='lat' dir='ltr'><strong>dillicultatem</strong></span> <span class='ocrx_word' id='word_1_764' title='bbox 814 5163 1076 5217; x_wconf 89' lang='lat' dir='ltr'><strong>orationis</strong></span> <span class='ocrx_word' id='word_1_765' title='bbox 1097 5163 1358 5219; x_wconf 89' lang='lat' dir='ltr'><strong>obscurus</strong></span> <span class='ocrx_word' id='word_1_766' title='bbox 1384 5174 1467 5219; x_wconf 91' lang='lat' dir='ltr'><strong>est</strong></span> <span class='ocrx_word' id='word_1_767' title='bbox 1484 5180 1697 5232; x_wconf 89' lang='lat' dir='ltr'><strong>sensus,</strong></span> <span class='ocrx_word' id='word_1_768' title='bbox 1725 5168 1874 5222; x_wconf 88' lang='lat' dir='ltr'><strong>dica-</strong></span> 
     </span>
    </p>
   </div>
   <div class='ocr_carea' id='block_1_101' title="bbox 285 5247 1868 5318">
    <p class='ocr_par' dir='ltr' id='par_1_101' title="bbox 285 5247 1868 5318">
     <span class='ocr_line' id='line_1_101' title="bbox 285 5247 1868 5318; baseline 0.004 -16"><span class='ocrx_word' id='word_1_769' title='bbox 285 5263 412 5302; x_wconf 84' lang='lat' dir='ltr'><strong>mus</strong></span> <span class='ocrx_word' id='word_1_770' title='bbox 441 5247 642 5316; x_wconf 88' lang='lat' dir='ltr'><strong>aliquid</strong></span> <span class='ocrx_word' id='word_1_771' title='bbox 669 5249 810 5318; x_wconf 90' lang='lat' dir='ltr'><strong>quod</strong></span> <span class='ocrx_word' id='word_1_772' title='bbox 838 5250 1099 5305; x_wconf 91' lang='lat' dir='ltr'><strong>lucidiore</strong></span> <span class='ocrx_word' id='word_1_773' title='bbox 1127 5250 1275 5304; x_wconf 89' lang='lat' dir='ltr'><strong>illum</strong></span> <span class='ocrx_word' id='word_1_774' title='bbox 1307 5251 1570 5307; x_wconf 86' lang='lat' dir='ltr'><strong>edisserat</strong></span> <span class='ocrx_word' id='word_1_775' title='bbox 1600 5267 1868 5309; x_wconf 90' lang='lat' dir='ltr'><strong>sermone.</strong></span> 
     </span>
    </p>
   </div>
   <div class='ocr_carea' id='block_1_102' title="bbox 284 5338 1870 5410">
    <p class='ocr_par' dir='ltr' id='par_1_102' title="bbox 284 5338 1870 5410">
     <span class='ocr_line' id='line_1_102' title="bbox 284 5338 1870 5410; baseline 0.003 -16"><span class='ocrx_word' id='word_1_776' title='bbox 284 5338 402 5394; x_wconf 76' lang='lat' dir='ltr'><strong>Nec</strong></span> <span class='ocrx_word' id='word_1_777' title='bbox 427 5347 653 5409; x_wconf 89' lang='lat' dir='ltr'><strong>occupet</strong></span> <span class='ocrx_word' id='word_1_778' title='bbox 682 5341 898 5396; x_wconf 87' lang='lat' dir='ltr'><strong>tristitia</strong></span> <span class='ocrx_word' id='word_1_779' title='bbox 936 5341 1115 5395; x_wconf 67' lang='lat' dir='ltr'><strong>saeculi</strong></span> <span class='ocrx_word' id='word_1_780' title='bbox 1164 5356 1258 5395; x_wconf 91' lang='lat' dir='ltr'><strong>cor</strong></span> <span class='ocrx_word' id='word_1_781' title='bbox 1304 5348 1455 5395; x_wconf 90' lang='lat' dir='ltr'><strong>tuum</strong></span> <span class='ocrx_word' id='word_1_782' title='bbox 1491 5355 1612 5410; x_wconf 79' lang='lat' dir='ltr'><strong>quae</strong></span> <span class='ocrx_word' id='word_1_783' title='bbox 1642 5352 1870 5398; x_wconf 87' lang='lat' dir='ltr'><strong>mortem</strong></span> 
     </span>
    </p>
   </div>
   <div class='ocr_carea' id='block_1_103' title="bbox 289 5429 1874 5500">
    <p class='ocr_par' dir='ltr' id='par_1_103' title="bbox 289 5429 1874 5500">
     <span class='ocr_line' id='line_1_103' title="bbox 289 5429 1874 5500; baseline 0.003 -13"><span class='ocrx_word' id='word_1_784' title='bbox 289 5429 485 5488; x_wconf 66' lang='lat' dir='ltr'><strong>animm</strong></span> <span class='ocrx_word' id='word_1_785' title='bbox 504 5440 774 5500; x_wconf 91' lang='lat' dir='ltr'><strong>operatur,</strong></span> <span class='ocrx_word' id='word_1_786' title='bbox 807 5432 899 5486; x_wconf 88' lang='lat' dir='ltr'><strong>sed</strong></span> <span class='ocrx_word' id='word_1_787' title='bbox 928 5431 1101 5500; x_wconf 91' lang='lat' dir='ltr'><strong>abjice</strong></span> <span class='ocrx_word' id='word_1_788' title='bbox 1118 5447 1238 5486; x_wconf 89' lang='lat' dir='ltr'><strong>eam</strong></span> <span class='ocrx_word' id='word_1_789' title='bbox 1264 5446 1294 5486; x_wconf 90' lang='lat' dir='ltr'><strong>a</strong></span> <span class='ocrx_word' id='word_1_790' title='bbox 1318 5441 1391 5496; x_wconf 92' lang='lat' dir='ltr'><strong>te,</strong></span> <span class='ocrx_word' id='word_1_791' title='bbox 1411 5442 1466 5486; x_wconf 90' lang='lat' dir='ltr'><strong>et</strong></span> <span class='ocrx_word' id='word_1_792' title='bbox 1480 5442 1750 5490; x_wconf 92' lang='lat' dir='ltr'><strong>memento</strong></span> <span class='ocrx_word' id='word_1_793' title='bbox 1777 5450 1874 5490; x_wconf 95' lang='lat' dir='ltr'><strong>no-</strong></span> 
     </span>
    </p>
   </div>
   <div class='ocr_carea' id='block_1_104' title="bbox 289 5522 1871 5590">
    <p class='ocr_par' dir='ltr' id='par_1_104' title="bbox 289 5522 1871 5590">
     <span class='ocr_line' id='line_1_104' title="bbox 289 5522 1871 5590; baseline 0.004 -15"><span class='ocrx_word' id='word_1_794' title='bbox 289 5522 635 5578; x_wconf 87' lang='lat' dir='ltr'><strong>vissimorum</strong></span> <span class='ocrx_word' id='word_1_795' title='bbox 677 5531 996 5589; x_wconf 88' lang='lat' dir='ltr'><strong>temporum,</strong></span> <span class='ocrx_word' id='word_1_796' title='bbox 1025 5522 1152 5590; x_wconf 87' lang='lat' dir='ltr'><strong>quia</strong></span> <span class='ocrx_word' id='word_1_797' title='bbox 1191 5522 1369 5590; x_wconf 88' lang='lat' dir='ltr'><strong>qualis</strong></span> <span class='ocrx_word' id='word_1_798' title='bbox 1398 5522 1523 5577; x_wconf 89' lang='lat' dir='ltr'><strong>hinc</strong></span> <span class='ocrx_word' id='word_1_799' title='bbox 1551 5524 1669 5579; x_wconf 80' lang='lat' dir='ltr'><strong>exis</strong></span> <span class='ocrx_word' id='word_1_800' title='bbox 1696 5565 1710 5590; x_wconf 91' lang='lat'><strong>,</strong></span> <span class='ocrx_word' id='word_1_801' title='bbox 1749 5525 1871 5581; x_wconf 84' lang='lat' dir='ltr'><strong>talis</strong></span> 
     </span>
    </p>
   </div>
   <div class='ocr_carea' id='block_1_105' title="bbox 282 5612 1868 5691">
    <p class='ocr_par' dir='ltr' id='par_1_105' title="bbox 282 5612 1868 5691">
     <span class='ocr_line' id='line_1_105' title="bbox 282 5612 1868 5691; baseline 0.004 -23"><span class='ocrx_word' id='word_1_802' title='bbox 282 5623 412 5669; x_wconf 85' lang='lat' dir='ltr'><strong>ante</strong></span> <span class='ocrx_word' id='word_1_803' title='bbox 456 5612 692 5684; x_wconf 79' lang='lat' dir='ltr'><strong>judicent</strong></span> <span class='ocrx_word' id='word_1_804' title='bbox 735 5617 1136 5682; x_wconf 52' lang='lat' dir='ltr'><strong>praesentaudus</strong></span> <span class='ocrx_word' id='word_1_805' title='bbox 1162 5617 1288 5682; x_wconf 88' lang='lat' dir='ltr'><strong>eris,</strong></span> <span class='ocrx_word' id='word_1_806' title='bbox 1319 5627 1378 5672; x_wconf 90' lang='lat' dir='ltr'><strong>ut</strong></span> <span class='ocrx_word' id='word_1_807' title='bbox 1406 5619 1632 5689; x_wconf 86' lang='lat' dir='ltr'><strong>recipias</strong></span> <span class='ocrx_word' id='word_1_808' title='bbox 1651 5621 1868 5691; x_wconf 88' lang='lat' dir='ltr'><strong>propria</strong></span> 
     </span>
    </p>
   </div>
   <div class='ocr_carea' id='block_1_106' title="bbox 609 5705 1093 5768">
    <p class='ocr_par' dir='ltr' id='par_1_106' title="bbox 609 5705 1093 5768">
     <span class='ocr_line' id='line_1_106' title="bbox 609 5705 1093 5768; baseline 0.01 -6"><span class='ocrx_word' id='word_1_809' title='bbox 609 5705 884 5766; x_wconf 66' lang='lat' dir='ltr'><strong>Paruon.</strong></span> <span class='ocrx_word' id='word_1_810' title='bbox 929 5705 1093 5768; x_wconf 80' lang='lat' dir='ltr'><strong>CIX.</strong></span> 
     </span>
    </p>
   </div>
   <div class='ocr_carea' id='block_1_107' title="bbox 1981 4526 3564 4600">
    <p class='ocr_par' dir='ltr' id='par_1_107' title="bbox 1981 4526 3564 4600">
     <span class='ocr_line' id='line_1_107' title="bbox 1981 4526 3564 4600; baseline 0.001 -18"><span class='ocrx_word' id='word_1_811' title='bbox 1981 4536 2163 4584; x_wconf 90' lang='lat' dir='ltr'><strong>teneat</strong></span> <span class='ocrx_word' id='word_1_812' title='bbox 2186 4528 2487 4600; x_wconf 89' lang='lat' dir='ltr'><strong>dignitatis,</strong></span> <span class='ocrx_word' id='word_1_813' title='bbox 2510 4543 2631 4598; x_wconf 69' lang='lat' dir='ltr'><strong>quae</strong></span> <span class='ocrx_word' id='word_1_814' title='bbox 2655 4527 2769 4582; x_wconf 89' lang='lat' dir='ltr'><strong>sola</strong></span> <span class='ocrx_word' id='word_1_815' title='bbox 2798 4527 2852 4580; x_wconf 92' lang='lat' dir='ltr'><strong>in</strong></span> <span class='ocrx_word' id='word_1_816' title='bbox 2872 4526 3035 4582; x_wconf 89' lang='lat' dir='ltr'><strong>rebus</strong></span> <span class='ocrx_word' id='word_1_817' title='bbox 3055 4535 3376 4596; x_wconf 88' lang='lat' dir='ltr'><strong>potestatem</strong></span> <span class='ocrx_word' id='word_1_818' title='bbox 3400 4528 3564 4583; x_wconf 88' lang='lat' dir='ltr'><strong>habet</strong></span> 
     </span>
    </p>
   </div>
   <div class='ocr_carea' id='block_1_108' title="bbox 1975 4620 3565 4692">
    <p class='ocr_par' dir='ltr' id='par_1_108' title="bbox 1975 4620 3565 4692">
     <span class='ocr_line' id='line_1_108' title="bbox 1975 4620 3565 4692; baseline -0.001 -17"><span class='ocrx_word' id='word_1_819' title='bbox 1975 4620 2106 4690; x_wconf 91' lang='lat' dir='ltr'><strong>justi</strong></span> <span class='ocrx_word' id='word_1_820' title='bbox 2132 4622 2433 4692; x_wconf 89' lang='lat' dir='ltr'><strong>regiminis.</strong></span> <span class='ocrx_word' id='word_1_821' title='bbox 2461 4621 2570 4677; x_wconf 87' lang='lat' dir='ltr'><strong>Nos</strong></span> <span class='ocrx_word' id='word_1_822' title='bbox 2592 4635 2827 4690; x_wconf 91' lang='lat' dir='ltr'><strong>quoque,</strong></span> <span class='ocrx_word' id='word_1_823' title='bbox 2858 4621 3094 4690; x_wconf 90' lang='lat' dir='ltr'><strong>primum</strong></span> <span class='ocrx_word' id='word_1_824' title='bbox 3126 4620 3365 4674; x_wconf 90' lang='lat' dir='ltr'><strong>breviter</strong></span> <span class='ocrx_word' id='word_1_825' title='bbox 3396 4621 3565 4676; x_wconf 87' lang='lat' dir='ltr'><strong>histo-</strong></span> 
     </span>
    </p>
   </div>
   <div class='ocr_carea' id='block_1_109' title="bbox 1981 4710 3560 4784">
    <p class='ocr_par' dir='ltr' id='par_1_109' title="bbox 1981 4710 3560 4784">
     <span class='ocr_line' id='line_1_109' title="bbox 1981 4710 3560 4784; baseline -0.002 -16"><span class='ocrx_word' id='word_1_826' title='bbox 1981 4713 2118 4768; x_wconf 89' lang='lat' dir='ltr'><strong>riam</strong></span> <span class='ocrx_word' id='word_1_827' title='bbox 2149 4722 2431 4783; x_wconf 88' lang='lat' dir='ltr'><strong>tangentes</strong></span> <span class='ocrx_word' id='word_1_828' title='bbox 2469 4712 2801 4784; x_wconf 88' lang='lat' dir='ltr'><strong>singulorum</strong></span> <span class='ocrx_word' id='word_1_829' title='bbox 2831 4710 3210 4775; x_wconf 86' lang='lat' dir='ltr'><strong>artiﬁciorum,</strong></span> <span class='ocrx_word' id='word_1_830' title='bbox 3249 4711 3560 4783; x_wconf 87' lang='lat' dir='ltr'><strong>allegoriam</strong></span> 
     </span>
    </p>
   </div>
   <div class='ocr_carea' id='block_1_110' title="bbox 1983 4804 2988 4873">
    <p class='ocr_par' dir='ltr' id='par_1_110' title="bbox 1983 4804 2988 4873">
     <span class='ocr_line' id='line_1_110' title="bbox 1983 4804 2988 4873; baseline -0.003 -15"><span class='ocrx_word' id='word_1_831' title='bbox 1983 4804 2177 4858; x_wconf 90' lang='lat' dir='ltr'><strong>deinde</strong></span> <span class='ocrx_word' id='word_1_832' title='bbox 2209 4804 2526 4873; x_wconf 76' lang='lat' dir='ltr'><strong>exponendo</strong></span> <span class='ocrx_word' id='word_1_833' title='bbox 2550 4804 2946 4872; x_wconf 87' lang='lat' dir='ltr'><strong>subsequamur</strong></span> <span class='ocrx_word' id='word_1_834' title='bbox 2974 4819 2988 4855; x_wconf 88' lang='lat'><strong>:</strong></span> 
     </span>
    </p>
   </div>
   <div class='ocr_carea' id='block_1_111' title="bbox 2057 4893 3560 4963">
    <p class='ocr_par' dir='ltr' id='par_1_111' title="bbox 2057 4893 3560 4963">
     <span class='ocr_line' id='line_1_111' title="bbox 2057 4893 3560 4963; baseline 0.005 -20"><span class='ocrx_word' id='word_1_835' title='bbox 2057 4911 2075 4943; x_wconf 73' lang='grc' dir='ltr'>ι</span> <span class='ocrx_word' id='word_1_836' title='bbox 2109 4893 2225 4959; x_wconf 85' lang='lat' dir='ltr'><strong>Qua</strong></span> <span class='ocrx_word' id='word_1_837' title='bbox 2263 4893 2525 4962; x_wconf 87' lang='lat' dir='ltr'><strong>sapientia</strong></span> <span class='ocrx_word' id='word_1_838' title='bbox 2562 4893 2872 4963; x_wconf 88' lang='lat' dir='ltr'><strong>replebitur,</strong></span> <span class='ocrx_word' id='word_1_839' title='bbox 2904 4894 2997 4963; x_wconf 92' lang='lat' dir='ltr'><strong>qui</strong></span> <span class='ocrx_word' id='word_1_840' title='bbox 3028 4901 3177 4949; x_wconf 91' lang='lat' dir='ltr'><strong>tenet</strong></span> <span class='ocrx_word' id='word_1_841' title='bbox 3209 4903 3472 4959; x_wconf 89' lang='lat' dir='ltr'><strong>aratrum,</strong></span> <span class='ocrx_word' id='word_1_842' title='bbox 3504 4909 3560 4951; x_wconf 87' lang='lat' dir='ltr'><strong>et</strong></span> 
     </span>
    </p>
   </div>
   <div class='ocr_carea' id='block_1_112' title="bbox 1985 4982 3560 5056">
    <p class='ocr_par' dir='ltr' id='par_1_112' title="bbox 1985 4982 3560 5056">
     <span class='ocr_line' id='line_1_112' title="bbox 1985 4982 3560 5056; baseline 0.006 -24"><span class='ocrx_word' id='word_1_843' title='bbox 1985 5000 2002 5032; x_wconf 72' lang='grc' dir='ltr'>ι</span> <span class='ocrx_word' id='word_1_844' title='bbox 2049 4982 2138 5050; x_wconf 89' lang='lat' dir='ltr'><strong>qui</strong></span> <span class='ocrx_word' id='word_1_845' title='bbox 2167 4982 2429 5053; x_wconf 88' lang='lat' dir='ltr'><strong>gloriatur</strong></span> <span class='ocrx_word' id='word_1_846' title='bbox 2452 4983 2505 5036; x_wconf 92' lang='lat' dir='ltr'><strong>in</strong></span> <span class='ocrx_word' id='word_1_847' title='bbox 2548 4982 2754 5053; x_wconf 90' lang='lat' dir='ltr'><strong>jaculo.</strong></span> <span class='ocrx_word' id='word_1_848' title='bbox 2786 4983 3017 5038; x_wconf 90' lang='lat' dir='ltr'><strong>Stimulo</strong></span> <span class='ocrx_word' id='word_1_849' title='bbox 3061 4985 3228 5040; x_wconf 89' lang='lat' dir='ltr'><strong>boves</strong></span> <span class='ocrx_word' id='word_1_850' title='bbox 3277 4988 3478 5056; x_wconf 86' lang='lat' dir='ltr'><strong>agitat,</strong></span> <span class='ocrx_word' id='word_1_851' title='bbox 3504 4997 3560 5041; x_wconf 90' lang='lat' dir='ltr'><strong>et</strong></span> 
     </span>
    </p>
   </div>
   <div class='ocr_carea' id='block_1_113' title="bbox 1983 5075 3560 5145">
    <p class='ocr_par' dir='ltr' id='par_1_113' title="bbox 1983 5075 3560 5145">
     <span class='ocr_line' id='line_1_113' title="bbox 1983 5075 3560 5145; baseline 0.003 -21"><span class='ocrx_word' id='word_1_852' title='bbox 1983 5091 2002 5124; x_wconf 84' lang='grc'><strong><em>‹</em></strong></span> <span class='ocrx_word' id='word_1_853' title='bbox 2047 5082 2402 5128; x_wconf 87' lang='lat' dir='ltr'><strong>conversatur</strong></span> <span class='ocrx_word' id='word_1_854' title='bbox 2427 5075 2480 5129; x_wconf 93' lang='lat' dir='ltr'><strong>in</strong></span> <span class='ocrx_word' id='word_1_855' title='bbox 2509 5075 2764 5145; x_wconf 89' lang='lat' dir='ltr'><strong>operibus</strong></span> <span class='ocrx_word' id='word_1_856' title='bbox 2793 5090 2983 5132; x_wconf 91' lang='lat' dir='ltr'><strong>eorum</strong></span> <span class='ocrx_word' id='word_1_857' title='bbox 3003 5117 3018 5143; x_wconf 97' lang='lat'><strong>,</strong></span> <span class='ocrx_word' id='word_1_858' title='bbox 3047 5085 3103 5132; x_wconf 93' lang='lat' dir='ltr'><strong>et</strong></span> <span class='ocrx_word' id='word_1_859' title='bbox 3150 5079 3395 5133; x_wconf 83' lang='lat' dir='ltr'><strong>narratio</strong></span> <span class='ocrx_word' id='word_1_860' title='bbox 3444 5077 3560 5144; x_wconf 84' lang='lat' dir='ltr'><strong>ejus</strong></span> 
     </span>
    </p>
   </div>
   <div class='ocr_carea' id='block_1_114' title="bbox 1983 5163 3556 5222">
    <p class='ocr_par' dir='ltr' id='par_1_114' title="bbox 1983 5163 3556 5222">
     <span class='ocr_line' id='line_1_114' title="bbox 1983 5163 3556 5222; baseline 0.003 -8"><span class='ocrx_word' id='word_1_861' title='bbox 1983 5180 2002 5213; x_wconf 74' lang='grc' dir='ltr'><strong><em>ι</em></strong></span> <span class='ocrx_word' id='word_1_862' title='bbox 2045 5164 2098 5216; x_wconf 93' lang='lat' dir='ltr'><strong>in</strong></span> <span class='ocrx_word' id='word_1_863' title='bbox 2128 5163 2252 5219; x_wconf 88' lang='lat' dir='ltr'><strong>ﬁliis</strong></span> <span class='ocrx_word' id='word_1_864' title='bbox 2278 5171 2560 5220; x_wconf 92' lang='lat' dir='ltr'><strong>taurorum</strong></span> <span class='ocrx_word' id='word_1_865' title='bbox 2592 5183 2605 5219; x_wconf 88' lang='lat'><strong>:</strong></span> <span class='ocrx_word' id='word_1_866' title='bbox 2638 5181 2733 5222; x_wconf 89' lang='lat' dir='ltr'><strong>cor</strong></span> <span class='ocrx_word' id='word_1_867' title='bbox 2761 5181 2917 5222; x_wconf 86' lang='lat' dir='ltr'><strong>suum</strong></span> <span class='ocrx_word' id='word_1_868' title='bbox 2954 5167 3102 5222; x_wconf 88' lang='lat' dir='ltr'><strong>dabit</strong></span> <span class='ocrx_word' id='word_1_869' title='bbox 3148 5168 3215 5222; x_wconf 87' lang='lat' dir='ltr'><strong>ad</strong></span> <span class='ocrx_word' id='word_1_870' title='bbox 3265 5168 3556 5222; x_wconf 88' lang='lat' dir='ltr'><strong>versandos</strong></span> 
     </span>
    </p>
   </div>
   <div class='ocr_carea' id='block_1_115' title="bbox 1983 5255 3546 5330">
    <p class='ocr_par' dir='ltr' id='par_1_115' title="bbox 1983 5255 3546 5330">
     <span class='ocr_line' id='line_1_115' title="bbox 1983 5255 3546 5330; baseline 0.001 -24"><span class='ocrx_word' id='word_1_871' title='bbox 1983 5271 2002 5304; x_wconf 71' lang='grc' dir='ltr'>ι</span> <span class='ocrx_word' id='word_1_872' title='bbox 2048 5255 2261 5319; x_wconf 89' lang='lat' dir='ltr'><strong>sulcos,</strong></span> <span class='ocrx_word' id='word_1_873' title='bbox 2311 5264 2368 5309; x_wconf 92' lang='lat' dir='ltr'><strong>et</strong></span> <span class='ocrx_word' id='word_1_874' title='bbox 2420 5257 2603 5326; x_wconf 87' lang='lat' dir='ltr'><strong>vigilia</strong></span> <span class='ocrx_word' id='word_1_875' title='bbox 2651 5256 2767 5326; x_wconf 90' lang='lat' dir='ltr'><strong>ejus</strong></span> <span class='ocrx_word' id='word_1_876' title='bbox 2818 5258 2872 5312; x_wconf 91' lang='lat' dir='ltr'><strong>in</strong></span> <span class='ocrx_word' id='word_1_877' title='bbox 2928 5259 3115 5330; x_wconf 88' lang='lat' dir='ltr'><strong>sagina</strong></span> <span class='ocrx_word' id='word_1_878' title='bbox 3173 5271 3478 5312; x_wconf 84' lang='lat' dir='ltr'><strong>vaccarum.</strong></span> <span class='ocrx_word' id='word_1_879' title='bbox 3529 5275 3546 5307; x_wconf 76' lang='grc' dir='ltr'><strong><em>ι</em></strong></span> 
     </span>
    </p>
   </div>
   <div class='ocr_carea' id='block_1_116' title="bbox 1981 5345 3552 5417">
    <p class='ocr_par' dir='ltr' id='par_1_116' title="bbox 1981 5345 3552 5417">
     <span class='ocr_line' id='line_1_116' title="bbox 1981 5345 3552 5417; baseline 0.001 -20"><span class='ocrx_word' id='word_1_880' title='bbox 1981 5345 2251 5411; x_wconf 86' lang='lat' dir='ltr'><strong>Quantqu</strong></span> <span class='ocrx_word' id='word_1_881' title='bbox 2293 5347 2363 5400; x_wconf 88' lang='lat' dir='ltr'><strong>ad</strong></span> <span class='ocrx_word' id='word_1_882' title='bbox 2413 5348 2691 5402; x_wconf 87' lang='lat' dir='ltr'><strong>historiam</strong></span> <span class='ocrx_word' id='word_1_883' title='bbox 2737 5348 2994 5417; x_wconf 86' lang='lat' dir='ltr'><strong>pertinet,</strong></span> <span class='ocrx_word' id='word_1_884' title='bbox 3021 5348 3255 5403; x_wconf 90' lang='lat' dir='ltr'><strong>ostendit</strong></span> <span class='ocrx_word' id='word_1_885' title='bbox 3297 5346 3438 5414; x_wconf 86' lang='lat' dir='ltr'><strong>quod</strong></span> <span class='ocrx_word' id='word_1_886' title='bbox 3486 5361 3552 5398; x_wconf 77' lang='lat' dir='ltr'><strong>cx</strong></span> 
     </span>
    </p>
   </div>
   <div class='ocr_carea' id='block_1_117' title="bbox 1979 5433 3548 5505">
    <p class='ocr_par' dir='ltr' id='par_1_117' title="bbox 1979 5433 3548 5505">
     <span class='ocr_line' id='line_1_117' title="bbox 1979 5433 3548 5505; baseline -0.003 -17"><span class='ocrx_word' id='word_1_887' title='bbox 1979 5437 2257 5505; x_wconf 63' lang='lat' dir='ltr'><strong>sapientiae</strong></span> <span class='ocrx_word' id='word_1_888' title='bbox 2306 5439 2447 5491; x_wconf 91' lang='lat' dir='ltr'><strong>dono</strong></span> <span class='ocrx_word' id='word_1_889' title='bbox 2477 5439 2578 5491; x_wconf 93' lang='lat' dir='ltr'><strong>hoc</strong></span> <span class='ocrx_word' id='word_1_890' title='bbox 2624 5438 2788 5492; x_wconf 89' lang='lat' dir='ltr'><strong>habet</strong></span> <span class='ocrx_word' id='word_1_891' title='bbox 2836 5437 3019 5502; x_wconf 90' lang='lat' dir='ltr'><strong>homo,</strong></span> <span class='ocrx_word' id='word_1_892' title='bbox 3053 5445 3113 5490; x_wconf 92' lang='lat' dir='ltr'><strong>ut</strong></span> <span class='ocrx_word' id='word_1_893' title='bbox 3166 5434 3379 5488; x_wconf 87' lang='lat' dir='ltr'><strong>insistat</strong></span> <span class='ocrx_word' id='word_1_894' title='bbox 3433 5433 3548 5485; x_wconf 90' lang='lat' dir='ltr'><strong>utili</strong></span> 
     </span>
    </p>
   </div>
   <div class='ocr_carea' id='block_1_118' title="bbox 1978 5525 3544 5598">
    <p class='ocr_par' dir='ltr' id='par_1_118' title="bbox 1978 5525 3544 5598">
     <span class='ocr_line' id='line_1_118' title="bbox 1978 5525 3544 5598; baseline -0.001 -18"><span class='ocrx_word' id='word_1_895' title='bbox 1978 5526 2173 5593; x_wconf 88' lang='lat' dir='ltr'><strong>labori,</strong></span> <span class='ocrx_word' id='word_1_896' title='bbox 2205 5545 2313 5598; x_wconf 88' lang='lat' dir='ltr'><strong>quo</strong></span> <span class='ocrx_word' id='word_1_897' title='bbox 2341 5530 2442 5584; x_wconf 89' lang='lat' dir='ltr'><strong>sibi</strong></span> <span class='ocrx_word' id='word_1_898' title='bbox 2473 5537 2528 5584; x_wconf 88' lang='lat' dir='ltr'><strong>et</strong></span> <span class='ocrx_word' id='word_1_899' title='bbox 2558 5530 2820 5598; x_wconf 78' lang='lat' dir='ltr'><strong>proximis</strong></span> <span class='ocrx_word' id='word_1_900' title='bbox 2854 5530 2966 5582; x_wconf 90' lang='lat' dir='ltr'><strong>suis</strong></span> <span class='ocrx_word' id='word_1_901' title='bbox 2991 5528 3243 5597; x_wconf 90' lang='lat' dir='ltr'><strong>prodesse</strong></span> <span class='ocrx_word' id='word_1_902' title='bbox 3273 5525 3458 5595; x_wconf 82' lang='lat' dir='ltr'><strong>possit,</strong></span> <span class='ocrx_word' id='word_1_903' title='bbox 3487 5535 3544 5578; x_wconf 88' lang='lat' dir='ltr'><strong>ut</strong></span> 
     </span>
    </p>
   </div>
   <div class='ocr_carea' id='block_1_119' title="bbox 1978 5620 3546 5691">
    <p class='ocr_par' dir='ltr' id='par_1_119' title="bbox 1978 5620 3546 5691">
     <span class='ocr_line' id='line_1_119' title="bbox 1978 5620 3546 5691; baseline -0.003 -15"><span class='ocrx_word' id='word_1_904' title='bbox 1978 5631 2230 5676; x_wconf 79' lang='lat' dir='ltr'><strong>exerceat</strong></span> <span class='ocrx_word' id='word_1_905' title='bbox 2285 5622 2701 5691; x_wconf 86' lang='lat' dir='ltr'><strong>agriculturam,</strong></span> <span class='ocrx_word' id='word_1_906' title='bbox 2756 5631 2810 5678; x_wconf 91' lang='lat' dir='ltr'><strong>et</strong></span> <span class='ocrx_word' id='word_1_907' title='bbox 2863 5635 3046 5676; x_wconf 88' lang='lat' dir='ltr'><strong>curam</strong></span> <span class='ocrx_word' id='word_1_908' title='bbox 3106 5627 3228 5689; x_wconf 82' lang='lat' dir='ltr'><strong>agat</strong></span> <span class='ocrx_word' id='word_1_909' title='bbox 3288 5620 3341 5672; x_wconf 91' lang='lat' dir='ltr'><strong>in</strong></span> <span class='ocrx_word' id='word_1_910' title='bbox 3393 5627 3546 5690; x_wconf 64' lang='lat' dir='ltr'><strong>pastu</strong></span> 
     </span>
    </p>
   </div>
  </div>
