3902 6162
332 244 465 299 1055

999 244 1058 297 Β.
1101 242 1350 299 [MBAN]
1392 242 1610 299 MAURI
1645 242 1962 297 AllClllEP.
2005 242 2311 298 MOGUNT.
2355 241 2643 299 OPERUM
2680 241 2859 297 PARS
2896 243 2934 297 1.

3451 248 3587 304 1οἷἰέ

326 354 638 415 animalium
667 364 824 424 atque
864 356 1231 423 iumentorum
1256 393 1269 417 ,
1298 367 1419 422 qua:
1444 352 1510 407 ad
1541 368 1696 407 usum
1726 350 1899 405 bomi-
1933 370 1975 428 Α
2010 369 2027 402 ι
2072 352 2424 407 considerans
2479 366 2615 421 opus
2666 351 2817 415 ferri,
2859 364 3022 421 vapor
3069 354 3209 421 ignis
3257 354 3366 409 urit
3393 369 3593 409 carnes
3672 340 3697 405 ἶ

322 459 456 499 nunt
490 454 671 499 creata
719 452 866 507 sunt,
893 451 955 496 ut
997 441 1198 496 vietum
1246 450 1302 496 et
1348 442 1601 497 vestitum
1640 451 1750 507 tam
1794 440 1897 495 sibi

326 551 488 605 quam
526 535 637 589 suis
660 542 945 603 pneparet,
977 533 1176 602 quibus
1224 533 1476 587 humana:
1510 533 1633 588 vita:
1680 531 1898 588 miseria

328 626 383 680 in
409 625 660 695 prmscuti
685 624 886 679 smculu
914 625 1176 688 nutritur,
1206 633 1262 679 et
1307 624 1550 680 funditus
1575 639 1764 679 carere
1793 639 1901 679 non

327 727 523 788 potest.
554 717 777 788 Mystice
804 726 984 771 autem
1025 717 1116 786 qui
1167 725 1312 771 tenet
1360 716 1601 772 doctoris
1643 714 1902 780 oflicium,

326 817 381 863 et
408 808 585 864 colere
613 807 774 863 debet
801 822 1020 862 vomere
1053 806 1362 876 evangelieo
1390 804 1555 860 corda
1602 805 1900 868 hominum,

324 899 588 968 gloriatur
615 899 668 952 in
691 898 871 968 jaculo
897 897 1203 953 divinorum
1255 896 1708 960 testimoniorum,
1742 895 1905 949 semi-

327 996 421 1041 nat
439 987 663 1041 verbum
695 987 791 1041 Dei
817 986 1033 1042 stimulo
1062 986 1478 1051 exhortationis,
1505 986 1676 1055 agitat
1695 985 1903 1050 brutus,

328 1085 594 1147 quatenus
617 1092 724 1132 non
755 1076 992 1147 segniter
1031 1076 1235 1140 vivant,
1272 1075 1367 1130 sed
1395 1074 1608 1130 fortiter
1649 1075 1703 1129 in
1746 1074 1905 1130 bonis

327 1167 582 1238 operibus
609 1175 1015 1222 conversentur.
1049 1165 1323 1237 Superbos
1349 1179 1591 1235 quosque
1639 1164 1906 1234 prtedicao

331 1260 493 1316 tionis
546 1272 795 1315 sermone
854 1258 1117 1329 castigat,
1166 1266 1222 1313 et
1268 1257 1553 1326 disciplina
1596 1254 1907 1325 evangelica

330 1349 533 1414 domat,
563 1358 625 1405 ut
649 1364 759 1404 non
792 1358 985 1405 vacent
1009 1348 1139 1411 otio,
1169 1347 1262 1403 sed
1288 1362 1509 1403 carmen
1534 1361 1686 1402 suam
1728 1359 1909 1400 mace-

332 1447 538 1504 rantes,
565 1447 619 1495 et
647 1440 913 1495 desideria
949 1438 1184 1494 carnalia
1212 1438 1265 1493 in
1310 1452 1368 1492 se
1415 1436 1824 1499 mortificantes,
1854 1442 1910 1492 et

332 1530 461 1584 vitia
508 1529 692 1585 omnia
723 1544 756 1583 a
810 1543 868 1585 se
912 1531 1216 1599 exstirpare
1267 1527 1548 1593 festinent,
1575 1535 1631 1581 et
1679 1527 1912 1582 virtutes

330 1619 603 1691 spiritales
630 1634 729 1691 pro
753 1619 834 1677 eis
865 1618 1112 1689 plantare
1140 1626 1372 1673 certent.
1411 1616 1567 1684 Quod
1598 1624 1779 1671 autem
1812 1630 1910 1685 per

2012 460 2032 493 ι
2075 441 2211 511 ejus,
2245 450 2301 496 et
2330 441 2385 498 in
2413 441 2592 496 calore
2612 441 2855 497 fornacis
2876 449 3237 497 concedatur.
3266 442 3382 499 Vox
3414 446 3593 499 mallei

2008 550 2027 585 ι
2072 531 2348 587 innovavit
2373 546 2560 588 aurem
2577 531 2718 601 ejus,
2732 538 2787 586 et
2799 540 2987 586 contra
3011 531 3423 588 similitudinem
3451 536 3599 588 vasis

2009 642 2027 675 ι
2073 623 2264 679 oculus
2307 620 2424 691 ejus
2453 639 2466 674 :
2491 636 2587 676 cor
2637 636 2793 677 suum
2825 620 2975 676 dabit
3008 621 3060 675 iu
3122 622 3601 676 consummatione

2012 734 2033 768 ι
2080 730 2332 785 operum,
2367 722 2424 769 et
2447 713 2629 783 vigilia
2669 730 2766 768 sua
2791 715 3004 768 ornabit
3030 714 3082 768 in
3112 713 3522 783 perfectionem.
3572 732 3593 765 ι

2004 807 2109 864 Per
2134 806 2344 862 fabrum
2372 804 2659 861 ferrarium
2692 805 2835 861 idem
2855 806 2946 875 qui
2970 806 3022 860 in
3048 807 3362 870 architecto,
3395 808 3604 862 hocest

2005 898 2139 954 ordo
2189 905 2501 953 sanctorum
2530 897 2943 967 praedicatorum
2970 898 3311 967 exprimitur,
3332 899 3424 966 qui
3441 899 3602 967 juxta

2007 987 2272 1050 incudem,
2302 987 2406 1041 hoc
2430 995 2533 1050 est,
2542 982 2696 1055 juxta
2714 985 2906 1040 durum
2918 985 3201 1055 pra-sentis
3216 986 3340 1039 vita:
3355 985 3601 1040 laborent

2008 1076 2219 1141 sedens,
2251 1090 2400 1129 arma
2430 1075 2722 1144 spiritalia,
2768 1079 3090 1133 documenta
3117 1075 3371 1131 videlicet
3409 1075 3596 1129 divina

2015 1167 2304 1222 scribendo
2349 1174 2509 1235 atque
2558 1164 2801 1222 docendo
2832 1165 3080 1231 fabricat,
3106 1174 3371 1236 quatenus
3403 1175 3601 1221 contra

2009 1258 2183 1314 hostis
2239 1257 2446 1327 antiqui
2490 1265 2826 1313 tentamenta
2890 1272 3019 1314 suos
3064 1255 3276 1313 fortiter
3335 1258 3605 1312 dimicare

2011 1352 2222 1413 doceat,
2250 1358 2304 1403 et
2329 1349 2706 1405 haereticorum
2737 1355 2897 1418 atque
2945 1347 3385 1417 philosophorum
3412 1357 3599 1401 sectas

2011 1454 2298 1511 perversos
2326 1438 2580 1497 devitarc.
2616 1446 2778 1507 atque
2803 1446 3207 1507 persecuturum
3258 1437 3436 1493 minas
3460 1453 3602 1493 eon-

2012 1538 2258 1589 temnere
2302 1528 2483 1587 faciat.
2536 1526 2706 1597 Hujus
2754 1543 2882 1598 ergo
2931 1527 3070 1584 fabri
3118 1543 3333 1593 carnes,
3365 1529 3472 1583 hoc
3512 1538 3609 1585 est

2013 1635 2231 1691 curpus,
2262 1635 2433 1690 vapor
2474 1619 2615 1689 ignis
2642 1626 2697 1676 et
2735 1618 2882 1675 calor
2909 1617 3146 1675 fornacis
3170 1619 3301 1680 urit,
3330 1635 3459 1674 cum
3502 1621 3610 1672 tri-

332 1712 495 1765 buum
557 1718 612 1765 et
685 1718 968 1765 taurorum
1026 1707 1451 1772 excitationem,
1501 1706 1717 1778 vigilias
1780 1705 1913 1761 dicit
1940 1711 2218 1772 Bbulatio
2244 1719 2300 1765 et
2326 1710 2629 1780 persecutio
2665 1708 2851 1764 mundi
2875 1724 3002 1764 eum
3049 1706 3275 1780 fatigare
3301 1725 3409 1764 non
3456 1709 3612 1763 desi-

332 1799 779 1869 vaswl‘isessein
802 1799 989 1869 Sasim
1009 1796 1571 1862 νθοείινυηινοειθηάίι
1592 1796 1917 1851 ὺοῐιίΐθειο-
2018 1802 2132 1858 stit.
2166 1802 2282 1856 Vox
2329 1799 2509 1855 mallei
2558 1798 2835 1855 innovavit
2884 1813 3043 1853 aures
3085 1797 3225 1867 eius,
3252 1812 3375 1852 eum
3422 1799 3613 1852 edicta

335 1887 412 1943 fis
434 1902 554 1943 esse
582 1886 838 1972 οΠῖυίυῐιξ,
891 1886 1176 1955 “musque
1205 1901 1369 1941 sexus
1394 1900 1578 1940 cum“
1607 1885 1824 1951 habent.
1860 1893 1917 1939 ει
2015 1894 2322 1967 principum
2347 1900 2614 1947 terrorem
2639 1899 3033 1945 tormentorum
3060 1903 3169 1947 non
3200 1896 3420 1943 cessant
3451 1888 3615 1957 inge-

333 1981 729 2051 prasdicationis
778 1980 956 2036 studio
984 1995 1078 2035 eos
1123 1988 1343 2049 pascat,
1371 1979 1483 2035 alat
1508 1987 1565 2034 et
1594 1978 1815 2033 nutriat.

921 2089 1149 2145 CAPUT
1189 2089 1330 2145 XVI.

797 2160 877 2215 De
896 2159 1071 2233 tingui
1084 2166 1119 2215 's
1144 2160 1450 2229 artiﬁcibus.

413 2272 434 2305 ι
481 2251 572 2308 Sic
617 2252 793 2307 omnis
839 2250 993 2307 faber
1039 2260 1096 2308 et
1140 2251 1501 2313 architectus,
1556 2251 1918 2320 quinoctem

340 2361 359 2394 ι
406 2351 658 2413 tanquam
706 2341 852 2396 diem
900 2340 1193 2411 transigit,
1241 2341 1334 2412 qui
1382 2339 1580 2411 sculpit
1641 2338 1918 2409 signacula

339 2453 360 2487 ι
405 2432 703 2503 sculptilis,
750 2440 805 2488 et
856 2431 1148 2488 assiduitas
1199 2429 1316 2501 ejus
1363 2431 1540 2486 variat
1594 2432 1862 2502 picturam
1900 2452 1916 2484 :

340 2546 361 2578 ι
405 2539 501 2580 cor
549 2539 706 2579 suum
745 2522 896 2578 dabit
945 2523 997 2577 in
1052 2523 1455 2579 similitudinem
1482 2525 1727 2594 pieturm,
1763 2531 1819 2578 et
1843 2522 1923 2577 vi-

343 2637 363 2671 ι
406 2618 534 2689 gilia
585 2632 682 2673 sua
748 2616 994 2687 perficiet
1062 2631 1216 2686 opus.
1266 2635 1285 2668 ›
1352 2615 1493 2684 Quid
1544 2632 1640 2686 per
1707 2614 1918 2673 fabrum

339 2711 484 2764 hunc
509 2717 565 2763 et
589 2709 970 2772 architectum,
999 2709 1092 2779 qui
1123 2708 1364 2764 studiose
1409 2716 1567 2763 nocte
1618 2707 1828 2778 dieque,
1866 2707 1920 2762 in

336 2816 502 2872 opere
530 2815 629 2856 suo
658 2800 892 2866 laborat,
924 2811 985 2856 ut
1009 2800 1287 2871 signacula
1328 2799 1536 2869 sculpet
1583 2808 1639 2855 et
1686 2798 1923 2855 hominis

337 2891 631 2964 imaginem
681 2898 800 2947 arte
836 2891 1135 2961 gemmaria
1186 2890 1399 2953 formet,
1448 2888 1553 2944 nisi
1594 2888 1919 2959 praedicato-

338 2996 427 3038 res
491 2981 666 3037 sancti
746 2981 1124 3046 insinuantur,
1170 2982 1264 3050 qui
1320 2980 1468 3035 omni
1526 2988 1771 3051 tempore
1825 2986 1921 3034 aut

337 3073 600 3139 docendo,
632 3080 726 3128 aut
752 3071 1113 3137 exhortando,
1161 3081 1256 3127 aut
1281 3072 1418 3127 bona
1465 3069 1709 3142 exempla
1740 3079 1923 3125 osten-
1949 3054 1995 3117 Β

338 3164 512 3223 dendo
541 3165 818 3221 auditores
842 3178 971 3220 suos
1010 3164 1322 3228 instituunt,
1349 3170 1615 3234 quatenus
1647 3162 1923 3223 interioris

339 3256 577 3315 hominis
602 3256 856 3311 virtutem
887 3255 1127 3319 eliciant,
1152 3264 1207 3309 et
1234 3255 1301 3310 ad
1330 3254 1648 3317 conditoris
1673 3253 1756 3309 sui
1789 3254 1924 3309 ima-

339 3349 521 3417 ginem
561 3346 798 3401 animam
845 3346 1139 3402 humanam
1188 3342 1517 3401 reforment?
1540 3342 1625 3397 An
1671 3358 1777 3407 non
1834 3342 1923 3399 ille

341 3437 495 3494 faber
518 3443 574 3491 et
594 3435 923 3493 architectus
951 3443 1209 3491 strenuus
1234 3435 1287 3489 in
1318 3442 1434 3490 arte
1463 3450 1559 3490 sua
1601 3432 1722 3501 fuit,
1753 3434 1846 3505 qui
1872 3434 1925 3488 in

343 3528 601 3602 Epistolis
630 3529 741 3586 suis
767 3528 843 3585 ita
865 3527 1108 3599 scripsit,
1134 3529 1320 3585 dicens
1346 3544 1359 3581 :
1406 3546 1424 3578 ι
1447 3527 1543 3584 Dei
1572 3527 1716 3582 enim
1741 3542 1927 3582 sumus

347 3622 646 3692 adjutores;
671 3619 767 3676 Dei
791 3618 1119 3692 agricultura
1148 3618 1303 3685 estis,
1330 3619 1424 3674 Dei
1446 3618 1732 3674 aedificatio
1750 3618 1923 3675 estis:

348 3711 645 3769 secundum
689 3708 920 3782 gratiam
974 3724 1096 3778 qua:
1139 3710 1265 3764 data
1302 3717 1389 3764 est
1426 3709 1580 3774 mihi,
1610 3715 1671 3763 ut
1713 3708 1929 3778 sapiens

346 3803 682 3859 architectus
709 3799 1120 3856 fundamentum
1151 3799 1326 3869 posui,
1362 3798 1502 3855 alius
1531 3808 1710 3867 autem
1741 3812 1930 3869 super-

345 3895 580 3954 :cdiﬁcat
615 3893 669 3967 (Ι
739 3892 861 3949 Cor.
892 3891 999 3964 ιιι).
1045 3910 1064 3943 ι
1100 3890 1482 3962 Unusquisque
1527 3899 1708 3945 autem
1749 3890 1931 3945 videat

344 3988 616 4059 quomodo
666 3985 1079 4058 supemdiﬁcet.
1124 3984 1192 4040 Et
1233 3984 1404 4041 alibi:
1442 4003 1461 4035 ι
1496 3983 1693 4048 Filioli,
1735 3983 1924 4051 inquit,

346 4083 451 4138 mei
481 4097 618 4153 quos
661 4081 857 4136 iterum
900 4078 1164 4149 parturio,
1203 4077 1374 4135 donec
1402 4076 1661 4132 formetur
1685 4073 1932 4131 Christus

347 4174 401 4228 in
426 4173 579 4229 vobis
604 4170 804 4244 (Galat.
833 4169 930 4243 tv).
957 4190 977 4224 ι
1026 4169 1094 4224 Ει
1115 4169 1170 4225 in
1193 4169 1303 4224 alio
1324 4169 1480 4225 loco:
1510 4187 1531 4221 ι
1553 4168 1926 4232 Renovamini,

348 4263 444 4327 ait,
463 4263 654 4334 spiritu
677 4260 876 4316 mentis
904 4267 1121 4325 vestrm,
1133 4266 1190 4315 et
1211 4257 1417 4316 induite
1434 4273 1634 4314 novum
1656 4256 1932 4312 hominem

348 4359 440 4427 qui
474 4358 766 4415 secundum
797 4355 967 4410 Deum
996 4360 1213 4409 creatus
1233 4358 1339 4416 est,
1378 4349 1432 4405 in
1473 4347 1682 4417 iustitia
1711 4356 1769 4403 et
1800 4362 1929 4402 san-

347 4450 537 4505 ctitate
595 4446 844 4504 veritatis
892 4444 1108 4515 (Ephea.
1157 4440 1255 4513 iv).
1312 4441 1379 4496 Et
1426 4441 1555 4497 item
1596 4458 1612 4494 :
1686 4457 1705 4489 ι
1741 4437 1928 4492 Eszote

348 4559 478 4615 ergo
501 4544 802 4598 imitatores
824 4539 920 4595 Dei
941 4538 1084 4594 sicut
1104 4536 1199 4593 lilii
1223 4533 1551 4595 cbarissimi,
1581 4539 1636 4587 et
1654 4529 1929 4586 ambulate

350 4633 405 4687 in
429 4631 719 4688 dilectione
734 4630 876 4686 sicut
890 4626 1203 4685 ethristus
1215 4623 1402 4681 dilexit
1424 4637 1526 4681 nos
1541 4620 1758 4693 (Epltes.
1802 4620 1877 4689 v).
1902 4638 1920 4671 ι

350 4722 417 4776 Ει
465 4736 723 4781 rursum:
763 4738 783 4773 ι
820 4717 1022 4783 Nolite,
1064 4715 1259 4786 inquit,
1293 4712 1617 4771 contristare
1663 4710 1926 4782 Spiritum

350 4817 594 4864 sanctum
626 4808 742 4872 Dei,
775 4809 828 4863 in
858 4823 963 4878 quo
996 4806 1190 4878 signati
1239 4805 1373 4861 estis
1412 4803 1477 4875 in
1522 4803 1668 4859 diem
1716 4803 1925 4859 redem-

353 4895 571 4966 ptionis,
606 4906 712 4955 etc.
745 4897 962 4970 (Ephes.
1013 4896 1112 4970 ιν).
1154 4917 1172 4949 ι
1203 4895 1346 4964 Quot
1369 4894 1513 4950 enim
1565 4893 1776 4966 species
1816 4892 1921 4946 vir-

354 4992 529 5038 tutum
577 4995 722 5051 sunt,
770 4994 851 5042 tot
898 4987 1244 5057 operationes
1290 4986 1462 5042 bonas
1507 4994 1564 5042 et
1603 4981 1926 5041 documenta

353 5075 603 5132 doctores
629 5078 806 5141 sancti
832 5078 886 5133 in
919 5079 1188 5135 mentibus
1228 5078 1523 5134 electorum
1560 5085 1618 5133 et
1637 5090 1927 5132 conversa-

356 5166 502 5222 tione
525 5165 833 5236 exprimere
857 5176 1134 5238 satagunt,
1166 5176 1226 5223 ut
1268 5168 1384 5231 sint
1419 5167 1596 5225 sancti
1623 5174 1679 5222 et
1703 5181 1931 5237 corpore

352 5264 408 5312 et
433 5254 649 5328 spiritu,
673 5254 913 5319 dicentes
932 5271 1056 5312 cum
1077 5257 1336 5327 Apostolo
1363 5275 1377 5311 :
1410 5276 1431 5310 ι
1463 5257 1583 5327 Ipse
1608 5264 1791 5313 autem
1825 5257 1930 5313 Do-

357 5344 533 5415 minus
542 5343 694 5415 pacis
703 5342 1008 5401 sanetiticet
1021 5359 1115 5400 vos
1128 5360 1224 5415 per
1237 5346 1416 5401 omnia
1425 5384 1440 5410 ,
1455 5353 1515 5399 ut
1533 5346 1741 5413 integer
1753 5354 1933 5403 vester

355 5433 579 5504 spiritus
600 5441 658 5489 et
684 5432 866 5488 anima
900 5442 957 5489 et
983 5448 1203 5504 corpus,
1228 5435 1345 5491 sine
1369 5435 1585 5505 querela
1617 5436 1671 5490 in
1700 5436 1932 5492 adventu

358 5520 568 5576 Domini
591 5521 764 5577 nostri
805 5518 933 5579 Jesu
962 5520 1162 5578 Christi
1215 5532 1501 5580 serventur
1531 5524 1584 5596 (1
1615 5524 1765 5580 Thes.
1794 5525 1873 5596 v).

434 5628 451 5659 ι
497 5606 587 5664 Sic
622 5607 775 5667 faber
827 5609 1087 5668 ferrarius
1138 5614 1331 5670 sedens
1380 5615 1531 5686 juxta
1580 5614 1829 5673 incudem
1876 5625 1934 5673 et

2022 2000 2146 2042 rere
2171 1985 2421 2041 sensibus
2456 1983 2631 2049 illius;
2657 1990 2714 2038 at
2739 1984 2854 2052 ipse
2880 1997 2976 2037 cor
3000 1995 3155 2036 suum
3184 1980 3352 2043 dabit,
3383 1988 3447 2034 ut
3471 1995 3613 2034 con-

2019 2083 2256 2137 summet
2283 2089 2419 2145 opus
2440 2072 2603 2130 oliieii
2659 2073 2762 2136 sui,
2790 2080 2845 2127 et
2889 2071 3101 2143 vigilias
3129 2070 3363 2126 solch
3392 2087 3505 2126 sua:
3539 2071 3615 2124 ad

2020 2169 2127 2224 hoc
2150 2165 2434 2238 impendit,
2455 2173 2516 2220 ut
2534 2181 2663 2220 vasa
2687 2165 2981 2220 electarum
3011 2163 3315 2219 animarum
3338 2164 3404 2217 ad
3431 2164 3617 2217 scien-

2020 2258 2109 2314 tia:
2134 2265 2189 2314 et
2216 2258 2480 2313 virtutum
2500 2256 2889 2329 perfectionem
2916 2255 3197 2326 perducat.
3229 2254 3383 2311 Unde
3406 2254 3619 2309 Paulus

2021 2350 2296 2422 apostolus
2360 2350 2555 2406 horum
2619 2364 2894 2405 armorum
2944 2348 3248 2418 praecipuus
3310 2346 3621 2402 fabricator

2022 2443 2338 2513 quibusdam
2405 2441 2518 2497 suis
2587 2439 2923 2494 auditoribus
2990 2438 3063 2492 ita
3127 2437 3411 2501 scribens,
3478 2437 3564 2489 ait
3601 2455 3619 2489 :

2028 2555 2046 2587 ι
2086 2532 2477 2590 Confortamiui
2529 2532 2581 2587 in
2633 2530 2880 2594 Domino,
2910 2528 3051 2585 etin
3100 2527 3340 2599 potentia
3389 2526 3624 2581 virtutis

2023 2628 2157 2700 ejus.
2187 2628 2395 2682 lnduite
2423 2643 2519 2684 vos
2574 2636 2902 2681 armaturam
2955 2625 3069 2687 Dei,
3101 2630 3159 2679 ut
3191 2624 3416 2695 possitis
3463 2632 3627 2678 stare

2024 2719 2284 2775 adversus
2315 2717 2539 2772 insidias
2565 2715 2785 2779 diaboli,
2824 2715 2947 2784 quia
2976 2730 3080 2769 non
3110 2722 3194 2770 est
3242 2714 3400 2769 nobis
3441 2714 3625 2767 collu-

2026 2808 2193 2864 ctatio
2222 2808 2482 2862 adversus
2507 2821 2723 2861 carnem
2749 2812 2803 2859 et
2849 2805 3186 2874 sanguinem,
3218 2804 3311 2858 sed
3341 2805 3627 2858 adversus

2022 2900 2298 2970 principes
2344 2907 2400 2953 et
2446 2907 2767 2968 potestates,
2820 2896 3080 2951 adversus
3127 2894 3312 2950 mundi
3361 2904 3627 2949 rectores

2026 2993 2374 3047 tenebrarum
2419 2990 2610 3045 barum
2636 3029 2652 3053 ,
2696 2997 2885 3042 contra
2929 2987 3195 3057 spiritalia
3246 2987 3508 3055 nequitia:
3565 2988 3623 3043 iu

2027 3080 2358 3137 caelestibus.
2413 3079 2704 3149 Propterea
2749 3078 2978 3146 accipite
3024 3084 3352 3132 armaturam
3403 3076 3531 3139 Dei,
3562 3086 3629 3131 ut

2025 3173 2246 3244 possitis
2275 3172 2528 3228 resistere
2557 3171 2609 3226 in
2642 3171 2730 3228 die
2757 3170 2921 3234 malo,
2950 3180 3004 3226 et
3027 3170 3078 3225 in
3107 3170 3358 3226 omnibus
3381 3170 3627 3240 perfecti

2026 3273 2191 3322 stare.
2221 3263 2370 3319 State
2389 3279 2518 3334 ergo
2538 3263 2797 3318 succincti
2818 3262 3032 3317 lumbos
3050 3268 3260 3317 vestros
3281 3262 3335 3316 in
3354 3263 3472 3316 veri
3480 3271 3627 3327 tate,

2027 3365 2076 3409 et
2112 3355 2283 3409 induti
2311 3355 2534 3409 loricam
2558 3351 2801 3424 iustitia),
2830 3360 2887 3408 et
2926 3352 3148 3408 ealceati
3174 3352 3338 3422 pedes
3379 3352 3437 3406 in
3468 3369 3631 3423 pne-

2027 3445 2311 3514 paratione
2358 3443 2631 3514 Evangelii
2683 3442 2832 3512 pacis
2863 3460 2876 3497 :
2907 3443 2964 3497 in
3022 3443 3273 3498 omnibus
3327 3454 3633 3499 sumentes

2029 3542 2239 3590 scutum
2270 3533 2412 3598 fidei,
2441 3534 2496 3589 in
2523 3549 2632 3604 quo
2660 3534 2879 3603 possitis
2903 3533 3085 3589 omnia
3141 3533 3242 3589 tela
3287 3536 3631 3603 nequissimi

2028 3626 2183 3697 ignea
2209 3626 2587 3695 exstinguere,
2642 3635 2697 3680 et
2740 3624 2953 3696 galeam
3010 3624 3201 3680 salutis
3248 3626 3541 3689 assumite,
3572 3637 3639 3683 et

2031 3716 2272 3786 gladium
2295 3715 2538 3785 spiritus,
2562 3715 2704 3785 quod
2729 3723 2813 3771 est
2839 3714 3063 3769 verbum
3082 3714 3177 3769 Dei
3211 3713 3427 3784 (Eplm.
3460 3716 3574 3783 vr).
3610 3736 3632 3768 ι

2030 3808 2098 3863 Ει
2124 3809 2394 3877 quomodo
2436 3806 2490 3862 in
2529 3807 2811 3877 praesentis
2856 3806 2981 3861 vitae
3029 3804 3268 3862 laborem
3314 3805 3403 3861 bis
3446 3811 3643 3864 armis

2030 3898 2290 3954 utendum
2320 3897 2410 3964 sit,
2442 3898 2584 3954 idem
2631 3897 2755 3953 alibi
2783 3896 3039 3961 ostendit,
3070 3897 3257 3952 dicens
3285 3911 3303 3951 :
3337 3914 3358 3947 ι
3402 3896 3462 3952 ιιι
3492 3914 3641 3954 om-

2032 3987 2190 4046 nibus
2217 3988 2574 4044 exbibeamus
2611 3988 2969 4057 nosmetipsos
3014 3988 3157 4043 sicut
3180 3989 3275 4043 Dei
3304 3989 3641 4057 ministros,

2032 4081 2087 4136 in
2115 4079 2280 4136 multa
2305 4079 2588 4149 patientia,
2620 4079 2674 4135 in
2703 4078 3160 4145 tribulationitus,
3187 4081 3244 4135 in
3275 4082 3644 4138 necessitati-

2031 4173 2156 4235 bus.
2184 4172 2238 4227 in
2268 4170 2552 4243 angustiis,
2582 4171 2636 4227 in
2681 4170 2873 4242 plagis,
2906 4172 2958 4226 in
3010 4173 3338 4233 carceribus,
3369 4174 3429 4228 in
3470 4178 3645 4232 sedi-

2033 4261 2291 4326 tionibus,
2342 4261 2396 4316 in
2443 4260 2738 4327 laboribus,
2786 4261 2841 4315 in
2887 4261 3109 4333 vigiliis,
3152 4262 3208 4317 in
3249 4261 3503 4333 ieiuniis,
3574 4268 3641 4323 in

2034 4354 2307 4415 castitate,
2340 4352 2394 4407 in
2421 4352 2673 4417 scientia,
2699 4351 2751 4405 in
2774 4351 3203 4423 longanimitate,
3232 4353 3287 4408 in
3317 4356 3641 4423 suavitate,

2035 4446 2087 4500 in
2114 4444 2320 4514 Spiritu
2349 4453 2558 4507 saneto,
2588 4442 2646 4498 in
2694 4443 2959 4498 cbaritate
3008 4459 3113 4498 non
3158 4444 3318 4508 ficta,
3342 4444 3400 4498 in
3449 4451 3645 4505 verbo

2033 4533 2297 4598 veritatis,
2326 4533 2381 4587 in
2411 4532 2612 4587 virtute
2639 4532 2756 4595 Dei,
2785 4546 2880 4601 per
2906 4546 3054 4586 arma
3093 4530 3318 4601 iustitiae
3342 4548 3379 4587 a
3405 4535 3646 4596 dextris

2032 4633 2087 4683 et
2112 4639 2140 4677 a
2170 4624 2426 4686 sinistris,
2458 4638 2553 4693 per
2579 4623 2807 4694 gloriam
2833 4630 2888 4678 et
2915 4624 3323 4696 ignobilitatem,
3344 4641 3451 4696 per
3477 4630 3644 4687 infa-

2032 4716 2196 4777 miam
2229 4723 2284 4769 et
2311 4715 2506 4770 bonam
2559 4713 2776 4778 famam,
2804 4721 2865 4768 ut
2897 4714 3229 4779 seductores,
3257 4724 3314 4770 et
3352 4732 3635 4785 veraces,

2032 4808 2174 4864 sicut
2198 4806 2291 4876 qui
2318 4805 2487 4878 ignoti
2515 4813 2570 4861 et
2604 4803 2828 4876 cogniti,
2851 4805 3007 4873 quasi
3049 4805 3361 4870 morientes,
3395 4816 3457 4864 et
3488 4826 3643 4869 ecce

2033 4898 2283 4961 vivimus,
2309 4882 2660 4966 ut'castigati,
2684 4904 2859 4949 etnon
2872 4893 3205 4961 mortificati,
3227 4897 3381 4966 quasi
3406 4899 3638 4967 tristes,

2034 5002 2249 5060 semper
2271 4994 2451 5042 autem
2483 4986 2796 5055 gaudentes,
2832 4984 2972 5039 sicut
2998 4994 3241 5054 egenus,
3282 4987 3492 5044 multos
3519 5007 3639 5046 an-

2034 5085 2145 5133 tem
2169 5076 2578 5146 locupletantes,
2604 5087 2858 5148 tanquam
2887 5077 3019 5133 nihil
3042 5078 3304 5134 habentes
3325 5089 3385 5134 et
3428 5085 3641 5139 omnia

2033 5166 2370 5237 possidentes
2397 5164 2485 5236 (II
2513 5163 2636 5221 Cor.
2661 5165 2786 5237 vn).
2808 5186 2828 5221 ι

2109 5276 2129 5309 ι
2176 5255 2269 5313 Sic
2282 5255 2684 5328 figulussedens
2697 5256 2764 5312 ad
2776 5271 2910 5326 opus
2920 5271 3097 5322 suum,
3109 5265 3168 5312 et
3186 5268 3518 5314 convertens
3532 5276 3640 5330 pe-

2039 5346 2225 5403 cdibus
2246 5347 2360 5401 suis
2383 5356 2580 5411 rotam,
2655 5345 2747 5418 qui
2821 5345 2873 5400 in
2903 5345 3267 5401 sollicitudine
3293 5349 3508 5417 positus
3533 5360 3641 5407 est

2039 5456 2059 5489 ι
2103 5452 2319 5507 semper
2342 5444 2561 5507 propter
2578 5452 2715 5507 opus
2729 5451 2906 5501 suum,
2923 5445 2979 5491 et
2998 5437 3280 5493 innumera
3313 5448 3397 5493 est
3432 5443 3639 5499 munis

2039 5547 2059 5582 ι
2102 5529 2345 5600 operatio
2368 5528 2502 5599 ejus.
2516 5529 2575 5583 In
2594 5530 2817 5585 brachio
2831 5544 2929 5585 suo
2942 5527 3197 5584 formabit
3210 5529 3403 5594 lutum,
3418 5540 3473 5586 et
3486 5545 3639 5592 ante

2039 5637 2059 5671 ι
2103 5618 2459 5677 faciemsuam
2474 5618 2723 5675 curvabit
2746 5620 2999 5676 virtutem
3027 5633 3181 5674 suam
3199 5636 3212 5671 :
3228 5634 3493 5675 uersuum
3520 5624 3605 5677 da
