3902 6162
374 362 393 413 l
407 357 512 412 037

1196 351 1545 410 COMMENT.
1582 354 1650 410 lN
1688 353 2302 411 ECCLESIASTICUM.
2343 388 2413 397 —
2449 336 2763 413 Lla.’vut.

3496 363 3630 416 1038

377 494 394 525 ε
443 471 521 526 bit
537 479 599 525 ut
618 477 954 525 consummet
971 466 1359 530 linitionem,et
1373 467 1550 540 vigilia
1570 483 1664 522 sua
1682 467 1960 523 mundabit
1988 473 2038 530 Α
2064 468 2322 522 doctrinm
2349 468 2508 539 digne
2532 469 2795 538 proferre,
2826 476 2919 523 aut
2941 468 3140 538 aliquid
3173 470 3296 526 boui
3322 472 3501 541 operis
3531 475 3632 530 rite

374 585 393 613 ι
444 562 740 617 fornacem.
786 578 806 611 ι
846 558 913 612 Et
961 557 1088 627 quid
1122 572 1219 628 per
1254 558 1473 630 ﬁgulum
1503 559 1666 623 hunc,
1694 558 1798 613 nisi
1826 558 1951 629 ipsi,

371 655 438 708 dc
504 652 687 723 minus
746 650 1115 719 supradictum
1166 657 1290 713 est,
1335 650 1508 704 sancti
1570 649 1954 719 praedicatores

372 740 853 798 demonstraner
885 738 990 808 Ipsi
1018 738 1164 793 enim
1193 752 1293 808 per
1314 739 1526 795 diversa
1549 738 1723 795 cilicia
1754 739 1954 810 gradus

372 835 454 890 sui
502 831 862 889 ministerium
912 830 1073 901 digne
1113 839 1302 901 agunt,
1342 840 1399 886 et
1441 831 1743 887 doctrinam
1801 844 1956 885 suam

373 926 673 983 secundum
719 921 1039 994 qualitatem
1095 920 1402 975 auditorum
1447 927 1751 990 temperant
1788 918 1956 989 :quia

373 1018 533 1073 aliter
556 1013 875 1072 admonendi
909 1020 1036 1066 sunt
1059 1011 1354 1081 sapientes,
1395 1010 1550 1065 aliter
1618 1010 1951 1081 nsipientes;

375 1110 534 1164 aliter
582 1108 771 1172 fortes,
821 1103 981 1158 aliter
1028 1101 1260 1167 inﬁrmi;
1306 1101 1464 1156 aliter
1500 1100 1752 1172 juvenes,
1799 1099 1958 1154 aliter

376 1214 567 1264 senes;
625 1196 782 1251 aliter
826 1193 970 1259 viri,
1024 1192 1284 1261 aliterque
1332 1189 1562 1245 feminae.
1613 1190 1719 1261 lpsi
1774 1198 1958 1246 aratro

377 1286 656 1358 Evangelii
689 1283 948 1340 excolunt
981 1296 1168 1351 agrum
1201 1280 1449 1346 Domini;
1480 1280 1579 1349 ipsi
1605 1294 1733 1335 oves
1754 1287 1810 1335 et
1848 1279 1959 1334 ani-

380 1377 541 1432 malia
569 1373 844 1430 Dominica
871 1379 1101 1443 pascunt
1124 1369 1325 1441 pabulo
1352 1368 1533 1434 verbi;
1564 1368 1663 1439 ipsi
1706 1368 1959 1437 sculpunt

379 1465 654 1539 signacula
706 1464 831 1519 novi
858 1461 1093 1517 hominis
1139 1461 1191 1515 in
1246 1459 1500 1516 cordibus
1543 1459 1828 1524 humanis;
1856 1459 1956 1529 ipsi

379 1571 477 1625 per
498 1555 692 1624 linguae
710 1566 820 1607 sum
834 1548 1194 1605 ministerium
1211 1547 1479 1602 fabricant
1490 1561 1637 1602 arma
1661 1546 1919 1601 virtutum
1938 1563 1953 1611 ;

378 1646 588 1714 ipsique
612 1642 831 1713 fragiles
863 1648 919 1697 et
952 1639 1198 1696 inﬁmos
1225 1639 1406 1695 verbis
1430 1648 1487 1693 et
1535 1638 1797 1708 exemplis
1843 1637 1955 1695 for-

379 1741 531 1787 mant
559 1739 720 1802 atque
753 1729 1084 1794 confortant,
1110 1735 1378 1799 quatenus
1405 1741 1500 1782 eos
1546 1724 1779 1781 efﬁciant
1825 1741 1956 1781 vasa

379 1821 735 1886 honorabilia,
769 1827 824 1876 et
859 1820 928 1876 ad
972 1818 1332 1874 ministerium
1385 1816 1479 1871 Dei
1527 1816 1824 1886 aptissima.
1858 1815 1958 1870 llic
1986 1820 2033 1879 B

377 1930 517 1986 ergo
568 1912 762 1983 ﬁgulus
816 1911 871 1965 in
920 1909 1197 1981 operando
1248 1908 1515 1964 convertit
1567 1905 1795 1976 pedibus
1844 1904 1960 1961 suis

382 2018 579 2069 rotam,
616 2019 743 2060 cum
786 2003 1066 2076 praesentis
1097 2001 1222 2056 vita:
1258 1999 1546 2055 volubilem
1588 2000 1958 2056 conversatio-

381 2111 504 2151 nem
528 2111 626 2167 per
649 2094 877 2164 vestigia
906 2093 1169 2149 bonorum
1199 2106 1423 2162 operum
1483 2091 1596 2146 suis
1639 2090 1962 2160 sequacibus

382 2187 652 2243 convertit
681 2186 750 2241 ad
774 2185 1103 2256 exemplum,
1132 2183 1225 2253 qui
1249 2182 1668 2239 sollicitudinem
1697 2181 1837 2253 gerit
1856 2181 1960 2238 sibi

381 2278 817 2341 commissorum,
836 2283 896 2330 ut
908 2276 1171 2331 bonorum
1191 2288 1415 2345 operum
1441 2273 1694 2329 insistant
1717 2272 1927 2329 actibus
1941 2313 1960 2339 ,

380 2371 476 2442 qui
507 2370 621 2425 suis
650 2368 806 2425 factis
855 2368 1188 2424 inﬁrmorum
1234 2367 1453 2425 roborat
1490 2366 1879 2436 operationem,
1906 2374 1963 2422 et

382 2459 703 2514 humilitatis
726 2468 887 2529 atque
906 2458 1330 2515 mansuetudinis
1354 2458 1436 2515 eis
1463 2458 1665 2529 praebet
1681 2457 1958 2529 exempla;

380 2549 475 2619 qui
503 2547 686 2604 cordis
713 2548 798 2603 sui
832 2556 1002 2604 totam
1028 2546 1364 2604 voluntatem
1422 2546 1490 2605 ad
1547 2547 1653 2605 hoc
1696 2546 1869 2615 ponit,
1899 2554 1962 2602 ut

381 2636 647 2708 quidquid
675 2651 927 2707 asperum
952 2636 1026 2694 sit
1067 2637 1123 2692 in
1153 2637 1398 2693 moribus
1442 2636 1798 2703 subditorum,
1824 2636 1957 2697 leni-

384 2729 512 2786 tatis
557 2743 670 2786 sua:
718 2727 882 2785 leniat
941 2729 1289 2794 documento;
1350 2729 1419 2786 ad
1487 2730 1696 2799 hocque
1748 2744 1963 2786 omnem

383 2819 717 2890 vigilantiam
740 2833 892 2876 suam
918 2818 1196 2889 impendit,
1221 2827 1285 2875 nt
1309 2819 1363 2874 iu
1383 2820 1564 2875 cordis
1590 2818 1811 2877 fornace
1838 2820 1964 2891 igne

385 2923 697 2979 excoquens
743 2906 1025 2963 charitatis
1055 2914 1220 2962 totam
1267 2907 1635 2978 operationem
1678 2907 1964 2978 discipulo-

387 3013 533 3063 rum,
552 2996 769 3053 ﬂamma
792 2996 1090 3053 consolidet
1115 2996 1419 3054 dilectionis
1446 3016 1459 3052 :
1483 2998 1609 3067 quia
1635 3005 1807 3055 totum
1827 3013 1964 3069 opus

388 3104 553 3145 casus
582 3088 665 3143 sui
692 3087 856 3144 habet
886 3087 1296 3154 detrimentum,
1322 3087 1370 3145 si
1394 3088 1679 3146 charitatis
1703 3089 1832 3147 illud
1852 3106 1960 3147 non

386 3179 660 3234 coadunat
686 3177 1152 3249 glutinamentum.

465 3287 483 3320 ι
528 3268 732 3327 Omnes
773 3269 829 3325 in
856 3270 1101 3326 manibus
1125 3270 1238 3325 suis
1289 3279 1661 3340 speraverunt,
1691 3280 1748 3329 et
1792 3288 1961 3331 ututs-

392 3378 411 3410 ι
452 3359 683 3429 quisque
732 3358 787 3413 in
842 3367 960 3414 arte
1000 3372 1098 3413 sua
1117 3358 1331 3429 sapiens
1361 3368 1466 3414 est.
1502 3377 1521 3411 ι
1555 3359 1755 3419 Omnes
1778 3360 1965 3417 videli-

388 3458 475 3503 cet
499 3456 699 3504 sancte
728 3448 822 3504 Dei
865 3448 1113 3505 doaores
1155 3448 1409 3506 Ecclesiae
1433 3450 1590 3507 beate
1628 3452 1965 3521 operationis

388 3536 592 3593 habent
617 3537 874 3605 studium,
904 3546 960 3593 et
987 3539 1354 3610 unusquisque
1390 3555 1578 3597 eorum
1606 3539 1761 3610 juxta
1788 3542 1964 3600 distri-

389 3624 664 3682 butionem
693 3624 926 3698 Spiritus
951 3628 1122 3683 sancti
1148 3642 1295 3683 same
1339 3628 1600 3687 doctrina:
1641 3631 1772 3687 utile
1800 3632 1963 3689 habet

390 3721 589 3774 donum
633 3737 647 3772 :
686 3718 815 3789 quia
869 3737 888 3771 σ
933 3718 1024 3774 alii
1082 3720 1299 3790 quidem
1339 3736 1437 3792 per
1481 3720 1742 3792 Spiritum
1804 3723 1965 3780 datur

390 3825 569 3866 sermo
604 3810 899 3879 sapientiae,
928 3809 1018 3865 alii
1056 3818 1239 3867 autem
1290 3826 1471 3868 sermo
1501 3812 1741 3869 scientiae
1770 3828 1966 3870 secun-

387 3901 517 3955 dum
551 3899 800 3956 eumdem
831 3898 1124 3971 Spiritum;
1158 3900 1313 3958 alteri
1355 3902 1489 3959 ﬁdes
1533 3904 1588 3959 in
1624 3904 1811 3961 eodem
1842 3904 1963 3976 Spi-

388 3991 520 4057 ritu,
546 3990 638 4047 alii
665 3990 839 4062 gratia
866 3990 1158 4046 sanitatum
1183 3992 1237 4046 in
1279 4007 1387 4047 uno
1430 3991 1636 4062 Spiritu
1668 4013 1682 4048 :
1721 3994 1814 4051 alii
1837 4009 1963 4065 ope-

388 4084 530 4141 ratio
554 4084 835 4150 virtutum,
872 4083 966 4138 alii
1014 4083 1320 4155 prophetia,
1352 4082 1443 4140 alii
1498 4084 1752 4141 discretio
1799 4086 1962 4157 spiri-

391 4182 565 4239 tuum,
591 4172 680 4227 alii
702 4187 899 4245 genera
928 4173 1257 4244 linguarum,
1281 4173 1373 4228 alii
1419 4173 1793 4243 interpretatio
1840 4190 1962 4230 ser-

391 4278 633 4319 omnum.
649 4261 774 4319 Haec
798 4271 980 4319 autem
1000 4264 1183 4320 omnia
1207 4274 1463 4336 operatur
1479 4280 1623 4321 unus
1639 4274 1800 4337 atque
1819 4267 1961 4323 idem

390 4352 648 4423 Spiritus,
671 4353 913 4409 dividens
958 4353 1185 4426 singulis
1207 4365 1369 4425 prout
1388 4355 1502 4412 vult
1522 4354 1577 4429 (1
1615 4354 1739 4411 Cor.
1776 4359 1898 4430 xu).
1936 4380 1956 4413 ι

467 4463 486 4495 ι
529 4444 659 4515 Sine
689 4444 773 4499 his
798 4444 1050 4500 omnibus
1073 4460 1181 4500 non
1208 4445 1507 4503 aediﬁcatur
1530 4447 1742 4505 civitas.
1768 4449 1836 4504 Et
1853 4463 1961 4505 non

391 4555 411 4586 ι
463 4533 840 4589 inhabitabant
885 4548 987 4591 nec
1029 4534 1537 4604 inambulabunt,et
1582 4538 1638 4593 in
1682 4538 1963 4595 ecclesiam
1991 4534 2044 4595 D

393 4646 412 4675 ι
462 4640 567 4679 non
593 4623 922 4689 transilient;
942 4639 1106 4694 super
1124 4626 1311 4682 sellam
1318 4624 1531 4696 judices
1548 4643 1655 4684 non
1674 4629 1959 4697 sedebant,

389 4739 410 4771 ς
458 4727 513 4773 et
539 4725 916 4773 testamentum
936 4715 1128 4785 judicii
1164 4733 1271 4775 non
1317 4719 1642 4791 intelligent,
1670 4736 1846 4792 neque
1869 4736 1963 4794 pa-

391 4833 409 4863 ι
456 4811 562 4864 lam
593 4808 794 4864 facient
823 4808 1163 4879 disciplinam
1184 4820 1242 4867 et
1260 4809 1551 4882 judicium,
1575 4820 1633 4867 et
1656 4813 1712 4867 in
1734 4814 1963 4883 parabo-

389 4922 409 4955 s
457 4900 524 4955 lis
549 4914 655 4955 non
684 4898 1027 4955 invenientur
1054 4916 1068 4953 :
1097 4900 1194 4957 sed
1217 4907 1523 4956 creaturam
1552 4901 1653 4956 aevi
1681 4902 1964 4958 conﬁrma-

388 5014 409 5045 ι
456 4992 610 5056 bunt,
639 4998 694 5046 et
734 4990 1044 5060 deprecatio
1092 4992 1309 5049 illorum
1358 4993 1412 5048 in
1464 4994 1778 5064 Operatione
1803 4996 1960 5061 artis,

389 5105 410 5137 ‹
458 5082 933 5140 accommodantes
984 5086 1221 5146 animam
1269 5100 1441 5151 suam,
1480 5094 1537 5142 et
1583 5087 1963 5156 conquirentes

389 5196 409 5227 ε
458 5177 512 5230 in
544 5175 657 5245 lege
685 5175 966 5232 Altissimi.
1002 5194 1023 5229 ι
1053 5174 1181 5230 Sine
1210 5175 1295 5230 his
1321 5176 1597 5241 omnibus,
1633 5174 1787 5231 donis
1816 5175 1964 5231 vide-

387 5265 517 5323 licet
541 5268 892 5338 spiritalibus,
924 5282 1035 5322 non
1057 5265 1359 5321 aediﬁcatur
1380 5266 1574 5322 civitas
1601 5265 1879 5332 Ecclesiae,
1906 5273 1964 5322 et

386 5372 499 5411 non
528 5356 847 5414 habitabant
873 5358 1060 5415 ﬁdeles
1090 5357 1142 5413 in
1166 5372 1252 5425 ea,
1279 5371 1381 5414 nec
1410 5358 1762 5414 ambulabunt
1788 5357 1961 5414 sancti

385 5447 459 5501 de
490 5446 689 5504 virtute
706 5449 761 5503 in
797 5449 1071 5513 virtutem,
1105 5464 1207 5505 nec
1239 5448 1375 5506 aulae
1408 5449 1648 5506 scelestis
1688 5450 1796 5506 illis
1839 5466 1966 5521 pan-

384 5540 549 5593 detur
568 5538 835 5595 introitus.
873 5540 1198 5597 Cathedram
1219 5556 1435 5611 quoque
1458 5541 1683 5598 honoris
1709 5542 1966 5614 praedica-

386 5640 537 5681 tores
587 5627 856 5700 Evangelii
896 5629 1100 5699 absque
1141 5630 1227 5685 his
1252 5630 1356 5685 rite
1397 5645 1505 5684 non
1552 5639 1759 5696 tenent,
1791 5646 1967 5701 neque

384 5717 719 5775 intellectum
774 5722 908 5791 legis
959 5721 1051 5777 Dei
1100 5722 1316 5790 habere,
1370 5721 1479 5778 into
1524 5737 1624 5777 nec
1661 5738 1965 5779 sermonem

2056 576 2219 632 agere
2261 569 2532 630 poterunt.
2582 561 2735 618 Unde
2761 576 2977 632 quoque
3021 562 3123 633 ipsi
3160 564 3332 619 sancti
3382 564 3631 622 doctores

2055 648 2382 704 charismate
2410 649 2592 705 divino
2617 649 2684 705 ad
2712 664 2849 720 opus
2883 650 3033 706 verbi
3061 665 3119 706 se
3163 651 3440 710 ordinatos
3464 669 3633 726 agno-

2054 746 2269 795 scentes
2294 778 2310 803 ,
2360 749 2669 794 creaturam
2716 740 3006 795 humanam
3049 741 3417 810 temporaliter
3456 759 3487 798 a
3521 746 3632 801 Deo

2055 828 2347 893 conditam,
2375 844 2473 899 per
2496 828 2780 900 praedictas
2808 829 3017 900 species
3034 830 3161 886 doni
3180 830 3416 888 caelestis
3438 833 3494 887 in
3523 835 3628 891 fide

2055 929 2111 977 et
2140 920 2278 977 bona
2305 922 2620 993 operatione
2647 920 2996 987 confirmant;
3017 932 3072 978 et
3090 922 3396 993 deprecatio
3419 925 3632 981 illorum

2056 1028 2182 1068 eum
2209 1012 2364 1068 bonis
2395 1013 2605 1068 actibus
2650 1012 2909 1067 virtutum
2957 1014 3304 1083 acceptabilis
3353 1016 3460 1070 erit
3499 1017 3631 1083 Deo,

2056 1102 2313 1172 quoniam
2366 1103 2577 1159 animas
2610 1117 2736 1158 suas
2764 1104 3025 1159 dederunt
3072 1119 3170 1175 pro
3214 1104 3473 1162 fratribus
3520 1109 3636 1164 suis

2058 1194 2351 1250 secundum
2380 1202 2708 1263 pra‘ceptum
2762 1194 2896 1266 legis
2941 1194 3227 1263 Altissimi,
3255 1198 3346 1267 qui
3377 1198 3429 1253 in
3458 1198 3635 1254 Evan-

2056 1284 2197 1353 gelio
2218 1285 2493 1354 discipulis
2513 1286 2623 1340 suis
2643 1286 2716 1360 ait
2740 1300 2753 1338 :
2789 1305 2808 1337 ι
2838 1285 2950 1341 Hoc
2973 1294 3058 1341 est
3082 1300 3408 1359 prmceptum
3431 1305 3633 1357 meum,

2057 1384 2119 1430 ut.
2148 1376 2381 1447 diligatis
2425 1376 2652 1434 invicem
2700 1378 2841 1432 sicut
2888 1377 3049 1432 dilexi
3079 1394 3192 1434 vos.
3228 1379 3483 1448 Majorem
3529 1383 3636 1438 hac

2058 1467 2398 1522 dilectionem
2450 1482 2608 1525 nemo
2650 1468 2853 1533 habet,
2885 1485 3047 1540 quam
3093 1479 3153 1525 ut
3192 1471 3427 1528 animam
3480 1488 3633 1529 suam

2058 1559 2179 1628 quis
2204 1567 2369 1629 ponat
2405 1574 2506 1629 pro
2528 1560 2716 1617 amicis
2761 1562 2873 1618 suis
2904 1561 3086 1632 (Joan.
3114 1578 3187 1618 xv
3213 1564 3254 1635 ).
3305 1585 3323 1617 ι
3360 1565 3633 1633 Quantum

2058 1658 2240 1705 autem
2264 1650 2442 1706 divina
2468 1652 2732 1721 sapientia
2773 1652 3002 1733 sacellat
3041 1655 3290 1711 humana:
3327 1657 3632 1727 sapientim,

2060 1753 2291 1807 sequens
2317 1754 2496 1795 sermo
2516 1743 2772 1795 ostendit.

2627 1830 2859 1889 CAPUT
2897 1832 3037 1888 XVII

2064 1914 2353 1993 Sapientia;
2378 1917 2516 1983 laus,
2543 1918 2597 1973 id
2619 1930 2691 1993 est
2718 1918 2849 1993 Filii
2877 1920 2990 1988 Dei,
3017 1923 3156 1992 quod
3173 1940 3266 1993 per
3285 1925 3449 1993 ipsam
3471 1926 3638 1979 omnis

2132 1986 2389 2062 sapientig
2412 1989 2759 2062 e_t_prophetia
2787 1990 2854 2045 sit
2892 2008 2905 2045 :
2936 1986 3060 2061 quin
3098 1986 3440 2062 sempcr'cum
3478 1993 3636 2049 Patre

2129 2064 2178 2109 et
2195 2053 2324 2108 cum
2348 2053 2549 2126 Spiritu
2575 2053 2756 2114 sancto
2776 2076 2928 2131 opere
2946 2053 2995 2115 ct
3014 2053 3246 2133 potentia
3271 2062 3459 2134 ubique
3483 2074 3581 2117 est.

2130 2143 2517 2216 (Camxmm)
2558 2165 2577 2198 I
2624 2146 2956 2218 Sapientiam
3001 2150 3243 2205 omnium
3289 2152 3636 2221 antiquorum

2066 2254 2086 2288 ι
2126 2222 2373 2305 exquiret
2396 2237 2636 2307 sapiens,
2666 2248 2721 2294 et
2765 2239 2820 2295 in
2850 2242 3129 2312 prophetis
3154 2244 3387 2300 vacabit.
3437 2244 3638 2301 Narra-

2066 2343 2086 2377 r
2130 2326 2331 2381 tionem
2359 2325 2603 2382 virorum
2626 2329 3029 2385 nominatorum
3082 2332 3446 2400 conservabit,
3472 2345 3529 2390 et
3577 2338 3633 2390 in

2067 2431 2086 2465 ι
2132 2414 2402 2470 versutias
2447 2415 2826 2486 parabolarum
2873 2419 3033 2475 simul
3097 2421 3362 2478 introibit.
3413 2423 3637 2481 Occulta

2068 2523 2089 2556 ι
2133 2505 2543 2576 proverbiorum
2568 2508 2838 2579 exquiret,
2862 2518 2919 2566 et
2964 2510 3018 2566 in
3043 2508 3375 2569 absconditis
3404 2514 3635 2584 parabo-

2068 2615 2088 2649 σ
2134 2595 2310 2652 larum
2357 2600 2789 2656 conversabitur.
2822 2599 2892 2656 Et
2937 2599 2992 2656 in
3041 2601 3221 2658 medio
3267 2612 3638 2676 magnatorum

2067 2704 2087 2740 ς
2131 2688 2481 2758 ministrabit,
2504 2698 2559 2746 et
2585 2691 2641 2746 in
2661 2701 2952 2764 conspectu
2982 2695 3228 2765 praesidis
3246 2697 3546 2767 apparebit.
3580 2698 3636 2751 In

2068 2798 2088 2833 ι
2135 2787 2341 2837 terram
2363 2781 2660 2840 alienarum
2681 2784 2922 2855 gentium
2942 2786 3271 2857 pertransiet
3294 2805 3307 2840 :
3332 2787 3471 2842 bona
3490 2788 3635 2843 enim

2068 2891 2089 2926 α
2132 2883 2188 2930 et
2232 2874 2373 2930 mala
2402 2875 2456 2931 in
2500 2876 2812 2933 hominibus
2838 2878 3088 2934 tentabit.
3135 2897 3155 2932 ι
3198 2878 3446 2950 Exquirit
3489 2882 3636 2936 enim

2064 2965 2227 3023 homo
2256 2967 2680 3035 ecclesiasticus,
2712 2976 2767 3025 et
2788 2958 3098 3042 diligentius
3123 2971 3282 3027 discit
3316 2972 3636 3047 sapientiam

2062 3056 2495 3126 patriarcharum
2516 3065 2571 3114 et
2591 3058 2998 3130 prophetarum,
3027 3070 3084 3117 et
3109 3062 3177 3117 ad
3220 3061 3421 3133 scripta
3448 3076 3638 3117 eorum

1990 3165 2034 3229 ο
2065 3144 2373 3202 meditanda
2422 3154 2611 3211 vacat,
2642 3148 3008 3206 narrationem
3045 3149 3287 3206 virorum
3335 3153 3641 3209 nominato-

2064 3248 2207 3301 rum,
2232 3232 2338 3291 hoc
2359 3242 2443 3293 est
2467 3236 2830 3308 apostolorum
2874 3245 2930 3294 et
2967 3239 3441 3311 evangelistarum,
3486 3249 3635 3297 recte

2064 3325 2334 3381 credendo
2371 3333 2426 3382 et
2484 3327 2622 3384 bene
2654 3327 2928 3399 Oper-sudo
2978 3338 3281 3384 conservat.
3311 3328 3370 3384 ln
3415 3331 3641 3402 parabo-

2065 3411 2131 3468 lis
2151 3429 2367 3485 quoque
2392 3416 2720 3489 evangelicis
2745 3417 3032 3490 diligenter
3060 3419 3352 3476 scrutando
3365 3428 3637 3488 versatur,

2065 3513 2117 3557 et
2140 3505 2430 3575 mysticum
2461 3521 2678 3562 sensum
2701 3505 2753 3561 in
2787 3508 3068 3564 sententiis
3108 3508 3308 3564 divinis
3327 3510 3637 3580 exquirens,

2065 3589 2323 3646 latentem
2355 3592 2666 3665 allegoriam
2690 3593 2745 3649 in
2770 3595 3028 3651 historica
3057 3597 3372 3652 narratione
3411 3597 3638 3654 investi-

2064 3687 2176 3751 gat,
2206 3688 2266 3735 ut
2302 3682 2440 3736 sciat
2463 3682 2589 3752 quid
2618 3681 2920 3739 luculentus
2955 3698 3134 3740 sermo
3176 3683 3328 3756 juxta
3355 3687 3640 3743 moralita-

2064 3777 2172 3825 tem
2210 3780 2268 3827 et
2295 3770 2417 3827 ﬁdei
2441 3772 2680 3844 regulam
2713 3772 2962 3829 utilitatis
2993 3774 3210 3841 habeat,
3242 3775 3440 3847 quidve
3481 3777 3640 3848 juxta

2063 3858 2374 3931 allegoriam
2396 3868 2451 3916 et
2476 3875 2753 3932 anagogen
2773 3862 3087 3932 spiritaliter
3115 3864 3485 3935 accipiendum
3507 3868 3646 3924 insi-v

2064 3958 2212 4005 nuct.
2239 3949 2337 4006 llic
2358 3965 2487 4022 ergo
2514 3971 2533 4004 ι
2562 3952 2616 4007 in
2629 3952 2807 4009 medio
2832 3960 3206 4025 magna‘tornm
3232 3955 3581 4025 ministrabit,
3612 3977 3632 4011 ι

2063 4056 2187 4098 cum
2215 4041 2357 4097 inter
2399 4043 2692 4100 catholicos
2734 4044 2986 4103 doctores
3018 4045 3483 4118 disciplinabiliter
3506 4065 3639 4106 con-

2064 4142 2333 4202 versatur,
2362 4144 2419 4191 et
2456 4135 2510 4192 in
2556 4135 2943 4197 ecclesiasticis
2987 4138 3178 4195 ciliciis
3216 4148 3436 4199 strenue
3479 4143 3638 4199 mini-

2065 4231 2234 4290 strat;
2257 4233 2314 4280 et
2338 4225 2445 4280 hoc
2469 4232 2530 4281 ut
2556 4240 2666 4283 non
2696 4225 2910 4283 laudem
2930 4227 3222 4283 humanam
3250 4238 3467 4300 appetat
3489 4230 3639 4297 facit,

2066 4316 2161 4372 sed
2184 4326 2243 4370 ut
2272 4330 2457 4372 coram
2482 4315 2655 4373 oculis
2683 4317 2881 4375 interni
2940 4318 3282 4390 inspectoris,
3314 4321 3407 4391 qui
3455 4323 3641 4392 ιιι·ωεί-

2066 4405 2157 4461 det
2184 4406 2321 4462 cmlo
2349 4415 2402 4462 et
2430 4415 2612 4475 terrm,
2646 4417 2704 4464 et
2729 4408 3035 4467 dominatur
3079 4412 3321 4468 omnium
3365 4421 3641 4469 creatura-

2068 4511 2213 4562 rum,
2239 4496 2470 4567 placeat.
2499 4496 2638 4553 Nam
2663 4505 2720 4554 et
2744 4499 2847 4556 iste
2871 4512 2995 4556 cum
3022 4500 3159 4557 bene
3181 4501 3425 4557 eruditus
3449 4502 3505 4557 in
3531 4501 3639 4557 lin-

2066 4602 2171 4660 gua
2198 4588 2379 4645 divina
2415 4603 2513 4660 per
2544 4590 2926 4663 magistrorum
2944 4592 3332 4650 catholicorum
3361 4592 3637 4650 solertiam

2065 4677 2249 4746 fuerit,
2275 4686 2331 4736 et
2365 4680 2733 4741 ecclesiastica
2769 4680 3054 4753 disciplina
3082 4682 3409 4740 sufﬁcienter
3433 4683 3637 4739 instru-

2067 4779 2207 4838 ctus,
2232 4772 2469 4830 doctoris
2498 4771 2732 4830 ofﬁcium
2763 4774 2982 4846 accipit,
3010 4782 3067 4831 et
3122 4775 3316 4833 alienis
3362 4777 3636 4848 gentibus,

2067 4882 2187 4937 qua:
2237 4868 2424 4937 utique
2477 4868 2666 4923 aliena:
2714 4883 2746 4923 a
2778 4868 2896 4924 veri
2926 4867 3093 4925 Israel
3148 4868 3257 4926 ﬁde
3307 4869 3554 4939 fuerunt,
3585 4884 3640 4927 et

2068 4955 2330 5027 religione
2353 4957 2726 5027 pertransiens
2752 4958 3013 5028 praedicat
3037 4958 3263 5017 verbum
3299 4958 3419 5029 Dei,
3446 4970 3502 5017 et
3526 4969 3642 5017 ten-

2069 5045 2231 5100 tando
2284 5045 2480 5117 probat
2531 5046 2623 5103 ubi
2674 5062 2821 5105 same
2891 5045 3016 5107 ﬁdei
3073 5051 3248 5122 possit
3299 5051 3641 5109 introducere

2066 5133 2374 5202 veritatem,
2396 5144 2452 5191 et
2470 5136 2560 5192 ubi
2588 5136 2840 5194 devotum
2863 5137 3168 5197 auditorem
3191 5140 3454 5209 inveniat,
3479 5141 3637 5197 ubive

2067 5222 2335 5296 ingratum
2365 5232 2420 5280 et
2442 5231 2893 5299 contemptorem.

2655 5341 2883 5401 CAPUT
2920 5342 3104 5402 XVIII.

2069 5424 2337 5509 Sapientia
2364 5431 2547 5501 pandit
2571 5433 2710 5505 quod
2737 5433 3006 5509 orantibus
3042 5433 3511 5509 Spiritussancltts
3545 5431 3638 5509 dat

2137 5497 2450 5574 intellectum
2481 5542 2497 5567 ,
2547 5497 2595 5556 ei
2636 5511 2886 5574 tanquam
2929 5497 3145 5574 imore'm
3187 5504 3380 5574 emittet
3434 5500 3636 5574 eloquia

2133 5568 2330 5641 dando,
2367 5572 2714 5641 suggerendo,
2740 5568 2992 5637 docendo,
3024 5575 3305 5641 secundum
3335 5568 3635 5641 Apostolum

2132 5638 2386 5693 dicentem
2413 5638 2690 5709 :Spiritus
2710 5642 2944 5710 postulat
2963 5656 3062 5709 pro
3098 5640 3271 5701 nobis,
3291 5638 3395 5695 etc'.

2139 5747 2157 5779 ι
2180 5728 2286 5784 Cor
2306 5742 2463 5784 suum
2485 5730 2659 5786 tradet
2682 5730 2749 5786 ad
2766 5729 3093 5797 vigilandum
3107 5728 3340 5786 diluculo
3359 5728 3426 5786 ad
3453 5727 3636 5786 Domi-
