3902 6162
299 342 434 398 1059

941 337 998 391 Β.
1042 333 1292 389 RABANI
1333 331 1550 390 MAURI
1589 331 1907 389 ARCIIIEP.
1953 334 2264 390 MOCUNT.
2307 333 2592 390 OPERUM
2632 332 2815 390 PARS
2851 333 2891 388 1.

3434 334 3569 389 1040

296 475 317 508 ι
354 469 507 519 num,
531 452 621 521 qui
647 450 773 505 feeit
819 448 989 513 illum,
1016 457 1070 501 ct
1095 448 1148 501 in
1172 455 1466 517 conspectu
1495 446 1758 501 Altissimi
1784 446 1876 501 de-
1907 453 1953 512 Α
1986 468 2004 500 ι
2037 447 2246 504 Bonunt
2274 458 2552 505 certamen
2582 449 2808 514 certavi,
2831 463 3050 504 cursum
3089 450 3481 515 consummavi,
3504 449 3568 504 ti-

297 568 316 600 ι
353 541 679 614 precabitur.
709 538 930 609 Aperiet
973 554 1036 593 os
1088 552 1246 592 suum
1298 537 1353 593 in
1390 536 1655 602 oratione,
1685 542 1741 591 et
1775 550 1874 606 pro

299 657 321 691 ι
358 634 568 693 delictis
600 632 713 686 suis
756 629 1151 700 deprecabitur.
1184 647 1203 680 ι
1243 627 1419 684 Mores
1459 638 1515 683 et
1555 627 1722 682 vitam
1747 625 1874 681 boni

297 725 533 784 doctoris
560 722 860 778 luculenter
894 721 1157 792 sapientia
1180 720 1432 789 explicat,
1460 718 1552 789 qui
1598 717 1876 774 catholica:

288 817 415 875 ﬁdei
441 814 682 886 regulam
727 827 951 867 servans
976 819 1088 865 tam
1118 812 1285 866 verbo
1312 826 1472 881 quam
1499 810 1662 864 etiam
1691 823 1873 863 exem-

291 907 378 974 plo
396 913 661 978 praecepta
682 903 894 957 Domini
918 901 1036 958 sine
1061 901 1365 959 cessatione
1393 901 1665 973 praedicat.
1694 919 1713 951 α
1741 898 1875 953 Tra-

290 999 368 1053 dit
394 1011 524 1067 ergo
552 1010 647 1050 cor
669 1009 826 1050 suum
856 993 923 1048 ad
950 992 1277 1065 vigilandum
1313 993 1549 1049 diluculo
1588 990 1653 1046 ad
1692 991 1876 1048 Domi—

288 1105 417 1143 num
446 1109 465 1139 ι
516 1086 604 1141 ille
633 1086 726 1155 qui
748 1084 988 1155 corporis
1013 1083 1295 1153 segnitiem
1322 1098 1351 1137 a
1373 1098 1431 1138 se
1454 1083 1682 1153 repellit,
1705 1091 1760 1137 et
1780 1082 1877 1138 iui-

287 1186 417 1235 tium
474 1188 638 1249 atque
670 1178 1058 1248 perfectionem
1101 1176 1343 1231 omnium
1395 1184 1613 1230 actuum
1650 1191 1873 1231 suorum

286 1269 515 1324 nomino
547 1268 911 1334 commendat,
955 1276 1223 1337 quatenus
1276 1267 1392 1338 ipse
1443 1267 1561 1338 ejus
1612 1266 1873 1352 intentio.

283 1376 428 1425 nem,
461 1361 624 1415 verba
656 1368 711 1414 et
740 1368 907 1414 totam
932 1358 1401 1414 conversationem
1442 1357 1739 1412 secundum
1780 1373 1875 1412 vo-

281 1452 545 1506 luntatem
568 1466 721 1506 suam
746 1450 945 1522 dirigat
970 1468 981 1504 :
1010 1451 1113 1505 hoc
1138 1450 1337 1521 quippe
1361 1451 1610 1506 oratione
1630 1465 1765 1521 pura
1788 1464 1875 1506 as-

281 1543 433 1597 sidue
455 1541 801 1611 deprecatur,
839 1548 900 1595 ut
940 1539 1396 1595 clementissimus
1419 1539 1585 1610 judex
1610 1541 1875 1597 concedat

281 1633 384 1689 sibi
419 1631 636 1688 veniam
665 1630 986 1687 delictorum
1016 1639 1072 1687 et
1098 1632 1367 1688 bonorum
1410 1647 1634 1702 operum
1664 1633 1874 1704 magni-

281 1720 560 1777 ﬁcentiam
589 1722 813 1777 tribuat.

1977 539 2100 595 dem
2143 540 2375 595 servavi.
2406 539 2464 594 In
2515 540 2724 610 reliquo
2771 540 3005 611 reposita
3052 553 3137 595 est
3186 540 3319 595 mihi
3369 555 3571 597 corona

1970 626 2215 702 justitia‘,
2244 644 2407 699 quam
2432 630 2617 685 reddet
2647 629 2779 684 mihi
2802 630 3063 685 Dominus
3089 629 3143 685 in
3168 629 3258 685 illa
3280 630 3367 686 die
3386 631 3570 702 justus

1970 701 2134 773 iudex
2167 719 2253 793 (II
2295 720 2430 774 Tim.
2455 721 2554 791 iV).
2587 740 2606 773 ι
2643 721 2711 775 Et
2752 720 2918 776 alibi:
2949 740 2966 771 ι
2997 720 3331 786 Secundum,
3371 701 3567 793 inquit,

1975 814 2436 883 exspectationem
2475 823 2530 867 et
2559 828 2710 883 spem
2736 829 2940 897 “meam
2968 814 3022 868 in
3050 814 3199 870 nullo
3245 814 3566 880 confundar,

1975 903 2069 957 sed
2090 903 2143 957 in
2163 904 2309 958 omni
2332 902 2525 958 fiducia
2553 905 2697 958 sicut
2725 919 2941 974 semper
2960 905 3395 975 magnificabitur
3411 903 3568 959 Citri-

1975 995 2092 1044 stus
2120 989 2430 1060 incorpore
2475 1005 2597 1045 meo
2635 991 2752 1045 sive
2784 1005 2883 1061 per
2924 992 3089 1046 vitam
3123 992 3236 1046 sive
3280 1008 3379 1062 per
3422 1009 3566 1047 mor-

1976 1090 2128 1137 tem:
2155 1081 2287 1135 mihi
2317 1090 2499 1137 autem
2546 1081 2729 1136 vivere
2771 1082 3022 1137 Christus
3060 1090 3165 1147 est,
3198 1092 3254 1136 et
3295 1084 3434 1137 mori
3480 1084 3564 1137 lu-

1976 1187 2152 1227 crum.
2182 1172 2336 1239 Quod
2366 1173 2411 1228 si
2433 1172 2615 1229 vivere
2640 1174 2694 1227 in
2725 1189 2888 1229 carne
2914 1174 3003 1229 hic
3033 1175 3164 1228 mihi
3202 1173 3410 1230 fructus
3439 1192 3567 1245 ope-

1974 1262 2053 1318 ris
2075 1271 2181 1328 est,
2200 1271 2257 1319 et
2277 1263 2406 1334 quid
2434 1263 2628 1335 eligam
2650 1265 2860 1335 ignoro.
2891 1264 3153 1321 Coarctor
3179 1276 3360 1321 autem
3383 1282 3413 1321 e
3434 1268 3566 1322 duo-

1974 1356 2097 1423 bus,
2124 1357 2451 1413 desiderium
2477 1358 2684 1413 habens
2713 1358 2932 1414 dissolvi
2963 1366 3161 1413 etcum
3179 1358 3396 1414 Christo
3420 1374 3561 1423 esse,

1974 1447 2144 1502 multo
2169 1447 2313 1503 enim
2342 1447 2566 1513 melius;
2590 1463 2913 1518 permanere
2936 1457 3115 1503 autem
3143 1450 3196 1503 in
3222 1464 3412 1513 carne,
3441 1464 3561 1502 ma-

1973 1539 2058 1611 gis
2080 1539 2444 1596 necessarium
2478 1548 2564 1596 est
2590 1550 2813 1611 propter
2833 1556 2929 1597 vos
2956 1540 3175 1613 (Philip.
3204 1540 3265 1613 ι).
3302 1561 3316 1592 ι

2050 1648 2070 1681 ‹
2098 1628 2288 1686 Adhuc
2336 1630 2666 1686 consiliabor
2696 1639 2756 1686 ut
2792 1646 3065 1693 enarrem,
3111 1641 3173 1686 ut
3208 1631 3391 1689 furore
3413 1633 3563 1688 enim

1981 1738 1999 1771 ι
2037 1719 2270 1790 repletus
2292 1736 2411 1775 sum
2443 1720 2497 1776 in
2521 1735 2672 1777 voce.
2699 1741 2717 1774 ι
2744 1722 3053 1794 lntelligens
3071 1724 3212 1779 enim
3237 1725 3319 1779 vir
3338 1734 3563 1780 sanctus

346 1852 378 1885 1
408 1831 468 1887 Si
495 1831 639 1887 enim
690 1829 949 1885 Dominus
979 1845 1205 1902 magnus
1252 1830 1503 1897 γοιυετίι,
1547 1829 1750 1903 Spiritu
1783 1833 1865 1886 ίη,
1896 1804 1942 1864 Β
1969 1825 2067 1903 per
2091 1811 2459 1903 incitationem
2482 1810 2737 1883 Spiritus,
2769 1816 3087 1885 sapientiam
3123 1816 3217 1872 Dei
3249 1819 3385 1873 velle
3414 1822 3560 1891 prio-

276 1944 301 1974 -ι
342 1921 649 1991 telligentiaa
683 1919 908 1990 replebit
944 1919 1113 1975 illum.
1143 1921 1211 1975 Et
1238 1920 1353 1992 ipse
1380 1929 1637 1991 tanquam
1666 1922 1867 1977 imbres

286 2036 300 2059 ι
342 2014 521 2069 mittet
544 2011 755 2079 eloquia
791 2010 1070 2081 sapientiae
1099 2026 1210 2067 suae
1238 2029 1253 2066 :
1285 2021 1341 2068 et
1371 2011 1425 2067 in
1455 2012 1702 2068 oratione
1732 2027 1863 2069 con-

280 2126 298 2154 ε
339 2102 579 2157 fitebitur
609 2100 859 2155 Domino.
884 2100 952 2155 Et
970 2100 1085 2169 ipse
1123 2100 1319 2171 diriget
1344 2100 1789 2170 consilium'ejus,
1811 2111 1868 2159 et

280 2217 298 2241 ι
332 2189 694 2260 disciplinam,
728 2198 786 2245 et
824 2190 878 2244 in
930 2188 1263 2245 absconditis
1306 2190 1419 2247 suis
1466 2191 1862 2248 consiliabitur.

278 2305 297 2332 ι
332 2283 450 2353 ipse
475 2280 656 2352 palam
697 2279 861 2336 faciet
888 2280 1227 2350 disciplinam
1259 2281 1520 2340 doctrina:
1546 2297 1676 2349 suae,
1706 2291 1762 2338 et
1808 2283 1862 2338 in

280 2394 297 2422 ε
336 2372 452 2441 lege
473 2369 782 2428 testamenti
829 2368 1041 2425 Domini
1082 2369 1426 2440 gloriabitur.
1471 2368 1865 2428 Collaudabuut

279 2485 296 2514 ς
332 2462 486 2518 multi
514 2462 836 2533 sapientiam
864 2461 1003 2531 ejus,
1055 2472 1114 2517 et
1156 2477 1328 2532 usque
1367 2462 1421 2518 in
1467 2463 1722 2520 smculum
1753 2480 1861 2521 non

280 2575 298 2606 ι
333 2554 621 2610 delebitur.
651 2552 770 2611 Non
814 2555 1031 2610 recedet
1078 2554 1337 2609 memoria
1388 2555 1529 2626 ejus,
1560 2564 1619 2611 et
1664 2570 1860 2611 nomen

280 2665 297 2697 ι
332 2645 451 2716 ejus
480 2644 785 2716 requiretur
822 2659 854 2699 a
895 2644 1247 2714 generatione
1283 2644 1337 2700 in
1367 2647 1793 2717 generationem.
1835 2665 1855 2699 ι

276 2737 377 2790 Dat
401 2734 661 2789 Dominus
700 2732 845 2789 fideli
883 2749 981 2789 suo
1018 2734 1224 2789 oratori
1253 2743 1309 2790 et
1346 2736 1588 2808 diligenti
1620 2736 1860 2793 ccelestis

272 2824 549 2896 sapientiae
578 2823 898 2894 exquisitori
930 2822 1194 2895 Spiritum
1229 2825 1613 2898 intelligentiae,
1646 2829 1860 2884 utsciat

271 2915 484 2986 quando
520 2922 575 2969 et
618 2913 708 2968 ubi
745 2923 801 2969 et
828 2914 1095 2983 quomodo
1117 2913 1303 2969 divina
1353 2914 1569 2986 eloquia
1613 2917 1860 2987 proferre

269 3007 494 3069 debeat;
526 3004 750 3076 ipseque
775 3003 960 3075 dirigit
986 3005 1270 3060 consilium
1293 3007 1449 3062 bonae
1478 3007 1770 3065 voluntatis
1803 3018 1859 3065 et

268 3094 608 3167 disciplinam
664 3103 827 3150 recta:
887 3094 1315 3151 conversationis
1366 3094 1502 3165 ejus,
1538 3105 1595 3152 et
1640 3097 1854 3154 interna

1971 1902 2122 1956 ribus
2172 1902 2514 1960 sermonibus
2581 1904 2759 1960 adhuc
2808 1906 2962 1976 plura
3019 1907 3240 1971 addere,
3297 1910 3429 1966 dicit
3497 1928 3560 1968 se

1967 2001 2277 2064 promptum
2306 1994 2490 2048 animo
2510 2002 2743 2050 atstuare
2780 2005 2835 2051 et
2868 2011 3054 2053 secum
3086 1999 3383 2067 consiliari,
3406 2010 3468 2056 ut
3491 2019 3558 2058 ea

1967 2096 2087 2152 qua:
2135 2082 2311 2139 adhuc
2335 2092 2544 2140 restant
2571 2086 2637 2140 de
2682 2084 3019 2143 mirabilibus
3046 2087 3141 2143 Dei
3169 2102 3406 2146 enarret.
3440 2093 3561 2149 Sci-

1967 2171 2091 2227 licet
2112 2174 2381 2244 quomodo
2403 2175 2562 2231 bonis
2589 2176 2753 2242 bona,
2782 2186 2839 2232 et
2876 2179 3033 2235 malis
3066 2181 3207 2236 mala
3256 2186 3558 2242 secundum

1968 2262 2220 2317 meritum
2241 2278 2467 2334 operum
2494 2280 2713 2321 suorum
2736 2269 3085 2337 prmvenient.
3127 2270 3433 2344 lncitatque
3462 2292 3563 2332 au-

1965 2353 2183 2435 ditores
2217 2370 2366 2421 suos,
2403 2365 2464 2411 ut
2489 2357 2753 2414 bonorum
2780 2375 3006 2431 operum
3050 2362 3283 2422 fructum
3312 2372 3557 2439 quandiu

1964 2441 2149 2496 vivant
2170 2444 2390 2515 gignere
2414 2460 2521 2501 non
2545 2456 2779 2514 cessent,
2812 2450 3001 2505 dicens
3026 2468 3041 2505 :

2040 2553 2059 2586 ι
2097 2533 2364 2593 Obaudite
2390 2552 2498 2605 me,
2540 2539 2706 2594 divini
2753 2539 2961 2599 fructus
2988 2559 3270 2614 aquarum,
3311 2560 3368 2605 et
3395 2553 3557 2621 quasi

1969 2644 1988 2676 ‹
2025 2640 2164 2681 rosa:
2216 2627 2475 2698 plantatae
2517 2645 2683 2701 super
2728 2632 2902 2687 rivum
2938 2649 3202 2707 aquarum
3256 2638 3561 2699 fructifica-

1964 2723 2034 2770 tc.
2081 2736 2098 2768 ι
2133 2716 2302 2787 Aquae
2351 2719 2404 2773 in
2443 2718 2728 2791 Scriptura
2764 2737 2919 2779 sacra
2960 2725 3252 2797 aliquando
3287 2730 3554 2802 Spiritum

1959 2816 2240 2873 sanctum,
2290 2808 2582 2880 aliquando
2631 2814 2917 2870 scientiam
2973 2831 3207 2886 sacram,
3257 2822 3555 2893 aliquando

1958 2896 2239 2953 scientiam
2286 2915 2508 2970 pravam
2533 2943 2548 2967 ,
2604 2905 2893 2976 aliquando
2943 2910 3345 2969 tribulationem
3372 2955 3390 2982 ,
3452 2918 3555 2973 ali-

1958 2988 2176 3057 quando
2200 2996 2382 3045 autem
2403 2990 2696 3051 detinentes
2721 2997 2969 3067 populos,
3012 2999 3303 3071 aliquando
3338 3015 3554 3065 mentes

1958 3077 2118 3134 fidem
2156 3083 2495 3153 sequentium
2547 3085 2923 3144 demunstrare
2963 3090 3167 3159 solent;
3220 3109 3325 3165 per
3348 3111 3551 3167 aquam

274 3147 607 3167 ---νίκη-ηρ
1374 3147 1502 3165 τσ--ι
1544 3147 1593 3152 ν-
1640 3147 1854 3154 --ην----

271 3185 623 3257 inspiratione
651 3182 802 3240 illum
841 3184 1150 3249 consolatur
1186 3200 1251 3239 ac
1292 3185 1529 3253 roborat,
1562 3195 1622 3241 ut
1646 3186 1856 3244 divino-

1970 3174 2157 3241 quippe
2213 3147 2386 3230 sancti
2442 3174 2676 3245 Spiritus
2728 3177 2927 3235 inlusio
2984 3147 3325 3252 designatrn'r.

272 3291 389 3330 rum
423 3282 867 3331 testamentorum
908 3283 1178 3345 praecepta
1212 3274 1356 3331 inter
1384 3276 1611 3331 adversa
1666 3279 1853 3335 mundi

271 3364 590 3422 liducialiter
628 3363 923 3434 praedicare
959 3364 1150 3419 valeat.
1181 3363 1331 3421 Unde
1354 3365 1506 3427 multi
1532 3366 1851 3437 sapientiam

268 3456 531 3513 doctrina:
560 3454 706 3510 illius
753 3453 991 3521 laudant,
1043 3463 1099 3510 et
1138 3455 1405 3512 bonorum
1450 3471 1674 3527 operum
1710 3458 1854 3517 illius

271 3548 590 3604 memoriam
636 3563 668 3602 a
701 3547 1051 3618 generatione
1091 3549 1142 3602 in
1174 3550 1576 3619 generationem
1607 3560 1849 3608 servant.

269 3642 394 3698 llmc
411 3655 542 3711 ergo
572 3639 746 3710 gratia
775 3639 900 3708 quia
926 3655 1032 3694 non
1060 3639 1179 3694 aliis
1201 3638 1327 3695 data
1356 3652 1442 3696 est
1483 3642 1591 3697 nisi
1620 3643 1855 3699 doctori-

266 3732 368 3788 bus
410 3729 679 3801 Evangelii
726 3737 782 3784 et
830 3727 1239 3799 gloriosioribus
1294 3730 1552 3787 membris
1606 3733 1854 3802 corporis

266 3823 486 3887 Christi,
517 3836 640 3893 qua:
678 3821 749 3877 ab
792 3820 910 3890 ipso
933 3820 1106 3890 capite
1130 3834 1228 3889 per
1251 3819 1485 3878 officium
1516 3823 1850 3896 singulorum

268 3916 634 3972 membrorum
676 3913 1037 3978 ministratur,
1085 3928 1317 3984 sequens
1372 3918 1640 3972 sententia
1685 3927 1853 3974 testa-

264 4017 371 4063 tur.

340 4141 359 4172 ι
397 4118 733 4189 Sapientiam
769 4116 887 4186 ejus
928 4119 1260 4174 enarrabunt
1299 4129 1507 4191 gentes,
1534 4131 1590 4178 et
1634 4125 1848 4183 laudem

268 4233 285 4261 ι
325 4208 442 4279 ejus
483 4208 753 4263 nuntiabit
776 4207 1039 4263 Ecclesia.
1070 4227 1089 4259 ι
1117 4208 1320 4266 Omnes
1344 4226 1475 4283 ergo
1512 4223 1701 4286 gentes
1742 4218 1850 4275 imo

265 4302 317 4356 in
341 4299 606 4356 universis
633 4298 882 4370 gentibus
905 4299 1248 4369 praedicando
1274 4305 1587 4371 pronuntiat
1606 4306 1848 4364 Ecclesia

261 4392 525 4448 catholica
553 4390 766 4445 laudem
799 4388 1023 4454 ChriSti,
1055 4393 1199 4461 quod
1233 4393 1376 4449 idem
1418 4394 1589 4452 Filius
1632 4397 1726 4454 Dei
1756 4402 1848 4470 qui

261 4492 345 4539 est
386 4484 558 4537 virtus
603 4490 658 4535 et
695 4479 958 4549 sapientia
1009 4478 1208 4547 Patris,
1242 4484 1410 4541 totius
1460 4489 1742 4543 sententia:
1790 4500 1846 4546 et
1870 4499 1924 4559 ι)

264 4575 557 4645 prophetia:
585 4581 749 4641 atque
777 4571 1017 4625 omnium
1062 4571 1325 4628 bonarum
1362 4574 1625 4631 virtutum
1657 4588 1848 4637 auctor

262 4669 349 4730 sit,
374 4674 431 4721 et
450 4664 767 4720 distributor
797 4659 1090 4732 gratiarum
1120 4661 1464 4731 spiritalium,
1508 4681 1650 4724 unus
1675 4682 1733 4725 et
1757 4686 1847 4727 so-

264 4760 345 4812 Ius
363 4758 506 4813 Deus
526 4772 648 4813 cum
685 4756 845 4810 Patre
881 4762 940 4811 et
970 4753 1175 4825 Spiritu
1222 4766 1413 4813 sancto
1467 4774 1702 4832 regnans
1748 4779 1848 4834 per

263 4848 442 4901 omnia
465 4847 679 4902 saecula.

336 4987 355 5019 ι
388 4965 446 5021 Si
481 4968 841 5035 permanserit
866 4983 1072 5031 .nomeu
1125 4972 1261 5042 ejus,
1310 4972 1647 5045 derelinquet
1696 4979 1844 5049 plus-

266 5081 283 5112 ι
322 5072 485 5130 quam
515 5055 657 5110 mille
683 5074 695 5108 :
719 5066 774 5110 et
812 5059 857 5112 si
888 5060 1234 5129 requieverit,
1265 5065 1507 5134 proderit
1554 5067 1648 5123 illi.
1683 5088 1700 5121 ι
1728 5069 1844 5127 Hoc

265 5154 374 5211 vult
416 5149 721 5215 ostendere,
752 5150 894 5219 quod
943 5152 1117 5207 bonus
1166 5155 1374 5223 doctor,
1407 5159 1498 5227 qui
1546 5160 1843 5229 probabilis

259 5256 342 5304 est
364 5244 576 5302 actibus
603 5240 762 5298 simnl
799 5250 854 5296 et
884 5242 1150 5310 doctrina,
1190 5246 1235 5300 si
1268 5247 1373 5301 vita
1399 5249 1642 5321 longiore
1670 5253 1819 5309 vivat

262 5340 457 5398 multos
509 5338 782 5402 lucretur,
815 5342 870 5390 et
914 5333 1161 5405 plurimis
1191 5335 1285 5392 fiat
1333 5353 1495 5394 causa
1541 5341 1760 5409 salutis;
1792 5345 1838 5401 si

260 5439 439 5487 autem
486 5426 705 5492 obierit,
733 5427 801 5481 ad
842 5432 1097 5481 aeternam
1145 5427 1387 5497 requiem
1436 5431 1709 5503 migrabit,
1747 5435 1838 5491 ubi
1939 5441 2052 5511 jam

262 5532 469 5572 merces
495 5515 759 5587 condigna
782 5514 992 5572 meritis
1018 5514 1158 5571 illius
1198 5533 1228 5573 a
1247 5517 1396 5587 justo
1416 5516 1596 5589 judice
1629 5538 1840 5580 recom-

262 5607 588 5675 pensabitur.
629 5608 778 5665 Unde
819 5618 874 5666 et
901 5610 1092 5665 doctor
1110 5612 1357 5682 gentium
1407 5614 1475 5670 de
1518 5616 1707 5688 agonis
1751 5621 1836 5675 sui

261 5696 553 5751 uariaminc
581 5700 859 5764 przcmium
893 5709 1098 5756 certum
1140 5716 1364 5771 sperans
1408 5707 1670 5767 audenter
1713 5710 1832 5766 ait:

1958 3259 2011 3313 in
2041 3259 2330 3331 Evangelio
2373 3263 2611 3320 dicitur:
2664 3285 2683 3317 ‹
2715 3269 2816 3335 Qui
2852 3270 3027 3325 credit
3063 3271 3117 3325 in
3148 3288 3254 3339 me,
3296 3276 3441 3331 sicut
3466 3277 3549 3332 di-

1955 3351 2034 3406 cit
2079 3350 2392 3423 Scriptura,
2424 3354 2643 3413 tlumina
2673 3360 2741 3415 de
2790 3370 2977 3417 ventre
3019 3363 3139 3433 ejus
3184 3363 3353 3422 fluent
3388 3383 3548 3439 aqua:

1954 3440 2091 3497 vivae
2152 3440 2332 3514 (Joan.
2379 3445 2537 3516 vn):
2579 3466 2598 3500 ι
2633 3448 2723 3504 ubi
2775 3450 3116 3523 Evangelista
3184 3465 3405 3513 secutus
3445 3461 3550 3515 ad-

1946 3526 2128 3597 junxit
2177 3550 2191 3585 :
2245 3551 2265 3585 ι
2308 3533 2421 3591 Hoc
2462 3545 2643 3593 autem
2690 3538 2826 3595 dixit
2871 3542 2938 3597 de
2985 3541 3214 3613 Spiritu,
3243 3563 3408 3619 quem
3461 3565 3553 3608 ac-

1953 3624 2161 3693 cepturi
2185 3635 2344 3681 erant
2387 3629 2672 3686 credentes
2725 3632 2778 3687 in
2814 3646 2936 3689 eum
2973 3635 3184 3711 (Ibid.).
3241 3660 3260 3693 ι
3306 3640 3551 3700 Rursum

1954 3728 2052 3784 per
2079 3730 2274 3785 aquam
2306 3727 2493 3775 sancta
2542 3722 2805 3791 sapientia
2853 3724 3187 3796 designatur,
3234 3731 3377 3787 sicut
3408 3734 3553 3790 dici-

1955 3812 2087 3860 tur:
2121 3824 2141 3858 ι
2176 3806 2330 3879 Aqua
2379 3811 2655 3882 sapientiae
2680 3813 2933 3871 salutaris
2977 3819 3184 3888 potavit
3207 3836 3304 3877 eos
3331 3822 3549 3894 (Eccli.

1954 3894 2066 3967 xv).
2104 3915 2123 3949 ι
2172 3895 2277 3953 Per
2318 3913 2515 3970 aquam
2542 3916 2757 3974 quoque
2805 3920 2970 3976 prava
3020 3909 3249 3965 scientia
3280 3914 3553 3984 appellari

1953 3984 2105 4047 solet,
2138 3985 2279 4043 sicut
2301 3990 2441 4059 apud
2481 3989 2823 4049 Salomonem
2854 3996 3049 4053 mulier
3071 4015 3193 4070 qua:
3217 4010 3404 4074 typum
3427 4005 3555 4063 lue-

1955 4091 2137 4133 reseos
2171 4086 2318 4134 tenet
2356 4080 2565 4136 callidis
2602 4083 2947 4142 suasionibus
2977 4087 3275 4159 blanditur,
3306 4094 3500 4153 dicens
3531 4117 3554 4154 :

1958 4186 1979 4219 ι
2009 4170 2177 4241 Aquae
2204 4170 2414 4228 furtiva:
2435 4173 2703 4231 dulciores
2720 4185 2846 4232 sunt
2870 4178 3052 4250 (Prov.
3085 4183 3185 4255 rx).
3216 4205 3235 4238 ι
3260 4187 3561 4257 Aquarum

1951 4271 2083 4329 ergo
2124 4260 2344 4316 nomine
2379 4276 2764 4335 nonnunquam
2811 4266 2987 4323 solent
3032 4272 3414 4331 tribulationes
3458 4277 3565 4333 in-

1953 4352 2146 4423 telligi,
2162 4353 2301 4408 sicut
2322 4369 2422 4425 per
2434 4356 2777 4413 Psalmistam
2794 4359 3021 4418 dicitur:
3042 4383 3060 4415 ι
3079 4363 3295 4423 Salvum
3317 4384 3411 4424 me
3432 4370 3562 4439 fac,

1952 4442 2116 4509 Deus,
2151 4445 2408 4513 quoniam
2431 4447 2767 4504 intraverunt
2791 4466 2942 4524 aqua:
2979 4471 3151 4527 usque
3186 4459 3253 4513 ad
3295 4463 3567 4521 animam

1948 4549 2127 4590 meam
2157 4533 2332 4608 (Psal.
2365 4540 2582 4612 LXVIII.)
2618 4561 2638 4595 ο
2671 4541 2778 4598 Per
2808 4559 3004 4615 aquam
3039 4551 3219 4619 populi
3242 4551 3571 4626 designan-

1948 4634 2056 4693 tur,
2101 4627 2242 4683 sicnt
2267 4643 2366 4698 per
2405 4629 2668 4688 Joannem
2698 4635 2937 4692 dicitur:
2976 4658 2996 4691 ι
3045 4640 3213 4712 Aqua:
3237 4658 3372 4702 vero
3414 4663 3577 4709 sunt.

1947 4717 2127 4788 populi
2155 4718 2337 4790 (Apoc.
2367 4721 2522 4796 xvn).
2554 4743 2574 4776 ι
2609 4723 2715 4780 Per
2744 4742 2939 4798 aquam
2965 4746 3181 4802 quoque
3209 4750 3313 4791 non
3358 4741 3574 4801 solum

1945 4807 2122 4864 fluxus
2145 4809 2546 4868 decurrentium
2573 4815 2910 4885 populorum,
2947 4821 3041 4876 sed
3065 4823 3231 4878 etiam
3262 4826 3575 4892 bonorum

1946 4909 2155 4997 mentes
2176 4903 2592 4997 praadicamenta
2624 4907 2746 4965 fidei
2781 4913 3124 4982 sequentium
3154 4916 3575 4997 designantur,

1943 4990 2090 5047 sicut
2116 4995 2374 5064 propheta
2394 4997 2500 5052 ait:
2523 5016 2542 5051 ε
2564 4998 2714 5055 Beati
2739 5002 2833 5072 qui
2858 5005 3138 5060 seminatis
3162 5022 3327 5077 super
3342 4990 3581 5076 omnes

1946 5097 2117 5152 aquas
2150 5084 2286 5156 (lsa.
2321 5087 2518 5159 χχχιι).
2573 5110 2592 5144 ι
2650 5091 2717 5147 Et
2759 5106 2856 5163 per
2887 5093 3225 5152 Psalmistam
3264 5099 3494 5161 dicitur
3552 5130 3575 5168 :

1950 5173 2107 5270 t‘iox
2132 5174 2345 5270 Domini
2367 5192 2529 5249 super
2560 5195 2732 5250 aquas
2755 5182 2926 5253 (Psal.
2959 5185 3175 5258 xxvnt).
3201 5207 3221 5239 ι
3256 5187 3380 5246 Hoc
3406 5209 3582 5270 ergo

1943 5263 2144 5320 inloco
2179 5267 2308 5335 quid
2350 5278 2612 5337 aquarum
2642 5272 2859 5328 nomine
2888 5275 2989 5330 nisi
3034 5275 3333 5333 electorum
3366 5263 3577 5348 cor-Ii;

1944 5352 2331 5426 designantur?
2359 5373 2480 5428 qua:
2502 5374 2600 5429 per
2628 5361 2955 5419 intellectum
2978 5367 3258 5437 sapientize
3279 5373 3577 5438 auditum

2096 5460 2343 5541 superna:
2391 5449 2541 5504 vocis
2570 5461 2911 5522 acceperunt.
2951 5472 2971 5505 ε
3005 5454 3294 5524 Obaudite,
3324 5460 3575 5541 inqu“,

1944 5547 2052 5588 me.
2077 5532 2244 5589 divini
2269 5534 2476 5593 fructus
2517 5553 2802 5609 aquarum,
2824 5551 2879 5597 et
2904 5546 3057 5614 quasi
3086 5562 3226 5603 rosa:
3267 5532 3579 5620 plant—aug.

1942 5626 2104 5695 super
2164 5625 2338 5681 rivum
2384 5642 2645 5700 aquarum
2702 5630 3062 5704 fructificate;
3116 5657 3135 5690 ι
3175 5654 3238 5693 ac
3272 5640 3318 5694 si
3376 5645 3579 5708 dice.

1943 5723 2025 5768 ret
2058 5730 2071 5767 :
2102 5715 2375 5774 Attendite
2396 5718 2463 5774 ad
2489 5718 2791 5777 doctrinam
2826 5736 3002 5780 meam
3022 5764 3040 5793 ,
3069 5740 3168 5795 per
3190 5728 3576 5800 liaptisnurm
