3902 6162
473 261 597 313 lli“

1311 257 1671 312 COMMENT.
1713 255 1780 312 IN
1821 255 2432 314 ECCLESIASTICUM.
2469 287 2538 298 —-
2573 259 2703 314 LIB.
2745 259 2874 316 Vlll.

3601 263 3734 320 1012

460 380 793 446 regenerata:
844 372 1039 427 uberes
1079 380 1286 426 mentes
1333 370 1653 436 electorum,
1705 379 1760 424 et
1811 368 2042 424 fructum
2070 377 2125 438 Α
2148 370 2377 425 rientem
2404 370 2699 440 pascimus,
2727 369 2856 425 dum
2885 370 3086 426 nudum
3110 371 3390 435 vcstimus,
3416 373 3542 427 dum
3566 390 3738 446 aegru-

459 465 707 539 martyrii
736 465 790 518 in
817 464 1065 518 discursu
1104 463 1347 517 mortalis
1377 462 1502 517 vitae
1530 463 1750 533 gignere
1792 476 1899 516 non
1931 460 2045 515 for-

459 555 704 619 midate;
759 553 884 623 quia
933 552 1156 606 odorem
1206 551 1586 606 suavissimum
1629 559 1684 606 et
1720 549 2046 605 sacriﬁcium

460 645 792 716 acceptabile
805 645 1033 699 Domino
1058 643 1178 698 inde
1193 643 1465 714 profertis.
1487 641 1641 698 Unde
1671 643 2043 714 subjungitur:

535 757 554 790 ι
591 737 758 804 Quasi
801 736 1038 790 Libanus
1071 735 1291 790 odorem
1329 734 1615 790 suavitatis
1666 735 1881 788 habete.
1928 733 2048 788 Flo-

466 850 483 881 ι
523 839 658 894 rete,
688 827 868 892 flores,
897 826 1051 896 quasi
1078 826 1248 881 lilium
1280 835 1335 881 et
1376 827 1502 882 date
1547 826 1789 890 odorem,
1821 834 1878 879 et
1903 823 2050 879 fron-

466 943 484 973 ‹
524 923 645 977 dete
667 921 720 975 in
741 920 997 991 gratiam,
1009 927 1066 974 et
1092 919 1394 975 collaudate
1421 917 1694 974 canticum
1715 935 1727 971 :
1745 924 1801 972 et
1825 916 2048 972 benedi-

465 1033 484 1064 ‹
521 1011 627 1068 cite
654 1010 825 1064 Deum
851 1011 904 1063 in
935 1009 1190 1079 operibus
1220 1010 1352 1063 suis.
1387 1028 1407 1062 ι
1452 1007 1591 1062 Nam
1629 1008 1896 1076 Propheta
1925 1021 2052 1076 pas-

459 1103 667 1158 sionem
711 1101 956 1171 martyrii
1020 1101 1248 1157 Domino
1305 1099 1672 1171 gratissimam
1717 1113 1837 1153 esse
1883 1112 2051 1167 agno-

459 1208 642 1258 scens,
686 1194 741 1247 in
791 1191 1045 1262 psalterio
1072 1192 1193 1246 ait:
1231 1211 1251 1243 c
1301 1191 1440 1258 Quid
1479 1190 1778 1246 retribuam
1823 1188 2052 1244 Domino

459 1302 557 1356 pro
591 1284 844 1341 omnibus
884 1299 1006 1354 quae
1050 1284 1305 1339 retribuit
1335 1284 1501 1338 mihi?
1532 1283 1769 1339 Calicem
1795 1281 2051 1337 salutaris

459 1375 746 1445 accipiam,
774 1382 830 1429 et
867 1389 1061 1428 nomen
1095 1374 1306 1429 Domini
1360 1373 1645 1429 invocabo.
1678 1373 1920 1429 Pretiosa
1965 1381 2054 1427 est

461 1468 515 1522 in
565 1475 860 1534 conspectu
902 1465 1117 1520 Domini
1160 1481 1308 1520 mors
1356 1474 1668 1521 sanctorum
1721 1465 1840 1536 ejus
1875 1463 2048 1538 (Psal.

459 1556 604 1625 ειν).
637 1575 655 1607 ι
691 1555 758 1610 Et
781 1554 1038 1625 quoniam
1081 1555 1223 1610 sicut
1260 1571 1398 1610 rosm
1423 1556 1765 1626 martyrium,
1799 1557 1872 1610 ita
1902 1563 1957 1611 et
1983 1555 2052 1610 li-

460 1648 590 1701 lium
617 1647 925 1702 castitatem
951 1646 1245 1716 signiﬁcat,
1273 1655 1332 1701 ut
1358 1648 1610 1702 ostendat
1635 1656 1923 1717 utrumque
1953 1662 2054 1702 no-

2149 471 2263 517 tum
2293 463 2603 527 visitamus,
2641 471 2782 527 etc.,
2819 478 2939 532 quae
2982 463 3106 519 licet
3149 463 3437 520 videantur
3475 467 3737 534 carnalia,

2148 553 2445 608 divinitatis
2486 561 2667 608 tamen
2711 569 2896 610 amore
2936 564 3288 625 peraguntur.
3341 555 3746 616 Citharizamus

2149 661 2394 717 quoque,
2437 662 2559 702 cum
2598 646 2650 700 in
2686 647 3032 716 passionihus
3059 647 3260 703 nostris
3283 647 3368 702 vel
3407 649 3619 704 damnis
3651 666 3737 704 se-

2149 736 2266 791 curi
2299 751 2362 792 ac
2391 736 2500 792 laeti
2542 736 2774 792 dicimus
2815 752 2830 790 :
2877 755 2895 787 ‹
2945 736 3207 793 Dominus
3248 738 3432 802 dedit,
3479 739 3742 794 Dominus

2149 828 2403 894 abstulit;
2450 829 2593 884 sicut
2637 829 2865 884 Domino
2907 829 3134 900 placuit,
3178 829 3251 884 ita
3286 829 3487 885 factum
3520 833 3739 886 estzsit

2150 935 2348 975 nomen
2388 919 2605 975 Domini
2645 920 2992 977 benedictum
3045 918 3198 990 (Job.
3244 920 3315 992 ι).
3349 940 3369 973 ι
3416 920 3746 978 Psalterium

2150 1027 2280 1066 vero
2300 1011 2700 1067 decachordum
2723 1018 2809 1068 est
2826 1053 2842 1078 ,
2867 1012 3010 1082 quod
3041 1012 3229 1066 ordine
3268 1026 3529 1066 converso
3559 1012 3738 1064 alvum

2151 1103 2371 1157 citharae
2411 1102 2464 1156 in
2497 1102 2869 1174 superioribus
2903 1103 3088 1168 habet,
3133 1101 3276 1156 unde
3315 1101 3382 1154 ad
3425 1099 3736 1154 inferiorem

2150 1204 2359 1266 partem
2400 1211 2598 1251 canora
2638 1195 2728 1250 ﬁla
2765 1195 3127 1259 descendunt,
3160 1194 3248 1249 eui
3276 1200 3540 1264 praecepta
3583 1192 3742 1245 (ἰείη-

2151 1287 2258 1358 1οεί
2279 1287 2665 1342 convenienter
2690 1294 2946 1357 aptantur
2971 1303 2984 1340 :
3011 1286 3136 1356 quia
3163 1284 3456 1340 secundum
3503 1281 3732 1336 formam

2154 1378 2502 1433 instrumenti
2562 1377 2722 1448 hujus
2779 1377 2845 1432 de
2895 1375 3144 1445 supernis
3204 1373 3475 1428 venientia
3529 1370 3741 1425 Domini

2149 1469 2300 1540 jussa
2323 1467 2678 1537 suscipimus;
2701 1474 2758 1522 et
2779 1466 3066 1521 considera
3087 1463 3217 1534 quia
3239 1462 3414 1518 solum
3436 1469 3518 1517 est
3541 1461 3745 1515 instru-

2155 1566 2398 1615 mentum
2437 1561 2723 1625 musicum,
2773 1557 2916 1629 quod
2952 1573 3051 1629 pro
3105 1554 3423 1612 excellentia
3464 1555 3547 1610 sui
3579 1555 3744 1608 deca-

2158 1648 2423 1704 chordum
2464 1650 2709 1713 dicatur;
2743 1665 2851 1704 non
2892 1649 3037 1705 enim
3067 1648 3173 1705 hoc
3215 1647 3282 1704 de
3318 1647 3528 1703 cithara
3565 1645 3650 1700 vel
3680 1645 3745 1700 de

461 1748 575 1794 stro
623 1738 889 1794 conditori
933 1738 1478 1808 acceptabilissimum
1509 1738 1642 1805 fore,
1677 1740 1847 1794 dicit:
1885 1757 1904 1790 ι
1937 1738 2054 1794 Flo-
2084 1739 2131 1798 B
2159 1741 2282 1797 aliis
2330 1740 2636 1810 hujusmodi
2676 1741 3053 1798 instrumentis
3100 1741 3301 1796 lectum
3338 1753 3460 1796 esse
3499 1737 3748 1793 memini—

462 1839 600 1908 rele,
627 1827 810 1893 ﬂores,
835 1829 989 1897 quasi
1020 1828 1207 1893 lilimu;
1233 1849 1250 1881 ι
1279 1844 1344 1883 ac
1369 1829 1413 1883 si
1442 1836 1691 1898 patenter
1721 1829 1866 1884 dicat
1884 1848 1896 1881 :
1917 1827 2051 1883 Date

460 1919 620 1975 ﬂores
662 1919 1086 1990 iucundissimos
1125 1935 1249 1974 cum
1299 1920 1546 1975 castitate
1593 1919 1896 1974 caelestium
1938 1919 2051 1973 vir-

462 2021 676 2078 tutum,
739 2027 969 2082 quarum
1015 2012 1151 2067 odor
1199 2022 1255 2066 et
1302 2011 1520 2066 frondes
1577 2019 1903 2082 spargantur
1956 2026 2053 2082 per

461 2113 633 2159 totum
660 2105 848 2159 orbem
881 2103 950 2157 ad
975 2103 1278 2174 exemplum
1310 2103 1596 2158 animabus
1637 2103 1910 2168 ﬁdelium;
1949 2105 2052 2158 hoc

459 2205 544 2252 est
587 2196 785 2266 quippe
831 2195 1052 2249 laudare
1094 2195 1365 2249 canticum
1415 2202 1471 2249 et
1499 2195 1820 2250 benedicere
1869 2196 2052 2251 Domi—

415 2351 426 2364 \
459 2303 589 2341 num
622 2287 674 2340 in
704 2286 960 2356 operibus
989 2285 1122 2350 suis,
1152 2294 1208 2338 ut
1235 2285 1421 2348 corde,
1447 2300 1542 2340 ore
1562 2325 1580 2348 ,
1607 2283 1768 2339 simul
1795 2292 1852 2339 et
1887 2300 2054 2355 opere

459 2393 560 2448 pro
588 2378 745 2434 bonis
777 2377 893 2433 suis
930 2383 1074 2431 totus
1109 2376 1272 2431 homo
1298 2375 1500 2446 gratias
1529 2391 1632 2432 suo
1675 2374 1880 2431 referat
1923 2391 2050 2431 con-

461 2469 642 2524 ditori.

537 2577 557 2608 ‹
595 2558 730 2612 Date
768 2555 970 2610 nomini
1021 2553 1140 2624 ejus
1179 2554 1672 2627 magniﬁcentiam,
1720 2565 1776 2610 et
1831 2555 2053 2610 conﬁte-

467 2667 486 2698 ι
529 2647 660 2702 mini
703 2646 776 2700 illi
823 2647 878 2699 in
902 2660 1034 2700 voce
1064 2645 1330 2700 labiorum
1359 2653 1686 2700 vestrorum.
1718 2665 1737 2696 ›
1771 2645 1874 2700 Dat
1904 2643 2052 2698 enim

461 2737 668 2792 nomini
718 2737 926 2792 Domini
967 2736 1450 2806 magniﬁcentiam,
1495 2736 1587 2806 qui
1627 2736 1764 2789 bene
1817 2749 2051 2790 conver-

462 2845 591 2885 sans
617 2830 719 2883 rite
743 2827 1001 2898 praedicat
1043 2826 1160 2894 ejus
1185 2827 1502 2897 potentiam,
1536 2833 1596 2881 ut
1631 2826 1705 2880 illi
1729 2827 1823 2896 qui
1849 2833 2052 2880 rectam

464 2921 900 2991 medicationem
930 2919 1047 2989 ejus
1085 2919 1342 2983 audiunt,
1392 2926 1448 2974 et
1482 2919 1653 2972 bonos
1689 2925 1846 2972 actus
1876 2916 2056 2972 censio

463 3013 675 3075 derant,
717 3009 944 3064 reddant
984 3024 1085 3078 pro
1116 3009 1219 3063 hoc
1247 3007 1432 3062 laudes
1463 3006 1710 3072 Domino,
1757 3014 1813 3061 et
1866 3005 2053 3060 condi-

2155 1848 2298 1886 mus.
2326 1833 2732 1888 Decachordmn
2775 1847 2904 1888 vero
2944 1832 3261 1902 psalterium
3309 1830 3488 1903 (sicut
3533 1836 3748 1882 veteres

2155 1921 2438 1993 dixerunt)
2486 1932 2542 1978 et
2569 1922 2698 1978 illud
2742 1923 2898 1979 nobis
2942 1923 3148 1978 indicat
3195 1927 3632 1984 sacramentum,
3690 1928 3750 1972 ut

2156 2013 2454 2069 referamus
2477 2014 2578 2067 tria
2603 2014 2671 2069 ad
2690 2013 2883 2079 Deum,
2903 2013 3031 2083 quia
3053 2012 3292 2067 Trinitas
3315 2020 3419 2067 est.
3450 2010 3508 2067 Id
3529 2018 3614 2066 est
3637 2010 3750 2080 pri-

2153 2118 2302 2157 mum
2332 2103 2473 2172 quod
2497 2103 2602 2157 ait:
2639 2121 2658 2155 ‹
2705 2101 2823 2158 Non
2858 2103 3083 2158 habebis
3128 2102 3261 2158 deos
3300 2102 3510 2158 alienos
3561 2117 3752 2160 coram

2154 2209 2259 2249 me.
2298 2213 2322 2245 ι
2353 2192 2664 2249 Secundum
2708 2192 2868 2248 :Non
2906 2190 3078 2249 uicies
3123 2192 3218 2248 tibi
3258 2191 3524 2262 sculptile.
3562 2211 3580 2244 ι
3614 2191 3747 2245 Ter-

2157 2285 2290 2339 tium
2317 2302 2332 2338 :
2379 2302 2397 2335 ι
2435 2283 2552 2340 Νοη
2577 2299 2820 2340 assumes
2855 2286 2953 2340 tibi
2985 2301 3181 2342 nomen
3206 2286 3303 2342 Dei
3336 2286 3412 2340 tui
3442 2286 3494 2340 in
3517 2300 3750 2344 vacuum

2155 2375 2353 2448 (Exod.
2388 2373 2503 2447 xx).
2544 2395 2562 2428 ι
2605 2375 2662 2430 In
2692 2391 2800 2445 quo
2831 2376 3111 2448 conjungit
3146 2385 3200 2432 et
3241 2377 3307 2432 de
3351 2377 3597 2432 sabbato.
3647 2373 3746 2430 Se-

2155 2479 2299 2540 ptem
2342 2484 2476 2524 vero
2509 2484 2631 2539 quae
2671 2478 2971 2539 sequuntur
3003 2470 3072 2525 ad
3110 2468 3454 2524 dilectionem
3497 2467 3752 2522 dixerunt

2155 2559 2389 2631 proximi
2421 2561 2714 2629 pertinere.
2759 2561 2815 2616 ld
2840 2569 2960 2626 est,
3005 2578 3024 2612 ι
3079 2559 3298 2616 Honora
3343 2566 3552 2630 patrem
3591 2567 3743 2612 tuum

2156 2660 2212 2706 et
2243 2659 2494 2706 matrem.
2522 2650 2638 2706 Non
2679 2651 2918 2716 occides,
2948 2666 3057 2705 non
3088 2649 3472 2716 mmehaberis,
3499 2665 3604 2703 non
3633 2648 3750 2708 ὑμῖν

2159 2748 2270 2794 tum
2302 2739 2491 2804 facies,
2517 2756 2623 2795 non
2650 2740 2887 2810 loqueris
2909 2749 3099 2796 contra
3120 2740 3426 2811 proximum
3458 2748 3606 2796 tuum
3641 2736 3746 2791 fal-

2159 2848 2281 2887 sum
2311 2832 2702 2897 testimonium,
2737 2848 2844 2886 non
2886 2831 3238 2901 concupisces
3267 2831 3485 2886 domum
3513 2828 3748 2899 proximi

2163 2924 2260 2988 tui,
2292 2939 2393 2980 nec
2425 2924 2700 2978 desideres
2727 2938 2951 2978 uxorem
2971 2923 3110 2991 ejus,
3141 2931 3247 2977 etc.
3287 2942 3305 2974 ›
3335 2920 3428 2978 Sic
3463 2921 3628 2977 totius
3649 2921 3747 2976 dc-

2160 3015 2410 3070 cachordi
2442 3015 2685 3085 psalterii
2725 3015 2902 3068 virtus
2943 3011 3184 3084 perfecta
3232 3011 3388 3068 nobis
3416 3019 3471 3066 et
3507 3011 3748 3068 honora-

463 3117 600 3172 gnas
647 3103 944 3173 gratiarum
1003 3101 1264 3155 actiones.
1317 3097 1478 3153 Juxta
1529 3098 1661 3153 illud
1714 3097 2053 3152 Dominicum

2162 3105 2284 3161 bilis
2309 3105 2601 3160 indicatur.
2649 3102 2942 3159 Psallimus
2970 3117 3183 3174 quoque
3209 3111 3266 3158 et
3292 3103 3478 3158 decem
3509 3100 3749 3169 chordis,

463 3202 789 3263 praeceptum
822 3211 835 3246 :
879 3211 897 3242 ι
934 3190 1060 3256 Sic,
1094 3191 1287 3260 inquit,
1319 3189 1499 3245 luceat
1539 3189 1632 3243 lux
1657 3199 1840 3244 vestra
1869 3204 2055 3244 coram

463 3284 792 3348 hominibus,
815 3291 876 3337 ut
909 3283 1123 3338 videant
1154 3297 1316 3352 opera
1359 3289 1539 3337 vestra
1561 3283 1726 3347 bona,
1756 3290 1813 3337 et
1849 3281 2053 3351 gloriﬁ-

463 3382 591 3429 cent
622 3373 835 3428 Patrem
880 3381 1116 3428 vestrum
1156 3372 1250 3442 qui
1279 3372 1334 3426 in
1364 3372 1517 3427 caelis
1547 3381 1629 3427 est
1659 3371 1892 3444 (Matth.
1917 3371 1993 3441 ν).
2028 3391 2046 3425 ι

464 3464 604 3520 Hinc
629 3472 713 3519 est
759 3471 817 3516 et
844 3462 975 3516 illud
1021 3464 1165 3532 quod
1215 3463 1270 3516 in
1316 3463 1597 3518 Dominica
1633 3461 1892 3518 Oratione
1926 3479 2053 3518 ora-

464 3578 588 3618 mus
611 3563 840 3617 Domiuo
865 3563 1111 3618 dicentes
1138 3579 1151 3615 :
1192 3580 1210 3611 ‹
1258 3559 1642 3616 Sanctiﬁcetur
1674 3575 1872 3615 nomen
1902 3568 2053 3615 tuum

467 3656 684 3727 (.tlault.
716 3656 825 3726 vi);
863 3675 880 3705 ι
913 3662 973 3708 ιιι
997 3653 1113 3723 ejus
1138 3653 1481 3710 sanctitatem
1532 3661 1588 3708 et
1631 3667 1764 3708 voce
1791 3653 2054 3722 praedice—

466 3763 611 3810 mus,
644 3760 806 3818 atque
851 3747 906 3801 in
939 3745 1096 3802 bonis
1141 3745 1403 3815 exemplis
1431 3744 1552 3800 aliis
1594 3746 2048 3800 demonstremus.

466 3837 732 3890 (la-terum
771 3835 899 3901 illis,
940 3835 1033 3906 qui
1077 3834 1340 3889 scelerata
1401 3835 1810 3889 conversatione
1864 3842 1920 3889 et
1968 3850 2054 3890 re-

466 3927 652 3998 prohis
681 3927 925 3981 moribus
959 3927 1130 3980 Deum
1157 3926 1505 3991 inhonorant,
1545 3926 1676 3980 dicit
1720 3925 2006 3996 Scriptura
2035 3943 2050 3979 :

473 4041 491 4070 ι
531 4020 636 4073 Per
664 4035 759 4073 vos
781 4019 924 4074 enim
957 4032 1151 4071 nomen
1194 4017 1286 4070 Dei
1314 4017 1722 4086 blasphematur
1749 4017 1889 4072 inter
1923 4032 2056 4088 gen-

470 4122 552 4166 tes
603 4111 782 4184 (Ram.
815 4110 900 4183 tt).
937 4131 956 4164 ι
989 4109 1229 4177 Quorum
1271 4110 1488 4179 quidem
1525 4109 1648 4165 ﬁnis
1671 4110 1954 4175 interitus,
2002 4118 2058 4165 et

468 4201 637 4273 gloria
690 4201 796 4256 erit
845 4201 898 4255 in
928 4200 1297 4255 confusionem
1328 4215 1516 4254 eorum
1566 4200 1658 4270 qui
1698 4208 1914 4255 terrena
1964 4215 2055 4255 sa-

471 4294 642 4365 piunt.
691 4293 798 4347 Sed
826 4292 955 4362 quid
983 4291 1250 4360 sapientia
1295 4290 1544 4346 ﬁdelibus
1573 4291 1752 4346 adhuc
1782 4291 1950 4356 dicat,
1976 4292 2058 4347 vi-

470 4387 716 4441 deamus.

2163 3195 2380 3266 quando
2415 3196 2470 3250 in
2501 3195 2739 3264 quinque
2767 3194 3016 3250 sensibus
3055 3191 3381 3255 carnalibus,
3411 3200 3467 3246 et
3495 3191 3549 3246 in
3592 3191 3752 3261 quin.-

2160 3304 2266 3358 que
2297 3287 2630 3359 spiritalibus
2658 3286 2924 3357 probabili
2951 3301 3056 3342 nos
3087 3286 3504 3342 conversatione
3548 3293 3750 3340 tracta-

2156 3395 2299 3434 mus.
2329 3380 2531 3435 Verum
2578 3378 2682 3434 ista
2724 3394 2846 3450 qua:
2898 3378 3127 3433 dicimus
3156 3393 3264 3433 non
3293 3385 3421 3433 sunt
3452 3385 3608 3432 extra
3651 3393 3755 3432 nos

2156 3469 2356 3539 posita,
2394 3469 2536 3524 sicut
2564 3469 2619 3523 in
2648 3468 2854 3524 musica
2884 3467 3187 3537 disciplina,
3218 3469 3275 3522 in
3320 3467 3474 3523 nobis
3504 3476 3588 3522 est
3615 3466 3753 3537 ps.:l-

2157 3561 2355 3616 terium
2389 3575 2404 3614 :
2430 3561 2540 3616 imo
2567 3559 2684 3630 ipsa
2707 3575 2912 3631 organa
2956 3574 3057 3614 nos
3104 3572 3312 3624 sumus,
3341 3558 3556 3627 quando
3584 3558 3651 3610 ad
3679 3558 3751 3611 si-

2156 3651 2516 3707 militudinem
2548 3665 2736 3706 eorum
2763 3665 2860 3721 per
2895 3650 3124 3722 gratiam
3155 3648 3371 3704 Domini
3395 3658 3613 3703 actuum
3649 3665 3748 3703 no-

2153 3749 2388 3797 strorum
2417 3741 2680 3811 qualitate
2702 3749 3002 3796 cantamus.
3021 3740 3138 3795 Hoc
3166 3748 3346 3796 autem
3366 3747 3420 3794 et
3445 3739 3538 3799 illo
3559 3755 3746 3801 exeme

2151 3831 2244 3903 plo
2274 3831 2433 3887 datur
2461 3831 2705 3900 intelligi,
2737 3831 2828 3885 ubi
2868 3832 2979 3885 ait:
3015 3851 3032 3882 ι
3053 3832 3110 3888 ln
3140 3849 3226 3890 me
3255 3842 3410 3900 sunt,
3438 3835 3599 3900 Deus,
3625 3843 3747 3894 vota

2157 3930 2268 3988 tua,
2299 3938 2419 3992 qua:
2446 3923 2668 3978 reddam
2701 3922 3036 3978 laudationes
3066 3925 3161 3980 tibi
3197 3923 3368 3996 (Psul.
3397 3923 3506 3996 LV).
3538 3945 3556 3978 ›
3591 3925 3745 3992 Quod

2154 4015 2298 4070 enim
2326 4013 2479 4084 jubet
2521 4023 2580 4068 ut
2613 4015 2665 4068 in
2697 4014 3039 4071 confessione
3064 4015 3308 4072 dicamus
3336 4032 3501 4088 opera
3533 4015 3746 4072 Domini

2156 4105 2409 4160 universa
2439 4105 2580 4160 bona
2624 4105 2812 4172 valde;
2859 4115 2953 4161 aut
2990 4107 3094 4161 hoc
3121 4107 3235 4161 vult
3255 4107 3409 4176 juxta
3461 4108 3743 4163 historiam

2157 4196 2563 4262 demonstrare,
2589 4197 2732 4267 quod
2761 4198 2942 4252 omnia
2995 4213 3158 4268 opera
3200 4199 3412 4254 Domini
3459 4215 3579 4269 quae
3623 4199 3751 4256 fecit

2158 4289 2226 4344 ab
2264 4289 2419 4345 initio
2446 4305 2477 4344 a
2509 4291 2649 4346 bono
2675 4300 2946 4358 creatore,
2985 4294 3130 4349 bona
3180 4303 3363 4350 creata
3395 4302 3550 4360 sunt;
3593 4294 3749 4363 juxta

2160 4379 2288 4434 illud
2309 4380 2452 4450 quod
2478 4381 2738 4451 scriptum
2765 4390 2847 4436 est
2871 4382 2928 4436 in
2968 4381 3170 4437 Genesi
3197 4401 3210 4437 :
3250 4401 3268 4436 ι
3308 4383 3454 4438 Vidit
3487 4385 3748 4440 Dominus

548 4495 568 4529 ι
609 4477 665 4530 ln
699 4477 925 4532 canticis
951 4477 1213 4531 labiorum
1241 4483 1296 4531 et
1328 4476 1382 4531 in
1409 4476 1654 4544 citharis,
1682 4485 1738 4532 et
1757 4478 1837 4533 sic
1862 4478 2054 4534 dicetis
2081 4451 2133 4512 Ῐ)
2159 4480 2352 4528 Cuncta
2373 4489 2494 4543 quae
2517 4472 2666 4538 fecit,
2703 4482 2758 4528 et
2777 4474 3108 4529 erantvalde
3129 4475 3270 4530 bona
3295 4472 3448 4548 (Cen.
3477 4477 3518 4548 ι)
3549 4496 3560 4530 :
3607 4498 3623 4529 ι
3656 4487 3751 4531 aut

476 4591 495 4623 ι
535 4573 588 4627 in
616 4569 955 4627 confessione
984 4589 996 4623 :
1026 4585 1190 4638 opera
1230 4570 1444 4624 Domini
1488 4571 1743 4625 universa
1772 4571 1914 4626 bona
1941 4571 2054 4626 val-

477 4680 497 4712 σ
536 4661 620 4716 de.
658 4681 677 4713 ι
706 4659 820 4714 Hoc
848 4667 933 4715 est
961 4660 1101 4714 enim
1129 4660 1270 4728 quod
1295 4660 1544 4729 superius
1587 4660 1843 4726 diximus,
1877 4669 1937 4717 ut
1969 4663 2049 4717 la-

471 4754 577 4808 biis
606 4760 662 4808 et
702 4752 911 4807 actibus
936 4751 1218 4805 Dominum
1248 4749 1619 4820 praedicemus.
1653 4751 1886 4807 Proinde
1918 4752 2053 4810 Prov

470 4846 636 4917 pheta
664 4843 716 4897 in
757 4840 964 4913 psalmo
985 4839 1160 4908 justos
1205 4841 1270 4894 ad
1300 4841 1625 4896 laudandum
1660 4840 1832 4896 Deum
1857 4843 2051 4898 exhor-

473 4947 598 4991 tans
624 4934 788 4989 dicit:
819 4952 836 4983 ι
872 4931 1133 4994 Gaudete,
1156 4931 1312 4999 justi,
1349 4933 1401 4987 in
1439 4931 1692 4998 Domino,
1739 4943 1917 4989 rectos
1959 4935 2048 4989 de-

474 4975 598 4991 .......
624 4975 787 4989 ων...
821 4975 836 4983 -
876 4975 1286 4999 “unusunus
1439 4975 1692 4998 νυ......ν,
1741 4975 1917 4989 ww..-
1960 4975 2026 4989 ..υ

469 5036 559 5082 cet
586 5023 925 5081 collaudatio.
963 4975 1312 5078 Conﬁteminlt
1336 5023 1563 5078 Domino
1602 5026 1654 5078 in
1700 5026 1905 5079 cithara
1932 5067 1947 5092 ,
1995 5025 2051 5080 in

468 5115 727 5188 psalterio
755 5117 939 5170 decem
966 5115 1289 5169 chordarum
1317 5114 1529 5185 psallite
1548 5113 1782 5188 ei(Psal.
1810 5117 2002 5189 xxx").
2027 5137 2046 5171 ι

469 5211 694 5266 Cithara
722 5218 806 5265 est
839 5208 1002 5279 lignei
1048 5209 1276 5274 ventris,
1310 5209 1362 5263 in
1408 5209 1518 5263 imo
1562 5211 1663 5264 sita
1721 5211 2049 5277 concavitas,

468 5320 592 5376 quae
616 5318 832 5360 sursum
859 5303 1182 5358 chordarum
1211 5301 1296 5356 ﬁla
1330 5302 1735 5366 transmittens,
1761 5303 1908 5358 sonis
1937 5303 2055 5356 dul-

469 5396 705 5452 cissimis
730 5409 987 5466 percussa
1026 5394 1394 5464 proloquitur;
1429 5408 1548 5463 quae
1577 5395 1696 5449 ideo
1721 5395 1828 5449 tale
1856 5408 2052 5449 nomen

471 5489 699 5558 accepit,
731 5487 986 5558 quoniam
1041 5487 1146 5542 cita
1203 5485 1489 5541 iteratione
1544 5487 1867 5556 percutitur.
1916 5485 2055 5546 ﬂuie

471 5580 666 5635 merito
691 5587 1078 5647 comparantur
1118 5593 1301 5646 opera,
1349 5593 1470 5646 qua:
1496 5578 1564 5633 de
1610 5579 1842 5634 terrenis
1891 5579 2050 5636 rebus

470 5672 540 5726 ad
575 5685 865 5741 supernam
895 5671 1126 5741 gratiam
1163 5670 1529 5740 porriguntur,
1572 5669 1621 5724 i.l
1658 5680 1741 5724 est
1768 5671 1891 5725 dum
1933 5686 2055 5726 esu-

2155 4563 2308 4635 juxta
2353 4563 2663 4634 allegoriam
2705 4583 2717 4620 :
2752 4564 2941 4620 Omnia
2975 4561 3263 4637 qute‘fecit
3294 4568 3433 4624 Deus
3463 4567 3625 4622 Pater
3651 4585 3749 4638 per

2159 4653 2432 4709 Christum
2462 4655 2512 4708 in
2541 4657 2936 4712 restauratione
2980 4658 3194 4727 generis
3225 4660 3466 4724 humani,
3497 4661 3746 4715 universa

2159 4761 2322 4814 opera
2377 4757 2504 4802 sunt
2547 4748 2690 4804 bona
2732 4750 2888 4805 valde
2921 4771 2932 4804 :
2962 4753 3088 4821 quia
3123 4762 3182 4807 ut
3227 4753 3424 4810 Paulus
3467 4763 3698 4812 testatur
3732 4778 3744 4812 :

2163 4855 2181 4887 ι
2220 4835 2278 4890 lu
2313 4837 2429 4906 ipso
2458 4838 2782 4907 complacuit
2813 4839 2921 4894 Deo
2948 4839 3094 4895 Patri
3127 4843 3179 4896 in
3207 4843 3606 4914 dispensatione
3634 4848 3749 4917 plcv

2154 4929 2414 4985 nitudinis
2437 4939 2734 5002 temporum
2765 4933 3068 4988 instaurare
3088 4935 3267 4990 omnia
3296 4953 3417 5008 quae
3443 4939 3498 4993 in
3519 4940 3671 4995 ccelis
3695 4950 3749 4995 et

2166 5032 2286 5088 qua:
2313 5017 2368 5068 in
2401 5026 2560 5070 terris
2590 5024 2740 5070 sunt.
2787 5035 2808 5068 ι
2846 5021 2906 5070 In
2929 5033 3039 5088 quo
3068 5029 3235 5076 cnam
3265 5031 3415 5079 sorte
3451 5029 3622 5079 vocati
3646 5041 3740 5079 su-

2168 5125 2309 5174 mus,
2347 5109 2711 5178 praedestinati
2747 5113 3048 5166 secundum
3091 5117 3427 5186 propositum
3455 5119 3596 5186 ejus,
3649 5117 3742 5186 qui

2163 5205 2343 5259 oniuia
2363 5214 2617 5272 epenatur
2638 5206 2935 5260 secundum
2962 5207 3252 5263 consilium
3282 5210 3574 5264 voluntatis
3604 5225 3739 5271 sum,

2166 5307 2225 5351 ut
2267 5297 2440 5352 simus
2479 5302 2531 5352 in
2563 5300 2780 5354 laudem
2835 5301 3023 5368 gloria:
3083 5304 3200 5370 ejus
3243 5301 3454 5371 (Ep/tes.
3492 5304 3556 5371 ι).
3593 5303 3742 5358 Unde

2167 5391 2365 5443 'ustum
2395 5400 2496 5456 est,
2537 5404 2593 5444 ut
2622 5408 2836 5460 Semper
2876 5397 3085 5447 laudent
3118 5409 3166 5448 et
3197 5409 3316 5448 sme
3344 5406 3648 5448 cessatione
3684 5407 3742 5450 et

2155 5477 2383 5549 gloriam
2409 5477 2558 5532 omni
2588 5485 2832 5546 tempore
2871 5477 3133 5532 dicamus.

2233 5597 2251 5630 ι
2283 5579 2340 5632 lu
2367 5579 2534 5632 verbo
2561 5575 2676 5644 ejus
2704 5577 2853 5630 stetit
2874 5591 3013 5645 aqua
3031 5617 3046 5641 ,
3079 5575 3220 5630 sicut
3248 5575 3526 5645 congeries
3551 5596 3564 5630 :
3599 5560 3655 5633 et
3682 5577 3742 5638 it

2160 5690 2177 5720 ι
2214 5683 2461 5724 sermone
2510 5667 2618 5721 eris
2663 5666 2812 5735 ejus,
2865 5667 3002 5719 sicut
3057 5667 3364 5738 exeeptoria
3422 5683 3680 5739 aquarun'
3723 5686 3740 5727 ι
