3926 6168
307 279 437 337 1045

930 281 992 336 Β.
1034 277 1285 335 RABA‘Nl
1325 276 1546 335 MAURI
1584 276 1904 333 ARCHIEP.
1947 277 2258 335 MOGUNT.
2297 277 2582 335 OPERUM
2624 277 2804 333 PARS
2844 313 2884 332 ι.

3431 285 3566 338 10ιὶ

297 416 314 448 ι
348 396 606 467 quoniam
637 396 690 450 in
714 405 983 467 prmeepto
1011 395 1180 466 ipsius
1215 393 1451 467 placatio
1474 391 1552 457 lit,
1579 401 1633 446 et
1658 408 1765 446 non
1790 399 1873 446 est
1905 394 1948 452 Α
1977 402 2266 463 perpetuos
2292 432 2307 456 ,
2367 407 2468 447 nec
2509 391 2748 447 contenti
2802 406 2990 446 sumtts
3045 398 3340 447 secundum
3392 394 3569 449 Evan-

295 505 315 539 ι
348 487 638 543 minoratio
660 487 712 542 in
735 487 908 541 salute
937 486 1100 540 illius.
1133 505 1151 538 ι
1183 483 1374 540 Omnia
1404 483 1550 540 enim
1574 496 1737 552 opera
1771 497 1867 536 sua

288 589 388 645 per
408 577 644 632 Verbum
675 591 851 641 suum,
881 575 984 630 hoc
1008 587 1091 630 est
1124 575 1457 644 unigenitum
1488 573 1705 636 Filium,
1729 571 1870 625 Deus

288 668 454 724 Pater
480 667 627 722 fecit.
661 664 812 720 Unde
833 667 1093 736 scriptum
1124 676 1207 720 est
1237 684 1250 719 :
1294 684 1312 716 ε
1335 664 1471 731 Quia
1511 663 1624 733 ipse
1655 662 1791 716 dixit
1814 669 1869 716 et

286 759 427 814 facta
484 767 647 823 sunt,
701 758 814 827 ipse
865 757 1144 811 mandavit
1187 765 1243 810 et
1293 765 1476 810 creata
1519 761 1644 808 sunt
1691 750 1862 823 (Psal.

283 847 491 920 xxxn).
521 866 540 900 ι
567 848 626 902 ln
661 849 828 902 verbo
866 847 1010 902 enim
1033 846 1150 916 ejus
1189 846 1341 901 stetit
1378 859 1518 913 aqua
1564 843 1706 897 sicut
1732 856 1864 896 con-

284 939 483 1009 geries,
509 938 726 1009 quando
746 937 1093 1008 congregavit
1119 950 1288 1004 aquas
1307 935 1363 988 in
1394 947 1584 996 unum,
1612 941 1670 985 et
1697 945 1864 1000 appa-

281 1029 393 1084 ruit
419 1031 588 1095 arida,
615 1029 849 1098 fecitque
869 1027 1271 1082 ﬁrmamentum
1294 1026 1347 1080 in
1375 1024 1552 1078 medio
1577 1036 1862 1092 aquarum,

281 1130 336 1175 et
387 1121 571 1177 divisit
598 1135 768 1190 aquas
812 1119 880 1174 ab
908 1119 1101 1188 aquis;
1142 1131 1243 1171 nec
1261 1124 1414 1170 extra
1443 1114 1686 1169 ordinem
1708 1127 1864 1166 suum

279 1211 449 1267 relabi
471 1219 744 1282 poterunt,
766 1209 858 1266 sed
897 1208 1050 1277 juxta
1083 1208 1298 1262 modum
1342 1219 1496 1260 suum
1527 1205 1700 1259 locata
1730 1217 1863 1256 cou-

278 1301 495 1366 sistunt,
517 1301 790 1371 situmque
823 1306 1166 1356 conservant.
1192 1297 1320 1352 Sive
1346 1297 1524 1360 aliter,
1549 1310 1688 1365 aqua
1713 1294 1866 1348 stetit

280 1394 421 1448 sicut
449 1391 750 1461 congeries,
775 1390 990 1460 quando
1011 1390 1062 1443 in
1089 1389 1318 1443 transitu
1343 1386 1574 1441 ﬁliorum
1604 1384 1763 1440 Israel
1799 1385 1864 1438 de

277 1483 515 1556 JEgypto
541 1497 694 1552 aqua:
715 1481 880 1536 maris
908 1481 1077 1536 Rubri
1107 1481 1291 1535 divisse
1314 1488 1475 1545 sunt;
1503 1477 1570 1532 de
1591 1492 1698 1546 quo
1723 1475 1866 1532 Scri-

277 1583 432 1643 ptura
469 1580 674 1638 narrat,
708 1571 850 1642 quod
878 1585 1030 1642 aqum
1057 1571 1137 1625 eis
1183 1577 1369 1626 essent
1405 1569 1557 1638 quasi
1585 1583 1684 1638 pro
1707 1583 1864 1621 muro

277 1683 306 1718 a
334 1663 539 1718 dextris
563 1671 617 1717 et
646 1679 677 1717 a
706 1662 941 1717 sinistris
973 1660 1182 1730 (Exod.
1210 1659 1354 1730 xiv).
1387 1656 1547 1712 Juxta
1577 1656 1860 1726 mysticum

1973 483 2172 553 gelium
2227 483 2432 539 malitia
2484 483 2628 547 diei,
2679 481 2923 552 nihilque
2969 481 3025 536 in
3080 483 3378 538 crastinum
3421 488 3572 558 cogi-

1970 584 2179 641 tamus;
2225 577 2367 632 Deus
2411 577 2556 631 enim
2609 589 2770 629 omne
2821 574 2964 644 quod
3018 573 3146 630 fecit
3189 575 3388 630 bonum
3437 588 3565 644 est,

1969 668 2094 738 quia
2121 668 2358 723 vicissim
2383 669 2536 738 juxta
2565 667 2972 736 dispositionem
2999 665 3095 721 Dei
3125 667 3327 722 bonum
3363 684 3565 724 unum-

1967 757 2218 828 quodque
2254 775 2407 829 opus.
2445 758 2598 813 Dedit
2647 771 2861 827 quoque
2891 757 3034 813 Deus
3085 757 3346 813 mundum
3386 761 3456 814 ad
3482 762 3570 813 in-

1967 848 2316 903 ltabitandum
2375 849 2722 912 hominibus,
2784 856 2843 901 ut
2901 847 3152 902 fruantur
3199 850 3560 907 varietatibus

1968 946 2291 1006 temporum,
2321 945 2376 992 et
2413 953 2519 992 non
2545 944 2794 1006 quaerant
2821 935 2888 990 de
2913 936 3094 992 causis
3118 950 3302 993 rerum
3348 947 3567 992 natura-

1965 1029 2116 1095 lium,
2133 1031 2403 1099 quomodo
2424 1039 2605 1086 creata
2629 1029 2742 1084 sint
2767 1027 2974 1094 omnia,
2999 1043 3169 1098 quare
3194 1030 3298 1085 hoc
3320 1031 3403 1085 vel
3435 1031 3564 1084 illud

1968 1121 2036 1175 ab
2063 1120 2220 1176 initio
2265 1120 2451 1176 mundi
2487 1133 2660 1190 usque
2705 1119 2773 1173 ad
2812 1120 3340 1174 consummationem
3368 1120 3564 1176 fecerit

1963 1225 2235 1278 crescere,
2261 1225 2505 1276 manere,
2539 1209 2764 1264 mutari.

2042 1323 2060 1352 ι
2097 1302 2408 1357 Benedictio
2432 1300 2576 1356 illius
2603 1300 2761 1372 quasi
2794 1297 2991 1354 ﬂuvius
3014 1299 3327 1366 inundavit;
3354 1309 3408 1354 et
3431 1317 3572 1370 quo-

1973 1408 1991 1441 ι
2032 1392 2190 1446 modo
2210 1389 2578 1462 cataclysmus
2617 1389 2826 1444 aridam
2854 1389 3163 1454 inebriavit,
3191 1389 3272 1445 sic
3312 1390 3392 1444 ira
3417 1391 3566 1446 illius

1965 1493 2172 1552 gentes,
2202 1495 2324 1550 qua:
2373 1495 2479 1535 non
2519 1479 2894 1550 exquisierunt
2937 1494 3094 1545 eum,
3144 1480 3504 1535 haereditabit.
3537 1502 3559 1533 ι

1966 1571 2280 1628 Benedictio
2307 1585 2439 1640 ergo
2487 1570 2581 1626 Dei
2613 1579 2669 1625 et
2709 1570 2899 1641 gratiae
2947 1569 3092 1625 illius
3144 1571 3346 1626 donum
3398 1587 3566 1641 super

1967 1663 2223 1718 timentes
2270 1677 2393 1717 eum
2442 1661 2706 1726 abundat,
2741 1669 2796 1717 et
2851 1671 3112 1730 tanquam
3160 1660 3354 1717 fluvius
3405 1679 3564 1732 aqua:

276 1771 407 1811 vero
435 1769 675 1820 sensum,
707 1769 860 1823 aquae
905 1752 1362 1822 persecutionum,
1405 1752 1471 1806 de
1518 1751 1712 1818 quibus
1740 1763 1862 1818 pre-
1894 1763 1936 1822 B
1964 1750 2216 1806 viventis.
2269 1751 2344 1805 De
2396 1765 2503 1822 qua
2545 1749 2926 1820 ipsaﬁ’eritas
2967 1751 3044 1805 ait
3081 1769 3095 1804 :
3132 1769 3151 1803 ι
3205 1751 3306 1818 Qui
3361 1752 3563 1808 biberit

276 1859 431 1904 eatur
457 1847 722 1919 Propheta
753 1861 811 1902 se
837 1845 1057 1911 salvari,
1081 1846 1299 1900 dicens:
1331 1863 1348 1896 ι
1391 1843 1611 1899 Salvum
1639 1857 1724 1897 me
1745 1842 1852 1908 fac,

277 1939 441 2006 Deus,
468 1939 724 2010 quoniam
753 1937 1089 1992 intraverunt
1121 1951 1272 2006 aquae
1304 1951 1474 2000 usque
1512 1936 1577 1989 ad
1617 1935 1852 1988 animam

276 2044 452 2085 meam
498 2027 672 2101 (Psal.
723 2027 948 2097 vam),
983 2046 1001 2078 ι
1031 2027 1198 2081 verbo
1246 2026 1456 2081 Domini
1508 2035 1852 2092 coercentur,

272 2133 375 2175 nec
412 2120 552 2174 ultra
590 2119 1050 2188 dispensationem
1105 2116 1221 2187 ejus
1253 2115 1547 2186 procedere
1594 2124 1848 2186 possunt;

271 2213 527 2283 quoniam
577 2219 793 2268 creator
843 2210 1084 2268 omnium
1134 2225 1290 2281 opem
1323 2209 1709 2264 misericordize
1743 2222 1856 2262 suae

267 2308 517 2365 ﬁdelibus
537 2309 650 2364 suis
675 2307 950 2380 impendit,
975 2323 1076 2364 nec
1095 2315 1177 2363 est
1202 2306 1434 2362 invalida
1465 2321 1655 2361 manus
1677 2306 1853 2362 eruni-

267 2399 524 2470 potentis,
552 2399 680 2470 qui‘n
715 2398 1086 2454 liberationem
1123 2407 1176 2453 et
1217 2397 1446 2452 salutem
1477 2395 1721 2452 conferat
1746 2396 1855 2452 ele-

270 2489 377 2545 etis
403 2490 535 2545 suis.
582 2487 720 2545 Sunt
760 2489 905 2544 enim
947 2489 1000 2543 in
1027 2497 1316 2558 conspectu
1348 2488 1442 2542 Dei
1470 2487 1525 2540 bi
1557 2487 1648 2557 qui
1685 2486 1855 2541 tribu-

273 2580 409 2647 lant,
436 2590 493 2638 et
515 2583 570 2637 bi
601 2582 695 2653 qui
721 2581 1066 2647 tribulantur,
1096 2597 1196 2637 nec
1227 2581 1520 2652 quidquam
1547 2595 1669 2635 eum
1701 2579 1850 2635 latet.

277 2670 429 2729 Unde
448 2681 502 2728 et
528 2672 802 2742 sequitur:

342 2781 364 2816 ι
393 2761 569 2835 Opera
597 2764 773 2819 omnis
794 2762 978 2819 carnis
1013 2776 1197 2818 coram
1220 2762 1332 2827 illo,
1360 2771 1414 2817 et
1443 2777 1550 2816 non
1573 2769 1657 2816 est
1692 2760 1852 2830 quid-

271 2871 294 2907 ι
329 2867 492 2926 quam
541 2853 913 2910 absconditum
963 2855 1031 2909 ab
1072 2853 1244 2911 oculis
1298 2852 1432 2923 ejus.
1469 2854 1512 2907 A
1554 2852 1753 2908 saeculo
1797 2842 1854 2907 et

271 2964 290 2998 ι
326 2961 496 3016 usque
519 2947 570 3001 in
599 2947 855 3003 saeculum
881 2946 1127 3017 respicit,
1155 2954 1210 3001 et
1237 2946 1367 3000 nihil
1396 2953 1480 3001 est
1521 2945 1769 3000 mirabile
1796 2945 1850 2999 in

270 3056 290 3086 ς
323 3045 615 3107 conspectu
642 3035 779 3106 ejus.
821 3056 840 3090 ι
874 3036 1220 3092 Ριωεοίειιῑίθ
1253 3049 1384 3107 ergo
1413 3036 1508 3091 Dei
1537 3037 1718 3090 omnia
1748 3051 1849 3090 an-

1961 1855 2153 1910 aquam
2177 1856 2339 1912 quam
2361 1856 2462 1912 ego
2483 1842 2625 1897 dabo
2647 1843 2720 1907 ei,
2747 1842 2840 1897 ﬁet
2867 1844 2920 1896 in
2951 1858 3018 1897 eo
3049 1842 3167 1898 fons
3185 1859 3340 1912 aquae
3367 1843 3562 1900 salien-

1963 1931 2032 1986 tis
2049 1931 2102 1986 in
2124 1932 2289 1986 vitam
2313 1940 2570 1988 :eternam
2595 1932 2779 2004 (Joan.
2798 1933 2894 2006 tv).
2919 1954 2938 1986 ι
2959 1934 3206 2003 Largiter
3228 1951 3322 1991 eos
3345 1936 3558 2007 irrigat,

1956 2023 2031 2078 ita
2051 2033 2110 2078 ut
2131 2023 2260 2079 illud
2283 2025 2338 2080 in
2360 2025 2441 2081 eis
2458 2025 2766 2096 impleatur,
2785 2028 2852 2082 de
2871 2042 2978 2097 quo
3005 2028 3146 2084 idem
3168 2029 3429 2084 Dominus
3449 2031 3558 2085 ait:

1964 2129 1981 2162 ι
2004 2111 2175 2178 Quim
2207 2129 2290 2168 me
2319 2114 2510 2179 credit,
2541 2113 2761 2171 ﬂumina
2781 2117 2849 2172 de
2871 2126 3060 2173 ventre
3079 2117 3200 2188 ejus
3218 2116 3384 2174 ﬂuent
3399 2135 3560 2190 aqua:

1957 2205 2093 2259 vivae.
2120 2205 2468 2278 (Joanxvu);
2518 2225 2538 2260 ο
2577 2222 2608 2262 e
2649 2209 2924 2264 contrario
2967 2224 3097 2265 vero
3127 2225 3280 2281 aqua:
3314 2211 3584 2267 ctrlestis'

1956 2297 2209 2352 vindicta:
2250 2297 2370 2354 illos
2421 2297 2717 2364 suﬁ‘ocant,
2768 2301 2861 2370 qui
2918 2301 3182 2357 increduli
3229 2300 3346 2370 ejus
3393 2302 3559 2359 dictis

1957 2391 2318 2458 exstiterunt,
2365 2400 2424 2446 et
2474 2393 2650 2464 legem
2713 2393 2831 2464 ejus
2885 2409 2992 2449 non
3052 2394 3431 2465 exquisierunt
3490 2403 3557 2451 ut

1957 2483 2300 2539 custodirent
2338 2484 2594 2540 mandata
2649 2484 2768 2554 ejus
2798 2505 2811 2540 :
2839 2486 2978 2541 sicut
3023 2487 3077 2541 in
3121 2487 3312 2542 diebus
3345 2487 3460 2544 Noe
3486 2489 3557 2544 li-

1955 2570 2161 2627 beratis
2209 2587 2307 2642 per
2343 2589 2528 2629 arcam
2572 2573 2670 2629 Dei
2702 2573 3019 2637 cultoribus,
3082 2575 3233 2647 impii
3261 2585 3317 2631 et
3370 2577 3552 2633 incre-

1955 2661 2102 2728 duli,
2147 2663 2241 2733 qui
2278 2664 2613 2719 viriditatem
2647 2675 2812 2719 rectm
2844 2664 2966 2720 ﬁdei
3012 2674 3070 2720 et
3117 2666 3378 2720 bonorum
3410 2681 3550 2736 ope-

1956 2767 2076 2807 rum
2125 2768 2229 2808 non
2274 2754 2599 2819 habuerant,
2631 2755 2949 2823 cataclysmi
2990 2755 3339 2811 inundatione
3367 2759 3554 2827 perie-

1912 2863 1916 2870 ·
1955 2852 2083 2898 runt
2107 2841 2260 2914 (Gen.
2286 2843 2409 2916 vn).

2032 2953 2050 2984 ‹
2087 2933 2367 3000 Quomodo
2393 2935 2666 2989 convertit
2708 2949 2898 3002 aquas,
2927 2943 2983 2988 et
3024 2934 3227 2988 siccata
3259 2943 3344 2989 est
3373 2946 3547 3001 terra,

1961 3043 1980 3077 ι
2013 3034 2069 3080 et
2087 3025 2188 3081 viae
2208 3026 2352 3081 illius
2381 3026 2482 3081 viis
2504 3027 2716 3082 illorum
2738 3027 2958 3081 directae
2987 3035 3111 3080 sunt.
3141 3041 3156 3078 :
3182 3027 3258 3080 sic
3287 3036 3547 3095 peccato-

263 3127 481 3192 tecedit,
507 3135 562 3181 et
590 3127 851 3197 quidquid
882 3127 1250 3197 temporaliter
1283 3127 1344 3180 ﬁt
1389 3127 1442 3180 in
1472 3128 1695 3192 mundo,
1725 3136 1848 3180 ante

1959 3131 1980 3166 σ
2019 3115 2166 3170 ribus
2193 3114 2520 3171 offensiones
2545 3116 2598 3170 in
2627 3117 2706 3170 ira
2742 3116 2882 3187 ejus.
2913 3134 2932 3169 ι
2964 3115 3246 3183 Quomodo
3273 3132 3400 3189 ergo
3421 3126 3547 3186 post

261 3218 443 3273 omnia
480 3227 723 3287 tempora
770 3233 952 3273 coram
990 3234 1054 3274 eo
1083 3233 1322 3288 praesens
1362 3230 1500 3272 erat.
1539 3217 1686 3273 Unde
1713 3218 1847 3271 nihil

260 3321 481 3376 novum,
507 3322 680 3378 neque
703 3309 948 3364 mirabile
988 3309 1040 3363 in
1062 3317 1351 3378 conspectu
1379 3309 1494 3375 ejus
1537 3325 1550 3361 :
1591 3307 1845 3376 quoniam

262 3400 444 3455 omnia
483 3414 605 3470 qum
631 3398 868 3463 fuerunt,
895 3408 949 3455 et
975 3415 1094 3470 quae
1121 3408 1276 3464 sunt,
1310 3408 1470 3470 atque
1498 3414 1617 3469 quae
1664 3397 1844 3453 futura

262 3498 407 3557 sunt,
445 3491 559 3561 ipse
588 3505 696 3546 uno
738 3490 934 3546 intuitu
962 3490 1388 3562 comprehendit,
1423 3499 1478 3545 et
1503 3504 1715 3558 semper
1744 3489 1846 3544 sibi

258 3581 546 3652 prmsentia
581 3582 904 3638 consistunt.
938 3582 1091 3639 Unde
1143 3590 1196 3638 et
1238 3581 1530 3652 ApOStolus
1559 3583 1624 3637 de
1656 3582 1846 3652 unige-

260 3672 378 3728 nito
416 3673 552 3728 Filio
578 3674 652 3728 ita
683 3675 916 3746 scripsit,
949 3676 1136 3732 dicens
1168 3693 1180 3728 :
1217 3694 1234 3728 ι
1264 3675 1320 3729 ln
1350 3675 1564 3731 Christo
1592 3677 1736 3730 enim
1757 3675 1846 3732 Je-

260 3776 322 3816 su
345 3801 360 3827 ,
387 3778 492 3817 non
517 3771 600 3818 est
627 3763 681 3818 in
709 3763 798 3818 illo
829 3773 913 3820 est
933 3773 988 3820 et
1026 3782 1158 3832 non,
1186 3765 1281 3822 sed
1323 3775 1406 3820 est
1445 3765 1498 3820 in
1531 3765 1621 3820 illo
1647 3776 1730 3820 est
1753 3765 1844 3837 (II

261 3850 384 3907 Cor.
415 3853 477 3927 t).
516 3874 536 3908 ι
568 3855 636 3910 Et
661 3856 786 3911 item
818 3873 832 3910 :
879 3876 897 3909 ι
932 3854 1113 3923 Jesus,
1148 3857 1342 3928 inquit,
1369 3857 1618 3912 Christus
1642 3858 1760 3931 heri
1791 3866 1845 3912 et

260 3945 421 4000 hodie
449 3962 463 4000 :
491 3946 605 4016 ipse
629 3947 684 4001 in
714 3947 908 4002 smeula
937 3949 1258 4003 smeulorum
1289 3947 1475 4020 (Hebr.
1512 3950 1654 4019 xm).

336 4055 355 4087 ‹
393 4036 508 4092 Νοιι
527 4049 610 4092 est
630 4039 833 4105 dicere,
860 4041 988 4108 quid
1014 4049 1098 4094 est
1123 4041 1245 4104 hoc,
1278 4048 1370 4093 aut
1397 4040 1524 4108 quid
1548 4047 1632 4094 est
1671 4039 1843 4093 illud?

265 4147 282 4178 ι
319 4127 500 4189 omnia
525 4127 670 4182 enim
700 4127 753 4182 in
779 4136 1019 4199 tempore
1042 4143 1140 4183 suo
1173 4136 1504 4199 quzcrentur.
1544 4148 1562 4180 ι
1588 4127 1842 4184 Curiosos

258 4235 359 4276 nos
385 4228 529 4275 vetat
553 4235 693 4285 esse,
729 4229 785 4275 et
817 4221 1027 4291 ineptos
1067 4229 1397 4277 scrutatores
1431 4221 1712 4276 latentium
1751 4237 1840 4275 re-

257 4327 396 4369 rum.
425 4325 560 4380 quas
582 4325 680 4364 nos
704 4326 809 4364 non
834 4313 1084 4366 convenit
1105 4313 1265 4376 scire,
1292 4321 1346 4368 et
1371 4313 1535 4366 animi
1561 4313 1728 4367 nostri
1752 4312 1838 4367 in-

257 4401 532 4457 tellectum
559 4401 732 4456 adhuc
753 4402 940 4457 latent.
979 4402 1185 4457 Cuncta
1216 4403 1360 4458 enim
1391 4404 1443 4457 in
1472 4412 1713 4473 tempore
1740 4421 1836 4460 suo

1950 3205 2138 3259 diluvii
2167 3204 2487 3260 eﬂ‘usionem
2516 3221 2671 3276 aqua:
2697 3206 2847 3260 ibant
2885 3214 3079 3260 euntes
3131 3213 3188 3259 et
3219 3207 3538 3272 redeuntes,

1949 3305 2010 3350 ut
2039 3297 2238 3351 iterum
2268 3306 2559 3366 appareret
2578 3297 2752 3362 arida,
2775 3306 2832 3352 et
2857 3304 3005 3351 terra
3030 3296 3238 3352 fructus
3259 3314 3389 3353 suos
3414 3313 3542 3369 ger-

1949 3389 2200 3454 minaret,
2219 3388 2292 3442 ita
2319 3390 2482 3443 etiam
2503 3398 2628 3460 post
2645 3389 3062 3445 exstinctionem
3090 3390 3394 3460 impiorum,
3416 3392 3544 3446 data

1947 3489 2032 3535 est
2057 3479 2284 3535 facultas
2313 3480 2502 3536 electis
2533 3479 2665 3546 Dei,
2697 3490 2758 3536 ut
2799 3480 3108 3550 proferrent
3137 3479 3348 3536 fructus
3373 3481 3542 3537 bono-

1948 3586 2066 3626 rum
2092 3586 2339 3642 operum.
2382 3573 2536 3641 Quod
2583 3581 2769 3628 autem
2801 3573 2933 3628 dicit
2955 3573 3072 3628 vias
3103 3574 3313 3628 Domini
3343 3575 3443 3629 viis
3483 3575 3546 3629 il-

1945 3659 2121 3715 lorum
2155 3676 2276 3718 esse
2310 3663 2564 3729 directas,
2592 3663 2834 3719 ostendit
2872 3665 3261 3720 retributiones
3289 3665 3515 3721 illiusse

1946 3754 2180 3808 cundum
2226 3755 2418 3809 merita
2474 3756 2713 3824 ipsorum
2750 3769 2870 3811 esse
2917 3757 3255 3827 dispensatas
3297 3777 3309 3812 :
3354 3778 3374 3810 ι
3431 3761 3544 3816 Vim

1945 3846 2090 3900 enim
2119 3846 2330 3900 Domini
2363 3855 2488 3901 sunt
2502 3846 2706 3918 judicia
2737 3848 2856 3918 ejus
2880 3866 2892 3901 :
2917 3848 3014 3904 viae
3031 3859 3212 3904 autem
3236 3851 3542 3916 hominum,

1948 3951 2109 4007 opera
2156 3937 2388 3993 illorum.
2421 3959 2440 3992 ι
2473 3939 2624 3994 Unde
2651 3940 2910 3995 Dominus
2954 3957 2972 3990 ι
3007 3940 3098 4010 qui
3137 3939 3320 4008 justus
3357 3951 3444 3996 est
3484 3943 3540 3996 in

1945 4031 2197 4087 omnibus
2240 4032 2344 4086 viis
2382 4033 2515 4096 suis,
2547 4041 2601 4087 et
2623 4043 2844 4088 sanctus
2886 4033 2940 4086 in
2976 4033 3230 4087 omnibus
3281 4034 3544 4103 operibus

1944 4124 2080 4190 suis,
2117 4131 2174 4178 et
2198 4125 2375 4180 reddit
2403 4124 2693 4194 unicuique
2725 4125 3020 4180 secundum
3044 4140 3204 4193 opera
3229 4140 3324 4180 sua
3353 4124 3535 4197 (Rom.

1944 4215 2280 4288 u),custodit
2303 4231 2494 4273 omnes
2522 4217 2804 4288 diligentes
2826 4233 2903 4284 se,
2922 4227 2975 4273 et
2996 4234 3188 4273 omnes
3219 4228 3542 4288 peccatores

1943 4308 2217 4378 diSperdet
2253 4306 2426 4380 (Psal.
2461 4309 2663 4380 εκιιι).
2697 4327 2714 4360 ι
2749 4307 2902 4364 Unde
2937 4320 2990 4365 et
3015 4311 3263 4381 sequitur
3293 4329 3306 4364 :

2019 4420 2036 4451 ι
2082 4393 2226 4455 Bona
2251 4401 2407 4457 bonis
2445 4413 2626 4456 creata
2649 4411 2776 4456 sunt
2815 4403 2882 4457 ab
2910 4403 3064 4457 initio
3107 4423 3118 4457 :
3154 4404 3235 4459 sic
3265 4405 3537 4474 nequissi-

255 4491 769 4557 manifestabuntur,
798 4492 1005 4547 scilicet
1034 4509 1052 4542 ι
1086 4493 1322 4562 quando,
1344 4492 1498 4560 juxta
1529 4493 1680 4548 Pauli
1712 4511 1835 4550 sen-
1867 4475 1917 4532 Ῐ)
1948 4508 1967 4540 ο
2010 4492 2113 4546 mis
2162 4493 2298 4547 bona
2337 4500 2392 4546 et
2438 4493 2600 4547 mala.
2645 4512 2664 4545 ι
2709 4494 2852 4548 Bona
2889 4495 3084 4564 quippe
3135 4496 3262 4549 vita:
3313 4506 3538 4552 :cternm

254 4583 505 4649 tentiam,
525 4583 736 4638 venerit
785 4582 1065 4648 Dominus,
1094 4594 1150 4637 et
1177 4583 1500 4637 illuminabit
1525 4585 1835 4640 abscondita

252 4675 624 4741 tenebrarum,
645 4683 702 4729 et
720 4673 1088 4728 manifestabit
1107 4673 1328 4728 consilia
1362 4675 1602 4728 eordium
1633 4673 1684 4744 (I
1710 4673 1830 4729 Cor.

249 4763 328 4834 iv)
361 4781 374 4818 :
423 4784 442 4816 ι
475 4764 601 4820 huic
626 4764 800 4820 simile
820 4772 903 4820 est
926 4764 1052 4819 illud
1091 4763 1230 4833 quod
1262 4763 1314 4817 in
1349 4763 1671 4819 Ecclesiaste
1699 4764 1834 4819 scri-

250 4861 402 4922 ptum
425 4861 510 4907 est
543 4871 555 4905 :
585 4872 604 4904 σ
652 4853 731 4908 Ne
777 4863 982 4908 temere
1027 4853 1154 4923 quid
1210 4853 1471 4923 loquaris,
1524 4868 1696 4924 neque
1739 4869 1834 4908 cor

250 4952 401 4997 tuum
445 4944 515 4997 sit
564 4943 717 4998 velox
750 4947 814 4997 ad
856 4944 1235 5014 proferendum
1289 4959 1592 5000 sermonem
1647 4961 1830 5000 coram

251 5035 364 5089 Deo
393 5033 618 5106 (Eccles.
646 5033 723 5105 v).
750 5035 817 5088 Et
862 5036 986 5089 item
1014 5055 1025 5090 :
1056 5054 1074 5086 ι
1119 5036 1324 5090 Cuncta
1364 5035 1490 5090 fecit
1517 5035 1658 5090 Deus
1693 5038 1833 5094 bona

252 5128 307 5182 in
353 5138 596 5198 tempore
635 5142 734 5182 suo
766 5141 779 5180 :
808 5134 862 5181 et
908 5129 1165 5182 mundum
1220 5129 1437 5183 tradidit
1487 5129 1832 5199 disputationi

250 5235 460 5277 eorum.
489 5219 560 5276 Ut
586 5235 692 5275 non
723 5219 960 5275 inveniat
983 5221 1144 5276 homo
1166 5236 1298 5290 opus
1320 5221 1459 5288 quod
1478 5231 1729 5290 operatus
1751 5231 1834 5277 est

249 5317 392 5373 Deus
411 5317 478 5372 ab
504 5316 655 5371 initio
679 5329 848 5385 usque
874 5315 938 5369 ad
963 5314 1146 5379 linem,
1171 5330 1292 5369 cum
1320 5314 1499 5368 omnia
1531 5331 1628 5370 suo
1648 5317 1832 5372 laban-

250 5417 337 5462 tur
383 5417 644 5482 tempore,
691 5416 746 5462 et
778 5407 848 5462 sit
902 5414 1109 5474 tempus
1146 5406 1487 5466 destruendi,
1535 5408 1616 5460 vel
1670 5409 1832 5461 aediﬁ-

247 5497 799 5565 candi,acquirendi,
851 5496 1084 5559 tacendi,
1141 5495 1411 5564 loquendi,
1463 5515 1482 5548 ι
1533 5507 1664 5562 ctc.,
1713 5512 1831 5566 qua:

247 5586 390 5640 dicta
419 5587 486 5640 de
515 5597 815 5656 temporum
843 5586 1229 5643 contrarietate
1258 5595 1404 5650 sunt,
1428 5585 1629 5642 frustra
1669 5602 1830 5642 cona-

249 5691 369 5726 mur
409 5677 735 5738 enen-"ere;
787 5688 838 5732 et
887 5680 1074 5733 breves
1128 5677 1248 5731 vita:
1309 5676 1523 5730 labores
1583 5687 1832 5746 putamus

1942 4597 2243 4656 praeparata
2300 4595 2426 4643 sunt
2491 4587 2652 4643 bonis
2711 4589 2779 4642 ab
2838 4589 3011 4643 initio.
3065 4587 3220 4643 Unde
3269 4589 3542 4645 Dominus

1943 4677 2184 4732 dicturus
2226 4686 2308 4732 est
2336 4679 2389 4731 in
2413 4678 2619 4748 judicio
2648 4679 2732 4732 his
2761 4679 2849 4748 qui
2880 4694 2909 4732 a
2939 4679 3144 4733 dextris
3173 4677 3289 4746 ejus
3325 4691 3490 4734 erunt
3517 4702 3532 4737 :

1949 4786 1968 4819 ι
1989 4767 2198 4834 Venite,
2222 4769 2486 4823 benedicti
2513 4768 2690 4821 Patris
2714 4769 2838 4833 mei,
2861 4769 3118 4836 percipite
3141 4785 3362 4839 regnum
3382 4772 3534 4840 quod

1940 4861 2094 4915 vobis
2115 4869 2360 4929 paratum
2384 4872 2466 4915 est
2495 4861 2562 4914 ab
2597 4861 2806 4930 origine
2843 4861 3027 4915 mundi
3060 4860 3271 4932 (Matth.
3302 4862 3430 4932 xxv)
3464 4879 3480 4917 :
3507 4885 3530 4917 ι

1940 4950 2285 5020 nequissimis
2309 4966 2436 5003 vero
2460 4949 2597 5003 bona
2639 4958 2693 5002 et
2726 4949 2865 5002 mala
2894 4967 2906 5002 :
2945 4950 3083 5003 bona
3135 4952 3355 5021 quippe,
3387 4954 3431 5006 si
3469 4970 3536 5010 se

1939 5041 2304 5097 converterint
2353 5056 2384 5094 a
2437 5040 2675 5110 peccatis
2724 5040 2869 5104 suis,
2907 5048 2964 5094 et
3009 5053 3214 5111 egerint
3257 5044 3534 5113 paeniten-

1939 5132 2102 5195 tiam;
2128 5130 2266 5184 mala
2294 5139 2496 5194 autem,
2512 5131 2555 5184 si
2573 5131 3036 5200 perseveraverint
3061 5131 3113 5184 in
3137 5146 3324 5188 errore
3349 5143 3404 5188 et
3431 5136 3531 5189 de—

1937 5220 2081 5275 lictis
2107 5218 2238 5283 suis,
2275 5227 2330 5272 ct
2358 5219 2728 5288 pmnitentiam
2757 5234 2917 5288 agere
2937 5219 3289 5290 neglexerint,
3326 5224 3528 5292 quibus

1933 5309 2456 5381 judexjustissimus
2485 5310 2802 5365 terribiliter
2849 5311 2988 5365 dicet
3028 5313 3078 5365 in
3109 5323 3356 5368 extremo
3397 5329 3528 5368 exa-

1939 5406 2082 5459 mine
2121 5422 2135 5459 :
2180 5424 2197 5455 ‹
2229 5403 2497 5458 Discedite
2525 5417 2554 5455 a
2586 5417 2690 5467 me,
2723 5401 3014 5467 maledicti,
3054 5402 3104 5455 in
3143 5403 3318 5474 ignem
3357 5415 3494 5460 mter

1937 5511 2089 5562 num,
2118 5495 2209 5566 qui
2261 5502 2594 5566 praeparatus
2642 5503 2726 5548 est
2778 5492 2988 5548 diabolo
3035 5503 3090 5547 et
3143 5495 3350 5564 angelis
3401 5493 3526 5563 ejus

1938 5585 2155 5658 (Matth.
2205 5585 2368 5656 xxv);
2418 5604 2436 5636 ι
2483 5585 2672 5657 Δεἰαιιιθ
2719 5583 2872 5639 ibunt
2909 5583 3055 5653 impii
3103 5583 3153 5637 in
3195 5585 3518 5655 supplicium

1934 5689 2193 5734 aeternum
2233 5697 2243 5731 :
2275 5677 2405 5746 justi
2433 5685 2608 5732 autem
2641 5677 2691 5730 in
2723 5677 2884 5730 vitam
2920 5684 3202 5731 :etemam.
