3926 6168
355 296 486 351 ῖυιδ

922 404 1147 463 CAPUT
1174 406 1338 461 XIX.

355 540 553 600 Narrat
584 539 876 625 Sapientia,
907 541 1151 594 humanm
1196 542 1311 623 vita;
1350 543 1535 595 iulium
1561 541 1812 610 pandens,
1840 557 1929 595 ue-

660 623 1010 664 cessart‘arum
1053 627 1224 663 rerum
1267 623 1604 665 instrumenta
1615 651 1628 664 .

425 781 446 814 ι
486 760 703 817 Initium
743 760 1065 815 necessariae
1091 761 1169 816 rei
1213 761 1266 815 in
1296 760 1405 814 vita
1452 761 1729 814 hominum
1768 775 1926 830 aqua,

352 873 373 905 ι
411 854 572 923 ignis.
596 860 653 906 et
678 850 912 915 ternum,
942 859 998 906 et
1022 852 1120 913 sal.
1152 851 1255 915 lac,
1293 860 1350 906 et
1389 855 1550 922 panis
1587 852 1928 923 similaginis,

363 970 384 1004 ι
416 951 473 996 et
520 941 627 997 mel
666 949 724 996 et
759 943 947 997 botrus
988 956 1127 1007 uvas,
1174 941 1387 1008 oleum,
1431 950 1487 997 et
1526 943 1926 998 vestimentum.

370 1046 388 1077 ι
419 1031 544 1085 llaec
571 1031 750 1085 omnia
799 1032 1002 1086 sanctis
1054 1032 1108 1086 in
1150 1032 1350 1087 bonum
1394 1047 1409 1085 :
1441 1032 1519 1086 sic
1562 1041 1618 1087 et
1657 1032 1836 1102 impiis
1875 1039 1930 1088 et

355 1142 378 1174 σ
424 1122 800 1192 peccatoribus
824 1123 879 1176 in
921 1123 1061 1178 mala
1105 1132 1507 1177 convertentur.
1552 1142 1571 1174 ι
1616 1122 1809 1176 Narrat
1839 1137 1931 1176 sa-

350 1213 557 1283 pientia
583 1213 830 1266 humanae
856 1213 979 1267 vita:
1016 1213 1165 1267 initia
1183 1253 1198 1276 ,
1233 1212 1474 1281 pandens
1504 1211 1931 1267 necessariarum

355 1316 538 1355 rerum
565 1302 940 1363 instrumenta,
963 1310 1023 1355 ut
1043 1311 1351 1371 compescat
1376 1301 1639 1355 humanos
1669 1299 1878 1354 animos
1900 1316 1931 1354 a

352 1391 481 1445 luxu
535 1392 717 1445 mundi
764 1398 823 1444 et
882 1391 1190 1446 illicitarum
1238 1404 1416 1445 rerum
1473 1390 1928 1458 concupiscentia.

350 1482 521 1551 Aquae.
569 1482 714 1537 enim
759 1492 816 1536 et
851 1480 989 1550 ignis
1032 1480 1312 1536 elementis
1356 1481 1592 1535 maxime
1638 1480 1934 1551 cos-[iuratis

352 1574 464 1628 vita
493 1574 764 1637 nutritur;
803 1581 860 1626 et
914 1571 1042 1628 ferri
1095 1574 1352 1628 materies
1399 1575 1466 1627 ad
1516 1572 1933 1627 instrumentum

351 1665 686 1718 diversarum
709 1663 907 1717 artium
931 1663 1132 1718 tributa
1154 1674 1239 1718 est
1265 1677 1282 1717 :
1311 1663 1391 1717 sic
1410 1671 1466 1718 et
1488 1662 1567 1717 sal
1590 1663 1658 1718 ad
1684 1663 1937 1717 condien-

1231 287 1583 347 COMMENT.
1623 290 1690 344 IN
1728 287 2338 344 ECCI.ESIASTICUM.
2379 320 2447 328 —
2485 288 2612 343 LIB.
2654 287 2744 342 ΙΧ.

3480 291 3606 343 ldiG

1955 411 2001 469 Α
2032 420 2153 458 nem
2199 405 2451 458 seductus
2478 413 2581 466 est,
2610 401 2751 471 juste
2781 404 2833 457 in
2881 402 2997 470 ejus
3036 411 3353 472 potestatem
3385 406 3608 460 traditus

2025 504 2131 560 est,
2168 495 2294 564 quia
2330 495 2541 549 Domini
2583 495 2665 549 sui
2719 495 2967 547 mandata
3025 496 3463 564 transgrediens,
3514 498 3609 552 ini~

2026 585 2154 642 mici
2181 584 2398 641 nefandi
2423 586 2695 655 perversis
2740 585 3080 640 suasionibus
3107 587 3401 650 ctnnsensit,
3431 595 3487 642 et
3530 589 3605 643 ita

2026 678 2170 733 Deus
2204 676 2545 744 omnipotens
2583 677 2697 747 (qui
2726 685 2809 731 est
2830 691 3041 731 summe
3085 677 3280 743 bonus,
3325 678 3434 734 imo
3465 694 3610 734 sum-

2028 778 2177 818 mum
2220 765 2440 825 bonum,
2482 766 2858 821 universorum
2910 766 3191 822 ordinatur
3214 768 3482 842 optimus)
3522 771 3612 824 ho-

2028 853 2207 910 mines
2234 855 2608 925 superbientes
2646 857 2746 909 sub
2774 856 3012 911 dominio
3044 859 3397 928 superborum
3446 874 3609 930 ange-

2029 940 2205 997 lorum
2231 943 2464 1014 subegit,
2496 950 2555 997 ut
2578 943 2647 998 ab
2688 943 2818 1013 ipsis
2848 946 3081 1014 correpti
3122 945 3413 1013 discerent,
3440 963 3611 1018 quan-

2033 1039 2150 1085 tum
2179 1031 2347 1086 distat
2382 1032 2527 1086 inter
2572 1031 2686 1085 veri
2734 1040 2788 1087 et
2832 1032 3060 1101 piissimi
3111 1032 3341 1099 Domini,
3375 1043 3429 1090 et
3470 1035 3611 1090 inter

2034 1122 2245 1194 tyranni
2267 1123 2624 1178 crudelissimi
2656 1124 3000 1189 servitutem;
3052 1124 3152 1194 ipsi
3191 1140 3319 1180 vero
3341 1127 3613 1182 daemones

2031 1221 2087 1268 et
2108 1220 2344 1268 tortores
2367 1213 2646 1268 hominum
2691 1213 3016 1269 atrocissimi
3046 1214 3100 1268 in
3135 1213 3317 1270 furore
3348 1230 3448 1270 suo
3484 1232 3612 1271 con-

2033 1302 2253 1357 aﬂuant
2281 1310 2545 1357 tormenta
2575 1318 2694 1367 sua,
2723 1304 2813 1373 qui
2857 1304 2910 1358 in
2957 1303 3136 1361 futuro
3154 1303 3359 1373 judicio
3385 1320 3485 1376 pro
3518 1323 3611 1361 ne-

2033 1391 2200 1459 quitia
2237 1392 2453 1461 propria
2479 1393 2779 1447 ethumani
2807 1393 3021 1463 generis
3052 1395 3385 1460 seductione,
3415 1398 3614 1467 suppli-

2032 1481 2407 1539 cia‘subibunt
2440 1490 2676 1547 mterna;
2704 1483 3075 1551 sedquoniam
3120 1483 3196 1537 illi
3229 1483 3284 1537 in
3320 1484 3614 1539 novissimo

2035 1581 2278 1641 tempore
2314 1571 2550 1626 maxime
2591 1572 2829 1627 humano
2866 1573 3053 1643 generi
3102 1572 3285 1629 infesti
3322 1583 3514 1641 erunt,
3563 1583 3619 1629 ct

2035 1660 2155 1730 ejus
2176 1660 2455 1717 interitum
2502 1669 2635 1716 tunc
2674 1665 2942 1732 praecipue
2973 1665 3376 1720 meditabantur
3400 1665 3618 1735 quando

351 1753 453 1809 dos
490 1752 656 1813 cibos.
691 1753 758 1807 ad
786 1753 1233 1823 compescendam
1264 1753 1603 1823 putredinem
1643 1753 1934 1822 providen-
1966 1777 2009 1835 Β
2037 1749 2278 1804 solvetur
2304 1747 2537 1804 Satanas
2581 1750 2647 1804 de
2673 1765 2897 1807 carcere
2919 1765 3049 1817 suo,
3087 1764 3144 1808 et
3169 1754 3340 1809 exibit
3365 1764 3423 1810 ut
3460 1756 3619 1810 sedu-

350 1844 428 1897 tia
455 1843 635 1898 divina
660 1842 979 1899 collocatum
1011 1851 1117 1898 est.
1160 1842 1239 1897 ita
1286 1857 1499 1913 quoque
1533 1850 1589 1897 et
1632 1852 1757 1898 ante
1791 1842 1932 1897 dilu-

350 1935 501 1988 vium
555 1932 734 1989 fructu
773 1941 962 1999 terrae,
1013 1942 1068 1989 et
1121 1933 1356 1988 naturali
1410 1932 1533 1988 cibo
1576 1932 1935 1988 vescebantur

355 2024 638 2088 homines,
678 2024 916 2080 nondum
959 2039 1172 2094 quoque
1214 2023 1323 2079 illis
1363 2023 1615 2079 carnium
1658 2038 1756 2079 esu
1803 2038 1925 2079 con-

350 2131 542 2181 cesso;
599 2115 695 2172 sed
753 2115 881 2185 quia
930 2115 1061 2185 ipsa:
1115 2129 1207 2170 res
1263 2128 1453 2171 omnes
1496 2114 1650 2169 bona:
1701 2129 1732 2168 a
1770 2113 1934 2169 abono

349 2215 601 2262 creatore
651 2206 720 2260 ad
774 2221 932 2262 usum
985 2205 1264 2261 hominum
1312 2212 1511 2261 ereatte
1555 2213 1704 2269 sunt,
1734 2203 1809 2258 illi
1839 2204 1932 2274 qui

351 2295 439 2349 eis
462 2303 755 2364 temperate
784 2303 1029 2358 utuntur,
1061 2302 1116 2348 et
1142 2293 1438 2349 sectmdum
1476 2291 1726 2347 mandata
1751 2291 1935 2346 viven-

353 2396 458 2451 tes,
481 2388 534 2443 in
552 2388 807 2443 omnibus
818 2388 1197 2443 discretionem
1225 2385 1425 2441 habere
1439 2384 1788 2448 contendunt,
1803 2383 1935 2454 ipsis

351 2479 611 2533 nimirum
632 2493 721 2534 res
734 2478 888 2533 bona:
906 2478 973 2532 ad
993 2476 1170 2532 futura
1198 2477 1339 2531 bona
1353 2474 1693 2544 adipiscenda
1715 2472 1937 2529 adelini-

351 2568 480 2624 culo
496 2567 651 2624 ﬁunt.
679 2569 787 2624 Illis
809 2576 987 2623 autem
1002 2568 1093 2637 qui
1118 2566 1385 2623 illecebris
1401 2564 1579 2620 seaculi
1603 2564 1934 2630 deserviunt,

351 2669 410 2713 et
430 2658 696 2714 bonarum
722 2674 902 2717 rerum
934 2658 1322 2728 nequissimum
1342 2671 1500 2712 usum
1521 2656 1739 2717 habent,
1762 2667 1935 2723 putare

355 2747 554 2802 futurte
577 2747 661 2803 eis
686 2747 1004 2818 praeparatio
1028 2746 1108 2812 tit,
1140 2760 1205 2801 eo
1233 2745 1372 2815 quod
1403 2744 1559 2799 bonis
1580 2743 1936 2813 praseutibus

355 2840 546 2895 illicite
563 2840 844 2895 abutentes
859 2840 1038 2894 futura
1060 2840 1196 2894 bona
1223 2853 1465 2907 quaerere
1491 2836 1861 2907 neglexerunt.

437 2951 456 2984 ι
493 2932 632 2987 Sunt
675 2932 894 3002 spiritus
929 2932 1018 3000 qui
1050 2930 1118 2985 ad
1144 2930 1434 2984 vindictam
1479 2929 1650 2984 creati
1689 2936 1856 2983 sunt:
1882 2938 1937 2983 et

362 3042 383 3074 ι
423 3023 476 3076 in
515 3021 700 3078 furore
725 3039 823 3077 suo
848 3021 1309 3077 confirmaverunt
1345 3028 1611 3073 tormenta
1658 3034 1776 3073 sua.
1812 3038 1831 3070 ι
1860 3019 1937 3073 De

2032 1847 2124 1895 cat
2149 1847 2336 1910 gentes
2376 1854 2501 1909 quae
2544 1847 2671 1897 sunt
2702 1854 2865 1909 super
2917 1850 3149 1911 quatuor
3194 1843 3419 1914 angulos
3464 1853 3621 1899 teme

2032 1931 2150 2003 Gog
2169 1940 2226 1988 et
2253 1931 2464 2004 Magog,
2488 1941 2545 1989 et
2566 1933 2917 2004 congregabit
2937 1948 3033 1988 eos
3054 1934 3106 1988 in
3144 1934 3409 2004 prmlium,
3448 1949 3621 2005 quan-

2032 2021 2210 2090 doque
2253 2021 2537 2079 revelatus
2572 2021 2736 2079 l‘uerit
2782 2024 2945 2079 homo
2994 2025 3201 2092 peccati
3248 2025 3389 2079 illius
3438 2026 3622 2096 perdi-

2035 2111 2234 2176 tionis,
2295 2112 2390 2181 qui
2442 2113 2763 2169 adversatur
2787 2120 2865 2183 {et
2920 2113 3201 2169 extollitur
3251 2129 3414 2185 supra
3458 2130 3621 2172 omne

2034 2203 2179 2271 quod
2222 2202 2421 2261 dicitur
2442 2202 2588 2265 Deus
2617 2212 2711 2259 aut
2736 2204 2881 2274 quod
2904 2203 3121 2269 colitur,
3150 2204 3225 2259 ita
3254 2212 3316 2260 ut
3342 2205 3397 2260 in
3422 2206 3620 2275 templo

2034 2290 2129 2348 Dei
2157 2291 2343 2349 sedeat
2384 2294 2674 2348 ostendens
2711 2308 2772 2349 se
2798 2300 3054 2363 tanquam
3092 2294 3208 2364 ipse
3233 2296 3306 2350 sit
3342 2295 3507 2360 Deus,
3538 2295 3623 2348 vir

2035 2382 2146 2438 Deo
2171 2382 2384 2439 deditus
2398 2383 2504 2443 hoc
2520 2382 2837 2454 prophetico
2857 2398 3007 2439 more
3032 2384 3382 2452 praenuntiat,
3400 2384 3617 2439 dicens:

2129 2493 2149 2531 ι
2191 2474 2251 2529 ιιι
2296 2483 2536 2545 tempore
2583 2474 3062 2530 consummationis
3119 2473 3395 2531 eﬁ'uudent
3455 2475 3622 2530 virtu—

2041 2581 2060 2614 ι
2097 2570 2227 2626 tem,
2267 2572 2323 2617 et
2350 2562 2589 2627 fauorem
2617 2561 2736 2632 eius
2762 2562 2855 2632 qui
2897 2562 3026 2617 fecit
3072 2562 3194 2619 illos
3237 2563 3548 2634 placabunt.
3595 2584 3614 2616 ι

2037 2650 2188 2706 Tunc
2241 2653 2384 2706 enim
2424 2652 2718 2707 secundum
2776 2651 3155 2722 Evangelicam
3194 2654 3616 2718 attestationem,

2034 2750 2196 2797 erunt
2216 2742 2333 2798 dies
2357 2742 2432 2798 illi
2459 2730 2816 2798 tribulationis
2862 2741 3019 2808 tales,
3048 2741 3235 2811 quales
3270 2757 3375 2797 non
3402 2743 3621 2797 fuerunt

2036 2835 2104 2888 ab
2126 2834 2279 2890 initio
2319 2842 2582 2890 creature
2609 2849 2771 2903 quam
2815 2823 3057 2889 condidit
3078 2834 3219 2891 Deus
3248 2850 3419 2904 usque
3452 2851 3620 2900 nunc,

2038 2941 2212 2996 neque
2251 2926 2378 2981 fient
2406 2944 2419 2979 :
2448 2943 2467 2978 ι
2499 2926 2568 2985 Ει
2602 2925 2705 2980 nisi
2728 2925 3028 2981 breviasset
3065 2924 3323 2981 Dominus
3344 2927 3483 2993 dies,
3512 2943 3619 2982 non

2038 3016 2228 3075 fuisset
2257 3017 2404 3072 salva
2451 3017 2628 3072 omnis
2666 3031 2795 3073 caro
2818 3034 2832 3070 :
2855 3017 2949 3073 sed
2982 3024 3204 3088 propter
3238 3016 3459 3084 electos,
3486 3031 3622 3087 quos

360 3114 612 3185 malignis
649 3115 928 3184 spiritibus
953 3114 1103 3178 dicit,
1136 3128 1271 3182 quos
1300 3112 1474 3168 bonus
1518 3120 1731 3167 creator
1766 3113 1936 3168 bonos
1964 3120 2009 3182 α
2045 3114 2226 3185 elegit,
2264 3114 2526 3167 hrcviabit
2567 3112 2686 3167 dies
2722 3109 2942 3179 (Matth.
2968 3105 3140 3179 xxiv).
3184 3124 3203 3157 ι
3228 3102 3295 3157 Ει
3320 3105 3461 3159 bene
3489 3102 3625 3158 dici-

360 3210 415 3264 in
443 3208 599 3263 initio
641 3209 875 3272 creavit;
923 3208 1014 3261 sed
1044 3207 1145 3276 ipsi
1180 3215 1402 3276 propter
1434 3205 1736 3276 superbiam
1784 3218 1937 3260 suam

363 3297 550 3369 (cujus
580 3295 794 3351 fuerunt
837 3296 997 3350 iidem
1026 3295 1185 3365 primi
1235 3293 1578 3365 inventores)
1631 3294 1699 3348 de
1728 3292 1938 3348 cietein

360 3388 559 3458 gaudio
579 3386 632 3440 in
660 3386 930 3442 miseriam
954 3386 1243 3440 maximam
1272 3395 1624 3448 corruerunt;
1657 3394 1939 3454 postquam

360 3486 546 3533 autem
574 3477 735 3531 homo
761 3493 791 3529 a
822 3475 931 3531 Deo
978 3475 1226 3530 conditus
1277 3489 1372 3543 per
1399 3473 1596 3528 diaboli
1646 3476 1940 3544 suggestio-

372 3602 487 3622 ’,-

876 3889 1101 3946 CAPUT
1131 3888 1411 3944 PRIMUM.

365 4002 640 4074 Sapientia
666 4010 847 4074 narrat
875 4000 1012 4074 quod
1034 4010 1242 4074 propter
1265 4008 1476 4074 peccata
1518 3997 1786 4074 hominum
1822 3996 1940 4051 via-

436 4068 581 4126 dicta
607 4068 944 4141 procedatﬁd
971 4068 1065 4133 est,
1087 4068 1272 4138 fames,
1290 4068 1498 4132 bellum,
1520 4068 1751 4127 siccitas,
1764 4075 1811 4119 et
1836 4076 1942 4121 ste-

440 4139 630 4207 rilitas,
660 4149 710 4195 et
734 4139 1046 4195 mortalitas.

445 4272 464 4306 ι
511 4251 677 4322 ignis,
708 4250 931 4323 grando,
964 4249 1133 4305 fames
1168 4258 1225 4305 et
1263 4265 1429 4315 mors,
1478 4248 1660 4303 omnia
1716 4248 1830 4301 haec
1878 4246 1947 4300 ad

374 4366 390 4399 ι
442 4346 731 4400 vindictam
757 4354 936 4400 creata
965 4354 1108 4400 sunt.
1140 4344 1441 4400 Bestiarum
1482 4344 1690 4408 dentes,
1713 4351 1768 4397 et
1796 4357 1945 4398 scor-

371 4458 389 4488 ι
436 4436 644 4507 piones,
665 4443 719 4491 et
742 4444 1034 4505 serpentes,
1061 4444 1114 4490 et
1141 4437 1449 4506 rhomphaza
1476 4434 1753 4489 vindicans
1777 4434 1829 4487 in
1849 4448 1945 4489 ex-

372 4546 391 4579 ι
438 4525 746 4581 terminium
776 4525 986 4597 impios.
1027 4527 1086 4580 In
1127 4525 1397 4580 mandatis
1423 4525 1539 4595 ejus
1562 4523 1945 4595 epulabnntur,

372 4638 394 4672 ι
436 4626 491 4673 et
519 4632 680 4688 super
706 4625 908 4671 terram
940 4617 992 4671 in
1035 4616 1353 4671 necessitate
1392 4616 1861 4686 praeparabuntur,
1893 4623 1944 4670 et

2052 3219 2137 3261 tur
2174 3222 2189 3258 :
2226 3223 2244 3255 ι
2281 3204 2352 3258 Ει
2392 3206 2627 3271 furorem
2654 3205 2794 3266 eius,
2825 3202 2916 3269 qui
2954 3198 3227 3253 iecitillos
3257 3196 3626 3261 ιιυιιῐιιιιιιιξιιιι

2046 3289 2173 3359 quia
2200 3288 2260 3343 in
2291 3287 2667 3357 iniquitatibus
2696 3287 2812 3343 suis
2841 3294 2897 3343 et
2934 3286 2989 3343 in
3012 3286 3295 3342 inimicitia
3318 3300 3477 3356 quam
3504 3301 3627 3340 cou~

2049 3392 2131 3436 tra
2166 3381 2460 3437 Ecclesiam
2493 3380 2697 3450 Christi
2722 3381 2944 3446 habent,
2995 3381 3272 3437 caelestem
3323 3380 3377 3434 in
3415 3395 3474 3435 sc
3511 3380 3624 3432 vin-

2047 3475 2244 3530 dictam
2271 3458 2564 3545 provocare
2602 3490 2708 3529 non
2741 3475 2951 3529 timent.

1621 3696 1921 3776 LIBER
1962 3666 2350 3779 NONUS.

2045 3890 2390 3960 suscipiebat.
2443 3876 2707 3946 Similiter
2750 3899 2804 3947 et
2858 3892 3151 3946 animantia
3204 3899 3366 3960 atque
3413 3892 3625 3964 rcptilia

2045 3988 2223 4045 teme,
2251 3996 2369 4051 qua)
2398 3982 2548 4053 prius
2579 3983 2680 4038 sub
2716 3998 2782 4039 eo
2811 3983 2961 4038 mitia
2998 3991 3053 4038 et
3083 3991 3360 4038 mansueta
3389 3983 3625 4047 fuerunt,

2044 4080 2167 4141 post
2187 4070 2391 4139 peccati
2423 4068 2766 4127 commissum
2798 4072 2851 4126 in
2892 4072 3331 4128 contrarietatem
3362 4079 3417 4127 et
3444 4073 3627 4126 noxie—

2048 4170 2209 4217 tatem
2238 4162 2316 4217 illi
2344 4163 2715 4229 vertebantur,
2739 4163 2863 4235 quia
2894 4164 3203 4235 rbomphma
3238 4163 3474 4219 ctelestis
3504 4163 3626 4216 viu-

2049 4253 2205 4308 dictae
2241 4254 2294 4306 in
2340 4254 2518 4323 impiis
2546 4253 2787 4308 divinum
2829 4252 3091 4322 judicium
3128 4253 3436 4309 exercebat.
3475 4251 3626 4320 Quod

2051 4353 2232 4400 autem
2257 4345 2499 4401 dicitur:
2545 4366 2563 4398 ‹
2599 4346 2660 4401 ln
2691 4345 2960 4401 mandatis
3001 4346 3118 4416 ejus
3166 4344 3544 4417 epulabuntar,
3575 4352 3627 4398 et

2055 4433 2110 4488 in
2145 4435 2464 4490 necessitate
2483 4436 2927 4505 prreparabuntur
2957 4453 2970 4489 :
3008 4454 3026 4486 ι
3054 4434 3289 4490 insinuat
3310 4437 3450 4505 quod
3473 4436 3627 4506 juxta

2053 4538 2339 4595 supernam
2366 4526 2684 4580 sententiam
2714 4526 2953 4581 immissa
2991 4525 3123 4581 ultio
3152 4534 3463 4596 peccatores
3491 4534 3626 4580 tem—

2008 4588 2009 4591 Ἴ
2051 4588 2182 4687 pore
2208 4624 2505 4686 opportuno
2532 4616 2804 4682 devastat;
2831 4615 2919 4670 cui
2945 4614 3120 4670 simile
3140 4588 3225 4670 est
3252 4615 3379 4670 illud
3406 4615 3547 4685 quod
3573 4616 3627 4669 in

371 4730 394 4763 ι
444 4710 499 4765 in
548 4707 878 4778 temporibus
935 4708 1047 4762 suis
1094 4723 1199 4761 non
1250 4706 1559 4777 prteterieut
1613 4704 1857 4760 verbum.
1923 4725 1944 4757 ι
1972 4707 2262 4780 Dcantico
2313 4708 2712 4762 Deuteronomii
2764 4723 2829 4762 ex
2883 4707 3061 4762 divina
3094 4721 3322 4777 persona
3358 4706 3626 4777 prolatum

368 4799 599 4869 Quando
623 4799 766 4855 enim
797 4799 958 4853 homo
981 4812 1011 4851 a
1042 4798 1151 4852 Deo
1174 4805 1409 4861 creatus,
1442 4794 1687 4851 subditus
1715 4796 1945 4850 creatori

369 4907 473 4947 suo
501 4890 743 4961 parebat,
771 4889 905 4943 nihil
925 4887 1271 4943 adversitatis
1298 4887 1623 4951 sustinebat,
1650 4886 1741 4941 sed
1769 4886 1950 4940 omnia

371 4984 450 5040 illi
483 4996 738 5054 prospere
772 4981 1115 5046 eveniebant,
1146 4986 1445 5047 cunctaque
1474 4976 1765 5032 animantia
1796 4985 1953 5029 terrae

370 5073 476 5130 sub
530 5088 626 5128 sua
677 5073 1039 5129 dominatione
1075 5071 1310 5125 tenebat.
1362 5069 1494 5124 Cum
1555 5077 1733 5122 autem
1767 5083 1952 5138 super-

368 5165 571 5223 biendo
606 5174 935 5237 praeceptum
983 5163 1243 5218 creatoris
1300 5163 1381 5217 sui
1434 5162 1948 5231 transgrcdiclzatur,

369 5257 444 5313 de
469 5255 728 5312 felicitate
752 5256 986 5327 paradisi
1016 5253 1238 5324 ejectus,
1268 5254 1319 5308 in
1360 5255 1499 5309 hanc
1545 5252 1841 5307 convallem
1871 5251 1952 5306 la-

369 5363 683 5419 crymarum
712 5347 931 5412 decidit,
949 5346 1038 5401 ubi
1060 5346 1288 5401 diversis
1306 5344 1588 5400 calumniis
1614 5345 1945 5415 agitabatur;

371 5439 450 5494 ibi
471 5438 616 5494 enim
632 5437 926 5494 laborando
948 5435 1186 5492 sterilem
1212 5442 1413 5491 terram
1441 5434 1694 5498 habebat,
1709 5451 1828 5504 qua:
1853 5450 1950 5502 pro

370 5529 645 5585 frumento
672 5529 854 5599 spinas
877 5536 932 5583 et
962 5526 1186 5581 tribulos
1210 5525 1552 5597 germinavit,
1576 5524 1814 5595 ipsisque
1842 5524 1951 5580 ele-

370 5624 571 5680 mentis
615 5621 921 5691 vapulabat.
957 5619 1109 5677 Unde
1146 5617 1303 5673 famis
1336 5618 1712 5674 necessitatem
1760 5632 1951 5688 passus

371 5714 887 5789 aegritudinibusquc
916 5712 1166 5778 aﬂ’cctus,
1199 5712 1412 5767 tandem
1468 5712 1652 5766 mortis
1695 5712 1945 5765 damnum

2050 4798 2283 4866 legitur:
2316 4818 2334 4849 ι
2364 4798 2633 4853 Exacuam
2662 4796 2809 4852 velut
2842 4796 3026 4867 fulgur
3068 4797 3300 4869 gladium
3346 4813 3546 4863 meum,
3576 4810 3631 4854 ct

2049 4897 2172 4958 aget
2205 4885 2464 4955 judicium
2511 4902 2702 4943 manus
2747 4902 2887 4953 mea,
2926 4896 2980 4942 et
3026 4887 3321 4944 retribuam
3365 4886 3626 4956 judicium

2052 4978 2306 5040 inimicis,
2343 4986 2397 5032 et
2422 4976 2507 5031 bis
2532 4976 2623 5046 qui
2664 4976 2900 5033 oderunt
2928 4992 3013 5032 mc
3050 4978 3301 5044 reddam;
3349 4977 3630 5034 inebriabo

2051 5069 2272 5139 sagittas
2302 5085 2449 5123 meas
2476 5068 2526 5122 in
2556 5069 2834 5139 sanguine,
2863 5078 2917 5124 et
2945 5069 3155 5141 gladius
3202 5084 3356 5125 meus
3400 5070 3627 5124 mando-

2048 5162 2193 5217 cabit
2216 5178 2429 5227 carnes,
2451 5177 2481 5216 a
2501 5162 2763 5233 sanguine
2788 5162 3216 5228 vulneratorum,
3241 5179 3271 5217 a
3297 5161 3621 5232 captivitate.

2051 5268 2080 5306 a
2107 5252 2279 5321 capite
2310 5252 2609 5322 principum
2641 5252 2979 5307 inimicorum
3019 5252 3197 5324 (Deut.
3232 5249 3422 5321 xxxn).
3455 5268 3472 5299 ι

2130 5364 2147 5397 ‹
2192 5345 2484 5412 Propterea
2514 5343 2581 5398 ab
2619 5344 2774 5398 initio
2820 5343 3169 5398 confirmatus
3212 5349 3268 5397 et
3313 5342 3629 5397 consiliatus

2059 5456 2077 5486 ι
2121 5451 2259 5499 sum,
2298 5442 2353 5489 et
2396 5435 2651 5506 cogitavi,
2679 5443 2734 5488 et
2765 5436 2962 5505 scripta
2986 5433 3184 5487 dimisi.
3215 5448 3233 5481 ι
3262 5429 3385 5484 llaec
3409 5429 3627 5498 quidem

2055 5527 2322 5580 sententia
2354 5526 2420 5579 ad
2451 5525 2727 5595 superiora
2764 5523 2985 5592 respicit
3032 5519 3122 5574 ubi
3171 5518 3430 5587 scriptum
3478 5525 3564 5571 est
3610 5534 3623 5568 :

2061 5636 2078 5667 ι
2125 5617 2240 5671 Non
2267 5625 2351 5671 est
2380 5617 2578 5679 dicere,
2608 5615 2734 5684 quid
2767 5621 2849 5668 est
2877 5612 3011 5666 hoc?
3057 5617 3149 5663 aut
3185 5607 3314 5677 quid
3353 5612 3437 5662 est
3465 5607 3592 5661 illud
3607 5610 3628 5659 1’

2055 5707 2230 5762 omnia
2291 5706 2431 5760 enim
2504 5706 2554 5757 in
2628 5713 2864 5774 tempore
2914 5716 3007 5755 suo
3054 5707 3361 5768 qucercntur
3418 5695 3626 5771 (Ecct‘t.
