3926 6168
456 289 589 345 1047

1087 293 1146 346 Β.
1190 291 1443 348 RABANI
1481 291 1699 348 MAURI
1736 293 2054 348 ARClllEl".
2095 291 2406 348 MOGUNT.
2447 291 2734 350 OPERUM
2770 293 2951 350 PARS
2987 296 3030 350 l.

3573 303 3709 355 “iis

452 402 664 473 xxxix).
703 421 720 454 ι
761 405 906 459 Vidit
934 405 1075 458 enim
1114 406 1330 474 sapiens
1354 406 1438 459 vir
1467 405 2028 475 incomprehensibilia
2058 412 2105 468 Α
2133 407 2230 460 bas
2261 413 2437 460 terra.
2467 404 2523 459 In
2553 406 2749 461 sudore
2773 407 2954 463 vultus
2981 409 3059 462 tui
3084 411 3320 466 vesceris
3346 427 3508 482 pane,
3538 415 3709 474 donec

452 493 548 548 Dei
569 493 770 562 judicia
797 509 948 558 esse,
977 503 1031 548 et
1062 495 1457 565 investigabiles
1483 497 1597 550 vias
1625 495 1780 564 ejus;
1825 504 1880 550 et
1913 512 2020 550 non

453 601 616 641 ausus
641 595 722 640 est
761 594 961 641 temere
994 586 1196 656 aliquid
1235 587 1499 656 loquendo
1528 599 1619 642 aut
1645 588 1928 642 scribendo
1954 588 2022 643 de

451 675 532 728 eis
555 676 822 742 proferre,
854 676 948 729 sed
979 684 1275 745 temperate
1311 679 1376 732 de
1406 678 1660 748 operibus
1700 680 1793 734 Dei
1821 679 2022 748 magni-

449 764 566 819 ﬁcis
601 766 884 835 disputans
911 782 1126 822 causam
1149 778 1203 822 et
1229 769 1444 823 modum
1474 769 1654 824 divino
1683 770 1906 824 consilio
1933 777 2018 824 at-

447 870 552 924 que
575 856 792 910 decreto
827 855 1171 910 manifestum
1209 858 1429 912 dimisit.
1461 858 1613 914 Unde
1637 857 1974 930 subiungitur
2003 876 2016 913 :

524 963 542 995 ι
587 943 780 1000 Omnia
810 959 971 1014 opera
1011 945 1223 1002 Domini
1253 947 1414 1010 bona,
1440 954 1496 1001 et
1522 961 1683 1001 omne
1715 961 1851 1016 opus
1885 947 2018 1001 hora

451 1051 468 1084 ι
510 1045 606 1086 sua
630 1032 1077 1088 subministrabit.
1122 1033 1238 1089 Non
1278 1044 1360 1090 est
1395 1035 1572 1091 dicere
1603 1055 1615 1090 :
1645 1037 1760 1092 Hoc
1803 1037 1894 1093 illo
1923 1053 2019 1092 ne-

446 1146 466 1177 c
509 1128 667 1195 quius
695 1138 778 1182 est
804 1143 819 1182 :
848 1129 1030 1183 omnia
1059 1129 1202 1183 enim
1229 1129 1282 1184 in
1309 1136 1551 1200 tempore
1577 1145 1676 1186 suo
1701 1133 2016 1201 comproba-

446 1236 464 1267 ι
509 1217 726 1272 buntur.
764 1237 784 1270 ι
820 1218 955 1274 Huic
979 1219 1098 1274 loco
1125 1234 1420 1275 consonum
1448 1229 1552 1287 est,
1581 1223 1723 1290 quod
1750 1223 1802 1276 in
1832 1223 2016 1279 Eccle-

439 1307 604 1363 siaste
624 1307 817 1379 legitur
844 1327 857 1363 :
895 1329 913 1362 ι
942 1309 1022 1364 Νε
1044 1310 1214 1376 dicas,
1230 1312 1358 1381 quid
1377 1320 1533 1382 putas
1553 1327 1729 1368 causae
1752 1322 1854 1380 est,
1871 1316 2014 1384 quod

437 1398 619 1474 priora
639 1409 876 1468 tempora
903 1401 1120 1455 meliora
1147 1400 1297 1457 fuere
1317 1417 1476 1472 quam
1501 1418 1642 1458 nunc
1661 1405 1822 1458 sunt?
1851 1403 2014 1459 stulta

437 1497 522 1542 est
569 1490 712 1545 enim
752 1490 1120 1561 hujuscemodi
1164 1492 1518 1562 interrogatio
1572 1492 1770 1564 (Eccle.
1815 1493 1932 1566 vn).
1986 1513 2006 1548 ι

373 1629 382 1638 .
438 1579 591 1635 Unde
618 1595 719 1635 nec
739 1589 894 1636 vetus
922 1583 1176 1638 saculum
1206 1585 1457 1653 praesenti
1486 1583 1878 1654 praeferendum
1903 1594 2008 1652 est,

436 1673 559 1740 quia
589 1689 726 1728 unus
751 1674 1029 1744 utriusque
1052 1676 1302 1730 conditor
1329 1685 1412 1730 est
1452 1675 1615 1730 Deus.
1645 1676 1884 1731 Virtutes
1910 1677 2008 1731 bo-

2125 493 2415 548 revertaris
2454 494 2509 548 in
2544 503 2768 558 terram,
2796 496 2864 550 de
2897 512 3004 567 qua
3031 510 3275 569 sumptus
3303 517 3364 556 es
3396 520 3410 555 :
3438 505 3565 573 quia
3591 507 3709 574 pul-

2120 584 2202 638 vis
2227 599 2309 649 es,
2343 584 2479 638 etin
2516 584 2789 655 pulverem
2815 587 3106 642 reverteris
3137 585 3288 659 (Gen.
3322 591 3428 663 ιιι).
3483 611 3502 644 ι
3553 593 3708 650 Unde

2119 675 2257 730 bene
2279 675 2495 740 dicitur,
2530 695 2548 726 ι
2581 676 2772 746 Jugum
2801 693 2965 746 grave
2992 693 3157 748 super
3177 679 3314 736 ﬁlios
3341 681 3535 748 Adam,
3559 701 3589 738 a
3621 686 3707 741 die

2119 767 2299 821 exitus
2315 766 2380 821 de
2397 775 2584 821 ventre
2605 767 2794 822 matris
2819 782 3006 823 eorum
3029 789 3050 822 ι
3069 771 3300 840 positum
3323 787 3462 835 esse,
3491 792 3512 824 ι
3535 791 3703 846 usque

2121 855 2176 909 in
2206 855 2346 910 diem
2377 855 2664 926 sepulturae
2693 859 2746 911 in
2783 865 3011 914 matrem
3062 861 3304 916 omnium
3335 879 3350 915 :
3383 881 3402 914 ι
3436 864 3541 920 hoc
3583 876 3700 932 est,

2121 945 2191 999 ab
2218 945 2441 1000 exordio
2469 947 2764 1003 nativitatis
2814 950 3081 1018 humana),
3109 953 3327 1022 quando
3377 969 3501 1010 eum
3553 960 3703 1028 geni-

2119 1034 2227 1088 trix
2265 1034 2319 1088 in
2349 1035 2624 1090 doloribus
2646 1044 2700 1091 et
2735 1039 2990 1093 aerumnis
3015 1042 3244 1110 peperit,
3275 1059 3446 1114 usque
3473 1046 3529 1099 in
3558 1048 3696 1101 diem

2117 1123 2493 1191 defunctionis,
2523 1127 2738 1195 quando
2767 1127 2819 1181 in
2868 1135 3089 1194 terram,
3111 1147 3232 1202 quae
3265 1141 3350 1187 est
3375 1143 3552 1189 mater
3578 1150 3698 1190 om-

2115 1213 2266 1268 nium
2294 1215 2619 1281 mortalium,
2646 1226 2858 1272 mortua
2903 1234 3030 1274 caro
3063 1221 3368 1290 sepelietur.
3409 1224 3549 1280 lluic
3569 1241 3699 1299 ergo

2115 1301 2235 1360 loco
2261 1304 2436 1361 simile
2481 1314 2567 1361 est
2617 1306 2766 1373 illud,
2795 1309 2939 1378 quod
2981 1309 3034 1363 in
3087 1308 3190 1366 Joh
3233 1314 3493 1384 scriptum
3545 1325 3628 1371 est
3677 1335 3692 1370 :

2120 1413 2139 1447 ι
2183 1394 2370 1450 Militia
2394 1405 2478 1452 est
2499 1397 2606 1452 vita
2630 1398 2905 1454 hominum
2931 1415 3094 1470 super
3113 1411 3312 1457 terram
3337 1405 3477 1474 (Job.
3494 1407 3590 1477 vn)
3625 1427 3643 1458 ι
3677 1426 3696 1463 :

2114 1485 2229 1540 sive
2262 1495 2321 1540 ut
2347 1485 2452 1540 alia
2493 1487 2776 1543 translatio
2803 1488 2990 1555 habet,
3019 1509 3038 1542 ι
3082 1490 3333 1548 Tentatio
3352 1503 3438 1549 est
3461 1497 3573 1550 vita
3599 1512 3696 1552 no-

2113 1576 2317 1630 minum
2339 1591 2500 1646 super
2524 1585 2723 1632 terram
2753 1592 2772 1632 :
2805 1597 2825 1630 ι
2852 1580 3071 1648 quietus
3095 1581 3257 1636 homo
3277 1585 3556 1653 possidere
3575 1603 3695 1642 car-

2110 1676 2234 1721 nem
2263 1667 2456 1734 potuit,
2479 1667 2525 1722 si
2560 1668 2698 1723 bene
2726 1669 2796 1726 ab
2842 1681 3064 1726 auctore
3119 1672 3372 1729 conditus
3417 1677 3699 1745 possidere

432 1778 533 1816 nos
561 1763 760 1818 viventi
789 1763 992 1819 faciunt
1020 1767 1164 1832 dies;
1211 1765 1359 1831 vitia,
1383 1765 1554 1821 malos
1577 1780 1591 1818 :
1614 1781 1681 1820 ne
1701 1765 1848 1820 dicas
1878 1781 2006 1837 ergo
2034 1774 2080 1832 B
2108 1758 2396 1826 ιὀιυὶεεεις
2422 1775 2654 1831 cumque
2690 1777 2749 1817 ω
2769 1763 2984 1836 erigere
3003 1773 3191 1821 contra
3215 1770 3553 1825 conditorem
3579 1782 3692 1827 stu-

435 1850 687 1906 meliores
720 1851 888 1909 fuisse
913 1855 1026 1910 dies
1057 1855 1156 1909 sub
1183 1854 1364 1926 Moyse
1400 1863 1454 1909 et
1478 1856 1578 1911 sub
1605 1853 1822 1911 Christo
1844 1871 2006 1926 quam

429 1942 591 1997 modo
622 1950 777 2009 sunt,
803 1959 926 1998 nam
954 1953 1007 2000 et
1033 1944 1122 2000 illo
1165 1953 1409 2016 tempore
1449 1946 1630 2015 plures
1666 1944 1882 2000 fuerunt
1926 1946 2006 2000 in-

429 2033 652 2099 creduli,
676 2041 731 2088 et
760 2035 874 2090 dies
901 2051 1090 2091 eorum
1115 2037 1244 2092 mali
1282 2037 1408 2092 facti
1441 2046 1596 2102 sunt;
1637 2045 1694 2092 et
1722 2053 1866 2094 nunc
1887 2053 2006 2093 cre-

427 2122 618 2178 dentes
647 2125 800 2180 multi
834 2127 1207 2197 recipiuntur:
1239 2129 1306 2183 de
1338 2128 1532 2198 quibus
1572 2127 1820 2184 Salvator
1866 2129 1944 2184 ait
1987 2148 2000 2184 :

431 2233 450 2265 ι
494 2214 644 2270 Beati
683 2217 775 2286 qui
805 2233 891 2273 me
917 2232 1022 2273 non
1049 2219 1300 2276 viderunt
1327 2227 1382 2275 et
1407 2220 1752 2276 crediderunt
1800 2219 1999 2292 (Joan.

422 2304 539 2377 xx).
573 2326 592 2358 ι
627 2305 817 2363 Omnia
846 2310 990 2365 enim
1021 2325 1186 2380 opera
1209 2310 1305 2367 Dei
1331 2320 1458 2368 sunt
1484 2311 1642 2380 bona,
1669 2320 1723 2367 et
1763 2313 1863 2368 sub
1889 2312 2002 2368 dis-

423 2397 738 2465 pensatione
791 2400 1089 2456 conditoris
1137 2403 1219 2457 sui
1274 2403 1576 2458 consistunt
1625 2402 1909 2468 universa,
1939 2417 2003 2458 ac

425 2488 546 2542 ideo
573 2489 638 2543 de
657 2489 878 2560 judiciis
908 2491 1003 2546 Dei
1034 2493 1368 2547 mirabilibus
1395 2492 1574 2563 potius
1610 2491 1874 2548 silendum
1920 2499 2004 2547 est

421 2577 626 2634 homini
651 2595 810 2649 quam
834 2581 1000 2652 loqui,
1029 2583 1153 2653 quia
1179 2584 1280 2639 sub
1307 2582 1424 2653 ejus
1452 2583 1712 2653 regimine
1732 2583 1865 2639 ordo
1895 2583 2003 2639 dis-

418 2673 594 2728 currit
621 2674 784 2730 totius
817 2676 1015 2731 szeculi.

499 2785 518 2816 ε
562 2765 630 2820 Ει
657 2769 877 2823 nuncin
907 2769 1054 2824 omni
1077 2769 1241 2826 corde
1269 2778 1324 2826 et
1354 2785 1450 2828 ore
1478 2771 1776 2827 collaudate
1821 2778 1875 2825 et
1908 2771 1998 2826 be-

426 2875 445 2909 ι
487 2857 721 2913 nedicite
748 2875 944 2916 nomen
980 2860 1212 2916 Domini.
1256 2880 1276 2913 ι
1310 2860 1422 2917 Ηοε
1461 2862 1606 2916 enim
1628 2861 1844 2916 unicam
1871 2875 2001 2916 con-

419 2952 597 3008 silium
621 2953 774 3009 nobis
793 2955 970 3020 datur,
986 2962 1047 3009 ut
1067 2955 1311 3010 videntes
1336 2953 1599 3010 mirabilia
1622 2953 1740 3019 Dei,
1757 2962 1812 3010 et
1833 2969 1998 3024 opera

417 3043 535 3113 ejus
559 3045 874 3117 magniﬁca,
905 3061 1013 3101 non
1047 3047 1260 3102 incaute
1288 3063 1352 3104 ea
1398 3049 1667 3104 discutere
1706 3063 1991 3119 praesuma-

2108 1850 2246 1914 duit,
2271 1851 2326 1904 in
2355 1851 2643 1922 semetipso
2666 1853 2911 1922 protinus
2933 1856 3116 1912 carnis
3137 1860 3522 1915 contumeliam
3545 1862 3693 1918 iove-

2106 1940 2220 2005 nit;
2246 1941 2339 1995 sed
2367 1941 2493 2011 quia
2517 1957 2644 1996 cum
2661 1943 2815 2012 culpa
2837 1945 2999 1999 simul
3022 1946 3088 2000 ab
3108 1949 3317 2020 origine
3338 1952 3501 2004 etiam
3530 1969 3693 2023 poena

2105 2041 2453 2102 propagatur,
2501 2033 2713 2090 incerto
2757 2034 3090 2093 inﬁrmitatis
3135 2040 3268 2097 vitio
3313 2044 3608 2110 nascimur,
3637 2056 3690 2101 et

2105 2121 2257 2192 quasi
2287 2122 2567 2178 nobiscum
2593 2123 2808 2179 hostem
2859 2127 3194 2196 deducimus,
3225 2146 3385 2201 quem
3436 2149 3562 2188 cum
3609 2134 3688 2189 la-

2103 2211 2234 2267 bore
2264 2228 2598 2282 superemus.
2625 2214 2742 2284 Ipsa
2771 2231 2902 2286 ergo
2931 2219 3165 2274 hominis
3194 2222 3302 2274 vita
3332 2224 3564 2279 tentatio
3584 2233 3684 2289 est,

2104 2303 2192 2358 cui
2217 2319 2284 2358 ex
2313 2305 2602 2374 semetipsa
2633 2307 2877 2362 nascitur
2904 2308 3046 2363 unde
3073 2311 3401 2380 perimatur;
3441 2329 3564 2383 qua:
3587 2317 3688 2371 etsi

2101 2409 2318 2464 semper
2345 2410 2412 2450 ex
2437 2395 2638 2450 virtute
2665 2396 2960 2452 succiderit
2981 2399 3122 2468 quod
3153 2415 3223 2454 ex
3248 2401 3571 2458 inﬁrmitate
3593 2421 3686 2476 ge-

2103 2492 2276 2548 nerat,
2311 2499 2526 2555 semper
2547 2494 2728 2540 tamen
2757 2501 2824 2542 ex
2853 2486 3168 2545 inﬁrmitate
3189 2501 3417 2562 generat
3443 2496 3588 2564 quod
3619 2510 3687 2550 ex

2101 2576 2299 2632 virtute
2335 2577 2612 2644 succidat;
2662 2579 2743 2634 sic
2781 2579 2963 2649 itaque
3011 2581 3248 2638 humana
3300 2585 3410 2639 vita
3458 2589 3692 2642 tentatio

2101 2677 2218 2734 est,
2250 2677 2310 2722 ut
2339 2669 2442 2725 etsi
2471 2668 2586 2739 jam
2629 2670 2700 2725 ab
2738 2670 3038 2741 iniquitatis
3083 2675 3490 2743 perpetratione
3536 2693 3684 2733 com-

2099 2759 2358 2829 pescitur,
2384 2758 2440 2814 in
2469 2759 2600 2830 ipsis
2629 2770 2808 2816 tamen
2829 2763 2985 2817 bonis
3007 2765 3281 2834 operibus,
3319 2765 3480 2822 modo
3522 2769 3685 2824 malo-

2100 2862 2222 2902 rum
2251 2851 2537 2917 memoria,
2576 2851 2736 2907 modo
2778 2851 3106 2908 seductionis
3129 2854 3384 2925 caligine,
3411 2860 3573 2916 modo
3609 2861 3683 2916 in-

2099 2938 2358 2994 tentionis
2385 2955 2498 2996 sua:
2518 2941 2914 3012 interruptione
2937 2943 3196 2999 fuscetur.

2177 3049 2196 3080 ι
2239 3029 2607 3101 Cogitationes
2635 3048 2822 3088 eorum
2862 3045 2916 3089 et
2946 3037 3171 3092 timores
3197 3041 3396 3106 cordis,
3421 3040 3679 3097 adiuven-

416 3150 558 3191 mus.
593 3134 699 3190 Sed
728 3136 900 3207 magis
937 3147 1236 3192 creatorem
1279 3138 1537 3206 optimum
1583 3139 1763 3203 corde,
1803 3153 1900 3194 οη
1943 3146 1998 3192 ει
2023 3138 2068 3200 C
2105 3139 2124 3171 ι
2169 3121 2241 3175 ιίο
2267 3123 2701 3191 exspectationis,
2726 3130 2782 3177 et
2821 3123 2937 3180 dies
2963 3124 3315 3182 deﬁnitionis.
3359 3147 3379 3180 ι
3419 3128 3572 3184 Nunc
3602 3131 3680 3184 iu-

415 3238 578 3292 opere
631 3223 928 3286 laudemus,
977 3225 1390 3292 benedicamus,
1419 3232 1581 3294 atque
1609 3225 1988 3295 gloriﬁeemus,

413 3314 539 3383 quia
580 3313 693 3382 ipse
720 3313 865 3368 solus
901 3324 983 3369 est
1030 3329 1190 3384 quem
1232 3325 1344 3372 toto
1389 3317 1580 3382 corde,
1629 3325 1739 3372 tota
1788 3318 1989 3384 ani-ma,

413 3410 524 3456 tota
555 3403 752 3458 virtute
779 3403 1000 3472 diligere
1018 3403 1302 3474 jubemur;
1335 3414 1390 3462 et
1417 3403 1568 3474 cujus
1588 3415 1855 3478 praecepta
1882 3423 1992 3463 ser-

411 3509 560 3560 vare,
576 3495 628 3548 in
656 3494 876 3566 ejusque
901 3497 1121 3552 servitio
1139 3497 1380 3568 quotidie
1396 3498 1696 3554 consistere
1710 3499 1985 3569 debemus,

408 3588 896 3653 quatenusabono
925 3589 1152 3644 Domino
1196 3597 1256 3643 ut
1299 3588 1458 3644 utiles
1503 3589 1646 3644 servi
1695 3590 1748 3644 in
1804 3589 1988 3647 furore

407 3676 586 3746 iudicii
617 3693 716 3748 pro
748 3686 894 3733 recta
926 3677 1029 3733 ﬁde
1061 3687 1116 3733 et
1139 3680 1282 3735 bono
1309 3695 1474 3749 opere
1502 3695 1843 3736 coronemur.

475 3767 626 3839 (CAP.
658 3770 768 3841 XL.)
800 3789 818 3821 ι
854 3767 1146 3839 Occupatio
1176 3785 1366 3841 magna
1395 3780 1577 3825 creata
1602 3779 1685 3826 est
1735 3773 1986 3828 omnibus

409 3880 427 3912 ι
471 3860 799 3927 hominibus,
828 3861 1092 3933 etjugum
1125 3877 1288 3933 grave
1330 3877 1492 3930 super
1540 3862 1678 3918 ﬁlios
1723 3863 1915 3929 Adam,
1953 3880 1983 3918 a

409 3971 427 4003 ι
474 3953 560 4007 die
585 3953 764 4008 exitus
787 3952 852 4008 de
887 3962 1076 4008 ventre
1102 3953 1291 4008 matris
1313 3967 1525 4020 eorum,
1549 3968 1721 4023 usque
1750 3955 1803 4008 in
1836 3955 1980 4010 diem

408 4062 426 4094 ι
474 4044 761 4114 sepulturae
788 4045 842 4098 in
888 4054 1115 4099 matrem
1160 4044 1422 4098 omnium.
1486 4059 1506 4094 ι
1557 4041 1670 4098 Hoc
1713 4052 1798 4098 est
1837 4045 1981 4114 quod

359 4184 362 4187 .
403 4134 528 4186 alibi
570 4134 830 4203 scriptum
859 4141 943 4188 est
980 4152 992 4188 :
1041 4152 1060 4184 ι
1115 4133 1286 4189 Ποιηο
1330 4134 1398 4188 ad
1448 4131 1688 4188 laborem
1739 4134 1982 4189 nascitur

403 4219 543 4290 (Job.
577 4221 664 4292 v);
714 4222 1006 4293 Occupatio
1034 4237 1164 4294 ergo
1197 4237 1390 4292 magna
1411 4231 1594 4278 creata
1619 4232 1704 4279 est
1728 4223 1979 4280 omnibus

400 4315 736 4382 hominibus,
751 4317 875 4387 quia
896 4317 1258 4389 prot0plastus
1279 4317 1498 4371 humani
1524 4316 1735 4388 generis
1755 4330 1974 4386 parens,

400 4408 474 4462 ita
502 4424 532 4461 a
564 4406 672 4462 Deo
702 4407 948 4462 conditus
977 4417 1078 4474 est,
1106 4415 1164 4462 ut
1193 4406 1309 4462 utili
1337 4406 1634 4478 operationi
1676 4407 1972 4471 insisteret,

2099 3211 2228 3281 cipit
2257 3225 2571 3267 enumerare
2592 3227 2713 3283 qua:
2742 3213 2998 3270 mortales
3028 3215 3168 3270 mala
3208 3225 3432 3287 propter
3457 3228 3675 3288 peccata

2098 3319 2196 3359 sua
2225 3304 2550 3370 sustineant,
2580 3305 2682 3360 hoc
2710 3313 2812 3371 est,
2835 3305 3225 3363 sollicitudines
3251 3309 3430 3364 varias
3458 3311 3675 3374 mentis.

2096 3403 2154 3449 et
2177 3394 2400 3450 timores
2415 3395 2611 3459 cordis,
2643 3395 3050 3454 adinventiones
3079 3399 3306 3454 diversae
3323 3403 3673 3471 Operationis,

2095 3485 2293 3553 quibus
2321 3485 2375 3540 in
2407 3485 2594 3540 diebus
2629 3487 3050 3556 exspectationis
3099 3488 3260 3559 (quia
3309 3500 3540 3546 mortem
3584 3508 3677 3547 cx-

2095 3573 2382 3646 spectant)
2409 3573 2731 3645 aliiigantur,
2751 3585 2809 3632 et
2833 3578 2900 3631 ad
2929 3577 3174 3634 ultimum
3202 3581 3256 3634 in
3287 3581 3374 3636 die
3403 3581 3676 3638 definitio-

2095 3664 2180 3719 nis
2209 3664 2532 3720 sententiam
2561 3673 2767 3720 certam
2784 3667 2984 3734 judicis
3013 3682 3111 3738 pro
3144 3670 3352 3724 meritis
3391 3673 3508 3727 suis
3535 3674 3676 3728 acci-

2093 3755 2276 3824 piant;
2313 3764 2368 3810 et
2394 3755 2518 3826 quia
2548 3754 2728 3825 justus
2750 3757 2914 3828 judex
2944 3773 3229 3828 personam
3257 3759 3542 3830 cujuslibet
3568 3779 3676 3817 non

2093 3845 2309 3917 accipit,
2338 3847 2432 3902 sed
2456 3863 2647 3904 omnes
2682 3848 2977 3903 secundum
3005 3851 3309 3919 aequitatem
3353 3851 3542 3921 judieii
3589 3855 3675 3907 sui

2085 3936 2317 4007 judicat,
2342 3953 2574 4008 sequens
2603 3940 2866 3994 sententia
2889 3941 3096 4009 probat.

2165 4047 2184 4078 ι
2229 4028 2297 4081 Et
2325 4027 2627 4085 residentes
2656 4044 2819 4099 super
2854 4029 3034 4085 sedem
3065 4030 3373 4102 gloriosam,
3402 4048 3576 4102 usque
3605 4035 3673 4089 ad

2093 4137 2112 4171 ι
2157 4119 2497 4174 bumiliatum
2525 4119 2578 4174 in
2617 4129 2760 4175 terra
2803 4128 2859 4175 et
2895 4121 3114 4176 cinere:
3146 4123 3214 4177 ab
3248 4138 3314 4178 eo
3361 4123 3456 4193 qui
3504 4125 3674 4177 utitur

2093 4230 2110 4262 ι
2154 4211 2446 4282 hyacintho
2472 4221 2528 4267 et
2563 4221 2746 4283 portat
2769 4227 3048 4279 coronam,
3080 4229 3249 4284 usque
3291 4215 3360 4270 ad
3406 4231 3532 4270 eum
3576 4218 3670 4288 qui

2091 4319 2108 4351 ι
2155 4301 2462 4370 cooperitur
2503 4301 2612 4357 lino
2660 4303 2866 4368 crudo;
2922 4301 3101 4367 furor,
3149 4303 3325 4368 zelus,
3367 4305 3668 4371 tumultus,

2091 4409 2110 4441 ι
2149 4389 2444 4455 ﬂuctuatio,
2473 4399 2528 4446 et
2554 4393 2715 4447 timor
2749 4392 2961 4457 mortis,
2991 4392 3266 4448 iracundia
3286 4408 3666 4462 perseverans,

399 4499 496 4554 sed
524 4507 700 4553 tamen
738 4499 858 4552 sine
893 4497 1178 4552 aliiictioue
1206 4497 1383 4566 aliqua
1411 4505 1572 4566 atque
1597 4494 1800 4552 labore.
1825 4495 1978 4552 Unde

2101 4500 2106 4530 l
2149 4489 2203 4534 et
2231 4480 2523 4535 contentio.
2571 4500 2590 4532 ι
2621 4481 2763 4537 Deus
2794 4483 2936 4536 enim
2968 4495 3256 4550 personam
3297 4483 3535 4538 hominis
3557 4502 3667 4541 non

398 4590 452 4643 in
494 4588 689 4644 Genesi
740 4587 973 4658 legitur:
1006 4605 1024 4637 ι
1069 4584 1217 4639 Tulit
1251 4599 1379 4654 ergo
1406 4583 1665 4638 Dominus
1703 4583 1844 4638 Deus
1882 4583 1979 4638 bo-

397 4679 621 4745 minem,
647 4685 702 4732 et
749 4677 931 4746 posuit
977 4690 1098 4730 eum
1147 4675 1202 4728 in
1249 4673 1504 4744 paradiso
1556 4671 1869 4742 voluptatis,
1919 4681 1980 4726 ut

396 4780 716 4839 operaretur
736 4778 790 4824 ct
823 4769 1119 4824 custodiret
1151 4766 1298 4822 illum
1332 4763 1483 4838 (Gen.
1515 4761 1598 4836 ιι).
1634 4783 1653 4815 ι
1685 4763 1974 4832 Postquam

397 4872 577 4917 autem
614 4863 667 4916 in
708 4861 1173 4933 prmvaricationis
1199 4859 1408 4930 culpam
1435 4857 1661 4922 decidit,
1686 4871 1810 4910 mox
1831 4854 1978 4923 justo

396 4953 491 5008 Dei
524 4951 730 5021 judicio
769 4953 836 5007 de
880 4951 1135 5006 felicitate
1175 4948 1409 5021 paradisi
1456 4945 1687 5017 ejectus,
1736 4945 1788 4999 in
1839 4946 1977 4999 hanc

392 5042 695 5097 convallem
724 5039 1062 5096 miseriarum
1085 5040 1364 5096 devolutus
1392 5045 1492 5103 est,
1518 5036 1608 5091 ubi
1641 5037 1754 5106 ipse
1779 5043 1832 5089 et
1859 5049 1978 5104 pro-

395 5135 579 5206 genies
601 5133 718 5205 ejus
744 5133 982 5203 quotidie
1007 5149 1128 5188 cum
1161 5133 1344 5187 labore
1370 5145 1620 5200 operans,
1649 5129 1849 5182 laboris
1888 5127 1974 5181 sui

396 5226 631 5281 fructum
662 5223 754 5278 vix
783 5231 945 5291 atque
973 5221 1184 5276 dillicile
1231 5220 1522 5283 inveniret;
1568 5227 1625 5273 et
1670 5217 1882 5280 merito,
1915 5224 1976 5270 ut

393 5321 486 5393 qui
517 5319 689 5376 noluit
715 5325 1042 5388 praeceptum
1067 5331 1187 5370 cum
1223 5315 1474 5370 felicitate
1499 5328 1734 5374 servare,
1758 5326 1969 5382 pmuam

393 5409 771 5468 inobedientiaa
791 5405 951 5461 simul
975 5421 1095 5459 cum
1125 5405 1304 5458 labore
1333 5403 1645 5464 sustineret,
1673 5401 1882 5453 dicente
1904 5399 1971 5454 ad

387 5517 512 5557 eum
550 5501 825 5557 Domino:
871 5518 889 5549 ‹
929 5497 1204 5552 Maledicta
1258 5504 1400 5551 terra
1443 5495 1494 5549 in
1543 5509 1707 5564 opere
1755 5501 1846 5547 tuo
1878 5511 1888 5546 :
1915 5492 1968 5546 in

390 5592 672 5647 laboribus
689 5589 944 5646 comedes
983 5604 1049 5643 ex
1097 5602 1160 5641 ea
1199 5588 1405 5641 cunctis
1448 5587 1635 5641 diebus
1686 5584 1809 5637 vitae.
1844 5594 1963 5636 tum.

391 5684 584 5743 Sninas
607 5693 653 5736 et
689 5683 913 5736 tribulos
945 5679 1263 5749 germinabit
1293 5677 1421 5739 tibi,
1461 5685 1514 5730 et
1557 5675 1809 5730 comedes
1851 5673 1972 5726 ber-

2081 4572 2295 4642 accipit,
2323 4573 2578 4642 quoniam
2615 4572 2875 4629 Dominus
2896 4573 3077 4643 justus
3099 4574 3265 4651 judex
3299 4585 3412 4642 est,
3442 4585 3500 4632 et
3557 4595 3667 4634 non

2079 4671 2162 4717 est
2187 4663 2325 4733 apud
2350 4663 2495 4717 illum
2529 4663 2697 4735 gloria
2733 4680 2996 4734 personae,
3025 4680 3124 4720 nec
3153 4667 3349 4736 accipit
3373 4683 3667 4738 personam

2081 4753 2132 4806 in
2164 4768 2428 4822 paupere,
2459 4753 2552 4808 sed
2594 4755 2768 4809 reddit
2806 4753 3095 4824 unicuique
3150 4756 3450 4809 secundum
3497 4773 3666 4827 opera

2078 4858 2193 4898 sua.
2232 4843 2405 4898 Furor
2448 4843 2592 4898 enim
2639 4852 2695 4898 et
2733 4843 2910 4907 zelus,
2957 4844 3260 4900 ostenditur
3297 4845 3351 4899 in
3402 4845 3663 4912 vindicta,

2079 4935 2293 5005 quando
2320 4943 2634 5005 peccatores
2667 4951 2767 5006 pro
2809 4935 3020 4990 delictis
3044 4936 3155 4989 suis
3183 4936 3575 4991 cruciabuntur
3607 4938 3664 4990 in

2077 5041 2258 5095 paena,
2288 5025 2378 5080 ubi
2413 5025 2677 5079 tumultus
2705 5033 2790 5080 est
2829 5033 2885 5079 et
2915 5025 3211 5090 ﬂuctuatio,
3246 5025 3370 5096 quia
3419 5045 3436 5077 ι
3483 5025 3664 5080 nullus

2075 5118 2227 5181 ordo,
2256 5117 2350 5172 sed
2391 5125 2682 5187 perpetuus
2722 5117 2915 5171 horror
2951 5116 3021 5170 ibi
3053 5116 3317 5171 inhabitat
3347 5115 3492 5188 (Job.
3521 5117 3597 5186 ιι).
3638 5137 3656 5168 ι

2075 5210 2163 5263 ubi
2197 5210 2357 5264 timor
2390 5209 2581 5266 mortis
2616 5217 2718 5275 est,
2747 5218 2802 5263 et
2846 5208 3124 5265 iracundia
3181 5222 3563 5278 perseverans,
3602 5219 3668 5267 et.

2076 5297 2366 5351 contentio.
2402 5297 2540 5351 Vere
2577 5295 2649 5350 ibi
2680 5297 2839 5350 timor
2861 5304 2943 5349 est
2972 5294 3190 5357 mortis,
3218 5293 3307 5347 ubt
3337 5295 3668 5351 continuum

2075 5386 2382 5443 incendium
2408 5395 2492 5443 est
2521 5386 2779 5458 gebenna:
2806 5385 2979 5456 ignis;
3026 5384 3302 5439 iracundia
3344 5395 3668 5451 pera-verat

2075 5489 2129 5534 et
2176 5480 2472 5544 contentio,
2502 5469 2759 5548 quoniam
2808 5476 2950 5531 nulla
2999 5492 3099 5546 pax
3153 5475 3223 5529 ibi
3280 5486 3399 5543 est,
3430 5490 3484 5534 ct
3512 5479 3662 5533 nuila

2075 5575 2274 5630 doloris
2304 5573 2584 5643 mitigatio.
2623 5572 2790 5626 lsaias
2828 5571 3087 5640 propheta
3121 5568 3184 5619 de
3215 5573 3461 5636 reprobis
3491 5583 3540 5624 ct
3587 5571 3663 5624 d3

2075 5667 2334 5738 supplicio
2372 5664 2886 5735 tnancipatis,longe
2908 5669 3030 5713 ante
3058 5659 3310 5728 pnn'jxit,
3340 5679 3353 5717 ;
3392 5683 3408 5714 ι
3446 5663 3664 5715 Vcnms
