3926 6168
303 362 442 416 ΗΗΒ

1165 352 1516 411 COMMENT.
1559 352 1626 408 1N
1663 349 2276 409 ECCLESIASTICUM.
2316 380 2387 390 —
2423 348 2552 405 LIB.
2592 347 2684 404 1X.

3437 352 3459 408 Ξ
3474 354 3578 411 7.150

298 486 489 528 eorum
520 485 629 527 non
659 469 949 532 ntorietur,
980 475 1036 522 et
1092 466 1231 538 ignis
1286 479 1476 520 eorum
1518 479 1627 519 non
1681 465 1881 520 exstin-
1907 465 1960 524 Α
1985 463 2132 516 mino
2158 461 2433 516 cruciatus
2460 460 2644 525 vivat,
2675 457 2800 530 quia
2825 465 2883 514 et
2907 458 2974 512 ad
2997 457 3158 514 ﬁnem
3183 473 3280 530 per
3309 467 3576 518 tormenta

298 572 514 636 guctur,
549 583 568 616 ι
600 573 657 619 et
693 570 854 617 erunt
906 580 924 611 ι
975 572 1146 627 usque
1192 557 1258 612 ad
1307 557 1610 610 satietatem
1658 555 1883 610 visionis

298 657 448 712 omni
477 654 629 710 carni
658 652 792 724 (Isa.
825 651 994 716 vat).
1016 668 1036 701 ι
1073 648 1211 716 Quid
1242 647 1384 702 enim
1414 646 1728 701 horribilius
1753 645 1881 712 diei,

299 746 429 816 quid
458 744 683 814 cogitari
715 748 912 810 potest,
941 754 1102 809 quam
1127 738 1488 794 damnationis
1512 736 1738 791 vulnera
1759 752 1880 791 sus-

297 838 510 907 cipere,
556 841 611 886 et
668 831 884 886 dolores
927 829 1207 884 vulnerum
1252 842 1524 898 nunquam
1587 825 1773 881 ﬁnire!
1822 824 1881 879 In

297 925 462 995 hujus
495 924 618 978 vitae
646 919 927 976 tormentis
953 919 1113 974 timor
1148 918 1388 974 dolorem
1422 917 1603 980 habet,
1633 915 1786 971 dolor
1814 916 1881 970 ti-

295 1031 509 1072 morem
536 1028 643 1069 non
681 1012 870 1076 habet,
906 1009 1032 1080 quia
1062 1023 1398 1078 nequaquam
1441 1014 1677 1061 mentem
1707 1014 1884 1060 metus

294 1109 529 1170 cruciat,
556 1121 679 1162 cum
705 1103 816 1175 pati
851 1102 963 1173 jam
992 1100 1239 1170 'cmperit
1285 1098 1428 1168 quod
1472 1099 1762 1154 metuebat.
1802 1098 1886 1152 ln-

295 1199 440 1255 fcrni
468 1197 680 1269 ignibus
710 1193 922 1264 reprobi
954 1191 1156 1251 traditi,
1182 1196 1236 1244 et
1264 1190 1317 1244 in
1338 1189 1615 1259 suppliciis
1644 1188 1884 1243 dolorem

297 1289 565 1353 sentiunt,
591 1295 646 1342 et
677 1286 731 1340 in
761 1283 1037 1339 doloribus
1064 1279 1334 1351 angustia,
1378 1278 1628 1348 pulsante
1669 1292 1887 1348 semper

296 1394 520 1450 pavore,
547 1377 834 1440 feriuntur,
859 1371 1092 1444 utquod
1132 1371 1324 1425 timent
1373 1369 1626 1435 tolerent,
1668 1376 1724 1424 et
1769 1384 1887 1422 rur-

296 1488 422 1528 sum
451 1469 593 1541 quod
621 1468 852 1525 tolerant
875 1465 992 1522 sine
1018 1462 1320 1519 cessatione
1345 1462 1732 1532 pertimescant
1757 1477 1771 1514 :
1794 1458 1886 1514 hic

296 1565 515 1620 flamma
541 1578 660 1632 quae
691 1559 955 1624 sucendit,
984 1557 1250 1612 illuminat
1281 1573 1297 1610 :
1329 1555 1439 1610 illic
1472 1553 1612 1626 ignis
1641 1554 1735 1625 qui
1761 1567 1886 1608 cru-

297 1653 730 1719 ciat,ohscurat;
770 1649 858 1704 hic
879 1655 1055 1702 metus
1069 1646 1358 1711 amittitur,
1379 1659 1502 1700 cum
1531 1641 1751 1698 tolerari
1770 1640 1884 1710 jam

297 1742 532 1809 cor-perit
555 1739 696 1809 quod
724 1737 1012 1793 timebatur
1045 1754 1058 1791 :
1092 1735 1206 1791 illic
1255 1742 1311 1790 et
1355 1733 1510 1789 dolor
1554 1732 1798 1797 dilaniat,
1829 1739 1885 1785 et

299 1849 470 1905 pavor
498 1839 770 1902 angustat.

380 1959 398 1992 ι
439 1940 508 1994 Et
530 1941 584 1993 in
612 1947 854 2008 tempore
877 1932 1187 1990 refectionis
1215 1933 1270 1987 in
1292 1931 1714 1996 cubili,somnns
1741 1941 1887 1982 mor-

307 2047 326 2080 ε
366 2030 435 2083 tis
478 2028 728 2082 immutat
775 2023 1056 2080 scientiam
1099 2020 1216 2091 ejus
1255 2040 1268 2076 :
1303 2020 1574 2076 modicum
1630 2028 1887 2088 tanquam

308 2140 327 2170 ι
373 2117 510 2174 nihil
539 2119 591 2172 in
619 2116 823 2186 requie.
855 2134 875 2168 ι
913 2113 1148 2184 Tempus
1177 2111 1487 2168 refectionis
1524 2110 1656 2166 dicit
1676 2117 1889 2179 tempus

304 2206 781 2271 remunerationis,
832 2204 1048 2274 quando
1091 2219 1318 2274 corpore
1357 2201 1578 2258 condito
1624 2201 1679 2254 in
1728 2199 1888 2255 cubili

302 2299 560 2370 sepulcri,
577 2297 756 2352 anima
779 2295 909 2351 locis
930 2293 1232 2364 poenalibus
1251 2307 1352 2362 pro
1376 2289 1617 2362 peccatis
1639 2290 1752 2344 suis
1793 2288 1890 2342 de-

303 2397 546 2460 putatur.
588 2387 738 2442 Tunc
793 2399 1014 2440 somnus
1059 2383 1248 2438 mortis
1302 2382 1554 2437 immutat
1610 2380 1894 2436 scientiam

302 2481 446 2549 ejus,
479 2479 603 2548 quia
632 2477 786 2548 longe
809 2476 970 2530 aliter
999 2483 1126 2529 tunc
1168 2472 1335 2528 sentit
1383 2471 1449 2526 de
1494 2469 1706 2525 actibus
1757 2468 1892 2534 suis,

303 2588 469 2643 quam
498 2579 624 2626 ante
654 2571 707 2624 in
739 2570 840 2623 hac
872 2566 982 2622 vita
1008 2565 1307 2628 sentiebat;
1359 2562 1487 2632 quia
1533 2569 1663 2615 tunc
1711 2558 1895 2614 omnia

305 2661 817 2724 manifestabuntur,
843 2674 962 2728 quae
981 2657 1132 2728 prius
1159 2654 1376 2710 fuerunt
1400 2651 1643 2718 occulta;
1676 2660 1838 2721 atque
1863 2665 1896 2704 a

308 2754 560 2826 malignis
582 2753 860 2822 spiritibus
890 2751 940 2804 ei
976 2749 1029 2803 in
1061 2747 1378 2802 memoriam
1408 2746 1758 2808 reducuntur,
1777 2759 1899 2813 qua:

308 2852 400 2905 hic.
438 2848 849 2919 negligehantur
888 2853 980 2898 aut
1026 2841 1281 2898 oblivioni
1324 2838 1692 2894 tradebantur.
1744 2836 1899 2893 Tunc

307 2939 455 2994 enim
483 2936 734 3006 impletur
755 2935 900 3004 quod
927 2932 1180 2988 Salvator
1205 2929 1273 2985 ad
1303 2927 1638 2983 Hierusalem
1665 2925 1734 2981 de
1761 2926 1891 2981 sub-

308 3029 560 3086 versione
594 3026 768 3081 ﬁendo
797 3024 1117 3095 praedixerat
1145 3040 1156 3074 τ
1189 3019 1438 3084 Venient,
1477 3017 1674 3087 inquit,
1699 3014 1817 3072 dies
1843 3015 1897 3070 in

311 3132 384 3185 te,
410 3130 463 3175 et
495 3115 906 3175 circumdabuut
946 3123 998 3169 te
1026 3112 1262 3180 undique
1304 3110 1505 3165 inimici
1539 3108 1612 3162 tui
1642 3107 1818 3173 vallo,
1845 3114 1899 3162 et

310 3209 724 3267 circumdabunt
769 3213 853 3270 te,
890 3211 945 3259 et
988 3201 1421 3273 coangustabunt
1461 3207 1514 3254 te
1558 3199 1814 3276 undique,
1845 3204 1900 3252 ct

311 3303 380 3357 ad
421 3311 621 3357 terram
651 3301 998 3353 consternent
1023 3301 1095 3357 te,
1115 3301 1168 3348 et
1192 3291 1332 3346 ﬁlios
1353 3299 1475 3346 tuos
1496 3291 1586 3360 qui
1613 3290 1665 3344 in
1695 3299 1747 3345 te
1772 3297 1902 3345 sunt

313 3393 466 3463 (Luc.
491 3389 628 3461 xu).
679 3407 697 3440 ι
741 3385 956 3456 Maligni
996 3384 1192 3454 quippe
1233 3382 1455 3452 spiritus
1504 3381 1739 3450 undique
1783 3381 1901 3435 ani-

312 3500 458 3539 mam
489 3488 796 3553 angustant,
828 3475 1048 3548 quando
1077 3475 1124 3529 ei
1149 3488 1256 3527 non
1281 3471 1454 3527 solum
1475 3470 1678 3540 operis,
1708 3485 1899 3526 verum

311 3577 480 3633 etiam
506 3572 793 3630 locutionis
836 3577 997 3638 atque
1038 3567 1259 3634 insuper
1303 3561 1646 3634 cogitationis
1703 3561 1900 3631 iniqui-

313 3678 455 3725 tates
485 3666 766 3737 replieant,
791 3670 852 3716 ut
877 3676 997 3731 qua:
1021 3659 1172 3729 prius
1197 3672 1256 3711 se
1283 3654 1548 3727 permulta
1578 3653 1823 3709 dilatavit
1845 3653 1900 3706 in

311 3759 540 3820 scelere,
573 3756 640 3810 ad
669 3761 970 3808 extremum
999 3751 1066 3805 de
1094 3747 1348 3804 omnibus
1377 3753 1697 3814 angustetur
1719 3744 1773 3800 in
1807 3757 1898 3798 re-

315 3847 632 3904 tributione.
666 3844 816 3899 Tunc
838 3841 1015 3896 anima
1054 3854 1148 3910 per
1185 3835 1566 3907 cogitationem
1596 3842 1780 3888 reatus
1815 3831 1900 3887 sui

320 3943 384 3996 ad
410 3951 609 3995 terram
641 3933 1026 3995 consternitur,
1052 3945 1174 3985 cum
1197 3943 1349 3991 caro,
1373 3940 1536 3996 quam
1558 3924 1722 3978 vitam
1746 3937 1901 3978 suam

318 4030 572 4092 credidit,
604 4026 782 4080 redire
815 4023 883 4078 ad
909 4021 1185 4092 pulverem
1206 4026 1447 4089 urgetur.
1472 4015 1623 4070 Tunc
1646 4015 1700 4068 in
1729 4021 1905 4068 morte

323 4121 418 4175 ﬁlii
443 4120 585 4174 illius
607 4118 825 4180 cadunt,
841 4129 964 4170 cum
989 4111 1344 4182 cogitationes
1370 4107 1590 4170 illicitae,
1605 4117 1725 4175 quae
1746 4103 1904 4158 modo

321 4227 392 4266 ex
431 4211 520 4265 illa
548 4208 843 4280 prodeunt,
869 4205 923 4258 in
964 4211 1208 4258 extrema
1237 4200 1362 4255 vitae
1389 4197 1596 4252 ultione
1639 4194 1906 4263 dissipan-

321 4311 432 4356 tur.
466 4300 618 4354 Tunc
652 4296 919 4352 modicum
945 4303 1199 4363 tanquam
1219 4290 1353 4346 nihil
1373 4297 1458 4345 est
1477 4289 1530 4343 in
1556 4287 1764 4357 requie,
1779 4286 1904 4355 quia

316 4394 448 4448 licet
476 4405 602 4445 caro
622 4397 832 4444 mortua
870 4395 926 4441 et
956 4383 1283 4440 insensibilis
1309 4397 1341 4436 a
1377 4378 1650 4435 doloribus
1672 4377 1741 4432 ad
1765 4384 1904 4432 tem-

318 4501 422 4556 pus
453 4483 794 4553 requiescere
818 4479 1066 4534 videatur
1099 4476 1154 4531 in
1183 4483 1348 4538 terra,
1381 4472 1558 4527 anima
1594 4481 1774 4525 tamen
1821 4468 1902 4522 vi-

317 4589 458 4630 vens
483 4582 608 4628 ante
627 4571 814 4640 judicii
847 4570 988 4626 diem
1027 4566 1195 4623 sentit
1230 4564 1469 4620 dolorem
1490 4602 1506 4627 ,
1533 4570 1590 4617 et
1614 4561 1668 4616 in
1698 4561 1785 4615 die
1819 4574 1906 4614 re-

320 4664 680 4722 surrectionis
711 4663 881 4733 ipsum
906 4673 1104 4729 corpus
1129 4671 1230 4728 per
1249 4653 1389 4726 quod
1421 4651 1664 4723 peccavit
1684 4650 1904 4704 immor-

323 4757 434 4812 tale
459 4755 744 4825 recipiens,
763 4753 816 4805 in
839 4765 1025 4821 poenas
1046 4748 1191 4802 vivet
1211 4745 1588 4814 sempiternas.
1621 4739 1903 4796 Horrendo

324 4849 498 4918 igitur
527 4847 682 4900 modo
707 4845 810 4899 erit
837 4851 966 4896 tunc
999 4837 1243 4909 reprobis
1266 4835 1420 4891 dolor
1447 4849 1570 4890 cum
1594 4830 1900 4896 formidine,

324 4938 546 4992 flamma
573 4950 693 4988 eum
723 4931 1073 4994 obscuritate,
1103 4926 1148 4983 si
1178 4926 1258 4982 sic
1300 4923 1546 4980 videlicet
1571 4936 1601 4975 a
1635 4920 1906 4975 damnatis

325 5030 521 5086 sentiri
550 5028 756 5097 pondus
794 5037 1017 5080 summa:
1058 5018 1328 5090 aequitatis
1372 5016 1550 5070 debet.
1594 5012 1664 5069 Ut
1703 5012 1827 5082 quia
1875 5026 1907 5065 a

325 5124 605 5178 voluntate
639 5117 933 5175 conditoris
971 5125 1310 5183 nequaquam
1356 5119 1483 5164 sunt
1509 5104 1668 5160 veriti
1706 5104 1910 5159 discre-

327 5230 464 5285 pare
512 5213 637 5267 dum
686 5211 950 5269 viverent,
1003 5205 1058 5258 in
1104 5215 1292 5258 eorum
1341 5198 1661 5268 quandoque
1685 5194 1909 5249 interitu

328 5307 448 5373 ipsa
477 5319 507 5357 a
534 5300 648 5357 suis
671 5297 1019 5370 qualitatibus
1057 5293 1216 5347 etiam
1257 5297 1526 5346 tormenta
1570 5285 1906 5347 discordem,

330 5405 602 5467 quatenus
624 5408 732 5463 quo
772 5405 831 5445 se
879 5389 1188 5458 impugnent
1243 5381 1514 5437 cruciatus
1566 5385 1826 5448 augeant,
1854 5382 1913 5431 et

331 5466 457 5542 eum
486 5483 637 5538 varie
682 5480 975 5552 prodeant,
1007 5472 1373 5543 multipliciter
1411 5468 1713 5525 sentiantur
1742 5485 1755 5520 :
1785 5466 1910 5538 quia

335 5576 529 5631 inferni
547 5575 802 5646 supplicia
826 5574 881 5629 in
899 5588 959 5628 se
980 5571 1252 5626 demersos
1276 5574 1331 5620 et
1349 5563 1490 5618 ultra
1511 5563 1653 5616 vires
1667 5560 1912 5616 cruciant

335 5678 391 5719 et
412 5667 464 5720 iu
495 5667 574 5720 eis
600 5667 718 5719 vita:
739 5663 1031 5717 Sll‘ilSidilllll
1053 5659 1455 5727 exstinguentcs
1481 5659 1721 5714 servant,
1749 5659 1808 5704 ut
1833 5651 1912 5705 sic

338 5756 504 5810 Vitam
546 5756 806 5809 terminus
832 5753 1050 5824 puniat,
1080 5757 1344 5819 quatenus
1386 5759 1600 5814 semper
1639 5742 1756 5797 sine
1800 5751 1908 5796 ter-

1925 3158 1970 3220 C

1930 4497 1982 4556 D

1989 561 2264 624 properat,
2283 563 2346 625 et
2374 552 2491 606 sine
2523 552 2627 606 ﬁne
2653 551 2911 606 deﬁciens
2938 551 3116 604 durat.
3146 550 3343 607 Inferni
3373 555 3576 624 suppli-

1986 643 2088 697 ciis
2116 641 2493 711 peccatoribus
2516 641 2731 704 deditis,
2755 641 2814 695 ﬁt
2840 641 3054 696 miseris
3077 657 3222 696 mors
3243 643 3359 697 sine
3383 655 3576 709 morte,

1989 727 2113 784 ﬁnis
2133 730 2249 784 sine
2279 730 2406 794 ﬁne,
2429 727 2714 785 defunctus
2743 731 2860 785 sine
2890 730 3165 794 dcfunctu,
3189 733 3313 800 quia
3346 742 3401 787 et
3433 750 3581 788 mors

1988 823 2142 888 vivit,
2192 833 2247 878 et
2290 823 2414 878 ﬁnis
2459 839 2674 893 semper
2722 823 2932 892 incipit,
2963 831 3018 878 et
3066 823 3298 878 deﬁcere
3334 824 3578 879 defectus

1987 913 2196 977 nescit,
2238 920 2294 968 et
2340 928 2486 968 mors
2523 913 2758 984 perimit,
2797 921 2851 966 et
2890 929 2995 966 non
3044 913 3367 982 exstinguit;
3428 914 3580 968 dolor

1990 1002 2216 1066 cruciat,
2242 1003 2334 1057 sed
2364 1002 2671 1058 nullatenus
2694 1018 2947 1073 pavorem
2977 1001 3157 1070 fugat;
3191 1002 3405 1056 ﬁamma
3430 1019 3580 1058 com-

1989 1092 2157 1158 burit,
2193 1094 2285 1148 sed
2317 1109 2666 1165 nequaquam
2717 1096 2969 1150 tenebras
3027 1096 3264 1161 decutit;
3320 1107 3578 1165 quantum

1988 1195 2087 1250 per
2121 1181 2370 1237 notitiam
2398 1184 2686 1252 praesentis
2710 1185 2835 1238 vita:
2871 1185 3170 1255 colligitur,
3203 1187 3461 1256 supplicia
3487 1202 3578 1240 or-

1989 1277 2171 1332 dinem
2204 1292 2310 1332 non
2336 1277 2561 1344 habent,
2599 1279 2726 1348 quia
2759 1295 2864 1334 non
2895 1295 3046 1334 suam
3077 1297 3176 1350 per
3213 1281 3391 1336 omnia
3441 1297 3578 1352 qua-

1989 1369 2193 1426 litatem
2225 1379 2430 1426 tenent.
2459 1371 2720 1439 Quamvis
2751 1372 2860 1426 illic
2888 1373 3028 1441 ignis
3053 1381 3108 1428 et
3153 1374 3220 1427 ad
3255 1373 3582 1428 consolatio-

1989 1477 2114 1516 nem
2157 1477 2263 1517 non
2290 1462 2454 1528 lucet,
2488 1471 2665 1517 tamen
2695 1470 2754 1517 ut
2783 1464 2954 1533 magis
2985 1471 3252 1532 torqueat,
3281 1465 3347 1517 ad
3375 1464 3579 1533 aliquid

1989 1549 2152 1617 lucet,
2183 1566 2443 1619 sequaces
2469 1567 2682 1622 quoque
2712 1567 2839 1607 suos
2869 1567 3050 1607 secum
3084 1551 3138 1604 in
3173 1551 3455 1606 tormentis
3497 1567 3582 1604 re-

1989 1640 2143 1710 probi
2170 1639 2386 1696 ﬁamma
2421 1642 2727 1698 illustrante
2751 1643 2920 1697 visuri
2949 1652 3107 1709 sunt,
3137 1658 3366 1714 quorum
3393 1657 3578 1698 amore

1990 1731 2366 1800 deliquerunt;
2397 1743 2665 1802 quatenus
2709 1734 2801 1802 qui
2843 1749 3030 1788 eorum
3077 1735 3245 1788 vitam
3293 1733 3582 1789 carnaliter
3619 1734 3639 1756 '

1914 1815 1963 1875 Β
1989 1831 2178 1877 contra
2201 1831 2467 1892 prtecepta
2491 1821 2791 1878 conditoris
2819 1833 3151 1887 amaverunt,
3177 1825 3413 1894 ipsorum
3440 1840 3576 1892 quo-

1987 1929 2093 1985 que
2118 1929 2213 1969 eos
2259 1914 2514 1970 interitus
2562 1914 2614 1968 in
2661 1922 3007 1985 augmentum
3058 1929 3169 1968 sum.
3219 1915 3584 1970 damnationis

1988 2003 2207 2074 aﬁligat.
2243 2003 2395 2071 Quod
2447 2014 2504 2060 et
2547 2005 2839 2076 Evangelia
2889 2012 3126 2060 testante
3172 2005 3492 2075 colligimus,
3526 2006 3578 2059 in

1989 2109 2114 2164 quo,
2149 2093 2394 2150 Veritate
2418 2095 2722 2160 nuntiante,
2754 2095 2905 2150 dives
2933 2095 3045 2159 ille,
3070 2111 3228 2164 quem
3258 2096 3483 2166 contigit
3506 2095 3574 2148 ad

1989 2186 2180 2240 aeterni
2209 2186 2438 2240 incendii
2484 2194 2754 2241 tormenta
2805 2186 3154 2246 descendere,
3188 2187 3424 2255 quinque
3468 2187 3582 2240 fra-

1993 2290 2137 2337 trum
2167 2281 2478 2336 meminisse
2508 2280 2855 2344 describitur,
2884 2278 2976 2348 qui
3015 2279 3288 2333 Abraham
3331 2280 3493 2348 petit,
3521 2288 3580 2334 ut

1992 2375 2060 2429 ad
2083 2387 2271 2429 eorum
2313 2371 2673 2427 eruditionem
2711 2370 2977 2425 Lazarum
3024 2362 3286 2435 mitteret,
3341 2386 3410 2426 ne
3454 2371 3585 2426 illuc

1992 2481 2086 2522 eos
2112 2465 2436 2535 quandoque
2464 2464 2744 2518 venientes
2778 2478 2879 2532 par
2911 2477 3071 2532 poena
3116 2464 3386 2519 cruciaret
3427 2463 3580 2534 (Luc.

1994 2558 2128 2629 xw).
2167 2556 2267 2623 Qui
2305 2556 2468 2626 igitur
2506 2555 2573 2610 ad
2599 2554 2800 2610 doloris
2831 2554 2914 2610 sui
2940 2555 3214 2610 cumulum
3244 2555 3579 2625 propinquo-

1995 2664 2117 2703 rum
2143 2647 2451 2702 absentium
2477 2647 2751 2711 meminit,
2775 2654 2990 2701 constat
3019 2646 3207 2716 procul
3253 2646 3416 2702 dubio
3455 2646 3587 2716 quia

1995 2739 2063 2794 ad
2087 2744 2436 2810 augmentum
2453 2736 2700 2806 supplicii
2729 2735 2889 2806 paulo
2919 2743 3041 2805 post
3063 2736 3239 2805 potuit
3259 2735 3424 2790 etiam
3449 2751 3590 2806 prte—

1997 2835 2180 2882 sentes
2209 2826 2428 2890 videre;
2479 2833 2534 2881 et
2563 2826 2679 2880 hazc
2718 2825 2859 2880 unde
2910 2825 3264 2893 peccantibus
3316 2823 3443 2879 talia
3487 2838 3590 2879 ve-

1996 2918 2151 2972 niant
2180 2915 2582 2980 manifestatur,
2612 2931 2733 2970 cum
2760 2914 3010 2969 subditur
3042 2932 3054 2968 :

2071 3026 2092 3059 ι
2135 3007 2204 3062 Et
2227 3007 2296 3062 ab
2319 3007 2461 3062 eoin
2483 3007 2689 3062 somnis
2707 3006 2859 3075 quasi
2890 3005 2943 3059 in
2974 3006 3060 3059 die
3090 3013 3374 3075 respectus
3404 3022 3418 3059 :
3449 3020 3588 3060 con-

2005 3118 2024 3151 ι
2071 3097 2319 3154 turbatus
2346 3106 2431 3152 est
2457 3097 2510 3151 in
2537 3097 2656 3150 visu
2683 3095 2863 3150 cordis
2895 3095 2999 3161 sui,
3033 3103 3288 3164 tanquam
3321 3095 3414 3165 qui
3463 3109 3594 3148 eva-

2007 3211 2027 3246 t
2069 3193 2203 3248 serit
2231 3193 2285 3247 in
2315 3193 2403 3246 die
2442 3191 2590 3246 belli.
2617 3190 2674 3244 In
2723 3197 2967 3260 tempore
3010 3189 3200 3244 salutis
3247 3204 3360 3244 sua:
3397 3203 3592 3244 exsur-

2007 3303 2027 3336 ‹
2071 3282 2232 3348 rexit,
2257 3290 2314 3337 et
2341 3281 2616 3336 admirans
2642 3280 2710 3334 ad
2737 3279 2940 3334 nullum
2963 3281 3219 3334 timorem
3238 3319 3254 3345 ,
3285 3295 3408 3335 cum
3440 3279 3592 3334 omni

2008 3389 2028 3424 ι
2073 3386 2238 3426 carne
2260 3372 2329 3425 ab
2357 3371 2575 3426 homine
2609 3384 2779 3440 usque
2810 3369 2878 3424 ad
2908 3384 3095 3440 pecus.
3122 3369 3188 3423 Et
3209 3385 3374 3440 super
3395 3384 3592 3440 pecca-

2009 3479 2028 3513 ι
2074 3471 2223 3517 tores
2247 3461 2576 3532 septuplum.
2626 3479 2646 3512 ι
2677 3459 2804 3516 ldeo
2827 3459 2973 3516 enim
3019 3459 3148 3515 mali
3203 3459 3596 3516 cruciahuntur

2003 3551 2057 3606 in
2087 3567 2248 3622 poena
2294 3551 2576 3622 gehennae,
2605 3549 2731 3618 quia
2760 3548 2814 3602 in
2852 3556 3093 3617 tempore
3123 3549 3224 3604 sibi
3254 3548 3461 3604 indulto
3483 3564 3591 3602 non

2002 3644 2390 3716 praevidebant,
2420 3651 2482 3697 ut
2522 3655 2749 3711 peccare
2787 3639 3117 3703 desinerent,
3149 3646 3206 3692 et
3231 3638 3388 3694 bon's
3415 3638 3596 3708 Operi-

2002 3733 2105 3788 bus
2135 3732 2486 3795 insisterent;
2513 3728 2923 3784 aestimaverunt
2938 3727 3085 3782 enim
3127 3741 3224 3796 per
3257 3726 3593 3796 prosperita-

2006 3830 2114 3878 tem
2137 3820 2346 3885 mundi,
2379 3818 2533 3889 quasi
2564 3833 2664 3888 per
2692 3831 2940 3872 somnum
2972 3814 3176 3880 delusi,
3205 3815 3347 3886 quod
3383 3823 3592 3885 tempus

2002 3912 2153 3981 pacis
2181 3917 2348 3974 esset,
2374 3916 2430 3963 et
2455 3923 2563 3963 non
2602 3908 2722 3962 dies
2758 3906 2919 3971 belli,
2950 3921 3073 3961 cum
3119 3906 3186 3960 ad
3238 3906 3340 3960 hoc
3385 3913 3591 3959 tantum

2004 4002 2239 4073 spatium
2279 3997 2588 4069 temporalis
2623 3998 2750 4051 vita“:
2779 3996 2983 4052 homini
3016 3995 3374 4057 concedatur,
3409 4003 3467 4048 ut
3494 4011 3599 4064 per

2003 4095 2204 4150 bonum
2254 4089 2533 4147 bertamen
2597 4087 2880 4158 pervenire
2927 4087 3146 4142 festinet
3191 4087 3259 4142 ad
3308 4087 3588 4158 praemium

2003 4188 2129 4242 vita:
2154 4193 2392 4241 atteram.
2421 4183 2482 4237 In
2526 4190 2768 4252 tempore
2789 4195 2919 4252 ergo
2947 4180 3137 4235 salutis
3184 4195 3317 4243 suae,
3365 4180 3430 4232 de
3484 4193 3592 4247 quo

2005 4275 2202 4330 Paulus
2229 4275 2346 4328 ait:
2383 4291 2402 4324 ς
2444 4273 2584 4328 Ecce
2609 4287 2754 4326 nunc
2804 4279 3019 4340 tempus
3071 4270 3434 4340 acccptahile,
3462 4284 3596 4324 ecce

2007 4381 2152 4422 nunc
2177 4365 2294 4421 dies
2316 4364 2525 4428 salutis,
2552 4361 2861 4418 exsurrexit
2887 4360 2973 4434 (ΙΙ
3006 4361 3130 4415 Cor.
3164 4360 3262 4432 vi),
3305 4381 3324 4412 ι
3342 4362 3461 4416 ‘hoc
3486 4369 3592 4426 est,

2007 4474 2114 4514 non
2135 4459 2202 4512 ad
2223 4459 2364 4513 bene
2388 4455 2719 4527 operandum
2750 4468 2810 4509 se
2830 4453 3048 4517 levavit,
3073 4453 3166 4508 sed
3203 4453 3257 4507 in
3283 4452 3594 4522 superbiam

2007 4565 2067 4604 se
2094 4547 2288 4614 erexit,
2314 4555 2375 4601 ut
2403 4545 2698 4617 cupiditate
2725 4552 3064 4599 terrenarum
3105 4557 3287 4597 rerum
3335 4549 3593 4605 atstuans,

2008 4641 2124 4696 sine
2154 4639 2264 4694 ullo
2295 4639 2489 4693 timore
2511 4637 2608 4692 Dei
2636 4644 2825 4692 contra
2847 4649 3065 4690 omnem
3099 4633 3467 4689 conditionem
3499 4632 3596 4686 lto-

2007 4732 2218 4788 minum
2257 4729 2596 4800 confligeret,
2627 4728 2837 4785 scilicet
2856 4737 3046 4784 contra
3072 4727 3280 4783 nobiles
3308 4735 3363 4782 et
3387 4724 3597 4797 ignobi-

2008 4824 2108 4891 les,
2132 4831 2321 4878 contra
2344 4822 2587 4877 inﬁrmos
2601 4828 2655 4875 et
2674 4826 2940 4891 potentes,
2954 4827 3142 4875 contra
3167 4817 3360 4874 divites
3380 4825 3436 4870 et
3458 4830 3595 4885 pau-

2007 4930 2187 4986 peres,
2216 4920 2406 4968 contra
2438 4912 2584 4966 viros
2609 4920 2666 4965 et
2697 4909 2949 4975 feminas,
2977 4917 3039 4964 ut
3076 4909 3192 4964 sive
3237 4923 3334 4978 per
3376 4906 3596 4974 dolum,

2013 5006 2127 5062 sive
2161 5019 2258 5075 per
2285 5002 2595 5058 violentiam
2632 5015 2967 5072 quaecunque
3014 5008 3226 5071 posset,
3270 4999 3341 5054 ab
3376 4998 3458 5055 eis
3499 5013 3598 5057 au-

2014 5095 2181 5151 ferret
2201 5093 2411 5164 sibiqne
2434 5092 2753 5148 vindicaret.
2782 5090 2936 5148 Unde
2966 5107 3130 5162 super
3155 5090 3336 5146 taliter
3363 5103 3598 5161 peccan-

2015 5194 2097 5241 tes
2121 5184 2384 5254 septupla,
2409 5183 2514 5239 hoc
2539 5191 2655 5248 est,
2692 5183 2851 5253 plena
2892 5191 2948 5238 et
2983 5182 3224 5253 perfecta
3258 5183 3439 5238 veniet
3476 5181 3598 5236 vin-

2016 5276 2190 5341 dicta,
2212 5283 2274 5330 ut
2300 5275 2390 5344 qui
2419 5283 2661 5345 tempore
2689 5274 2810 5329 vita:
2849 5275 3183 5344 comoralis,
3223 5273 3366 5344 quod
3414 5278 3595 5341 septe-

2016 5368 2170 5422 nario
2202 5368 2410 5422 dierum
2438 5381 2664 5422 numero
2699 5367 2978 5432 discurrit,
3006 5381 3232 5436 peccare
3280 5378 3385 5418 non
3419 5375 3598 5416 cessa-

2014 5464 2240 5523 verunt,
2269 5458 2384 5513 sine
2412 5455 2520 5512 ullo
2548 5456 2654 5510 ﬁne
2683 5466 2739 5512 et
2782 5456 2987 5524 absque
3021 5454 3128 5508 ulla
3161 5450 3345 5520 requie
3379 5449 3437 5503 in
3486 5457 3598 5502 tor-

2014 5551 2215 5607 mentis
2244 5551 2576 5606 crucientur.
2605 5549 2757 5604 Unde
2775 5555 2833 5602 et
2859 5544 3198 5613 subjungitnr
3223 5559 3236 5594 :

2090 5665 2112 5700 ι
2156 5645 2238 5700 Ad
2265 5645 2382 5700 haac
2404 5658 2576 5708 mors,
2599 5641 2835 5712 sanguis,
2853 5635 3127 5692 contentio
3160 5640 3216 5688 et
3256 5629 3596 5695 rhomphtea,

2019 5756 2039 5790 ι
2084 5735 2483 5808 oppressiones,
2506 5731 2695 5795 fames,
2722 5738 2778 5784 et
2813 5721 3098 5788 contritio,
3125 5728 3180 5776 et
3224 5717 3434 5790 flagella
3462 5736 3480 5772 :
3507 5729 3599 5774 su.
