3902 6162
187 343 320 400 lilii?)

1048 337 1400 394 COMMENT.
1443 338 1508 392 IN
1549 338 2162 397 ECCLESMSTICUM.
2205 368 2274 379 —
2316 337 2450 394 LIB.
2499 335 2593 392 lx.

3315 343 3452 398 ιοδι

177 465 289 510 tua.
326 450 461 504 iluic
493 445 668 503 simile
697 455 775 501 est
825 446 976 511 illud,
1016 447 1158 515 quod
1203 448 1255 501 in
1301 448 1608 503 Proverbiis
1635 448 1767 503 diei-
1794 453 1843 512 Α
1871 452 2093 522 spiritus
2123 451 2176 505 in
2200 451 2452 506 cordibus
2480 451 2678 504 nostris
2708 451 2793 522 (ll
2820 451 2943 507 Cor.
2988 454 3052 525 ι).
3090 472 3111 508 ι
3141 453 3208 510 Et
3237 467 3451 520 aposto-

175 555 302 600 tur:
341 562 360 594 (
389 540 570 595 Dulcis
596 548 681 594 est
716 555 938 594 somnus
970 541 1236 607 operanti,
1270 542 1381 595 sive
1424 558 1612 611 parum
1648 542 1763 596 sive

170 635 403 690 multum
438 630 727 686 manducet
763 629 932 687 (Eccl.
966 634 1040 700 v).
1078 651 1097 682 ι
1139 631 1178 684 Ε
1227 633 1502 687 contrario
1543 647 1669 688 vero
1695 634 1764 688 de

171 725 364 779 otiosis
401 723 662 790 scriptum
690 729 772 774 est
803 737 818 773 :
857 737 874 770 ι
916 720 1189 774 Desideria
1222 722 1475 775 occidunt
1505 721 1758 790 pigrum:

171 814 464 870 noluerunt
491 813 636 866 enim
663 811 956 880 quidquam
986 826 1178 865 manus
1203 810 1321 880 ejus
1345 813 1558 881 operari
1576 811 1757 883 (Prov.

168 905 313 977 nt).
329 925 346 956 υ
365 904 434 959 Et
448 904 577 958 item
599 921 612 956 :
636 921 654 952 (
677 900 865 957 Omnis
876 901 1030 972 piger
1049 917 1263 971 semper
1277 902 1331 956 in
1346 911 1585 971 egestate
1599 904 1721 958 erit.
1735 923 1754 954 ι

252 1011 272 1047 ι
303 993 425 1059 Fili,
458 992 746 1048 aadiiicatio
776 992 1008 1046 civitatis
1037 990 1378 1047 conﬁrmabit
1423 1007 1616 1048 nomen
1644 1012 1658 1048 :
1705 980 1763 1050 et

174 1101 197 1136 ι
236 1099 402 1155 super
452 1084 569 1138 haec
620 1082 816 1136 mulier
869 1082 1216 1137 immaculata
1279 1084 1696 1154 computabitur.
1735 1103 1755 1136 ι

165 1173 515 1232 Constructio
540 1173 738 1242 quippe
787 1172 1051 1227 bonorum
1085 1185 1305 1241 operum
1349 1173 1633 1228 contirmat
1659 1189 1758 1228 no-

166 1281 296 1320 meu
324 1264 712 1328 Christianum,
744 1265 870 1333 quia
895 1263 984 1318 ille
1010 1278 1137 1318 vere
1161 1263 1531 1319 Christianum
1559 1280 1618 1320 se
1638 1280 1761 1320 esse

162 1355 386 1426 probat,
414 1354 507 1426 qui
550 1353 752 1409 Christi
782 1354 1035 1408 mandata
1065 1362 1213 1408 recte
1234 1353 1505 1408 credendo
1531 1363 1588 1409 et
1624 1354 1760 1410 bene

163 1448 447 1517 operando
473 1457 688 1514 servat;
731 1456 785 1502 et
822 1461 985 1516 super
1025 1447 1142 1502 btec
1172 1447 1364 1502 mulier
1393 1447 1756 1514 immaculata,

162 1538 276 1594 hoc
302 1539 628 1611 esttanima
677 1539 901 1602 munda,
934 1546 1119 1593 sancta
1163 1546 1219 1592 et
1246 1538 1587 1606 coinquinata
1618 1555 1760 1594 cout-

160 1638 417 1700 putatur.
459 1629 798 1698 Prtecipuum
831 1643 959 1699 ergo
1006 1637 1060 1682 et
1103 1643 1412 1697 supremum
1462 1629 1514 1683 in
1553 1630 1760 1686 meritis

158 1725 468 1777 electorum
497 1721 778 1790 virginitas
803 1721 966 1774 habet
1007 1721 1308 1789 prmmium,
1336 1736 1455 1790 qua:
1476 1731 1530 1774 et
1552 1722 1760 1792 angelis

157 1833 194 1866 εν
215 1816 409 1867 «Eatur
431 1813 483 1867 in
505 1813 678 1878 caelis,
702 1821 758 1867 et
781 1828 976 1883 agnum
1007 1814 1253 1883 sequitur
1272 1829 1590 1883 quocunque
1610 1814 1749 1869 ierit.
1783 1799 1828 1858 Β

247 1926 258 1949 ι
304 1905 496 1958 Vinum
530 1913 584 1958 et
613 1904 816 1958 musica
848 1903 1122 1958 lmtilicant
1158 1918 1274 1968 cor,
1308 1913 1363 1957 et
1413 1917 1574 1974 super
1602 1912 1755 1958 utra-

162 2013 178 2042 ε
228 2012 336 2063 «me
363 1996 578 2051 dilectio
607 1996 901 2064 sapientiae.
937 1995 1088 2050 Tibia
1114 2003 1169 2050 et
1196 1995 1509 2064 psalterium
1535 2011 1755 2051 suavem

164 2105 184 2135 ι
228 2086 434 2139 faciunt
485 2086 804 2151 melodiam,
853 2093 906 2140 et
937 2101 1098 2155 super
1134 2095 1362 2154 utraque
1416 2085 1594 2156 lingua
1635 2101 1760 2140 sua-

167 2195 187 2224 ι
224 2175 327 2228 vis.
360 2194 378 2226 ι
410 2175 602 2231 Vinum
623 2184 678 2230 et
706 2190 797 2229 ars
823 2176 1025 2229 musica
1056 2190 1177 2228 cum
1227 2175 1606 2240 instrumentis
1645 2176 1760 2231 suis

159 2282 269 2338 per
299 2267 446 2323 vocis
489 2269 839 2324 seueritatem
873 2266 1190 2321 naturaliter
1231 2266 1537 2322 demulcent
1565 2275 1620 2322 et
1646 2281 1762 2321 mo-

177 2367 317 2412 vent
342 2358 634 2412 humanum
663 2359 936 2423 animum;
963 2356 1056 2411 sed
1103 2355 1318 2412 dilectio
1362 2357 1639 2427 sapientiae
1659 2395 1675 2418 ,
1706 2365 1762 2412 et

162 2443 358 2518 lingua
390 2447 631 2502 suaviter
658 2446 857 2502 docens
886 2445 1053 2500 multo
1093 2445 1212 2514 plus
1259 2445 1531 2500 confortat
1583 2445 1760 2501 cordis

164 2538 526 2594 intellectum.
556 2538 768 2594 Aliter:
803 2537 1121 2609 Evangeliea
1164 2537 1409 2593 doctrina
1462 2545 1518 2592 et
1570 2550 1762 2592 sensus

165 2629 440 2702 spiritalis
460 2629 632 2686 multo
659 2630 849 2686 melior
874 2637 958 2685 est
983 2627 1303 2684 austeritate
1332 2627 1488 2698 legali
1511 2635 1568 2682 et
1593 2627 1763 2683 histo-

163 2722 291 2777 rica
323 2721 613 2777 traditione
640 2720 848 2776 Veteris
871 2719 1201 2774 Testamenti
1221 2758 1236 2784 ,
1261 2732 1422 2789 quam
1444 2715 1614 2772 Judaei
1645 2731 1764 2771 car-

166 2811 375 2868 naliter
402 2810 700 2867 sentientes
726 2810 898 2866 secuti
925 2817 1067 2865 sunt.
1102 2808 1268 2864 Unde
1304 2808 1434 2862 dicit
1461 2822 1657 2877 sponsa
1710 2807 1763 2860 in

166 2902 404 2959 Cantica
454 2903 791 2959 canticorum
843 2902 911 2958 de
963 2915 1210 2971 sponso:
1265 2918 1284 2952 ι
1340 2899 1622 2957 Osculetur
1677 2913 1764 2953 me

167 2993 381 3050 osculis
409 2994 521 3050 oris
545 2994 652 3059 sui,
679 2994 804 3063 quia
834 2980 1058 3048 meliora
1101 3001 1227 3047 sunt
1253 2993 1422 3047 ubera
1450 2999 1540 3046 tua
1596 2990 1720 3045 vino
1747 3007 1760 3044 :

166 3083 476 3154 fragrantia
540 3083 828 3152 unguentis
882 3082 1100 3152 optimis
1138 3080 1324 3142 (Cant.
1363 3080 1436 3151 ι).
1491 3099 1510 3133 ι
1567 3079 1763 3134 Vinum

1865 542 1947 598 lus
1973 541 2206 598 Joannes
2233 560 2246 595 :
2286 560 2303 592 ι
2334 541 2402 595 Et
2425 557 2522 595 vos
2555 542 2893 604 unctionem,
2955 558 3115 612 quam
3161 549 3449 616 accepistis

1863 633 1930 686 ab
1956 647 2040 696 eo,
2074 632 2125 685 in
2161 630 2311 686 vobis
2337 639 2552 684 maneat
2579 671 2592 691 ,
2637 638 2690 683 et
2742 647 2846 684 non
2877 647 3095 687 necesse
3132 635 3342 690 habetis
3394 649 3451 693 ut

1863 724 2059 792 aliquis
2085 723 2274 777 doceat
2292 738 2406 777 vos.
2446 743 2464 775 ι
2498 721 2603 776 Sed
2629 723 2768 776 sicut
2819 725 3000 778 unctio
3027 726 3143 796 ejus
3170 729 3327 782 docet
3353 746 3444 784 vos

1862 813 1927 868 de
1955 813 2225 877 omnibus,
2256 814 2382 868 item
2427 815 2713 883 unguentis
2753 814 2998 886 fragrant
3025 819 3242 886 optimis
3263 861 3278 884 ,
3322 839 3445 875 cum

1861 905 2169 976 opinionem
2199 906 2354 960 bona),
2395 922 2506 962 sum
2531 906 2862 976 operationis
2910 908 2994 962 vel
3048 911 3451 979 praedicationis

1860 996 2017 1068 longe
2059 997 2273 1068 lateque
2308 999 2655 1069 profundunt.
2703 999 2856 1054 Sicut
2909 1002 3007 1070 ipsi
3057 1002 3207 1056 aiunt
3238 1021 3249 1055 :
3285 1023 3303 1054 ‹
3334 1005 3446 1058 Deo

1859 1099 2038 1142 autem
2072 1090 2296 1160 gratias,
2322 1090 2413 1160 qui
2440 1105 2650 1159 semper
2680 1091 2976 1160 triumphat
3024 1108 3122 1148 nos
3144 1093 3197 1147 in
3227 1091 3444 1148 Christo

1858 1175 2006 1240 Jesu,
2037 1186 2092 1232 et
2123 1179 2342 1234 odorem
2372 1180 2574 1235 notitiae
2618 1195 2728 1234 suae
2759 1181 3072 1236 manifestat
3122 1198 3220 1252 per
3267 1198 3366 1239 nos
3396 1183 3449 1237 in

1857 1269 2005 1322 omni
2028 1267 2146 1323 loco
2185 1267 2274 1340 (11
2301 1265 2423 1323 Cor.
2457 1271 2539 1339 ιι).
2579 1289 2597 1322 ι
2653 1269 2734 1324 Ad
2786 1267 2888 1324 hoc
2934 1279 3113 1325 autem
3152 1271 3449 1342 respiciunt

1859 1358 1947 1414 illa
1977 1373 2098 1428 qua:
2132 1359 2185 1412 in
2208 1359 2397 1414 eodem
2420 1359 2654 1429 capitulo
2681 1360 3102 1429 subsequuntur.

1937 1467 1955 1500 ι
1982 1448 2224 1504 Gratiam
2258 1457 2312 1503 et
2338 1449 2571 1518 speciem
2599 1449 2927 1504 desiderabit
2960 1451 3148 1506 oculus
3189 1458 3346 1516 tuus,
3393 1461 3448 1505 et

1866 1559 1885 1592 ι
1919 1555 2082 1609 super
2120 1540 2224 1595 hoc
2252 1540 2450 1595 virides
2480 1541 2736 1594 sationes.
2768 1541 2986 1594 Amicus
3035 1548 3089 1594 et
3138 1540 3339 1594 sodalis
3395 1542 3445 1594 in

1865 1641 2154 1702 «tempore
2201 1633 2607 1697 convenientes,
2640 1641 2694 1686 et
2742 1648 2902 1700 super
2937 1642 3197 1702 utrosque
3249 1634 3444 1687 mulier

1866 1741 1885 1774 ι
1924 1739 2046 1779 cum
2074 1723 2208 1778 viro.
2238 1723 2460 1776 Fratres
2486 1723 2537 1776 in
2562 1722 2883 1790 adjutorium
2913 1724 2966 1777 in
3000 1732 3240 1794 tempore
3267 1725 3442 1778 tribu-

1863 1831 1881 1864 ι
1918 1813 2172 1868 lationis:
2211 1819 2267 1866 et
2295 1826 2456 1880 super
2483 1827 2575 1866 eos
2623 1811 2989 1865 misericordia
3016 1812 3286 1866 liberabit.
3321 1813 3435 1866 Au-

1865 1920 1884 1954 ¢
1922 1919 2040 1957 rum
2062 1911 2118 1958 et
2143 1910 2424 1972 argentum
2446 1901 2738 1957 constituet
2759 1901 2971 1972 pedem,
2989 1909 3218 1971 etsuper
3239 1911 3445 1955 utrum-

1864 2014 1884 2047 ι
1920 2009 2025 2064 que
2067 1993 2352 2049 consilium
2386 1992 2806 2063 bencplacitum.
2855 1991 3162 2046 Facultates
3195 2000 3249 2045 et
3274 1991 3448 2046 victus

1865 2104 1884 2138 ι
1918 2084 2159 2140 exaltant
2185 2099 2298 2148 cor,
2331 2092 2387 2139 et
2422 2099 2586 2153 super
2611 2085 2726 2138 haec
2767 2083 2926 2136 timor
2961 2082 3192 2136 Domini.
3221 2082 3334 2136 Non
3366 2090 3450 2135 est

1869 2194 1889 2228 ι
1925 2177 1979 2231 in
2008 2176 2206 2231 timore
2235 2175 2446 2229 Domini
2476 2174 2788 2238 minoratio,
2821 2182 2873 2227 et
2921 2189 3024 2228 non
3057 2181 3138 2227 est
3165 2173 3218 2226 in
3271 2189 3335 2228 eo
3368 2173 3448 2227 in-

1865 2287 1885 2321 ι
1913 2268 2130 2338 quirere
2155 2264 2499 2334 adjutorium.
2533 2264 2718 2318 Timor
2747 2264 2953 2318 Domini
2980 2263 3119 2318 sicut
3158 2265 3447 2332 paradisus

1866 2377 1885 2412 ι
1918 2357 2330 2422 benedictionis,
2354 2364 2411 2411 et
2437 2369 2599 2426 super
2619 2369 2834 2410 omnem
2859 2354 3084 2425 gloriam
3114 2364 3446 2422 operuerunt

1867 2468 1887 2503 ι
1923 2449 2091 2505 illum.
2136 2469 2155 2500 ι
2189 2446 2432 2504 Gratiam
2468 2454 2523 2500 et
2566 2445 2802 2515 speciem
2843 2451 3103 2514 superant
3130 2445 3331 2499 virides
3352 2458 3440 2498 sa-

1861 2541 2060 2604 tiones,
2089 2555 2212 2594 cum
2241 2545 2490 2592 ornatum
2514 2535 2698 2606 templi
2741 2543 2797 2589 et
2833 2535 3054 2590 culturae
3083 2534 3448 2589 diversitatem

1864 2632 2422 2700 caremoniarumque
2494 2637 2549 2684 et
2618 2627 2966 2683 lestivitatum
3017 2627 3448 2693 observantiam,

1866 2739 2028 2794 quam
2049 2723 2202 2794 prior
2231 2721 2458 2792 populus
2479 2720 2579 2776 sub
2613 2719 2733 2790 lege
2763 2719 2972 2780 habuit,
2999 2718 3270 2789 Evangelii
3309 2734 3452 2790 prte-

1866 2813 2066 2870 dica'tio
2095 2813 2151 2868 in
2181 2821 2297 2868 toto
2325 2811 2457 2868 orbe
2479 2820 2746 2866 terrarum
2772 2809 3034 2864 seminata
3060 2808 3164 2865 fide
3185 2811 3448 2880 gentium,

1864 2911 1919 2958 et
1943 2905 2203 2959 bonorum
2227 2916 2450 2971 operum
2478 2899 2748 2956 viriditate
2775 2897 3008 2964 excellit,
3023 2913 3182 2968 super
3207 2901 3440 2955 amicum

1865 3001 1922 3048 et
1962 2992 2200 3047 sodalem
2248 2991 2302 3045 in
2345 2997 2586 3059 tempore
2634 2988 3034 3044 convenientes.
3085 2987 3276 3043 Mulier
3323 3003 3445 3043 cum

1864 3087 1984 3140 viro
2027 3086 2162 3140 bene
2200 3084 2536 3139 concordans
2585 3090 2896 3152 exsuperat,
2944 3082 3158 3151 quando
3215 3081 3450 3137 societas

166 3177 379 3248 quippe
425 3175 694 3233 fervorem
735 3175 973 3232 scientia:
1011 3173 1220 3246 legalis,
1255 3175 1422 3229 ubera
1451 3189 1579 3228 vero
1631 3174 1762 3228 dicit
1789 3172 1833 3234 C
1864 3178 2067 3234 Christi
2096 3186 2152 3231 et
2175 3177 2431 3232 Ecclesia:
2455 3192 2670 3231 omnem
2717 3175 3053 3230 sodalitatem
3081 3175 3320 3244 priorum
3351 3191 3449 3245 pa-

167 3268 486 3322 rudimenta
536 3266 858 3337 evangelicae
893 3265 1038 3320 ﬁdei.
1069 3264 1146 3319 De
1183 3265 1378 3334 quibus
1404 3264 1479 3318 ait
1523 3264 1756 3319 Paulus:

171 3377 194 3410 ι
239 3359 349 3412 Lac
373 3357 526 3413 vobis
544 3365 727 3428 potum
754 3356 874 3411 dedi
905 3371 1011 3410 non
1061 3371 1242 3411 escam
1267 3354 1317 3426 (I
1351 3355 1474 3409 Cor.
1508 3355 1609 3424 ιιι).
1647 3375 1665 3408 ι
1697 3356 1762 3410 Ει

168 3450 380 3505 iterum
409 3467 421 3502 :
462 3466 481 3499 ι
515 3446 628 3502 Non
649 3447 793 3502 enim
817 3445 1054 3516 judicavi
1085 3460 1170 3501 me
1211 3445 1352 3500 scire
1382 3444 1582 3514 aliquid
1625 3446 1764 3500 inter

170 3555 279 3594 vos
307 3539 410 3594 nisi
439 3535 621 3593 Jesum
642 3537 936 3602 Christum,
965 3537 1184 3590 ethunc
1205 3534 1520 3590 cruciﬁxum
1554 3534 1604 3606 (I
1633 3533 1758 3589 Cor.

168 3629 261 3701 ιι).
295 3649 314 3681 ι
345 3625 514 3681 Ubera
537 3641 668 3696 ergo
690 3627 869 3697 sponsi
893 3625 1108 3680 meliora
1139 3635 1261 3680 sunt
1290 3625 1427 3688 vino,
1452 3625 1580 3695 quia
1611 3625 1758 3679 rudi-

170 3725 366 3773 menta
399 3714 527 3768 Novi
557 3713 887 3769 Testameuti
923 3725 1273 3784 quoscunque
1301 3727 1368 3767 ex
1402 3727 1540 3781 aqua
1569 3720 1623 3767 et
1653 3712 1760 3782 spi-

173 3808 290 3860 ritu
325 3811 685 3875 regenerant,
735 3818 860 3858 mox
909 3802 1034 3858 vitm
1075 3802 1314 3858 caelestis
1343 3803 1563 3857 introitu
1610 3809 1766 3871 aptos

174 3897 441 3960 reddunt,
473 3896 618 3966 quod
674 3895 831 3968 longa
885 3895 1019 3967 legis
1068 3895 1373 3952 observatio
1423 3911 1762 3965 nequaquam

169 3988 366 4044 facere
389 3986 616 4054 valebat,
639 4001 738 4042 nec
761 3987 814 4041 in
845 3985 931 4042 his
959 3987 1177 4057 quidem
1199 3987 1290 4057 qui
1319 3994 1477 4058 gustu
1519 4002 1768 4056 supernae

173 4080 472 4138 suavitatis
521 4078 736 4134 accensi
785 4078 1053 4134 veraciter
1099 4077 1279 4134 dicere
1326 4077 1438 4134 Deo
1476 4086 1764 4148 poterant:

194 4193 218 4228 ι
251 4174 320 4228 Ει
383 4171 639 4242 poculum
706 4179 855 4225 tuum
916 4168 1193 4224 inebrians
1233 4179 1390 4235 quam
1447 4161 1768 4233 praeclarum

187 4267 314 4324 estl
374 4263 546 4334 (Paul.
581 4265 742 4333 uti.)
781 4280 800 4313 ι
839 4262 1111 4318 Probaute
1138 4257 1420 4327 Apostolo,
1451 4254 1546 4324 qui
1586 4253 1717 4308 dicit
1751 4269 1766 4306 :

196 4377 220 4411 ι
260 4355 412 4412 Nihil
441 4356 586 4411 enim
616 4354 685 4410 ad
713 4353 1010 4423 perfectum
1043 4350 1268 4406 adduxit
1297 4348 1382 4402 lex
1412 4345 1594 4415 (Hebr.
1615 4345 1766 4414 vn)»

189 4449 259 4506 Si
294 4455 478 4503 autem
511 4448 675 4501 ubera
700 4444 922 4510 Christi,
950 4443 1004 4498 id
1043 4451 1124 4496 est
1159 4438 1452 4510 primordia
1479 4436 1774 4490 Dominicaa

1865 3278 2006 3323 trum
2041 3268 2408 3338 multipliciter
2437 3267 2712 3338 praecedit.
2762 3265 2970 3321 Fratris
3019 3266 3344 3335 adjutorium
3397 3266 3450 3319 in

1865 3370 2107 3432 tempore
2129 3359 2490 3414 tribulationis
2508 3359 2675 3414 vincit
2696 3355 3066 3413 misericordia
3093 3357 3450 3421 liberatiouis,

1863 3469 1987 3509 cum
2019 3451 2192 3521 major
2217 3453 2289 3508 sit
2312 3451 2684 3507 misericordia
2707 3450 3092 3521 redemptionis
3123 3457 3323 3504 nostrae
3350 3463 3446 3518 per

1864 3547 2095 3618 gratiam
2129 3545 2343 3600 Domini
2373 3544 2541 3598 nostri
2566 3541 2692 3596 Jesu
2743 3540 2943 3596 Christi
2977 3540 3190 3602 collata,
3215 3555 3318 3608 qua
3355 3539 3452 3592 hu-

1864 3651 2026 3691 mano
2053 3637 2236 3708 generi
2269 3651 2364 3706 per
2416 3635 2724 3705 passionem
2772 3647 2924 3686 suam
2963 3630 3254 3693 consuluit,
3289 3645 3450 3698 quam

1865 3737 1977 3783 tota
1997 3726 2185 3783 solatia
2218 3735 2524 3796 parentum,
2559 3725 2648 3793 qui
2676 3725 2965 3777 humanum
2991 3736 3173 3776 casum
3207 3720 3453 3773 videntes

1866 3819 2155 3875 condolere
2183 3825 2494 3888 potuerunt,
2512 3816 2604 3871 sed
2630 3813 2882 3882 adjuvare
2911 3828 3015 3866 non
3035 3810 3451 3880 praevalucrunt.

1866 3909 2072 3964 Aurum
2099 3917 2154 3963 et
2197 3915 2477 3978 argentum
2514 3913 2569 3959 et
2595 3903 2795 3958 divitiae
2821 3903 2960 3956 data“:
2996 3916 3024 3953 a
3062 3899 3288 3953 Domino
3321 3906 3453 3950 tem-

1867 4014 1999 4069 pore
2038 3997 2170 4068 legis
2199 3997 2592 4051 roboraverunt
2639 3993 2798 4046 corda
2850 3989 3210 4058 antiquorum,
3240 3986 3329 4055 qui
3361 4001 3455 4054 pro

1866 4090 2024 4145 bonis
2049 4087 2278 4143 terrenis
2321 4085 2546 4140 Domino
2590 4082 2978 4142 militaverunt,
3009 4077 3204 4148 quibus
3257 4076 3308 4128 in
3342 4075 3452 4142 ipsa

1868 4181 1988 4253 lege
2024 4181 2224 4235 dictum
2275 4185 2397 4232 est:
2437 4194 2454 4226 ‹
2493 4174 2551 4230 Si
2603 4171 2921 4235 volueritis,
2975 4177 3030 4222 et
3083 4164 3452 4227 obaudieritis,

1868 4275 2007 4329 bona
2034 4280 2190 4326 terrze
2223 4269 2532 4324 comedetis.
2567 4287 2584 4317 ι
2617 4263 2721 4319 Sed
2768 4277 2929 4333 super
2956 4275 3142 4315 omnes
3170 4258 3456 4312 facultates

1869 4374 2032 4435 atque
2061 4362 2281 4418 delicias
2314 4359 2574 4430 praecellit
2613 4357 2776 4411 timor
2803 4353 3038 4416 Domini,
3067 4361 3122 4406 et
3148 4351 3449 4405 voluntaria

1867 4462 2154 4525 paupertas
2200 4450 2451 4506 Ecclesiae
2496 4446 2717 4511 Christi,
2747 4459 2866 4514 quas
2911 4441 3224 4497 renuntians
3253 4439 3456 4493 mundo

189 4539 354 4605 ﬁdei.
391 4537 612 4593 ιυειίοΐθ
639 4546 768 4590 sum
790 4534 914 4590 νίηο
954 4534 1107 4604 ιεείει
1144 4539 1354 4601 (ιυειιιιο
1384 4529 1555 4599 magis
1588 4529 1771 4581 Vinum
1791 4535 1843 4594 D
1869 4554 1923 4600 et
1942 4543 2308 4613 voluptatibus
2329 4540 2444 4610 ejus
2471 4554 2570 4608 pro
2612 4535 2820 4592 carlesti
2872 4547 3036 4605 regno
3077 4529 3313 4601 quotidie
3339 4545 3456 4583 cer-

189 4631 433 4698 Christi,
465 4631 517 4685 id
542 4641 625 4685 est
641 4629 900 4700 perfectio
919 4627 1176 4682 doctrinze
1192 4623 1538 4693 evangelicae,
1564 4623 1778 4674 cunctis

189 4722 471 4792 legalibus
496 4721 835 4776 cteremoniis
875 4717 1118 4789 praestat!
1163 4714 1296 4787 (Ιά.)
1330 4713 1388 4768 Si
1432 4718 1776 4767 sacramenta

190 4814 600 4869 incarnationis
615 4814 734 4881 ejus
755 4811 824 4865 ad
842 4813 1008 4865 vitam
1032 4811 1275 4869 mittunt,
1295 4816 1556 4877 quantum
1581 4803 1779 4856 divini-

187 4908 335 4964 tatis
352 4907 473 4974 ejus
489 4905 716 4972 agnitio,
737 4909 1001 4971 quantum
1022 4901 1156 4954 visio
1177 4897 1460 4966 glorilicat!
1489 4893 1778 4963 Unguenta

171 4987 398 5059 uptima
453 4993 579 5040 sunt
621 4984 759 5040 dona
817 4983 1050 5054 Spiritus
1095 4982 1312 5048 sancti,
1367 4981 1566 5053 quibus
1613 4983 1776 5036 ubera

169 5078 398 5138 Christi
425 5076 688 5149 fragrant,
717 5076 843 5146 quia
869 5075 1119 5131 doctores
1143 5075 1338 5140 sancti,
1370 5076 1605 5129 ministri
1633 5075 1780 5129 vide-

164 5173 324 5231 licet
351 5169 508 5224 lactis
545 5167 881 5238 evangelici,
929 5181 1029 5236 per
1081 5167 1388 5222 unctionem
1434 5167 1668 5236 Spiritus
1725 5165 1777 5217 in

161 5265 461 5320 virtutum
497 5275 680 5315 amore
723 5259 1038 5330 proﬁciunt;
1079 5267 1134 5313 et
1181 5259 1400 5328 quidem
1452 5259 1594 5312 bona
1623 5263 1780 5310 erant

158 5361 491 5426 ninguenta,
518 5352 714 5422 quibus
752 5351 1027 5420 propheta:
1073 5357 1126 5404 et
1161 5349 1471 5404 sacerdotes
1494 5349 1781 5404 visibiliter

158 5449 539 5518 angebantur
565 5447 616 5499 in
646 5444 794 5515 lege,
835 5442 928 5498 sed
962 5443 1163 5512 Optima
1196 5449 1338 5496 sunt'
1359 5441 1448 5495 illa
1480 5450 1773 5508 unguenta,

153 5539 399 5616 quibus
421 5536 644 5608 apostoli
682 5545 811 5590 sunt
837 5534 1313 5605 apostolorumque
1339 5547 1678 5588 successores
1701 5532 1782 5585 in-

153 5629 489 5689 visibiliter
513 5628 680 5684 uncti.
725 5626 802 5682 De
822 5626 1018 5696 quibus
1045 5626 1123 5680 ait
1151 5624 1350 5679 Paulus
1375 5641 1388 5677 :
1425 5643 1443 5674 ι
1472 5623 1539 5676 Ει
1561 5623 1652 5692 qui
1683 5639 1783 5676 uu-

157 5729 282 5785 xit.
306 5737 412 5778 nos
441 5719 603 5789 Dens,
634 5728 691 5776 et
721 5720 813 5790 qui
861 5719 1090 5790 signavit
1122 5733 1219 5774 nos
1242 5759 1256 5785 ,
1311 5726 1366 5771 et
1394 5715 1540 5770 dedit
1592 5716 1784 5785 pignus

1871 4643 1972 4700 tat,
2001 4642 2059 4688 et
2106 4630 2272 4687 servit
2315 4629 2447 4685 Deo.
2501 4645 2519 4678 ι
2569 4626 2722 4681 Beati
2758 4625 2900 4678 enim
2941 4635 3204 4692 pauperes
3241 4619 3454 4689 spiritu,

1873 4723 2130 4796 quoniam
2183 4722 2422 4792 ipsorum
2466 4726 2548 4774 est
2595 4731 2819 4788 regnum
2851 4714 3132 4769 caalorum.
3167 4730 3186 4764 ι
3230 4709 3346 4764 Νοιι
3375 4717 3457 4762 est

1874 4830 2002 4884 ergo
2045 4814 2098 4866 in
2125 4812 2318 4866 timore
2347 4809 2557 4864 Domini
2607 4804 2892 4860 minoratio
2932 4803 3210 4865 virtutum,
3244 4815 3343 4854 nec
3371 4806 3453 4852 est

1877 4904 1930 4959 in
1957 4918 2022 4957 eo
2050 4902 2322 4972 inquirere
2349 4897 2672 4968 adjutorium
2700 4904 2997 4957 terrenum,
3021 4891 3148 4960 quia
3171 4890 3335 4944 timor
3356 4888 3457 4942 Do-

1882 4991 2012 5045 mini
2066 4990 2207 5045 sicut
2248 4987 2528 5057 paradisus
2571 4981 2961 5040 benedictionis
3005 4987 3089 5036 est
3137 4978 3458 5034 timentibus

1883 5083 2073 5143 Deum,
2110 5087 2164 5133 et
2210 5093 2372 5148 super
2423 5090 2640 5130 omnem
2688 5087 2939 5143 pompam
2974 5079 3244 5127 terrenam
3284 5068 3458 5139 aperit

1882 5175 2001 5229 illos
2038 5172 2208 5244 gloria
2256 5170 2510 5226 caelestis.
2545 5169 2699 5224 Unde
2731 5181 2825 5238 per
2868 5165 3191 5237 Prophetam
3223 5165 3456 5220 dicitur:

1889 5281 1907 5313 ι
1948 5263 2155 5316 Timete
2179 5259 2487 5322 Dominum,
2511 5272 2700 5312 omnes
2725 5257 2897 5311 sancti
2931 5255 3068 5325 ejus,
3095 5255 3347 5325 quoniam
3372 5253 3456 5305 ui-

1884 5354 1960 5410 bil
2007 5354 2156 5407 deest
2188 5350 2497 5405 timentibus
2522 5363 2664 5402 eunt.
2720 5347 2924 5401 Divites
2964 5352 3228 5416 eguerunt
3255 5351 3311 5396 et
3332 5356 3460 5394 esu-

1883 5447 2125 5507 rieruut;
2161 5442 2493 5510 inquirentes
2521 5448 2700 5494 autem
2741 5437 3022 5492 Dominum
3071 5448 3176 5487 non
3209 5429 3460 5485 deﬁcient

1883 5533 2027 5591 omni
2055 5533 2196 5588 bono
2218 5528 2392 5601 (Psal.
2416 5527 2632 5596 xxxi“).
2668 5545 2686 5579 ›
2731 5525 2798 5579 Et
2816 5526 2868 5578 in
2897 5520 3186 5591 Evangelio
3215 5519 3328 5586 ipsa
3358 5516 3465 5570 νδ

1883 5625 2017 5679 ritas
2045 5619 2323 5690 discipulis
2352 5619 2422 5672 ait
2449 5636 2461 5671 :
2495 5635 2512 5667 ι
2546 5615 2720 5670 Nolite
2747 5612 2958 5668 solliciti
3007 5622 3126 5664 esse
3154 5605 3281 5676 quid
3309 5618 3471 5658 man-

1887 5713 2111 5777 ducetis,
2141 5718 2233 5765 aut
2267 5709 2396 5778 quid
2424 5705 2644 5772 bibatis,
2667 5710 2759 5757 aut
2779 5715 2884 5770 quo
2908 5693 3290 5767 c00periamini
3315 5711 3332 5747 :
3361 5691 3475 5748 sciti
