  <div class='ocr_page' id='page_1' title='image "/cluster/home/n/w/nwhite01/storage/ocr_20150623/109/hvd.32044054759741/533.png"; bbox 0 0 3926 6168; ppageno 0'>
   <div class='ocr_carea' id='block_1_1' title="bbox 450 313 592 370">
    <p class='ocr_par' dir='ltr' id='par_1_1' title="bbox 450 313 592 370">
     <span class='ocr_line' id='line_1_1' title="bbox 450 313 592 370; baseline -0.007 0"><span class='ocrx_word' id='word_1_1' title='bbox 450 313 592 370; x_wconf 70' lang='lat' dir='ltr'><strong>M55</strong></span> 
     </span>
    </p>
   </div>
   <div class='ocr_carea' id='block_1_2' title="bbox 1091 305 3036 367">
    <p class='ocr_par' dir='ltr' id='par_1_2' title="bbox 1091 305 3036 367">
     <span class='ocr_line' id='line_1_2' title="bbox 1091 305 3036 367; baseline -0.002 -2"><span class='ocrx_word' id='word_1_2' title='bbox 1091 309 1152 365; x_wconf 87' lang='lat' dir='ltr'><strong>B.</strong></span> <span class='ocrx_word' id='word_1_3' title='bbox 1191 309 1444 366; x_wconf 81' lang='lat' dir='ltr'><strong>RABANI</strong></span> <span class='ocrx_word' id='word_1_4' title='bbox 1483 309 1702 367; x_wconf 70' lang='lat' dir='ltr'><strong>MAURI</strong></span> <span class='ocrx_word' id='word_1_5' title='bbox 1741 310 2060 365; x_wconf 80' lang='lat' dir='ltr'><strong>ARCHIEP.</strong></span> <span class='ocrx_word' id='word_1_6' title='bbox 2104 307 2412 363; x_wconf 80' lang='lat' dir='ltr'><strong>MOCUNT.</strong></span> <span class='ocrx_word' id='word_1_7' title='bbox 2450 305 2958 364; x_wconf 52' lang='lat' dir='ltr'><strong>OPERUM&#39;PARS</strong></span> <span class='ocrx_word' id='word_1_8' title='bbox 2997 309 3036 362; x_wconf 95' lang='lat' dir='ltr'><strong>l.</strong></span> 
     </span>
    </p>
   </div>
   <div class='ocr_carea' id='block_1_3' title="bbox 3599 314 3741 367">
    <p class='ocr_par' dir='ltr' id='par_1_3' title="bbox 3599 314 3741 367">
     <span class='ocr_line' id='line_1_3' title="bbox 3599 314 3741 367; baseline -0.007 0"><span class='ocrx_word' id='word_1_9' title='bbox 3599 314 3620 367; x_wconf 73' lang='grc' dir='ltr'>ί</span> <span class='ocrx_word' id='word_1_10' title='bbox 3635 315 3741 366; x_wconf 68' lang='lat'><strong>0356</strong></span> 
     </span>
    </p>
   </div>
   <div class='ocr_carea' id='block_1_4' title="bbox 447 419 3743 500">
    <p class='ocr_par' dir='ltr' id='par_1_4' title="bbox 447 419 3743 500">
     <span class='ocr_line' id='line_1_4' title="bbox 447 419 3743 500; baseline -0.001 -16"><span class='ocrx_word' id='word_1_11' title='bbox 447 429 593 484; x_wconf 92' lang='lat' dir='ltr'><strong>enim</strong></span> <span class='ocrx_word' id='word_1_12' title='bbox 619 428 784 485; x_wconf 84' lang='lat' dir='ltr'><strong>Pater</strong></span> <span class='ocrx_word' id='word_1_13' title='bbox 797 431 976 480; x_wconf 79' lang='lat' dir='ltr'><strong>vester</strong></span> <span class='ocrx_word' id='word_1_14' title='bbox 1001 423 1260 488; x_wconf 76' lang='lat' dir='ltr'><strong>ctelestis,</strong></span> <span class='ocrx_word' id='word_1_15' title='bbox 1287 423 1414 492; x_wconf 86' lang='lat' dir='ltr'><strong>quia</strong></span> <span class='ocrx_word' id='word_1_16' title='bbox 1441 423 1527 478; x_wconf 91' lang='lat' dir='ltr'><strong>his</strong></span> <span class='ocrx_word' id='word_1_17' title='bbox 1545 423 1798 500; x_wconf 78' lang='lat' dir='ltr'><strong>omnibus</strong></span> <span class='ocrx_word' id='word_1_18' title='bbox 1827 421 2036 490; x_wconf 82' lang='lat' dir='ltr'><strong>indige-</strong></span> <span class='ocrx_word' id='word_1_19' title='bbox 2063 425 2110 482; x_wconf 80' lang='grc' dir='ltr'><strong>Α</strong></span> <span class='ocrx_word' id='word_1_20' title='bbox 2145 437 2164 469; x_wconf 74' lang='grc' dir='ltr'><strong>ι</strong></span> <span class='ocrx_word' id='word_1_21' title='bbox 2194 419 2374 475; x_wconf 88' lang='lat' dir='ltr'><strong>adhuc</strong></span> <span class='ocrx_word' id='word_1_22' title='bbox 2413 419 2615 474; x_wconf 87' lang='lat' dir='ltr'><strong>valenti</strong></span> <span class='ocrx_word' id='word_1_23' title='bbox 2647 420 2895 490; x_wconf 89' lang='lat' dir='ltr'><strong>accipere</strong></span> <span class='ocrx_word' id='word_1_24' title='bbox 2929 421 3137 477; x_wconf 87' lang='lat' dir='ltr'><strong>cibum!</strong></span> <span class='ocrx_word' id='word_1_25' title='bbox 3183 442 3202 475; x_wconf 73' lang='grc' dir='ltr'><strong>ι</strong></span> <span class='ocrx_word' id='word_1_26' title='bbox 3237 423 3339 490; x_wconf 83' lang='lat' dir='ltr'><strong>Qui</strong></span> <span class='ocrx_word' id='word_1_27' title='bbox 3366 426 3743 496; x_wconf 70' lang='lat' dir='ltr'><strong>prosperitate</strong></span> 
     </span>
    </p>
   </div>
   <div class='ocr_carea' id='block_1_5' title="bbox 451 512 2033 584">
    <p class='ocr_par' dir='ltr' id='par_1_5' title="bbox 451 512 2033 584">
     <span class='ocr_line' id='line_1_5' title="bbox 451 512 2033 584; baseline -0.005 -10"><span class='ocrx_word' id='word_1_28' title='bbox 451 520 542 574; x_wconf 87' lang='lat' dir='ltr'><strong>tis.</strong></span> <span class='ocrx_word' id='word_1_29' title='bbox 565 517 796 584; x_wconf 65' lang='lat' dir='ltr'><strong>Quaerite</strong></span> <span class='ocrx_word' id='word_1_30' title='bbox 827 523 1006 568; x_wconf 89' lang='lat' dir='ltr'><strong>autem</strong></span> <span class='ocrx_word' id='word_1_31' title='bbox 1039 514 1268 583; x_wconf 87' lang='lat' dir='ltr'><strong>primttm</strong></span> <span class='ocrx_word' id='word_1_32' title='bbox 1318 529 1543 584; x_wconf 80' lang='lat' dir='ltr'><strong>regnum</strong></span> <span class='ocrx_word' id='word_1_33' title='bbox 1566 513 1660 568; x_wconf 85' lang='lat' dir='ltr'><strong>Dei</strong></span> <span class='ocrx_word' id='word_1_34' title='bbox 1687 522 1742 567; x_wconf 92' lang='lat' dir='ltr'><strong>et</strong></span> <span class='ocrx_word' id='word_1_35' title='bbox 1765 512 2033 584; x_wconf 87' lang='lat' dir='ltr'><strong>justitiam</strong></span> 
     </span>
    </p>
   </div>
   <div class='ocr_carea' id='block_1_6' title="bbox 448 601 1959 677">
    <p class='ocr_par' dir='ltr' id='par_1_6' title="bbox 448 601 1959 677">
     <span class='ocr_line' id='line_1_6' title="bbox 448 601 1959 677; baseline -0.005 -15"><span class='ocrx_word' id='word_1_36' title='bbox 448 609 587 677; x_wconf 88' lang='lat' dir='ltr'><strong>ejus,</strong></span> <span class='ocrx_word' id='word_1_37' title='bbox 609 619 663 660; x_wconf 88' lang='lat' dir='ltr'><strong>et</strong></span> <span class='ocrx_word' id='word_1_38' title='bbox 690 607 804 659; x_wconf 76' lang='lat' dir='ltr'><strong>hzec</strong></span> <span class='ocrx_word' id='word_1_39' title='bbox 826 604 1004 657; x_wconf 84' lang='lat' dir='ltr'><strong>omnia</strong></span> <span class='ocrx_word' id='word_1_40' title='bbox 1037 603 1358 670; x_wconf 87' lang='lat' dir='ltr'><strong>adjicientur</strong></span> <span class='ocrx_word' id='word_1_41' title='bbox 1390 603 1542 656; x_wconf 84' lang='lat' dir='ltr'><strong>vobis</strong></span> <span class='ocrx_word' id='word_1_42' title='bbox 1569 601 1783 674; x_wconf 72' lang='lat' dir='ltr'><strong>(Matth.</strong></span> <span class='ocrx_word' id='word_1_43' title='bbox 1810 602 1906 672; x_wconf 86' lang='lat' dir='ltr'><strong>vt).</strong></span> <span class='ocrx_word' id='word_1_44' title='bbox 1939 621 1959 654; x_wconf 75' lang='grc' dir='ltr'><strong>ι</strong></span> 
     </span>
    </p>
   </div>
   <div class='ocr_carea' id='block_1_7' title="bbox 1081 696 1411 752">
    <p class='ocr_par' dir='ltr' id='par_1_7' title="bbox 1081 696 1411 752">
     <span class='ocr_line' id='line_1_7' title="bbox 1081 696 1411 752; baseline -0.006 0"><span class='ocrx_word' id='word_1_45' title='bbox 1081 697 1310 752; x_wconf 84' lang='lat' dir='ltr'><strong>CAPUT</strong></span> <span class='ocrx_word' id='word_1_46' title='bbox 1350 696 1411 751; x_wconf 91' lang='lat' dir='ltr'><strong>ll.</strong></span> 
     </span>
    </p>
   </div>
   <div class='ocr_carea' id='block_1_8' title="bbox 593 785 1888 860">
    <p class='ocr_par' dir='ltr' id='par_1_8' title="bbox 593 785 1888 860">
     <span class='ocr_line' id='line_1_8' title="bbox 593 785 1888 860; baseline -0.003 -16"><span class='ocrx_word' id='word_1_47' title='bbox 593 791 669 844; x_wconf 88' lang='lat' dir='ltr'><strong>De</strong></span> <span class='ocrx_word' id='word_1_48' title='bbox 696 791 996 860; x_wconf 55' lang='lat' dir='ltr'><strong>indigentia:</strong></span> <span class='ocrx_word' id='word_1_49' title='bbox 1019 789 1229 841; x_wconf 75' lang='lat' dir='ltr'><strong>miseria</strong></span> <span class='ocrx_word' id='word_1_50' title='bbox 1257 797 1302 841; x_wconf 89' lang='lat' dir='ltr'><strong>et</strong></span> <span class='ocrx_word' id='word_1_51' title='bbox 1327 787 1391 841; x_wconf 86' lang='lat' dir='ltr'><strong>de</strong></span> <span class='ocrx_word' id='word_1_52' title='bbox 1412 787 1661 840; x_wconf 79' lang='lat' dir='ltr'><strong>memoria</strong></span> <span class='ocrx_word' id='word_1_53' title='bbox 1686 785 1888 840; x_wconf 81' lang='lat' dir='ltr'><strong>mortis.</strong></span> 
     </span>
    </p>
   </div>
   <div class='ocr_carea' id='block_1_9' title="bbox 527 877 2037 951">
    <p class='ocr_par' dir='ltr' id='par_1_9' title="bbox 527 877 2037 951">
     <span class='ocr_line' id='line_1_9' title="bbox 527 877 2037 951; baseline -0.002 -18"><span class='ocrx_word' id='word_1_54' title='bbox 527 903 544 933; x_wconf 77' lang='grc' dir='ltr'><strong>ι</strong></span> <span class='ocrx_word' id='word_1_55' title='bbox 584 883 706 943; x_wconf 84' lang='lat' dir='ltr'><strong>Fili.</strong></span> <span class='ocrx_word' id='word_1_56' title='bbox 733 884 784 936; x_wconf 91' lang='lat' dir='ltr'><strong>in</strong></span> <span class='ocrx_word' id='word_1_57' title='bbox 812 893 1051 951; x_wconf 86' lang='lat' dir='ltr'><strong>tempore</strong></span> <span class='ocrx_word' id='word_1_58' title='bbox 1089 881 1210 933; x_wconf 63' lang='lat' dir='ltr'><strong>vitae</strong></span> <span class='ocrx_word' id='word_1_59' title='bbox 1247 888 1353 932; x_wconf 76' lang='lat' dir='ltr'><strong>tua:</strong></span> <span class='ocrx_word' id='word_1_60' title='bbox 1401 894 1466 932; x_wconf 94' lang='lat' dir='ltr'><strong>ne</strong></span> <span class='ocrx_word' id='word_1_61' title='bbox 1518 878 1802 947; x_wconf 79' lang='lat' dir='ltr'><strong>indigeas:</strong></span> <span class='ocrx_word' id='word_1_62' title='bbox 1842 877 2037 931; x_wconf 82' lang='lat' dir='ltr'><strong>melius</strong></span> 
     </span>
    </p>
   </div>
   <div class='ocr_carea' id='block_1_10' title="bbox 454 969 2037 1040">
    <p class='ocr_par' dir='ltr' id='par_1_10' title="bbox 454 969 2037 1040">
     <span class='ocr_line' id='line_1_10' title="bbox 454 969 2037 1040; baseline -0.001 -16"><span class='ocrx_word' id='word_1_63' title='bbox 454 995 472 1024; x_wconf 74' lang='grc' dir='ltr'><strong>ι</strong></span> <span class='ocrx_word' id='word_1_64' title='bbox 511 984 596 1028; x_wconf 85' lang='lat' dir='ltr'><strong>est</strong></span> <span class='ocrx_word' id='word_1_65' title='bbox 621 975 763 1026; x_wconf 84' lang='lat' dir='ltr'><strong>enim</strong></span> <span class='ocrx_word' id='word_1_66' title='bbox 795 973 931 1026; x_wconf 89' lang='lat' dir='ltr'><strong>mori</strong></span> <span class='ocrx_word' id='word_1_67' title='bbox 979 987 1138 1040; x_wconf 88' lang='lat' dir='ltr'><strong>quam</strong></span> <span class='ocrx_word' id='word_1_68' title='bbox 1168 971 1428 1040; x_wconf 80' lang='lat' dir='ltr'><strong>indigere.</strong></span> <span class='ocrx_word' id='word_1_69' title='bbox 1468 990 1486 1021; x_wconf 73' lang='grc' dir='ltr'><strong>ι</strong></span> <span class='ocrx_word' id='word_1_70' title='bbox 1531 969 1800 1024; x_wconf 76' lang='lat' dir='ltr'><strong>Admonet</strong></span> <span class='ocrx_word' id='word_1_71' title='bbox 1824 985 1922 1022; x_wconf 90' lang='lat' dir='ltr'><strong>nos</strong></span> <span class='ocrx_word' id='word_1_72' title='bbox 1951 985 2037 1024; x_wconf 89' lang='lat' dir='ltr'><strong>sa-</strong></span> 
     </span>
    </p>
   </div>
   <div class='ocr_carea' id='block_1_11' title="bbox 450 1059 2039 1133">
    <p class='ocr_par' dir='ltr' id='par_1_11' title="bbox 450 1059 2039 1133">
     <span class='ocr_line' id='line_1_11' title="bbox 450 1059 2039 1133; baseline -0.001 -17"><span class='ocrx_word' id='word_1_73' title='bbox 450 1065 673 1133; x_wconf 81' lang='lat' dir='ltr'><strong>pientia,</strong></span> <span class='ocrx_word' id='word_1_74' title='bbox 704 1080 770 1117; x_wconf 91' lang='lat' dir='ltr'><strong>ne</strong></span> <span class='ocrx_word' id='word_1_75' title='bbox 801 1079 898 1133; x_wconf 79' lang='lat' dir='ltr'><strong>per</strong></span> <span class='ocrx_word' id='word_1_76' title='bbox 940 1062 1266 1116; x_wconf 88' lang='lat' dir='ltr'><strong>otiositalem</strong></span> <span class='ocrx_word' id='word_1_77' title='bbox 1306 1059 1598 1130; x_wconf 84' lang='lat' dir='ltr'><strong>perdamus</strong></span> <span class='ocrx_word' id='word_1_78' title='bbox 1643 1069 1853 1129; x_wconf 91' lang='lat' dir='ltr'><strong>tempus</strong></span> <span class='ocrx_word' id='word_1_79' title='bbox 1883 1059 2039 1114; x_wconf 88' lang='lat' dir='ltr'><strong>nobis</strong></span> 
     </span>
    </p>
   </div>
   <div class='ocr_carea' id='block_1_12' title="bbox 451 1151 2041 1222">
    <p class='ocr_par' dir='ltr' id='par_1_12' title="bbox 451 1151 2041 1222">
     <span class='ocr_line' id='line_1_12' title="bbox 451 1151 2041 1222; baseline -0.003 -14"><span class='ocrx_word' id='word_1_80' title='bbox 451 1155 740 1214; x_wconf 77' lang='lat' dir='ltr'><strong>indultum.</strong></span> <span class='ocrx_word' id='word_1_81' title='bbox 777 1155 872 1209; x_wconf 91' lang='lat' dir='ltr'><strong>sed</strong></span> <span class='ocrx_word' id='word_1_82' title='bbox 925 1155 1093 1222; x_wconf 87' lang='lat' dir='ltr'><strong>magis</strong></span> <span class='ocrx_word' id='word_1_83' title='bbox 1124 1153 1428 1206; x_wconf 85' lang='lat' dir='ltr'><strong>laboremus</strong></span> <span class='ocrx_word' id='word_1_84' title='bbox 1465 1160 1611 1206; x_wconf 92' lang='lat' dir='ltr'><strong>recte</strong></span> <span class='ocrx_word' id='word_1_85' title='bbox 1635 1152 1927 1215; x_wconf 78' lang='lat' dir='ltr'><strong>credendo,</strong></span> <span class='ocrx_word' id='word_1_86' title='bbox 1958 1151 2041 1204; x_wconf 89' lang='lat' dir='ltr'><strong>in-</strong></span> 
     </span>
    </p>
   </div>
   <div class='ocr_carea' id='block_1_13' title="bbox 449 1244 2042 1316">
    <p class='ocr_par' dir='ltr' id='par_1_13' title="bbox 449 1244 2042 1316">
     <span class='ocr_line' id='line_1_13' title="bbox 449 1244 2042 1316; baseline -0.003 -15"><span class='ocrx_word' id='word_1_87' title='bbox 449 1255 596 1302; x_wconf 88' lang='lat' dir='ltr'><strong>tente</strong></span> <span class='ocrx_word' id='word_1_88' title='bbox 623 1246 794 1316; x_wconf 84' lang='lat' dir='ltr'><strong>legem</strong></span> <span class='ocrx_word' id='word_1_89' title='bbox 822 1245 914 1299; x_wconf 91' lang='lat' dir='ltr'><strong>Dei</strong></span> <span class='ocrx_word' id='word_1_90' title='bbox 945 1244 1253 1299; x_wconf 78' lang='lat' dir='ltr'><strong>meditando</strong></span> <span class='ocrx_word' id='word_1_91' title='bbox 1280 1252 1442 1311; x_wconf 89' lang='lat' dir='ltr'><strong>atque</strong></span> <span class='ocrx_word' id='word_1_92' title='bbox 1475 1244 1610 1297; x_wconf 88' lang='lat' dir='ltr'><strong>bene</strong></span> <span class='ocrx_word' id='word_1_93' title='bbox 1655 1244 1951 1312; x_wconf 71' lang='lat' dir='ltr'><strong>operando,</strong></span> <span class='ocrx_word' id='word_1_94' title='bbox 1981 1250 2042 1297; x_wconf 90' lang='lat' dir='ltr'><strong>ut</strong></span> 
     </span>
    </p>
   </div>
   <div class='ocr_carea' id='block_1_14' title="bbox 450 1330 2041 1404">
    <p class='ocr_par' dir='ltr' id='par_1_14' title="bbox 450 1330 2041 1404">
     <span class='ocr_line' id='line_1_14' title="bbox 450 1330 2041 1404; baseline -0.001 -15"><span class='ocrx_word' id='word_1_95' title='bbox 450 1337 536 1398; x_wconf 80' lang='lat' dir='ltr'><strong>hic</strong></span> <span class='ocrx_word' id='word_1_96' title='bbox 560 1337 854 1390; x_wconf 84' lang='lat' dir='ltr'><strong>habeamus</strong></span> <span class='ocrx_word' id='word_1_97' title='bbox 873 1350 1001 1404; x_wconf 90' lang='lat' dir='ltr'><strong>opes</strong></span> <span class='ocrx_word' id='word_1_98' title='bbox 1021 1334 1302 1396; x_wconf 85' lang='lat' dir='ltr'><strong>virtutum,</strong></span> <span class='ocrx_word' id='word_1_99' title='bbox 1327 1341 1382 1386; x_wconf 93' lang='lat' dir='ltr'><strong>et</strong></span> <span class='ocrx_word' id='word_1_100' title='bbox 1405 1331 1458 1385; x_wconf 93' lang='lat' dir='ltr'><strong>in</strong></span> <span class='ocrx_word' id='word_1_101' title='bbox 1486 1330 1668 1385; x_wconf 90' lang='lat' dir='ltr'><strong>futuro</strong></span> <span class='ocrx_word' id='word_1_102' title='bbox 1696 1332 1858 1385; x_wconf 87' lang='lat' dir='ltr'><strong>vitam</strong></span> <span class='ocrx_word' id='word_1_103' title='bbox 1882 1341 2041 1387; x_wconf 63' lang='lat' dir='ltr'><strong>aiter-</strong></span> 
     </span>
    </p>
   </div>
   <div class='ocr_carea' id='block_1_15' title="bbox 450 1421 2036 1491">
    <p class='ocr_par' dir='ltr' id='par_1_15' title="bbox 450 1421 2036 1491">
     <span class='ocr_line' id='line_1_15' title="bbox 450 1421 2036 1491; baseline -0.003 -12"><span class='ocrx_word' id='word_1_104' title='bbox 450 1441 598 1480; x_wconf 90' lang='lat' dir='ltr'><strong>nam.</strong></span> <span class='ocrx_word' id='word_1_105' title='bbox 628 1424 814 1479; x_wconf 77' lang='lat' dir='ltr'><strong>Melius</strong></span> <span class='ocrx_word' id='word_1_106' title='bbox 840 1431 922 1479; x_wconf 90' lang='lat' dir='ltr'><strong>est</strong></span> <span class='ocrx_word' id='word_1_107' title='bbox 966 1423 1110 1477; x_wconf 91' lang='lat' dir='ltr'><strong>enim</strong></span> <span class='ocrx_word' id='word_1_108' title='bbox 1147 1437 1177 1476; x_wconf 90' lang='lat' dir='ltr'><strong>a</strong></span> <span class='ocrx_word' id='word_1_109' title='bbox 1212 1421 1464 1491; x_wconf 67' lang='lat' dir='ltr'><strong>prmsenti</strong></span> <span class='ocrx_word' id='word_1_110' title='bbox 1487 1421 1593 1474; x_wconf 88' lang='lat' dir='ltr'><strong>vita</strong></span> <span class='ocrx_word' id='word_1_111' title='bbox 1624 1421 1731 1475; x_wconf 91' lang='lat' dir='ltr'><strong>cito</strong></span> <span class='ocrx_word' id='word_1_112' title='bbox 1758 1421 2036 1483; x_wconf 79' lang='lat' dir='ltr'><strong>decedere,</strong></span> 
     </span>
    </p>
   </div>
   <div class='ocr_carea' id='block_1_16' title="bbox 449 1511 2039 1588">
    <p class='ocr_par' dir='ltr' id='par_1_16' title="bbox 449 1511 2039 1588">
     <span class='ocr_line' id='line_1_16' title="bbox 449 1511 2039 1588; baseline -0.004 -18"><span class='ocrx_word' id='word_1_113' title='bbox 449 1533 611 1588; x_wconf 89' lang='lat' dir='ltr'><strong>quam</strong></span> <span class='ocrx_word' id='word_1_114' title='bbox 634 1517 724 1571; x_wconf 90' lang='lat' dir='ltr'><strong>hic</strong></span> <span class='ocrx_word' id='word_1_115' title='bbox 755 1515 846 1570; x_wconf 90' lang='lat' dir='ltr'><strong>diu</strong></span> <span class='ocrx_word' id='word_1_116' title='bbox 872 1515 1132 1569; x_wconf 89' lang='lat' dir='ltr'><strong>inutiliter</strong></span> <span class='ocrx_word' id='word_1_117' title='bbox 1155 1513 1356 1576; x_wconf 82' lang='lat' dir='ltr'><strong>vivere,</strong></span> <span class='ocrx_word' id='word_1_118' title='bbox 1383 1512 1509 1582; x_wconf 86' lang='lat' dir='ltr'><strong>quia</strong></span> <span class='ocrx_word' id='word_1_119' title='bbox 1531 1513 1777 1566; x_wconf 90' lang='lat' dir='ltr'><strong>otiositas</strong></span> <span class='ocrx_word' id='word_1_120' title='bbox 1799 1511 2039 1566; x_wconf 86' lang='lat' dir='ltr'><strong>diuturni</strong></span> 
     </span>
    </p>
   </div>
   <div class='ocr_carea' id='block_1_17' title="bbox 452 1601 2035 1676">
    <p class='ocr_par' dir='ltr' id='par_1_17' title="bbox 452 1601 2035 1676">
     <span class='ocr_line' id='line_1_17' title="bbox 452 1601 2035 1676; baseline -0.004 -14"><span class='ocrx_word' id='word_1_121' title='bbox 452 1607 708 1676; x_wconf 87' lang='lat' dir='ltr'><strong>temporis</strong></span> <span class='ocrx_word' id='word_1_122' title='bbox 736 1603 992 1672; x_wconf 88' lang='lat' dir='ltr'><strong>majorem</strong></span> <span class='ocrx_word' id='word_1_123' title='bbox 1023 1604 1074 1657; x_wconf 90' lang='lat' dir='ltr'><strong>in</strong></span> <span class='ocrx_word' id='word_1_124' title='bbox 1120 1604 1406 1658; x_wconf 74' lang='lat' dir='ltr'><strong>tormentis</strong></span> <span class='ocrx_word' id='word_1_125' title='bbox 1457 1603 1678 1657; x_wconf 88' lang='lat' dir='ltr'><strong>habebit</strong></span> <span class='ocrx_word' id='word_1_126' title='bbox 1723 1601 2035 1656; x_wconf 82' lang='lat' dir='ltr'><strong>vindictam.</strong></span> 
     </span>
    </p>
   </div>
   <div class='ocr_carea' id='block_1_18' title="bbox 453 1692 2038 1762">
    <p class='ocr_par' dir='ltr' id='par_1_18' title="bbox 453 1692 2038 1762">
     <span class='ocr_line' id='line_1_18' title="bbox 453 1692 2038 1762; baseline -0.004 -11"><span class='ocrx_word' id='word_1_127' title='bbox 453 1697 590 1751; x_wconf 81' lang='lat' dir='ltr'><strong>Huic</strong></span> <span class='ocrx_word' id='word_1_128' title='bbox 619 1695 901 1750; x_wconf 70' lang='lat' dir='ltr'><strong>sententia:</strong></span> <span class='ocrx_word' id='word_1_129' title='bbox 952 1693 1126 1748; x_wconf 86' lang='lat' dir='ltr'><strong>simile</strong></span> <span class='ocrx_word' id='word_1_130' title='bbox 1171 1703 1255 1748; x_wconf 91' lang='lat' dir='ltr'><strong>est</strong></span> <span class='ocrx_word' id='word_1_131' title='bbox 1304 1693 1434 1747; x_wconf 88' lang='lat' dir='ltr'><strong>illud</strong></span> <span class='ocrx_word' id='word_1_132' title='bbox 1463 1692 1607 1762; x_wconf 90' lang='lat' dir='ltr'><strong>quod</strong></span> <span class='ocrx_word' id='word_1_133' title='bbox 1656 1692 1710 1746; x_wconf 91' lang='lat' dir='ltr'><strong>in</strong></span> <span class='ocrx_word' id='word_1_134' title='bbox 1747 1692 2038 1762; x_wconf 79' lang='lat' dir='ltr'><strong>Evangelia</strong></span> 
     </span>
    </p>
   </div>
   <div class='ocr_carea' id='block_1_19' title="bbox 452 1781 2109 1855">
    <p class='ocr_par' dir='ltr' id='par_1_19' title="bbox 452 1781 2109 1855">
     <span class='ocr_line' id='line_1_19' title="bbox 452 1781 2109 1855; baseline -0.005 -13"><span class='ocrx_word' id='word_1_135' title='bbox 452 1787 710 1855; x_wconf 86' lang='lat' dir='ltr'><strong>scriptum</strong></span> <span class='ocrx_word' id='word_1_136' title='bbox 735 1795 820 1840; x_wconf 91' lang='lat' dir='ltr'><strong>est</strong></span> <span class='ocrx_word' id='word_1_137' title='bbox 844 1802 856 1836; x_wconf 92' lang='lat'><strong>:</strong></span> <span class='ocrx_word' id='word_1_138' title='bbox 897 1803 914 1835; x_wconf 72' lang='grc' dir='ltr'><strong>ι</strong></span> <span class='ocrx_word' id='word_1_139' title='bbox 958 1783 1058 1850; x_wconf 79' lang='lat' dir='ltr'><strong>Qui</strong></span> <span class='ocrx_word' id='word_1_140' title='bbox 1085 1782 1532 1837; x_wconf 83' lang='lat' dir='ltr'><strong>scandalizaverit</strong></span> <span class='ocrx_word' id='word_1_141' title='bbox 1555 1797 1720 1835; x_wconf 92' lang='lat' dir='ltr'><strong>unum</strong></span> <span class='ocrx_word' id='word_1_142' title='bbox 1745 1782 1810 1835; x_wconf 92' lang='lat' dir='ltr'><strong>de</strong></span> <span class='ocrx_word' id='word_1_143' title='bbox 1831 1781 1916 1836; x_wconf 90' lang='lat' dir='ltr'><strong>his</strong></span> <span class='ocrx_word' id='word_1_144' title='bbox 1938 1797 2033 1850; x_wconf 87' lang='lat' dir='ltr'><strong>pn-</strong></span> <span class='ocrx_word' id='word_1_145' title='bbox 2064 1792 2109 1850; x_wconf 79' lang='grc' dir='ltr'><strong>Β</strong></span> 
     </span>
    </p>
   </div>
   <div class='ocr_carea' id='block_1_20' title="bbox 452 1873 2037 1950">
    <p class='ocr_par' dir='ltr' id='par_1_20' title="bbox 452 1873 2037 1950">
     <span class='ocr_line' id='line_1_20' title="bbox 452 1873 2037 1950; baseline -0.006 -15"><span class='ocrx_word' id='word_1_146' title='bbox 452 1882 586 1936; x_wconf 87' lang='lat' dir='ltr'><strong>sillis</strong></span> <span class='ocrx_word' id='word_1_147' title='bbox 599 1881 690 1950; x_wconf 92' lang='lat' dir='ltr'><strong>qui</strong></span> <span class='ocrx_word' id='word_1_148' title='bbox 708 1881 760 1934; x_wconf 90' lang='lat' dir='ltr'><strong>in</strong></span> <span class='ocrx_word' id='word_1_149' title='bbox 776 1893 863 1933; x_wconf 92' lang='lat' dir='ltr'><strong>me</strong></span> <span class='ocrx_word' id='word_1_150' title='bbox 883 1876 1130 1941; x_wconf 89' lang='lat' dir='ltr'><strong>credunt,</strong></span> <span class='ocrx_word' id='word_1_151' title='bbox 1149 1875 1364 1945; x_wconf 80' lang='lat' dir='ltr'><strong>expedit</strong></span> <span class='ocrx_word' id='word_1_152' title='bbox 1379 1875 1428 1930; x_wconf 90' lang='lat' dir='ltr'><strong>ei</strong></span> <span class='ocrx_word' id='word_1_153' title='bbox 1446 1875 1879 1944; x_wconf 87' lang='lat' dir='ltr'><strong>utsuspendatur</strong></span> <span class='ocrx_word' id='word_1_154' title='bbox 1895 1873 2037 1927; x_wconf 87' lang='lat' dir='ltr'><strong>mola</strong></span> 
     </span>
    </p>
   </div>
   <div class='ocr_carea' id='block_1_21' title="bbox 452 1962 2037 2034">
    <p class='ocr_par' dir='ltr' id='par_1_21' title="bbox 452 1962 2037 2034">
     <span class='ocr_line' id='line_1_21' title="bbox 452 1962 2037 2034; baseline -0.005 -10"><span class='ocrx_word' id='word_1_155' title='bbox 452 1971 688 2025; x_wconf 80' lang='lat' dir='ltr'><strong>asinaria</strong></span> <span class='ocrx_word' id='word_1_156' title='bbox 716 1969 768 2022; x_wconf 91' lang='lat' dir='ltr'><strong>in</strong></span> <span class='ocrx_word' id='word_1_157' title='bbox 800 1967 936 2023; x_wconf 91' lang='lat' dir='ltr'><strong>collo</strong></span> <span class='ocrx_word' id='word_1_158' title='bbox 983 1967 1120 2034; x_wconf 84' lang='lat' dir='ltr'><strong>ejus,</strong></span> <span class='ocrx_word' id='word_1_159' title='bbox 1142 1975 1198 2019; x_wconf 90' lang='lat' dir='ltr'><strong>ct</strong></span> <span class='ocrx_word' id='word_1_160' title='bbox 1223 1965 1568 2034; x_wconf 84' lang='lat' dir='ltr'><strong>demergatur</strong></span> <span class='ocrx_word' id='word_1_161' title='bbox 1616 1964 1668 2017; x_wconf 89' lang='lat' dir='ltr'><strong>in</strong></span> <span class='ocrx_word' id='word_1_162' title='bbox 1709 1962 2037 2032; x_wconf 89' lang='lat' dir='ltr'><strong>profundum</strong></span> 
     </span>
    </p>
   </div>
   <div class='ocr_carea' id='block_1_22' title="bbox 453 2053 2038 2130">
    <p class='ocr_par' dir='ltr' id='par_1_22' title="bbox 453 2053 2038 2130">
     <span class='ocr_line' id='line_1_22' title="bbox 453 2053 2038 2130; baseline -0.006 -14"><span class='ocrx_word' id='word_1_163' title='bbox 453 2061 622 2116; x_wconf 86' lang='lat' dir='ltr'><strong>maris</strong></span> <span class='ocrx_word' id='word_1_164' title='bbox 649 2058 862 2130; x_wconf 80' lang='lat' dir='ltr'><strong>(Matth.</strong></span> <span class='ocrx_word' id='word_1_165' title='bbox 896 2059 1074 2126; x_wconf 79' lang='lat' dir='ltr'><strong>xvtn).</strong></span> <span class='ocrx_word' id='word_1_166' title='bbox 1111 2075 1127 2106; x_wconf 84' lang='grc'><strong>›</strong></span> <span class='ocrx_word' id='word_1_167' title='bbox 1162 2055 1388 2126; x_wconf 82' lang='lat' dir='ltr'><strong>Expedit</strong></span> <span class='ocrx_word' id='word_1_168' title='bbox 1420 2063 1602 2108; x_wconf 87' lang='lat' dir='ltr'><strong>autem</strong></span> <span class='ocrx_word' id='word_1_169' title='bbox 1627 2054 1678 2108; x_wconf 91' lang='lat' dir='ltr'><strong>ei</strong></span> <span class='ocrx_word' id='word_1_170' title='bbox 1729 2053 1878 2118; x_wconf 90' lang='lat' dir='ltr'><strong>dicit,</strong></span> <span class='ocrx_word' id='word_1_171' title='bbox 1910 2053 2038 2122; x_wconf 85' lang='lat' dir='ltr'><strong>quia</strong></span> 
     </span>
    </p>
   </div>
   <div class='ocr_carea' id='block_1_23' title="bbox 450 2144 2040 2215">
    <p class='ocr_par' dir='ltr' id='par_1_23' title="bbox 450 2144 2040 2215">
     <span class='ocr_line' id='line_1_23' title="bbox 450 2144 2040 2215; baseline -0.004 -10"><span class='ocrx_word' id='word_1_172' title='bbox 450 2151 624 2206; x_wconf 85' lang='lat' dir='ltr'><strong>multo</strong></span> <span class='ocrx_word' id='word_1_173' title='bbox 656 2149 840 2204; x_wconf 90' lang='lat' dir='ltr'><strong>utilius</strong></span> <span class='ocrx_word' id='word_1_174' title='bbox 866 2155 949 2202; x_wconf 87' lang='lat' dir='ltr'><strong>est</strong></span> <span class='ocrx_word' id='word_1_175' title='bbox 979 2146 1258 2201; x_wconf 85' lang='lat' dir='ltr'><strong>innoxium</strong></span> <span class='ocrx_word' id='word_1_176' title='bbox 1314 2159 1475 2215; x_wconf 86' lang='lat' dir='ltr'><strong>poena</strong></span> <span class='ocrx_word' id='word_1_177' title='bbox 1513 2145 1761 2214; x_wconf 86' lang='lat' dir='ltr'><strong>quamvis</strong></span> <span class='ocrx_word' id='word_1_178' title='bbox 1811 2144 2040 2199; x_wconf 85' lang='lat' dir='ltr'><strong>atrocis—</strong></span> 
     </span>
    </p>
   </div>
   <div class='ocr_carea' id='block_1_24' title="bbox 453 2234 2039 2308">
    <p class='ocr_par' dir='ltr' id='par_1_24' title="bbox 453 2234 2039 2308">
     <span class='ocr_line' id='line_1_24' title="bbox 453 2234 2039 2308; baseline -0.004 -15"><span class='ocrx_word' id='word_1_179' title='bbox 453 2241 612 2303; x_wconf 88' lang='lat' dir='ltr'><strong>sima,</strong></span> <span class='ocrx_word' id='word_1_180' title='bbox 631 2236 910 2308; x_wconf 89' lang='lat' dir='ltr'><strong>temporali</strong></span> <span class='ocrx_word' id='word_1_181' title='bbox 935 2245 1132 2299; x_wconf 90' lang='lat' dir='ltr'><strong>tamen,</strong></span> <span class='ocrx_word' id='word_1_182' title='bbox 1155 2237 1316 2290; x_wconf 86' lang='lat' dir='ltr'><strong>vitam</strong></span> <span class='ocrx_word' id='word_1_183' title='bbox 1346 2234 1500 2290; x_wconf 90' lang='lat' dir='ltr'><strong>ﬁnire</strong></span> <span class='ocrx_word' id='word_1_184' title='bbox 1522 2249 1860 2303; x_wconf 89' lang='lat' dir='ltr'><strong>corpoream,</strong></span> <span class='ocrx_word' id='word_1_185' title='bbox 1877 2249 2039 2303; x_wconf 90' lang='lat' dir='ltr'><strong>quam</strong></span> 
     </span>
    </p>
   </div>
   <div class='ocr_carea' id='block_1_25' title="bbox 453 2326 2000 2396">
    <p class='ocr_par' dir='ltr' id='par_1_25' title="bbox 453 2326 2000 2396">
     <span class='ocr_line' id='line_1_25' title="bbox 453 2326 2000 2396; baseline -0.005 -12"><span class='ocrx_word' id='word_1_186' title='bbox 453 2330 695 2386; x_wconf 71' lang='lat' dir='ltr'><strong>laedendo</strong></span> <span class='ocrx_word' id='word_1_187' title='bbox 719 2328 940 2384; x_wconf 85' lang='lat' dir='ltr'><strong>fratrem</strong></span> <span class='ocrx_word' id='word_1_188' title='bbox 965 2336 1193 2382; x_wconf 90' lang='lat' dir='ltr'><strong>mortem</strong></span> <span class='ocrx_word' id='word_1_189' title='bbox 1219 2326 1414 2380; x_wconf 70' lang='lat' dir='ltr'><strong>animae</strong></span> <span class='ocrx_word' id='word_1_190' title='bbox 1443 2327 1640 2381; x_wconf 90' lang='lat' dir='ltr'><strong>mereri</strong></span> <span class='ocrx_word' id='word_1_191' title='bbox 1664 2334 2000 2396; x_wconf 89' lang='lat' dir='ltr'><strong>perpetuam.</strong></span> 
     </span>
    </p>
   </div>
   <div class='ocr_carea' id='block_1_26' title="bbox 531 2417 2039 2489">
    <p class='ocr_par' dir='ltr' id='par_1_26' title="bbox 531 2417 2039 2489">
     <span class='ocr_line' id='line_1_26' title="bbox 531 2417 2039 2489; baseline 0 -17"><span class='ocrx_word' id='word_1_192' title='bbox 531 2439 549 2472; x_wconf 84' lang='grc'><em>‹</em></span> <span class='ocrx_word' id='word_1_193' title='bbox 585 2419 675 2474; x_wconf 72' lang='lat' dir='ltr'><strong>Vir</strong></span> <span class='ocrx_word' id='word_1_194' title='bbox 698 2420 992 2489; x_wconf 81' lang='lat' dir='ltr'><strong>respiciens</strong></span> <span class='ocrx_word' id='word_1_195' title='bbox 1026 2419 1078 2473; x_wconf 92' lang='lat' dir='ltr'><strong>in</strong></span> <span class='ocrx_word' id='word_1_196' title='bbox 1113 2434 1352 2474; x_wconf 89' lang='lat' dir='ltr'><strong>mensam</strong></span> <span class='ocrx_word' id='word_1_197' title='bbox 1377 2418 1630 2482; x_wconf 85' lang='lat' dir='ltr'><strong>alienam,</strong></span> <span class='ocrx_word' id='word_1_198' title='bbox 1659 2434 1764 2472; x_wconf 92' lang='lat' dir='ltr'><strong>non</strong></span> <span class='ocrx_word' id='word_1_199' title='bbox 1812 2426 1898 2473; x_wconf 91' lang='lat' dir='ltr'><strong>est</strong></span> <span class='ocrx_word' id='word_1_200' title='bbox 1929 2417 2039 2472; x_wconf 86' lang='lat' dir='ltr'><strong>vita</strong></span> 
     </span>
    </p>
   </div>
   <div class='ocr_carea' id='block_1_27' title="bbox 459 2509 2038 2580">
    <p class='ocr_par' dir='ltr' id='par_1_27' title="bbox 459 2509 2038 2580">
     <span class='ocr_line' id='line_1_27' title="bbox 459 2509 2038 2580; baseline 0 -17"><span class='ocrx_word' id='word_1_201' title='bbox 459 2531 477 2563; x_wconf 78' lang='grc' dir='ltr'><strong>ι</strong></span> <span class='ocrx_word' id='word_1_202' title='bbox 507 2509 623 2580; x_wconf 89' lang='lat' dir='ltr'><strong>ejus</strong></span> <span class='ocrx_word' id='word_1_203' title='bbox 651 2511 704 2565; x_wconf 93' lang='lat' dir='ltr'><strong>in</strong></span> <span class='ocrx_word' id='word_1_204' title='bbox 732 2510 1055 2580; x_wconf 77' lang='lat' dir='ltr'><strong>cogitatione</strong></span> <span class='ocrx_word' id='word_1_205' title='bbox 1080 2509 1252 2564; x_wconf 88' lang='lat' dir='ltr'><strong>victus</strong></span> <span class='ocrx_word' id='word_1_206' title='bbox 1278 2528 1290 2563; x_wconf 86' lang='lat'><strong>:</strong></span> <span class='ocrx_word' id='word_1_207' title='bbox 1325 2509 1419 2563; x_wconf 86' lang='lat' dir='ltr'><strong>alit</strong></span> <span class='ocrx_word' id='word_1_208' title='bbox 1441 2510 1586 2564; x_wconf 90' lang='lat' dir='ltr'><strong>enim</strong></span> <span class='ocrx_word' id='word_1_209' title='bbox 1626 2510 1862 2564; x_wconf 89' lang='lat' dir='ltr'><strong>animam</strong></span> <span class='ocrx_word' id='word_1_210' title='bbox 1885 2523 2038 2564; x_wconf 82' lang='lat' dir='ltr'><strong>suam</strong></span> 
     </span>
    </p>
   </div>
   <div class='ocr_carea' id='block_1_28' title="bbox 461 2600 2042 2672">
    <p class='ocr_par' dir='ltr' id='par_1_28' title="bbox 461 2600 2042 2672">
     <span class='ocr_line' id='line_1_28' title="bbox 461 2600 2042 2672; baseline 0.001 -19"><span class='ocrx_word' id='word_1_211' title='bbox 461 2621 479 2653; x_wconf 75' lang='grc' dir='ltr'><strong>ι</strong></span> <span class='ocrx_word' id='word_1_212' title='bbox 515 2603 650 2658; x_wconf 89' lang='lat' dir='ltr'><strong>cibis</strong></span> <span class='ocrx_word' id='word_1_213' title='bbox 670 2602 881 2657; x_wconf 89' lang='lat' dir='ltr'><strong>alienis.</strong></span> <span class='ocrx_word' id='word_1_214' title='bbox 911 2620 931 2654; x_wconf 72' lang='grc' dir='ltr'><strong>ι</strong></span> <span class='ocrx_word' id='word_1_215' title='bbox 964 2600 1198 2656; x_wconf 87' lang='lat' dir='ltr'><strong>Stultum</strong></span> <span class='ocrx_word' id='word_1_216' title='bbox 1230 2609 1315 2656; x_wconf 88' lang='lat' dir='ltr'><strong>est</strong></span> <span class='ocrx_word' id='word_1_217' title='bbox 1346 2615 1474 2672; x_wconf 86' lang='lat' dir='ltr'><strong>ergo</strong></span> <span class='ocrx_word' id='word_1_218' title='bbox 1504 2609 1564 2655; x_wconf 90' lang='lat' dir='ltr'><strong>ut</strong></span> <span class='ocrx_word' id='word_1_219' title='bbox 1592 2600 1819 2670; x_wconf 87' lang='lat' dir='ltr'><strong>quilibet</strong></span> <span class='ocrx_word' id='word_1_220' title='bbox 1846 2607 2042 2658; x_wconf 88' lang='lat' dir='ltr'><strong>semet-</strong></span> 
     </span>
    </p>
   </div>
   <div class='ocr_carea' id='block_1_29' title="bbox 455 2689 2042 2763">
    <p class='ocr_par' dir='ltr' id='par_1_29' title="bbox 455 2689 2042 2763">
     <span class='ocr_line' id='line_1_29' title="bbox 455 2689 2042 2763; baseline -0.001 -17"><span class='ocrx_word' id='word_1_221' title='bbox 455 2693 631 2763; x_wconf 88' lang='lat' dir='ltr'><strong>ipsum</strong></span> <span class='ocrx_word' id='word_1_222' title='bbox 661 2693 717 2747; x_wconf 90' lang='lat' dir='ltr'><strong>in</strong></span> <span class='ocrx_word' id='word_1_223' title='bbox 741 2693 882 2747; x_wconf 88' lang='lat' dir='ltr'><strong>bona</strong></span> <span class='ocrx_word' id='word_1_224' title='bbox 908 2690 1226 2761; x_wconf 88' lang='lat' dir='ltr'><strong>operatione</strong></span> <span class='ocrx_word' id='word_1_225' title='bbox 1266 2704 1524 2747; x_wconf 77' lang='lat' dir='ltr'><strong>exercere</strong></span> <span class='ocrx_word' id='word_1_226' title='bbox 1568 2689 1840 2761; x_wconf 86' lang='lat' dir='ltr'><strong>negligat,</strong></span> <span class='ocrx_word' id='word_1_227' title='bbox 1879 2698 1935 2745; x_wconf 87' lang='lat' dir='ltr'><strong>et</strong></span> <span class='ocrx_word' id='word_1_228' title='bbox 1974 2689 2042 2745; x_wconf 89' lang='lat' dir='ltr'><strong>de</strong></span> 
     </span>
    </p>
   </div>
   <div class='ocr_carea' id='block_1_30' title="bbox 455 2779 2041 2852">
    <p class='ocr_par' dir='ltr' id='par_1_30' title="bbox 455 2779 2041 2852">
     <span class='ocr_line' id='line_1_30' title="bbox 455 2779 2041 2852; baseline -0.001 -14"><span class='ocrx_word' id='word_1_229' title='bbox 455 2785 631 2840; x_wconf 90' lang='lat' dir='ltr'><strong>alieno</strong></span> <span class='ocrx_word' id='word_1_230' title='bbox 661 2785 846 2840; x_wconf 88' lang='lat' dir='ltr'><strong>labore</strong></span> <span class='ocrx_word' id='word_1_231' title='bbox 897 2783 1000 2839; x_wconf 89' lang='lat' dir='ltr'><strong>sibi</strong></span> <span class='ocrx_word' id='word_1_232' title='bbox 1031 2783 1334 2838; x_wconf 88' lang='lat' dir='ltr'><strong>mercedem</strong></span> <span class='ocrx_word' id='word_1_233' title='bbox 1387 2789 1632 2852; x_wconf 55' lang='lat' dir='ltr'><strong>quaerat,</strong></span> <span class='ocrx_word' id='word_1_234' title='bbox 1691 2797 1813 2838; x_wconf 90' lang='lat' dir='ltr'><strong>cum</strong></span> <span class='ocrx_word' id='word_1_235' title='bbox 1861 2779 2041 2849; x_wconf 87' lang='lat' dir='ltr'><strong>justus</strong></span> 
     </span>
    </p>
   </div>
   <div class='ocr_carea' id='block_1_31' title="bbox 451 2871 2040 2945">
    <p class='ocr_par' dir='ltr' id='par_1_31' title="bbox 451 2871 2040 2945">
     <span class='ocr_line' id='line_1_31' title="bbox 451 2871 2040 2945; baseline -0.001 -17"><span class='ocrx_word' id='word_1_236' title='bbox 451 2874 615 2945; x_wconf 82' lang='lat' dir='ltr'><strong>jndex</strong></span> <span class='ocrx_word' id='word_1_237' title='bbox 641 2874 930 2943; x_wconf 88' lang='lat' dir='ltr'><strong>unicuique</strong></span> <span class='ocrx_word' id='word_1_238' title='bbox 974 2872 1166 2929; x_wconf 88' lang='lat' dir='ltr'><strong>reddat</strong></span> <span class='ocrx_word' id='word_1_239' title='bbox 1210 2874 1509 2928; x_wconf 88' lang='lat' dir='ltr'><strong>secundum</strong></span> <span class='ocrx_word' id='word_1_240' title='bbox 1545 2887 1708 2942; x_wconf 88' lang='lat' dir='ltr'><strong>opera</strong></span> <span class='ocrx_word' id='word_1_241' title='bbox 1738 2887 1856 2926; x_wconf 89' lang='lat' dir='ltr'><strong>sua.</strong></span> <span class='ocrx_word' id='word_1_242' title='bbox 1887 2871 2040 2928; x_wconf 89' lang='lat' dir='ltr'><strong>Unde</strong></span> 
     </span>
    </p>
   </div>
   <div class='ocr_carea' id='block_1_32' title="bbox 455 2964 2040 3035">
    <p class='ocr_par' dir='ltr' id='par_1_32' title="bbox 455 2964 2040 3035">
     <span class='ocr_line' id='line_1_32' title="bbox 455 2964 2040 3035; baseline -0.001 -15"><span class='ocrx_word' id='word_1_243' title='bbox 455 2967 510 3020; x_wconf 90' lang='lat' dir='ltr'><strong>in</strong></span> <span class='ocrx_word' id='word_1_244' title='bbox 540 2965 830 3035; x_wconf 83' lang='lat' dir='ltr'><strong>Evangelio</strong></span> <span class='ocrx_word' id='word_1_245' title='bbox 859 2964 1038 3019; x_wconf 76' lang='lat' dir='ltr'><strong>stulta:</strong></span> <span class='ocrx_word' id='word_1_246' title='bbox 1071 2964 1310 3035; x_wconf 87' lang='lat' dir='ltr'><strong>virgines</strong></span> <span class='ocrx_word' id='word_1_247' title='bbox 1336 3005 1351 3029; x_wconf 90' lang='lat'><strong>,</strong></span> <span class='ocrx_word' id='word_1_248' title='bbox 1397 2979 1518 3034; x_wconf 83' lang='lat' dir='ltr'><strong>quae</strong></span> <span class='ocrx_word' id='word_1_249' title='bbox 1563 2979 1691 3020; x_wconf 89' lang='lat' dir='ltr'><strong>vasa</strong></span> <span class='ocrx_word' id='word_1_250' title='bbox 1723 2979 1819 3019; x_wconf 91' lang='lat' dir='ltr'><strong>sua</strong></span> <span class='ocrx_word' id='word_1_251' title='bbox 1868 2978 2040 3018; x_wconf 88' lang='lat' dir='ltr'><strong>vacua</strong></span> 
     </span>
    </p>
   </div>
   <div class='ocr_carea' id='block_1_33' title="bbox 453 3053 2037 3130">
    <p class='ocr_par' dir='ltr' id='par_1_33' title="bbox 453 3053 2037 3130">
     <span class='ocr_line' id='line_1_33' title="bbox 453 3053 2037 3130; baseline -0.004 -16"><span class='ocrx_word' id='word_1_252' title='bbox 453 3061 770 3130; x_wconf 85' lang='lat' dir='ltr'><strong>gestabant,</strong></span> <span class='ocrx_word' id='word_1_253' title='bbox 817 3065 877 3112; x_wconf 91' lang='lat' dir='ltr'><strong>et</strong></span> <span class='ocrx_word' id='word_1_254' title='bbox 923 3071 954 3111; x_wconf 91' lang='lat' dir='ltr'><strong>a</strong></span> <span class='ocrx_word' id='word_1_255' title='bbox 993 3056 1350 3126; x_wconf 87' lang='lat' dir='ltr'><strong>prudentibus</strong></span> <span class='ocrx_word' id='word_1_256' title='bbox 1394 3055 1574 3112; x_wconf 91' lang='lat' dir='ltr'><strong>oleum</strong></span> <span class='ocrx_word' id='word_1_257' title='bbox 1630 3053 2037 3118; x_wconf 84' lang='lat' dir='ltr'><strong>mendicabant,</strong></span> 
     </span>
    </p>
   </div>
   <div class='ocr_carea' id='block_1_34' title="bbox 2139 506 3742 579">
    <p class='ocr_par' dir='ltr' id='par_1_34' title="bbox 2139 506 3742 579">
     <span class='ocr_line' id='line_1_34' title="bbox 2139 506 3742 579; baseline 0.006 -18"><span class='ocrx_word' id='word_1_258' title='bbox 2139 506 2300 576; x_wconf 84' lang='lat' dir='ltr'><strong>hujus</strong></span> <span class='ocrx_word' id='word_1_259' title='bbox 2329 508 2515 561; x_wconf 87' lang='lat' dir='ltr'><strong>mundi</strong></span> <span class='ocrx_word' id='word_1_260' title='bbox 2567 516 2624 562; x_wconf 91' lang='lat' dir='ltr'><strong>et</strong></span> <span class='ocrx_word' id='word_1_261' title='bbox 2653 508 2964 562; x_wconf 81' lang='lat' dir='ltr'><strong>divitiarum</strong></span> <span class='ocrx_word' id='word_1_262' title='bbox 3000 519 3212 579; x_wconf 68' lang='lat' dir='ltr'><strong>quaestu</strong></span> <span class='ocrx_word' id='word_1_263' title='bbox 3263 512 3555 579; x_wconf 86' lang='lat' dir='ltr'><strong>innititur,</strong></span> <span class='ocrx_word' id='word_1_264' title='bbox 3594 530 3742 571; x_wconf 80' lang='lat' dir='ltr'><strong>mors</strong></span> 
     </span>
    </p>
   </div>
   <div class='ocr_carea' id='block_1_35' title="bbox 2137 599 3742 672">
    <p class='ocr_par' dir='ltr' id='par_1_35' title="bbox 2137 599 3742 672">
     <span class='ocr_line' id='line_1_35' title="bbox 2137 599 3742 672; baseline 0.004 -20"><span class='ocrx_word' id='word_1_265' title='bbox 2137 599 2319 652; x_wconf 84' lang='lat' dir='ltr'><strong>carnis</strong></span> <span class='ocrx_word' id='word_1_266' title='bbox 2353 600 2498 670; x_wconf 68' lang='lat' dir='ltr'><strong>(qua:</strong></span> <span class='ocrx_word' id='word_1_267' title='bbox 2534 599 2837 669; x_wconf 88' lang='lat' dir='ltr'><strong>corporalis</strong></span> <span class='ocrx_word' id='word_1_268' title='bbox 2858 601 2982 653; x_wconf 77' lang='lat' dir='ltr'><strong>vita:</strong></span> <span class='ocrx_word' id='word_1_269' title='bbox 3013 602 3278 656; x_wconf 88' lang='lat' dir='ltr'><strong>terminus</strong></span> <span class='ocrx_word' id='word_1_270' title='bbox 3304 605 3414 672; x_wconf 89' lang='lat' dir='ltr'><strong>est)</strong></span> <span class='ocrx_word' id='word_1_271' title='bbox 3445 618 3633 658; x_wconf 87' lang='lat' dir='ltr'><strong>amara</strong></span> <span class='ocrx_word' id='word_1_272' title='bbox 3666 607 3742 660; x_wconf 88' lang='lat' dir='ltr'><strong>illi</strong></span> 
     </span>
    </p>
   </div>
   <div class='ocr_carea' id='block_1_36' title="bbox 2137 687 3740 760">
    <p class='ocr_par' dir='ltr' id='par_1_36' title="bbox 2137 687 3740 760">
     <span class='ocr_line' id='line_1_36' title="bbox 2137 687 3740 760; baseline 0.004 -18"><span class='ocrx_word' id='word_1_273' title='bbox 2137 702 2260 742; x_wconf 85' lang='lat' dir='ltr'><strong>esse</strong></span> <span class='ocrx_word' id='word_1_274' title='bbox 2293 687 2526 752; x_wconf 90' lang='lat' dir='ltr'><strong>videtur,</strong></span> <span class='ocrx_word' id='word_1_275' title='bbox 2564 688 2690 758; x_wconf 88' lang='lat' dir='ltr'><strong>quia</strong></span> <span class='ocrx_word' id='word_1_276' title='bbox 2714 687 2839 741; x_wconf 70' lang='lat' dir='ltr'><strong>vitae</strong></span> <span class='ocrx_word' id='word_1_277' title='bbox 2867 687 3063 743; x_wconf 50' lang='lat' dir='ltr'><strong>futura).</strong></span> <span class='ocrx_word' id='word_1_278' title='bbox 3091 691 3287 760; x_wconf 86' lang='lat' dir='ltr'><strong>gaudia</strong></span> <span class='ocrx_word' id='word_1_279' title='bbox 3309 707 3500 747; x_wconf 88' lang='lat' dir='ltr'><strong>amare</strong></span> <span class='ocrx_word' id='word_1_280' title='bbox 3534 695 3740 756; x_wconf 85' lang='lat' dir='ltr'><strong>nescit;</strong></span> 
     </span>
    </p>
   </div>
   <div class='ocr_carea' id='block_1_37' title="bbox 2140 784 3738 858">
    <p class='ocr_par' dir='ltr' id='par_1_37' title="bbox 2140 784 3738 858">
     <span class='ocr_line' id='line_1_37' title="bbox 2140 784 3738 858; baseline 0.003 -19"><span class='ocrx_word' id='word_1_281' title='bbox 2140 785 2232 839; x_wconf 89' lang='lat' dir='ltr'><strong>sed</strong></span> <span class='ocrx_word' id='word_1_282' title='bbox 2257 784 2513 854; x_wconf 90' lang='lat' dir='ltr'><strong>quoniam</strong></span> <span class='ocrx_word' id='word_1_283' title='bbox 2550 785 2784 838; x_wconf 89' lang='lat' dir='ltr'><strong>mundus</strong></span> <span class='ocrx_word' id='word_1_284' title='bbox 2815 785 3014 839; x_wconf 87' lang='lat' dir='ltr'><strong>transit</strong></span> <span class='ocrx_word' id='word_1_285' title='bbox 3043 794 3100 839; x_wconf 88' lang='lat' dir='ltr'><strong>et</strong></span> <span class='ocrx_word' id='word_1_286' title='bbox 3129 787 3579 856; x_wconf 85' lang='lat' dir='ltr'><strong>concupiscentia</strong></span> <span class='ocrx_word' id='word_1_287' title='bbox 3602 787 3738 858; x_wconf 73' lang='lat' dir='ltr'><strong>eius,</strong></span> 
     </span>
    </p>
   </div>
   <div class='ocr_carea' id='block_1_38' title="bbox 2138 879 3739 954">
    <p class='ocr_par' dir='ltr' id='par_1_38' title="bbox 2138 879 3739 954">
     <span class='ocr_line' id='line_1_38' title="bbox 2138 879 3739 954; baseline 0.002 -19"><span class='ocrx_word' id='word_1_288' title='bbox 2138 896 2328 936; x_wconf 89' lang='lat' dir='ltr'><strong>omnes</strong></span> <span class='ocrx_word' id='word_1_289' title='bbox 2350 881 2443 951; x_wconf 90' lang='lat' dir='ltr'><strong>qui</strong></span> <span class='ocrx_word' id='word_1_290' title='bbox 2474 881 2702 950; x_wconf 88' lang='lat' dir='ltr'><strong>diligunt</strong></span> <span class='ocrx_word' id='word_1_291' title='bbox 2734 879 2908 944; x_wconf 91' lang='lat' dir='ltr'><strong>illum,</strong></span> <span class='ocrx_word' id='word_1_292' title='bbox 2940 881 2995 934; x_wconf 89' lang='lat' dir='ltr'><strong>in</strong></span> <span class='ocrx_word' id='word_1_293' title='bbox 3035 879 3248 936; x_wconf 88' lang='lat' dir='ltr'><strong>defectu</strong></span> <span class='ocrx_word' id='word_1_294' title='bbox 3303 882 3423 951; x_wconf 88' lang='lat' dir='ltr'><strong>ejus</strong></span> <span class='ocrx_word' id='word_1_295' title='bbox 3458 883 3739 954; x_wconf 81' lang='lat' dir='ltr'><strong>plangent.</strong></span> 
     </span>
    </p>
   </div>
   <div class='ocr_carea' id='block_1_39' title="bbox 2141 969 3741 1042">
    <p class='ocr_par' dir='ltr' id='par_1_39' title="bbox 2141 969 3741 1042">
     <span class='ocr_line' id='line_1_39' title="bbox 2141 969 3741 1042; baseline 0.001 -16"><span class='ocrx_word' id='word_1_296' title='bbox 2141 970 2295 1026; x_wconf 90' lang='lat' dir='ltr'><strong>Unde</strong></span> <span class='ocrx_word' id='word_1_297' title='bbox 2323 969 2376 1023; x_wconf 91' lang='lat' dir='ltr'><strong>in</strong></span> <span class='ocrx_word' id='word_1_298' title='bbox 2407 969 2726 1040; x_wconf 83' lang='lat' dir='ltr'><strong>Apocalypsi</strong></span> <span class='ocrx_word' id='word_1_299' title='bbox 2757 978 2880 1038; x_wconf 88' lang='lat' dir='ltr'><strong>post</strong></span> <span class='ocrx_word' id='word_1_300' title='bbox 2907 971 3315 1025; x_wconf 85' lang='lat' dir='ltr'><strong>subversionem</strong></span> <span class='ocrx_word' id='word_1_301' title='bbox 3342 972 3612 1042; x_wconf 77' lang='lat' dir='ltr'><strong>Spiritalis</strong></span> <span class='ocrx_word' id='word_1_302' title='bbox 3638 974 3741 1028; x_wconf 84' lang='lat' dir='ltr'><strong>Ba-</strong></span> 
     </span>
    </p>
   </div>
   <div class='ocr_carea' id='block_1_40' title="bbox 2140 1058 3739 1130">
    <p class='ocr_par' dir='ltr' id='par_1_40' title="bbox 2140 1058 3739 1130">
     <span class='ocr_line' id='line_1_40' title="bbox 2140 1058 3739 1130; baseline 0.001 -17"><span class='ocrx_word' id='word_1_303' title='bbox 2140 1059 2370 1130; x_wconf 68' lang='lat' dir='ltr'><strong>byloniae</strong></span> <span class='ocrx_word' id='word_1_304' title='bbox 2397 1058 2658 1126; x_wconf 89' lang='lat' dir='ltr'><strong>scriptum</strong></span> <span class='ocrx_word' id='word_1_305' title='bbox 2703 1066 2808 1121; x_wconf 88' lang='lat' dir='ltr'><strong>est,</strong></span> <span class='ocrx_word' id='word_1_306' title='bbox 2833 1058 2972 1126; x_wconf 88' lang='lat' dir='ltr'><strong>quod</strong></span> <span class='ocrx_word' id='word_1_307' title='bbox 3024 1059 3348 1127; x_wconf 84' lang='lat' dir='ltr'><strong>plangerent</strong></span> <span class='ocrx_word' id='word_1_308' title='bbox 3375 1075 3546 1129; x_wconf 89' lang='lat' dir='ltr'><strong>super</strong></span> <span class='ocrx_word' id='word_1_309' title='bbox 3591 1061 3739 1116; x_wconf 73' lang='lat' dir='ltr'><strong>illam</strong></span> 
     </span>
    </p>
   </div>
   <div class='ocr_carea' id='block_1_41' title="bbox 2141 1147 3742 1218">
    <p class='ocr_par' dir='ltr' id='par_1_41' title="bbox 2141 1147 3742 1218">
     <span class='ocr_line' id='line_1_41' title="bbox 2141 1147 3742 1218; baseline 0.001 -15"><span class='ocrx_word' id='word_1_310' title='bbox 2141 1164 2332 1204; x_wconf 89' lang='lat' dir='ltr'><strong>omnes</strong></span> <span class='ocrx_word' id='word_1_311' title='bbox 2358 1165 2514 1218; x_wconf 88' lang='lat' dir='ltr'><strong>reges</strong></span> <span class='ocrx_word' id='word_1_312' title='bbox 2541 1157 2721 1211; x_wconf 69' lang='lat' dir='ltr'><strong>terrae,</strong></span> <span class='ocrx_word' id='word_1_313' title='bbox 2743 1147 2836 1217; x_wconf 89' lang='lat' dir='ltr'><strong>qui</strong></span> <span class='ocrx_word' id='word_1_314' title='bbox 2861 1163 2984 1201; x_wconf 90' lang='lat' dir='ltr'><strong>cum</strong></span> <span class='ocrx_word' id='word_1_315' title='bbox 3021 1147 3110 1201; x_wconf 90' lang='lat' dir='ltr'><strong>illa</strong></span> <span class='ocrx_word' id='word_1_316' title='bbox 3137 1147 3388 1203; x_wconf 81' lang='lat' dir='ltr'><strong>fornicati</strong></span> <span class='ocrx_word' id='word_1_317' title='bbox 3423 1159 3572 1214; x_wconf 91' lang='lat' dir='ltr'><strong>sunt,</strong></span> <span class='ocrx_word' id='word_1_318' title='bbox 3601 1159 3657 1204; x_wconf 88' lang='lat' dir='ltr'><strong>et</strong></span> <span class='ocrx_word' id='word_1_319' title='bbox 3686 1152 3742 1204; x_wconf 83' lang='lat' dir='ltr'><strong>in</strong></span> 
     </span>
    </p>
   </div>
   <div class='ocr_carea' id='block_1_42' title="bbox 2141 1238 3738 1302">
    <p class='ocr_par' dir='ltr' id='par_1_42' title="bbox 2141 1238 3738 1302">
     <span class='ocr_line' id='line_1_42' title="bbox 2141 1238 3738 1302; baseline 0 -8"><span class='ocrx_word' id='word_1_320' title='bbox 2141 1239 2349 1294; x_wconf 87' lang='lat' dir='ltr'><strong>deliciis</strong></span> <span class='ocrx_word' id='word_1_321' title='bbox 2378 1239 2630 1294; x_wconf 83' lang='lat' dir='ltr'><strong>vixerunt</strong></span> <span class='ocrx_word' id='word_1_322' title='bbox 2658 1278 2672 1302; x_wconf 99' lang='lat'><strong>,</strong></span> <span class='ocrx_word' id='word_1_323' title='bbox 2732 1238 3012 1292; x_wconf 86' lang='lat' dir='ltr'><strong>dicentes:</strong></span> <span class='ocrx_word' id='word_1_324' title='bbox 3047 1257 3064 1290; x_wconf 78' lang='grc' dir='ltr'><strong>ι</strong></span> <span class='ocrx_word' id='word_1_325' title='bbox 3097 1238 3211 1301; x_wconf 63' lang='lat' dir='ltr'><strong>Vae,</strong></span> <span class='ocrx_word' id='word_1_326' title='bbox 3245 1253 3340 1301; x_wconf 61' lang='lat' dir='ltr'><strong>vx,</strong></span> <span class='ocrx_word' id='word_1_327' title='bbox 3380 1240 3583 1294; x_wconf 83' lang='lat' dir='ltr'><strong>civitas</strong></span> <span class='ocrx_word' id='word_1_328' title='bbox 3631 1257 3738 1294; x_wconf 84' lang='lat' dir='ltr'><strong>ma-</strong></span> 
     </span>
    </p>
   </div>
   <div class='ocr_carea' id='block_1_43' title="bbox 2143 1325 3739 1398">
    <p class='ocr_par' dir='ltr' id='par_1_43' title="bbox 2143 1325 3739 1398">
     <span class='ocr_line' id='line_1_43' title="bbox 2143 1325 3739 1398; baseline 0.001 -17"><span class='ocrx_word' id='word_1_329' title='bbox 2143 1344 2269 1398; x_wconf 86' lang='lat' dir='ltr'><strong>gna,</strong></span> <span class='ocrx_word' id='word_1_330' title='bbox 2303 1327 2357 1382; x_wconf 92' lang='lat' dir='ltr'><strong>in</strong></span> <span class='ocrx_word' id='word_1_331' title='bbox 2381 1343 2488 1397; x_wconf 90' lang='lat' dir='ltr'><strong>qua</strong></span> <span class='ocrx_word' id='word_1_332' title='bbox 2531 1327 2726 1382; x_wconf 77' lang='lat' dir='ltr'><strong>divites</strong></span> <span class='ocrx_word' id='word_1_333' title='bbox 2771 1325 2898 1381; x_wconf 84' lang='lat' dir='ltr'><strong>facti</strong></span> <span class='ocrx_word' id='word_1_334' title='bbox 2927 1334 3054 1382; x_wconf 92' lang='lat' dir='ltr'><strong>sunt</strong></span> <span class='ocrx_word' id='word_1_335' title='bbox 3079 1341 3268 1381; x_wconf 89' lang='lat' dir='ltr'><strong>omnes</strong></span> <span class='ocrx_word' id='word_1_336' title='bbox 3298 1328 3389 1396; x_wconf 90' lang='lat' dir='ltr'><strong>qui</strong></span> <span class='ocrx_word' id='word_1_337' title='bbox 3419 1327 3625 1383; x_wconf 86' lang='lat' dir='ltr'><strong>habent</strong></span> <span class='ocrx_word' id='word_1_338' title='bbox 3651 1345 3739 1382; x_wconf 84' lang='lat' dir='ltr'><strong>na-</strong></span> 
     </span>
    </p>
   </div>
   <div class='ocr_carea' id='block_1_44' title="bbox 2143 1417 3737 1489">
    <p class='ocr_par' dir='ltr' id='par_1_44' title="bbox 2143 1417 3737 1489">
     <span class='ocr_line' id='line_1_44' title="bbox 2143 1417 3737 1489; baseline 0 -15"><span class='ocrx_word' id='word_1_339' title='bbox 2143 1436 2238 1475; x_wconf 87' lang='lat' dir='ltr'><strong>ves</strong></span> <span class='ocrx_word' id='word_1_340' title='bbox 2269 1419 2322 1474; x_wconf 93' lang='lat' dir='ltr'><strong>in</strong></span> <span class='ocrx_word' id='word_1_341' title='bbox 2354 1419 2490 1473; x_wconf 89' lang='lat' dir='ltr'><strong>mari</strong></span> <span class='ocrx_word' id='word_1_342' title='bbox 2531 1419 2598 1474; x_wconf 89' lang='lat' dir='ltr'><strong>de</strong></span> <span class='ocrx_word' id='word_1_343' title='bbox 2626 1419 2814 1489; x_wconf 91' lang='lat' dir='ltr'><strong>pretiis</strong></span> <span class='ocrx_word' id='word_1_344' title='bbox 2843 1417 2996 1487; x_wconf 86' lang='lat' dir='ltr'><strong>ejus:</strong></span> <span class='ocrx_word' id='word_1_345' title='bbox 3029 1418 3284 1488; x_wconf 89' lang='lat' dir='ltr'><strong>quoniam</strong></span> <span class='ocrx_word' id='word_1_346' title='bbox 3330 1435 3439 1474; x_wconf 89' lang='lat' dir='ltr'><strong>una</strong></span> <span class='ocrx_word' id='word_1_347' title='bbox 3486 1420 3622 1474; x_wconf 82' lang='lat' dir='ltr'><strong>hora</strong></span> <span class='ocrx_word' id='word_1_348' title='bbox 3653 1421 3737 1474; x_wconf 83' lang='lat' dir='ltr'><strong>de-</strong></span> 
     </span>
    </p>
   </div>
   <div class='ocr_carea' id='block_1_45' title="bbox 2144 1508 3732 1582">
    <p class='ocr_par' dir='ltr' id='par_1_45' title="bbox 2144 1508 3732 1582">
     <span class='ocr_line' id='line_1_45' title="bbox 2144 1508 3732 1582; baseline -0.001 -15"><span class='ocrx_word' id='word_1_349' title='bbox 2144 1511 2317 1567; x_wconf 85' lang='lat' dir='ltr'><strong>solata</strong></span> <span class='ocrx_word' id='word_1_350' title='bbox 2348 1518 2432 1566; x_wconf 91' lang='lat' dir='ltr'><strong>est</strong></span> <span class='ocrx_word' id='word_1_351' title='bbox 2476 1508 2660 1581; x_wconf 82' lang='lat' dir='ltr'><strong>(Apoc.</strong></span> <span class='ocrx_word' id='word_1_352' title='bbox 2700 1509 2883 1578; x_wconf 82' lang='lat' dir='ltr'><strong>xvm).</strong></span> <span class='ocrx_word' id='word_1_353' title='bbox 2925 1530 2944 1561; x_wconf 73' lang='grc' dir='ltr'><strong>ι</strong></span> <span class='ocrx_word' id='word_1_354' title='bbox 2973 1510 3244 1564; x_wconf 63' lang='lat' dir='ltr'><strong>Caeterum</strong></span> <span class='ocrx_word' id='word_1_355' title='bbox 3301 1511 3435 1580; x_wconf 89' lang='lat' dir='ltr'><strong>quid</strong></span> <span class='ocrx_word' id='word_1_356' title='bbox 3486 1511 3557 1567; x_wconf 87' lang='lat' dir='ltr'><strong>de</strong></span> <span class='ocrx_word' id='word_1_357' title='bbox 3599 1529 3732 1582; x_wconf 87' lang='lat' dir='ltr'><strong>pau-</strong></span> 
     </span>
    </p>
   </div>
   <div class='ocr_carea' id='block_1_46' title="bbox 2140 1599 3735 1674">
    <p class='ocr_par' dir='ltr' id='par_1_46' title="bbox 2140 1599 3735 1674">
     <span class='ocr_line' id='line_1_46' title="bbox 2140 1599 3735 1674; baseline 0.001 -20"><span class='ocrx_word' id='word_1_358' title='bbox 2140 1601 2360 1672; x_wconf 90' lang='lat' dir='ltr'><strong>peribus</strong></span> <span class='ocrx_word' id='word_1_359' title='bbox 2379 1599 2579 1655; x_wconf 88' lang='lat' dir='ltr'><strong>Christi</strong></span> <span class='ocrx_word' id='word_1_360' title='bbox 2610 1608 2665 1654; x_wconf 90' lang='lat' dir='ltr'><strong>et</strong></span> <span class='ocrx_word' id='word_1_361' title='bbox 2705 1599 3010 1655; x_wconf 67' lang='lat' dir='ltr'><strong>hieredibus</strong></span> <span class='ocrx_word' id='word_1_362' title='bbox 3045 1600 3226 1655; x_wconf 73' lang='lat' dir='ltr'><strong>szcculi</strong></span> <span class='ocrx_word' id='word_1_363' title='bbox 3271 1603 3490 1658; x_wconf 82' lang='lat' dir='ltr'><strong>venturi</strong></span> <span class='ocrx_word' id='word_1_364' title='bbox 3540 1619 3735 1674; x_wconf 79' lang='lat' dir='ltr'><strong>sequa-</strong></span> 
     </span>
    </p>
   </div>
   <div class='ocr_carea' id='block_1_47' title="bbox 2143 1692 2576 1759">
    <p class='ocr_par' dir='ltr' id='par_1_47' title="bbox 2143 1692 2576 1759">
     <span class='ocr_line' id='line_1_47' title="bbox 2143 1692 2576 1759; baseline -0.007 -11"><span class='ocrx_word' id='word_1_365' title='bbox 2143 1703 2248 1759; x_wconf 88' lang='lat' dir='ltr'><strong>tur,</strong></span> <span class='ocrx_word' id='word_1_366' title='bbox 2273 1692 2576 1747; x_wconf 87' lang='lat' dir='ltr'><strong>audiamus.</strong></span> 
     </span>
    </p>
   </div>
   <div class='ocr_carea' id='block_1_48' title="bbox 2213 1782 3730 1854">
    <p class='ocr_par' dir='ltr' id='par_1_48' title="bbox 2213 1782 3730 1854">
     <span class='ocr_line' id='line_1_48' title="bbox 2213 1782 3730 1854; baseline 0.001 -19"><span class='ocrx_word' id='word_1_367' title='bbox 2213 1803 2231 1835; x_wconf 72' lang='grc' dir='ltr'><strong>ι</strong></span> <span class='ocrx_word' id='word_1_368' title='bbox 2266 1783 2310 1841; x_wconf 92' lang='lat'><strong>0</strong></span> <span class='ocrx_word' id='word_1_369' title='bbox 2341 1799 2506 1849; x_wconf 90' lang='lat' dir='ltr'><strong>mors,</strong></span> <span class='ocrx_word' id='word_1_370' title='bbox 2531 1799 2690 1853; x_wconf 88' lang='lat' dir='ltr'><strong>quam</strong></span> <span class='ocrx_word' id='word_1_371' title='bbox 2715 1782 2914 1837; x_wconf 91' lang='lat' dir='ltr'><strong>bonum</strong></span> <span class='ocrx_word' id='word_1_372' title='bbox 2943 1792 3027 1838; x_wconf 90' lang='lat' dir='ltr'><strong>est</strong></span> <span class='ocrx_word' id='word_1_373' title='bbox 3043 1783 3306 1854; x_wconf 90' lang='lat' dir='ltr'><strong>judicium</strong></span> <span class='ocrx_word' id='word_1_374' title='bbox 3341 1792 3496 1836; x_wconf 86' lang='lat' dir='ltr'><strong>tuum</strong></span> <span class='ocrx_word' id='word_1_375' title='bbox 3531 1783 3730 1837; x_wconf 75' lang='lat' dir='ltr'><strong>homini</strong></span> 
     </span>
    </p>
   </div>
   <div class='ocr_carea' id='block_1_49' title="bbox 2146 1877 3731 1948">
    <p class='ocr_par' dir='ltr' id='par_1_49' title="bbox 2146 1877 3731 1948">
     <span class='ocr_line' id='line_1_49' title="bbox 2146 1877 3731 1948; baseline 0.001 -20"><span class='ocrx_word' id='word_1_376' title='bbox 2146 1897 2164 1928; x_wconf 73' lang='grc' dir='ltr'><strong>ι</strong></span> <span class='ocrx_word' id='word_1_377' title='bbox 2194 1877 2484 1948; x_wconf 82' lang='lat' dir='ltr'><strong>indigenti;</strong></span> <span class='ocrx_word' id='word_1_378' title='bbox 2519 1887 2574 1930; x_wconf 91' lang='lat' dir='ltr'><strong>et</strong></span> <span class='ocrx_word' id='word_1_379' title='bbox 2598 1877 2688 1946; x_wconf 89' lang='lat' dir='ltr'><strong>qui</strong></span> <span class='ocrx_word' id='word_1_380' title='bbox 2716 1877 3017 1930; x_wconf 85' lang='lat' dir='ltr'><strong>minoratur</strong></span> <span class='ocrx_word' id='word_1_381' title='bbox 3043 1877 3268 1939; x_wconf 89' lang='lat' dir='ltr'><strong>viribus,</strong></span> <span class='ocrx_word' id='word_1_382' title='bbox 3300 1877 3522 1930; x_wconf 79' lang='lat' dir='ltr'><strong>deferto</strong></span> <span class='ocrx_word' id='word_1_383' title='bbox 3547 1887 3731 1940; x_wconf 66' lang='lat' dir='ltr'><strong>aetate;</strong></span> 
     </span>
    </p>
   </div>
   <div class='ocr_carea' id='block_1_50' title="bbox 2145 1966 3729 2037">
    <p class='ocr_par' dir='ltr' id='par_1_50' title="bbox 2145 1966 3729 2037">
     <span class='ocr_line' id='line_1_50' title="bbox 2145 1966 3729 2037; baseline 0.001 -19"><span class='ocrx_word' id='word_1_384' title='bbox 2145 1985 2163 2018; x_wconf 72' lang='grc' dir='ltr'><strong>ε</strong></span> <span class='ocrx_word' id='word_1_385' title='bbox 2197 1975 2253 2022; x_wconf 91' lang='lat' dir='ltr'><strong>et</strong></span> <span class='ocrx_word' id='word_1_386' title='bbox 2278 1967 2362 2022; x_wconf 91' lang='lat' dir='ltr'><strong>cui</strong></span> <span class='ocrx_word' id='word_1_387' title='bbox 2385 1967 2451 2022; x_wconf 91' lang='lat' dir='ltr'><strong>de</strong></span> <span class='ocrx_word' id='word_1_388' title='bbox 2472 1966 2723 2022; x_wconf 90' lang='lat' dir='ltr'><strong>omnibus</strong></span> <span class='ocrx_word' id='word_1_389' title='bbox 2750 1981 2882 2020; x_wconf 90' lang='lat' dir='ltr'><strong>cura</strong></span> <span class='ocrx_word' id='word_1_390' title='bbox 2909 1975 3024 2032; x_wconf 90' lang='lat' dir='ltr'><strong>est;</strong></span> <span class='ocrx_word' id='word_1_391' title='bbox 3074 1975 3130 2021; x_wconf 87' lang='lat' dir='ltr'><strong>et</strong></span> <span class='ocrx_word' id='word_1_392' title='bbox 3158 1967 3462 2022; x_wconf 91' lang='lat' dir='ltr'><strong>incredibili</strong></span> <span class='ocrx_word' id='word_1_393' title='bbox 3492 1969 3586 2034; x_wconf 85' lang='lat' dir='ltr'><strong>qui</strong></span> <span class='ocrx_word' id='word_1_394' title='bbox 3612 1984 3729 2037; x_wconf 83' lang='lat' dir='ltr'><strong>per-</strong></span> 
     </span>
    </p>
   </div>
   <div class='ocr_carea' id='block_1_51' title="bbox 2145 2055 3732 2126">
    <p class='ocr_par' dir='ltr' id='par_1_51' title="bbox 2145 2055 3732 2126">
     <span class='ocr_line' id='line_1_51' title="bbox 2145 2055 3732 2126; baseline 0.002 -17"><span class='ocrx_word' id='word_1_395' title='bbox 2145 2075 2164 2109; x_wconf 74' lang='grc' dir='ltr'><strong>ι</strong></span> <span class='ocrx_word' id='word_1_396' title='bbox 2196 2058 2275 2111; x_wconf 90' lang='lat' dir='ltr'><strong>dit</strong></span> <span class='ocrx_word' id='word_1_397' title='bbox 2302 2057 2642 2126; x_wconf 89' lang='lat' dir='ltr'><strong>patientiam!</strong></span> <span class='ocrx_word' id='word_1_398' title='bbox 2686 2075 2702 2106; x_wconf 76' lang='grc' dir='ltr'><strong>ι</strong></span> <span class='ocrx_word' id='word_1_399' title='bbox 2740 2055 2943 2110; x_wconf 84' lang='lat' dir='ltr'><strong>Bonum</strong></span> <span class='ocrx_word' id='word_1_400' title='bbox 2970 2065 3054 2110; x_wconf 87' lang='lat' dir='ltr'><strong>est</strong></span> <span class='ocrx_word' id='word_1_401' title='bbox 3093 2071 3222 2126; x_wconf 86' lang='lat' dir='ltr'><strong>ergo</strong></span> <span class='ocrx_word' id='word_1_402' title='bbox 3248 2057 3557 2112; x_wconf 82' lang='lat' dir='ltr'><strong>cultoribus</strong></span> <span class='ocrx_word' id='word_1_403' title='bbox 3575 2057 3732 2112; x_wconf 86' lang='lat' dir='ltr'><strong>Chri-</strong></span> 
     </span>
    </p>
   </div>
   <div class='ocr_carea' id='block_1_52' title="bbox 2139 2144 3729 2216">
    <p class='ocr_par' dir='ltr' id='par_1_52' title="bbox 2139 2144 3729 2216">
     <span class='ocr_line' id='line_1_52' title="bbox 2139 2144 3729 2216; baseline -0.001 -15"><span class='ocrx_word' id='word_1_404' title='bbox 2139 2146 2209 2202; x_wconf 88' lang='lat' dir='ltr'><strong>sti</strong></span> <span class='ocrx_word' id='word_1_405' title='bbox 2236 2145 2486 2200; x_wconf 89' lang='lat' dir='ltr'><strong>meditari</strong></span> <span class='ocrx_word' id='word_1_406' title='bbox 2537 2144 2804 2213; x_wconf 90' lang='lat' dir='ltr'><strong>judicium</strong></span> <span class='ocrx_word' id='word_1_407' title='bbox 2857 2145 3049 2199; x_wconf 89' lang='lat' dir='ltr'><strong>mortis</strong></span> <span class='ocrx_word' id='word_1_408' title='bbox 3097 2146 3428 2216; x_wconf 70' lang='lat' dir='ltr'><strong>praesentis,</strong></span> <span class='ocrx_word' id='word_1_409' title='bbox 3480 2147 3729 2215; x_wconf 82' lang='lat' dir='ltr'><strong>quoniam</strong></span> 
     </span>
    </p>
   </div>
   <div class='ocr_carea' id='block_1_53' title="bbox 2138 2234 3731 2307">
    <p class='ocr_par' dir='ltr' id='par_1_53' title="bbox 2138 2234 3731 2307">
     <span class='ocr_line' id='line_1_53' title="bbox 2138 2234 3731 2307; baseline -0.001 -17"><span class='ocrx_word' id='word_1_410' title='bbox 2138 2251 2236 2307; x_wconf 92' lang='lat' dir='ltr'><strong>per</strong></span> <span class='ocrx_word' id='word_1_411' title='bbox 2267 2237 2441 2306; x_wconf 91' lang='lat' dir='ltr'><strong>ipsum</strong></span> <span class='ocrx_word' id='word_1_412' title='bbox 2469 2244 2752 2290; x_wconf 88' lang='lat' dir='ltr'><strong>transeunt</strong></span> <span class='ocrx_word' id='word_1_413' title='bbox 2780 2234 2845 2288; x_wconf 90' lang='lat' dir='ltr'><strong>ad</strong></span> <span class='ocrx_word' id='word_1_414' title='bbox 2876 2236 3040 2288; x_wconf 88' lang='lat' dir='ltr'><strong>vitam</strong></span> <span class='ocrx_word' id='word_1_415' title='bbox 3064 2245 3347 2300; x_wconf 73' lang='lat' dir='ltr'><strong>aeternam,</strong></span> <span class='ocrx_word' id='word_1_416' title='bbox 3378 2237 3478 2305; x_wconf 89' lang='lat' dir='ltr'><strong>qui</strong></span> <span class='ocrx_word' id='word_1_417' title='bbox 3529 2251 3731 2307; x_wconf 84' lang='lat' dir='ltr'><strong>paupe-</strong></span> 
     </span>
    </p>
   </div>
   <div class='ocr_carea' id='block_1_54' title="bbox 2141 2327 3731 2397">
    <p class='ocr_par' dir='ltr' id='par_1_54' title="bbox 2141 2327 3731 2397">
     <span class='ocr_line' id='line_1_54' title="bbox 2141 2327 3731 2397; baseline 0 -15"><span class='ocrx_word' id='word_1_418' title='bbox 2141 2344 2231 2384; x_wconf 87' lang='lat' dir='ltr'><strong>res</strong></span> <span class='ocrx_word' id='word_1_419' title='bbox 2257 2337 2383 2382; x_wconf 91' lang='lat' dir='ltr'><strong>sunt</strong></span> <span class='ocrx_word' id='word_1_420' title='bbox 2409 2335 2464 2380; x_wconf 91' lang='lat' dir='ltr'><strong>et</strong></span> <span class='ocrx_word' id='word_1_421' title='bbox 2491 2327 2794 2397; x_wconf 87' lang='lat' dir='ltr'><strong>indigentes</strong></span> <span class='ocrx_word' id='word_1_422' title='bbox 2829 2327 2881 2380; x_wconf 92' lang='lat' dir='ltr'><strong>in</strong></span> <span class='ocrx_word' id='word_1_423' title='bbox 2913 2327 3074 2382; x_wconf 89' lang='lat' dir='ltr'><strong>rebus</strong></span> <span class='ocrx_word' id='word_1_424' title='bbox 3101 2329 3356 2393; x_wconf 87' lang='lat' dir='ltr'><strong>terrenis,</strong></span> <span class='ocrx_word' id='word_1_425' title='bbox 3395 2345 3528 2384; x_wconf 91' lang='lat' dir='ltr'><strong>cum</strong></span> <span class='ocrx_word' id='word_1_426' title='bbox 3557 2333 3731 2384; x_wconf 82' lang='lat' dir='ltr'><strong>omnia</strong></span> 
     </span>
    </p>
   </div>
   <div class='ocr_carea' id='block_1_55' title="bbox 2140 2416 3735 2486">
    <p class='ocr_par' dir='ltr' id='par_1_55' title="bbox 2140 2416 3735 2486">
     <span class='ocr_line' id='line_1_55' title="bbox 2140 2416 3735 2486; baseline 0.001 -13"><span class='ocrx_word' id='word_1_427' title='bbox 2140 2432 2238 2473; x_wconf 83' lang='lat' dir='ltr'><strong>sua</strong></span> <span class='ocrx_word' id='word_1_428' title='bbox 2283 2416 2688 2486; x_wconf 87' lang='lat' dir='ltr'><strong>dereliquerunt</strong></span> <span class='ocrx_word' id='word_1_429' title='bbox 2750 2425 2971 2486; x_wconf 91' lang='lat' dir='ltr'><strong>pr0pter</strong></span> <span class='ocrx_word' id='word_1_430' title='bbox 3020 2417 3338 2484; x_wconf 83' lang='lat' dir='ltr'><strong>Christum,</strong></span> <span class='ocrx_word' id='word_1_431' title='bbox 3392 2420 3735 2475; x_wconf 74' lang='lat' dir='ltr'><strong>minor-ator</strong></span> 
     </span>
    </p>
   </div>
   <div class='ocr_carea' id='block_1_56' title="bbox 2140 2507 3731 2577">
    <p class='ocr_par' dir='ltr' id='par_1_56' title="bbox 2140 2507 3731 2577">
     <span class='ocr_line' id='line_1_56' title="bbox 2140 2507 3731 2577; baseline 0.003 -16"><span class='ocrx_word' id='word_1_432' title='bbox 2140 2509 2352 2564; x_wconf 90' lang='lat' dir='ltr'><strong>viribus</strong></span> <span class='ocrx_word' id='word_1_433' title='bbox 2379 2527 2392 2561; x_wconf 93' lang='lat'><strong>:</strong></span> <span class='ocrx_word' id='word_1_434' title='bbox 2424 2507 2676 2577; x_wconf 90' lang='lat' dir='ltr'><strong>quoniam</strong></span> <span class='ocrx_word' id='word_1_435' title='bbox 2709 2508 2988 2562; x_wconf 85' lang='lat' dir='ltr'><strong>humiliter</strong></span> <span class='ocrx_word' id='word_1_436' title='bbox 3012 2510 3328 2576; x_wconf 87' lang='lat' dir='ltr'><strong>sentientes,</strong></span> <span class='ocrx_word' id='word_1_437' title='bbox 3365 2528 3480 2565; x_wconf 80' lang='lat' dir='ltr'><strong>non</strong></span> <span class='ocrx_word' id='word_1_438' title='bbox 3510 2513 3577 2566; x_wconf 84' lang='lat' dir='ltr'><strong>de</strong></span> <span class='ocrx_word' id='word_1_439' title='bbox 3603 2513 3731 2565; x_wconf 80' lang='lat' dir='ltr'><strong>viri-</strong></span> 
     </span>
    </p>
   </div>
   <div class='ocr_carea' id='block_1_57' title="bbox 2142 2600 3733 2671">
    <p class='ocr_par' dir='ltr' id='par_1_57' title="bbox 2142 2600 3733 2671">
     <span class='ocr_line' id='line_1_57' title="bbox 2142 2600 3733 2671; baseline -0.001 -14"><span class='ocrx_word' id='word_1_440' title='bbox 2142 2603 2244 2658; x_wconf 90' lang='lat' dir='ltr'><strong>bus</strong></span> <span class='ocrx_word' id='word_1_441' title='bbox 2287 2601 2543 2671; x_wconf 90' lang='lat' dir='ltr'><strong>pr0priis,</strong></span> <span class='ocrx_word' id='word_1_442' title='bbox 2572 2600 2667 2655; x_wconf 89' lang='lat' dir='ltr'><strong>sed</strong></span> <span class='ocrx_word' id='word_1_443' title='bbox 2717 2601 2784 2655; x_wconf 89' lang='lat' dir='ltr'><strong>de</strong></span> <span class='ocrx_word' id='word_1_444' title='bbox 2831 2601 3071 2670; x_wconf 88' lang='lat' dir='ltr'><strong>potentia</strong></span> <span class='ocrx_word' id='word_1_445' title='bbox 3094 2601 3376 2657; x_wconf 86' lang='lat' dir='ltr'><strong>conﬁdunt</strong></span> <span class='ocrx_word' id='word_1_446' title='bbox 3417 2603 3733 2666; x_wconf 84' lang='lat' dir='ltr'><strong>Salvatoris,</strong></span> 
     </span>
    </p>
   </div>
   <div class='ocr_carea' id='block_1_58' title="bbox 2141 2692 3739 2765">
    <p class='ocr_par' dir='ltr' id='par_1_58' title="bbox 2141 2692 3739 2765">
     <span class='ocr_line' id='line_1_58' title="bbox 2141 2692 3739 2765; baseline -0.002 -17"><span class='ocrx_word' id='word_1_447' title='bbox 2141 2694 2232 2765; x_wconf 90' lang='lat' dir='ltr'><strong>qui</strong></span> <span class='ocrx_word' id='word_1_448' title='bbox 2263 2694 2522 2750; x_wconf 89' lang='lat' dir='ltr'><strong>deﬁciunt</strong></span> <span class='ocrx_word' id='word_1_449' title='bbox 2546 2699 2724 2756; x_wconf 80' lang='lat' dir='ltr'><strong>:etate,</strong></span> <span class='ocrx_word' id='word_1_450' title='bbox 2755 2693 2881 2762; x_wconf 87' lang='lat' dir='ltr'><strong>quia</strong></span> <span class='ocrx_word' id='word_1_451' title='bbox 2926 2692 2980 2746; x_wconf 92' lang='lat' dir='ltr'><strong>in</strong></span> <span class='ocrx_word' id='word_1_452' title='bbox 3019 2701 3166 2747; x_wconf 76' lang='lat' dir='ltr'><strong>recta</strong></span> <span class='ocrx_word' id='word_1_453' title='bbox 3213 2702 3576 2762; x_wconf 88' lang='lat' dir='ltr'><strong>perseverant</strong></span> <span class='ocrx_word' id='word_1_454' title='bbox 3620 2710 3739 2746; x_wconf 82' lang='lat' dir='ltr'><strong>con-</strong></span> 
     </span>
    </p>
   </div>
   <div class='ocr_carea' id='block_1_59' title="bbox 2142 2782 3729 2854">
    <p class='ocr_par' dir='ltr' id='par_1_59' title="bbox 2142 2782 3729 2854">
     <span class='ocr_line' id='line_1_59' title="bbox 2142 2782 3729 2854; baseline -0.001 -16"><span class='ocrx_word' id='word_1_455' title='bbox 2142 2785 2462 2840; x_wconf 83' lang='lat' dir='ltr'><strong>versatione.</strong></span> <span class='ocrx_word' id='word_1_456' title='bbox 2488 2783 2566 2837; x_wconf 93' lang='lat' dir='ltr'><strong>De</strong></span> <span class='ocrx_word' id='word_1_457' title='bbox 2599 2797 2829 2851; x_wconf 89' lang='lat' dir='ltr'><strong>quorum</strong></span> <span class='ocrx_word' id='word_1_458' title='bbox 2863 2798 2972 2836; x_wconf 91' lang='lat' dir='ltr'><strong>uno</strong></span> <span class='ocrx_word' id='word_1_459' title='bbox 3005 2782 3059 2836; x_wconf 92' lang='lat' dir='ltr'><strong>in</strong></span> <span class='ocrx_word' id='word_1_460' title='bbox 3084 2782 3280 2838; x_wconf 82' lang='lat' dir='ltr'><strong>Genesi</strong></span> <span class='ocrx_word' id='word_1_461' title='bbox 3308 2784 3583 2854; x_wconf 89' lang='lat' dir='ltr'><strong>scriptum</strong></span> <span class='ocrx_word' id='word_1_462' title='bbox 3612 2793 3690 2838; x_wconf 88' lang='lat' dir='ltr'><strong>est</strong></span> <span class='ocrx_word' id='word_1_463' title='bbox 3718 2802 3729 2836; x_wconf 95' lang='lat'><strong>:</strong></span> 
     </span>
    </p>
   </div>
   <div class='ocr_carea' id='block_1_60' title="bbox 2147 2871 3735 2943">
    <p class='ocr_par' dir='ltr' id='par_1_60' title="bbox 2147 2871 3735 2943">
     <span class='ocr_line' id='line_1_60' title="bbox 2147 2871 3735 2943; baseline 0 -17"><span class='ocrx_word' id='word_1_464' title='bbox 2147 2893 2166 2926; x_wconf 73' lang='grc' dir='ltr'><strong>ι</strong></span> <span class='ocrx_word' id='word_1_465' title='bbox 2199 2874 2442 2929; x_wconf 89' lang='lat' dir='ltr'><strong>Fuerunt</strong></span> <span class='ocrx_word' id='word_1_466' title='bbox 2468 2882 2648 2928; x_wconf 89' lang='lat' dir='ltr'><strong>autem</strong></span> <span class='ocrx_word' id='word_1_467' title='bbox 2679 2871 2796 2926; x_wconf 89' lang='lat' dir='ltr'><strong>dies</strong></span> <span class='ocrx_word' id='word_1_468' title='bbox 2835 2873 2960 2926; x_wconf 72' lang='lat' dir='ltr'><strong>vita:</strong></span> <span class='ocrx_word' id='word_1_469' title='bbox 2995 2871 3244 2935; x_wconf 65' lang='lat' dir='ltr'><strong>Abrahae,</strong></span> <span class='ocrx_word' id='word_1_470' title='bbox 3266 2883 3493 2928; x_wconf 89' lang='lat' dir='ltr'><strong>centum</strong></span> <span class='ocrx_word' id='word_1_471' title='bbox 3520 2884 3735 2943; x_wconf 85' lang='lat' dir='ltr'><strong>septua-</strong></span> 
     </span>
    </p>
   </div>
   <div class='ocr_carea' id='block_1_61' title="bbox 2143 2962 3737 3037">
    <p class='ocr_par' dir='ltr' id='par_1_61' title="bbox 2143 2962 3737 3037">
     <span class='ocr_line' id='line_1_61' title="bbox 2143 2962 3737 3037; baseline 0.001 -18"><span class='ocrx_word' id='word_1_472' title='bbox 2143 2966 2287 3037; x_wconf 87' lang='lat' dir='ltr'><strong>ginta</strong></span> <span class='ocrx_word' id='word_1_473' title='bbox 2318 2963 2560 3034; x_wconf 89' lang='lat' dir='ltr'><strong>quinque</strong></span> <span class='ocrx_word' id='word_1_474' title='bbox 2587 2962 2716 3016; x_wconf 91' lang='lat' dir='ltr'><strong>anni</strong></span> <span class='ocrx_word' id='word_1_475' title='bbox 2743 2980 2756 3015; x_wconf 91' lang='lat'><strong>:</strong></span> <span class='ocrx_word' id='word_1_476' title='bbox 2787 2972 2843 3016; x_wconf 90' lang='lat' dir='ltr'><strong>et</strong></span> <span class='ocrx_word' id='word_1_477' title='bbox 2869 2963 3124 3019; x_wconf 84' lang='lat' dir='ltr'><strong>deﬁciens</strong></span> <span class='ocrx_word' id='word_1_478' title='bbox 3154 2973 3400 3019; x_wconf 89' lang='lat' dir='ltr'><strong>mortuus</strong></span> <span class='ocrx_word' id='word_1_479' title='bbox 3434 2975 3523 3020; x_wconf 90' lang='lat' dir='ltr'><strong>est</strong></span> <span class='ocrx_word' id='word_1_480' title='bbox 3560 2967 3612 3020; x_wconf 90' lang='lat' dir='ltr'><strong>in</strong></span> <span class='ocrx_word' id='word_1_481' title='bbox 3655 2982 3737 3020; x_wconf 80' lang='lat' dir='ltr'><strong>se-</strong></span> 
     </span>
    </p>
   </div>
   <div class='ocr_carea' id='block_1_62' title="bbox 2145 3054 3738 3125">
    <p class='ocr_par' dir='ltr' id='par_1_62' title="bbox 2145 3054 3738 3125">
     <span class='ocr_line' id='line_1_62' title="bbox 2145 3054 3738 3125; baseline -0.001 -15"><span class='ocrx_word' id='word_1_482' title='bbox 2145 3063 2362 3110; x_wconf 89' lang='lat' dir='ltr'><strong>nectute</strong></span> <span class='ocrx_word' id='word_1_483' title='bbox 2413 3054 2552 3109; x_wconf 88' lang='lat' dir='ltr'><strong>bona</strong></span> <span class='ocrx_word' id='word_1_484' title='bbox 2581 3093 2596 3116; x_wconf 95' lang='lat'><strong>,</strong></span> <span class='ocrx_word' id='word_1_485' title='bbox 2651 3060 3028 3122; x_wconf 63' lang='lat' dir='ltr'><strong>provectaeque</strong></span> <span class='ocrx_word' id='word_1_486' title='bbox 3071 3054 3264 3118; x_wconf 63' lang='lat' dir='ltr'><strong>aetatis,</strong></span> <span class='ocrx_word' id='word_1_487' title='bbox 3296 3063 3355 3107; x_wconf 90' lang='lat' dir='ltr'><strong>et</strong></span> <span class='ocrx_word' id='word_1_488' title='bbox 3400 3055 3602 3125; x_wconf 84' lang='lat' dir='ltr'><strong>plenus</strong></span> <span class='ocrx_word' id='word_1_489' title='bbox 3627 3056 3738 3108; x_wconf 89' lang='lat' dir='ltr'><strong>die—</strong></span> 
     </span>
    </p>
   </div>
   <div class='ocr_carea' id='block_1_63' title="bbox 454 3142 3739 3216">
    <p class='ocr_par' dir='ltr' id='par_1_63' title="bbox 454 3142 3739 3216">
     <span class='ocr_line' id='line_1_63' title="bbox 454 3142 3739 3216; baseline -0.002 -10"><span class='ocrx_word' id='word_1_490' title='bbox 454 3151 696 3206; x_wconf 85' lang='lat' dir='ltr'><strong>dicentes</strong></span> <span class='ocrx_word' id='word_1_491' title='bbox 722 3168 735 3204; x_wconf 89' lang='lat'><strong>:</strong></span> <span class='ocrx_word' id='word_1_492' title='bbox 773 3167 791 3200; x_wconf 85' lang='grc'><strong>‹</strong></span> <span class='ocrx_word' id='word_1_493' title='bbox 827 3149 962 3203; x_wconf 90' lang='lat' dir='ltr'><strong>Date</strong></span> <span class='ocrx_word' id='word_1_494' title='bbox 989 3147 1145 3202; x_wconf 89' lang='lat' dir='ltr'><strong>nobis</strong></span> <span class='ocrx_word' id='word_1_495' title='bbox 1169 3145 1236 3200; x_wconf 92' lang='lat' dir='ltr'><strong>de</strong></span> <span class='ocrx_word' id='word_1_496' title='bbox 1264 3145 1384 3201; x_wconf 86' lang='lat' dir='ltr'><strong>oleo</strong></span> <span class='ocrx_word' id='word_1_497' title='bbox 1433 3155 1635 3210; x_wconf 91' lang='lat' dir='ltr'><strong>vestro,</strong></span> <span class='ocrx_word' id='word_1_498' title='bbox 1665 3144 1792 3214; x_wconf 84' lang='lat' dir='ltr'><strong>quia</strong></span> <span class='ocrx_word' id='word_1_499' title='bbox 1832 3143 2040 3212; x_wconf 89' lang='lat' dir='ltr'><strong>lampa-</strong></span> <span class='ocrx_word' id='word_1_500' title='bbox 2069 3142 2114 3204; x_wconf 90' lang='lat' dir='ltr'><strong>C</strong></span> <span class='ocrx_word' id='word_1_501' title='bbox 2147 3161 2265 3200; x_wconf 91' lang='lat' dir='ltr'><strong>rum</strong></span> <span class='ocrx_word' id='word_1_502' title='bbox 2293 3143 2446 3216; x_wconf 85' lang='lat' dir='ltr'><strong>(Gen.</strong></span> <span class='ocrx_word' id='word_1_503' title='bbox 2479 3144 2630 3214; x_wconf 79' lang='lat' dir='ltr'><strong>xxv).</strong></span> <span class='ocrx_word' id='word_1_504' title='bbox 2664 3163 2682 3197; x_wconf 74' lang='grc' dir='ltr'><strong>ι</strong></span> <span class='ocrx_word' id='word_1_505' title='bbox 2714 3142 2920 3210; x_wconf 83' lang='lat' dir='ltr'><strong>Quibus</strong></span> <span class='ocrx_word' id='word_1_506' title='bbox 2946 3184 2962 3207; x_wconf 94' lang='lat'><strong>,</strong></span> <span class='ocrx_word' id='word_1_507' title='bbox 3005 3144 3200 3214; x_wconf 88' lang='lat' dir='ltr'><strong>inquit,</strong></span> <span class='ocrx_word' id='word_1_508' title='bbox 3231 3143 3298 3199; x_wconf 92' lang='lat' dir='ltr'><strong>de</strong></span> <span class='ocrx_word' id='word_1_509' title='bbox 3323 3145 3587 3202; x_wconf 88' lang='lat' dir='ltr'><strong>omnibus</strong></span> <span class='ocrx_word' id='word_1_510' title='bbox 3614 3162 3739 3202; x_wconf 80' lang='lat' dir='ltr'><strong>cura</strong></span> 
     </span>
    </p>
   </div>
   <div class='ocr_carea' id='block_1_64' title="bbox 455 3234 2044 3307">
    <p class='ocr_par' dir='ltr' id='par_1_64' title="bbox 455 3234 2044 3307">
     <span class='ocr_line' id='line_1_64' title="bbox 455 3234 2044 3307; baseline -0.006 -11"><span class='ocrx_word' id='word_1_511' title='bbox 455 3243 553 3296; x_wconf 90' lang='lat' dir='ltr'><strong>des</strong></span> <span class='ocrx_word' id='word_1_512' title='bbox 581 3249 776 3296; x_wconf 75' lang='lat' dir='ltr'><strong>nostra:</strong></span> <span class='ocrx_word' id='word_1_513' title='bbox 798 3237 1252 3307; x_wconf 72' lang='lat' dir='ltr'><strong>exstinguuntur:</strong></span> <span class='ocrx_word' id='word_1_514' title='bbox 1295 3255 1312 3287; x_wconf 74' lang='grc' dir='ltr'><strong>ι</strong></span> <span class='ocrx_word' id='word_1_515' title='bbox 1348 3235 1454 3289; x_wconf 89' lang='lat' dir='ltr'><strong>tale</strong></span> <span class='ocrx_word' id='word_1_516' title='bbox 1489 3236 1556 3289; x_wconf 91' lang='lat' dir='ltr'><strong>ab</strong></span> <span class='ocrx_word' id='word_1_517' title='bbox 1597 3235 1676 3289; x_wconf 88' lang='lat' dir='ltr'><strong>eis</strong></span> <span class='ocrx_word' id='word_1_518' title='bbox 1707 3234 2044 3303; x_wconf 90' lang='lat' dir='ltr'><strong>accipiebant</strong></span> 
     </span>
    </p>
   </div>
   <div class='ocr_carea' id='block_1_65' title="bbox 457 3323 2039 3400">
    <p class='ocr_par' dir='ltr' id='par_1_65' title="bbox 457 3323 2039 3400">
     <span class='ocr_line' id='line_1_65' title="bbox 457 3323 2039 3400; baseline -0.003 -17"><span class='ocrx_word' id='word_1_519' title='bbox 457 3343 776 3400; x_wconf 87' lang='lat' dir='ltr'><strong>responsum</strong></span> <span class='ocrx_word' id='word_1_520' title='bbox 807 3345 820 3381; x_wconf 89' lang='lat'><strong>:</strong></span> <span class='ocrx_word' id='word_1_521' title='bbox 865 3345 883 3378; x_wconf 77' lang='grc' dir='ltr'><strong>ι</strong></span> <span class='ocrx_word' id='word_1_522' title='bbox 915 3325 992 3380; x_wconf 85' lang='lat' dir='ltr'><strong>Ne</strong></span> <span class='ocrx_word' id='word_1_523' title='bbox 1021 3324 1161 3381; x_wconf 86' lang='lat' dir='ltr'><strong>forte</strong></span> <span class='ocrx_word' id='word_1_524' title='bbox 1193 3340 1300 3380; x_wconf 93' lang='lat' dir='ltr'><strong>non</strong></span> <span class='ocrx_word' id='word_1_525' title='bbox 1331 3324 1562 3380; x_wconf 80' lang='lat' dir='ltr'><strong>sufﬁciat</strong></span> <span class='ocrx_word' id='word_1_526' title='bbox 1591 3325 1746 3379; x_wconf 90' lang='lat' dir='ltr'><strong>nobis</strong></span> <span class='ocrx_word' id='word_1_527' title='bbox 1775 3332 1830 3378; x_wconf 90' lang='lat' dir='ltr'><strong>ct</strong></span> <span class='ocrx_word' id='word_1_528' title='bbox 1856 3323 2039 3387; x_wconf 86' lang='lat' dir='ltr'><strong>vobis,</strong></span> 
     </span>
    </p>
   </div>
   <div class='ocr_carea' id='block_1_66' title="bbox 459 3414 2045 3488">
    <p class='ocr_par' dir='ltr' id='par_1_66' title="bbox 459 3414 2045 3488">
     <span class='ocr_line' id='line_1_66' title="bbox 459 3414 2045 3488; baseline -0.001 -16"><span class='ocrx_word' id='word_1_529' title='bbox 459 3419 532 3474; x_wconf 88' lang='lat' dir='ltr'><strong>ite</strong></span> <span class='ocrx_word' id='word_1_530' title='bbox 557 3418 736 3488; x_wconf 90' lang='lat' dir='ltr'><strong>potius</strong></span> <span class='ocrx_word' id='word_1_531' title='bbox 764 3417 832 3472; x_wconf 87' lang='lat' dir='ltr'><strong>ad</strong></span> <span class='ocrx_word' id='word_1_532' title='bbox 867 3417 1186 3482; x_wconf 90' lang='lat' dir='ltr'><strong>vendentes,</strong></span> <span class='ocrx_word' id='word_1_533' title='bbox 1215 3422 1271 3470; x_wconf 90' lang='lat' dir='ltr'><strong>et</strong></span> <span class='ocrx_word' id='word_1_534' title='bbox 1300 3415 1467 3470; x_wconf 91' lang='lat' dir='ltr'><strong>emite</strong></span> <span class='ocrx_word' id='word_1_535' title='bbox 1495 3414 1667 3471; x_wconf 90' lang='lat' dir='ltr'><strong>vobis.</strong></span> <span class='ocrx_word' id='word_1_536' title='bbox 1701 3415 1834 3470; x_wconf 91' lang='lat' dir='ltr'><strong>Dum</strong></span> <span class='ocrx_word' id='word_1_537' title='bbox 1863 3424 2045 3471; x_wconf 89' lang='lat' dir='ltr'><strong>autem</strong></span> 
     </span>
    </p>
   </div>
   <div class='ocr_carea' id='block_1_67' title="bbox 458 3509 2048 3580">
    <p class='ocr_par' dir='ltr' id='par_1_67' title="bbox 458 3509 2048 3580">
     <span class='ocr_line' id='line_1_67' title="bbox 458 3509 2048 3580; baseline -0.002 -14"><span class='ocrx_word' id='word_1_538' title='bbox 458 3511 605 3566; x_wconf 72' lang='lat' dir='ltr'><strong>irent</strong></span> <span class='ocrx_word' id='word_1_539' title='bbox 634 3525 834 3576; x_wconf 85' lang='lat' dir='ltr'><strong>emere,</strong></span> <span class='ocrx_word' id='word_1_540' title='bbox 860 3509 1011 3564; x_wconf 89' lang='lat' dir='ltr'><strong>venit</strong></span> <span class='ocrx_word' id='word_1_541' title='bbox 1034 3524 1284 3579; x_wconf 84' lang='lat' dir='ltr'><strong>sponsus,</strong></span> <span class='ocrx_word' id='word_1_542' title='bbox 1322 3516 1378 3564; x_wconf 92' lang='lat' dir='ltr'><strong>et</strong></span> <span class='ocrx_word' id='word_1_543' title='bbox 1412 3524 1532 3580; x_wconf 75' lang='lat' dir='ltr'><strong>qua:</strong></span> <span class='ocrx_word' id='word_1_544' title='bbox 1553 3517 1756 3580; x_wconf 64' lang='lat' dir='ltr'><strong>paratae</strong></span> <span class='ocrx_word' id='word_1_545' title='bbox 1784 3519 1943 3566; x_wconf 91' lang='lat' dir='ltr'><strong>erant</strong></span> <span class='ocrx_word' id='word_1_546' title='bbox 1965 3510 2048 3564; x_wconf 85' lang='lat' dir='ltr'><strong>in-</strong></span> 
     </span>
    </p>
   </div>
   <div class='ocr_carea' id='block_1_68' title="bbox 459 3597 2048 3670">
    <p class='ocr_par' dir='ltr' id='par_1_68' title="bbox 459 3597 2048 3670">
     <span class='ocr_line' id='line_1_68' title="bbox 459 3597 2048 3670; baseline -0.002 -13"><span class='ocrx_word' id='word_1_547' title='bbox 459 3609 742 3658; x_wconf 82' lang='lat' dir='ltr'><strong>traverunt</strong></span> <span class='ocrx_word' id='word_1_548' title='bbox 766 3615 891 3656; x_wconf 89' lang='lat' dir='ltr'><strong>cum</strong></span> <span class='ocrx_word' id='word_1_549' title='bbox 915 3615 982 3656; x_wconf 87' lang='lat' dir='ltr'><strong>eo</strong></span> <span class='ocrx_word' id='word_1_550' title='bbox 1022 3599 1090 3654; x_wconf 89' lang='lat' dir='ltr'><strong>ad</strong></span> <span class='ocrx_word' id='word_1_551' title='bbox 1119 3599 1369 3670; x_wconf 89' lang='lat' dir='ltr'><strong>nuptias,</strong></span> <span class='ocrx_word' id='word_1_552' title='bbox 1413 3607 1468 3654; x_wconf 91' lang='lat' dir='ltr'><strong>et</strong></span> <span class='ocrx_word' id='word_1_553' title='bbox 1509 3599 1692 3654; x_wconf 89' lang='lat' dir='ltr'><strong>clausa</strong></span> <span class='ocrx_word' id='word_1_554' title='bbox 1749 3607 1834 3654; x_wconf 91' lang='lat' dir='ltr'><strong>est</strong></span> <span class='ocrx_word' id='word_1_555' title='bbox 1879 3597 2048 3668; x_wconf 85' lang='lat' dir='ltr'><strong>janua</strong></span> 
     </span>
    </p>
   </div>
   <div class='ocr_carea' id='block_1_69' title="bbox 458 3690 2047 3766">
    <p class='ocr_par' dir='ltr' id='par_1_69' title="bbox 458 3690 2047 3766">
     <span class='ocr_line' id='line_1_69' title="bbox 458 3690 2047 3766; baseline 0 -18"><span class='ocrx_word' id='word_1_556' title='bbox 458 3694 678 3766; x_wconf 76' lang='lat' dir='ltr'><strong>(Matth.</strong></span> <span class='ocrx_word' id='word_1_557' title='bbox 704 3693 852 3765; x_wconf 81' lang='lat' dir='ltr'><strong>xxv).</strong></span> <span class='ocrx_word' id='word_1_558' title='bbox 885 3711 904 3746; x_wconf 71' lang='grc' dir='ltr'><strong>ι</strong></span> <span class='ocrx_word' id='word_1_559' title='bbox 931 3690 1041 3748; x_wconf 83' lang='lat' dir='ltr'><strong>Nec</strong></span> <span class='ocrx_word' id='word_1_560' title='bbox 1057 3693 1171 3762; x_wconf 85' lang='lat' dir='ltr'><strong>jam</strong></span> <span class='ocrx_word' id='word_1_561' title='bbox 1205 3691 1344 3746; x_wconf 91' lang='lat' dir='ltr'><strong>ultra</strong></span> <span class='ocrx_word' id='word_1_562' title='bbox 1389 3691 1627 3746; x_wconf 90' lang='lat' dir='ltr'><strong>intrandi</strong></span> <span class='ocrx_word' id='word_1_563' title='bbox 1656 3690 1888 3750; x_wconf 79' lang='lat' dir='ltr'><strong>facultas</strong></span> <span class='ocrx_word' id='word_1_564' title='bbox 1942 3691 2047 3748; x_wconf 91' lang='lat' dir='ltr'><strong>illis</strong></span> 
     </span>
    </p>
   </div>
   <div class='ocr_carea' id='block_1_70' title="bbox 457 3781 2046 3854">
    <p class='ocr_par' dir='ltr' id='par_1_70' title="bbox 457 3781 2046 3854">
     <span class='ocr_line' id='line_1_70' title="bbox 457 3781 2046 3854; baseline -0.003 -14"><span class='ocrx_word' id='word_1_565' title='bbox 457 3785 704 3850; x_wconf 83' lang='lat' dir='ltr'><strong>dabatur,</strong></span> <span class='ocrx_word' id='word_1_566' title='bbox 737 3798 856 3854; x_wconf 70' lang='lat' dir='ltr'><strong>qua:</strong></span> <span class='ocrx_word' id='word_1_567' title='bbox 899 3791 1103 3854; x_wconf 65' lang='lat' dir='ltr'><strong>paratae</strong></span> <span class='ocrx_word' id='word_1_568' title='bbox 1148 3782 1218 3837; x_wconf 87' lang='lat' dir='ltr'><strong>ad</strong></span> <span class='ocrx_word' id='word_1_569' title='bbox 1262 3781 1477 3852; x_wconf 90' lang='lat' dir='ltr'><strong>nuptias</strong></span> <span class='ocrx_word' id='word_1_570' title='bbox 1519 3797 1643 3837; x_wconf 90' lang='lat' dir='ltr'><strong>cum</strong></span> <span class='ocrx_word' id='word_1_571' title='bbox 1679 3781 1895 3837; x_wconf 67' lang='lat' dir='ltr'><strong>caeteris</strong></span> <span class='ocrx_word' id='word_1_572' title='bbox 1938 3797 2046 3838; x_wconf 92' lang='lat' dir='ltr'><strong>non</strong></span> 
     </span>
    </p>
   </div>
   <div class='ocr_carea' id='block_1_71' title="bbox 459 3875 872 3930">
    <p class='ocr_par' dir='ltr' id='par_1_71' title="bbox 459 3875 872 3930">
     <span class='ocr_line' id='line_1_71' title="bbox 459 3875 872 3930; baseline -0.005 0"><span class='ocrx_word' id='word_1_573' title='bbox 459 3875 872 3930; x_wconf 89' lang='lat' dir='ltr'><strong>inveniebantur</strong></span> 
     </span>
    </p>
   </div>
   <div class='ocr_carea' id='block_1_72' title="bbox 534 3960 2050 4033">
    <p class='ocr_par' dir='ltr' id='par_1_72' title="bbox 534 3960 2050 4033">
     <span class='ocr_line' id='line_1_72' title="bbox 534 3960 2050 4033; baseline 0.001 -17"><span class='ocrx_word' id='word_1_574' title='bbox 534 3983 552 4015; x_wconf 76' lang='grc' dir='ltr'>σ</span> <span class='ocrx_word' id='word_1_575' title='bbox 592 3960 690 4017; x_wconf 83' lang='lat' dir='ltr'><strong>Vir</strong></span> <span class='ocrx_word' id='word_1_576' title='bbox 736 3973 916 4018; x_wconf 89' lang='lat' dir='ltr'><strong>autem</strong></span> <span class='ocrx_word' id='word_1_577' title='bbox 962 3961 1333 4033; x_wconf 89' lang='lat' dir='ltr'><strong>disciplinatus</strong></span> <span class='ocrx_word' id='word_1_578' title='bbox 1379 3971 1435 4019; x_wconf 91' lang='lat' dir='ltr'><strong>et</strong></span> <span class='ocrx_word' id='word_1_579' title='bbox 1485 3963 1729 4019; x_wconf 90' lang='lat' dir='ltr'><strong>eruditus</strong></span> <span class='ocrx_word' id='word_1_580' title='bbox 1779 3962 2050 4019; x_wconf 86' lang='lat' dir='ltr'><strong>custodiet</strong></span> 
     </span>
    </p>
   </div>
   <div class='ocr_carea' id='block_1_73' title="bbox 465 4050 2050 4124">
    <p class='ocr_par' dir='ltr' id='par_1_73' title="bbox 465 4050 2050 4124">
     <span class='ocr_line' id='line_1_73' title="bbox 465 4050 2050 4124; baseline 0.003 -20"><span class='ocrx_word' id='word_1_581' title='bbox 465 4070 483 4104; x_wconf 73' lang='grc' dir='ltr'><strong>ι</strong></span> <span class='ocrx_word' id='word_1_582' title='bbox 523 4067 602 4108; x_wconf 93' lang='lat' dir='ltr'><strong>se.</strong></span> <span class='ocrx_word' id='word_1_583' title='bbox 639 4071 658 4104; x_wconf 84' lang='grc'>›</span> <span class='ocrx_word' id='word_1_584' title='bbox 694 4050 975 4108; x_wconf 90' lang='lat' dir='ltr'><strong>Custodiet</strong></span> <span class='ocrx_word' id='word_1_585' title='bbox 1003 4052 1184 4121; x_wconf 86' lang='lat' dir='ltr'><strong>itaque</strong></span> <span class='ocrx_word' id='word_1_586' title='bbox 1229 4069 1288 4108; x_wconf 90' lang='lat' dir='ltr'><strong>se</strong></span> <span class='ocrx_word' id='word_1_587' title='bbox 1333 4067 1401 4108; x_wconf 92' lang='lat' dir='ltr'><strong>ne</strong></span> <span class='ocrx_word' id='word_1_588' title='bbox 1439 4054 1645 4109; x_wconf 88' lang='lat' dir='ltr'><strong>otiosus</strong></span> <span class='ocrx_word' id='word_1_589' title='bbox 1693 4057 1766 4109; x_wconf 91' lang='lat' dir='ltr'><strong>sit</strong></span> <span class='ocrx_word' id='word_1_590' title='bbox 1806 4063 2050 4124; x_wconf 88' lang='lat' dir='ltr'><strong>tempore</strong></span> 
     </span>
    </p>
   </div>
   <div class='ocr_carea' id='block_1_74' title="bbox 459 4141 2050 4213">
    <p class='ocr_par' dir='ltr' id='par_1_74' title="bbox 459 4141 2050 4213">
     <span class='ocr_line' id='line_1_74' title="bbox 459 4141 2050 4213; baseline 0 -16"><span class='ocrx_word' id='word_1_591' title='bbox 459 4151 784 4212; x_wconf 90' lang='lat' dir='ltr'><strong>opportuno,</strong></span> <span class='ocrx_word' id='word_1_592' title='bbox 823 4141 876 4196; x_wconf 90' lang='lat' dir='ltr'><strong>in</strong></span> <span class='ocrx_word' id='word_1_593' title='bbox 932 4156 1039 4210; x_wconf 85' lang='lat' dir='ltr'><strong>quo</strong></span> <span class='ocrx_word' id='word_1_594' title='bbox 1089 4142 1215 4197; x_wconf 91' lang='lat' dir='ltr'><strong>licet</strong></span> <span class='ocrx_word' id='word_1_595' title='bbox 1262 4143 1511 4212; x_wconf 91' lang='lat' dir='ltr'><strong>operari,</strong></span> <span class='ocrx_word' id='word_1_596' title='bbox 1567 4161 1636 4198; x_wconf 89' lang='lat' dir='ltr'><strong>ne</strong></span> <span class='ocrx_word' id='word_1_597' title='bbox 1663 4144 1787 4198; x_wconf 90' lang='lat' dir='ltr'><strong>dum</strong></span> <span class='ocrx_word' id='word_1_598' title='bbox 1841 4152 2050 4213; x_wconf 89' lang='lat' dir='ltr'><strong>tempus</strong></span> 
     </span>
    </p>
   </div>
   <div class='ocr_carea' id='block_1_75' title="bbox 457 4233 2049 4304">
    <p class='ocr_par' dir='ltr' id='par_1_75' title="bbox 457 4233 2049 4304">
     <span class='ocr_line' id='line_1_75' title="bbox 457 4233 2049 4304; baseline 0.001 -18"><span class='ocrx_word' id='word_1_599' title='bbox 457 4233 724 4304; x_wconf 62' lang='lat' dir='ltr'><strong>praeterit,</strong></span> <span class='ocrx_word' id='word_1_600' title='bbox 775 4233 954 4302; x_wconf 85' lang='lat' dir='ltr'><strong>inopia</strong></span> <span class='ocrx_word' id='word_1_601' title='bbox 983 4241 1354 4298; x_wconf 89' lang='lat' dir='ltr'><strong>consumatur,</strong></span> <span class='ocrx_word' id='word_1_602' title='bbox 1386 4234 1482 4289; x_wconf 88' lang='lat' dir='ltr'><strong>sed</strong></span> <span class='ocrx_word' id='word_1_603' title='bbox 1532 4234 1706 4304; x_wconf 89' lang='lat' dir='ltr'><strong>magis</strong></span> <span class='ocrx_word' id='word_1_604' title='bbox 1751 4250 1851 4304; x_wconf 88' lang='lat' dir='ltr'><strong>pro</strong></span> <span class='ocrx_word' id='word_1_605' title='bbox 1893 4233 2049 4289; x_wconf 90' lang='lat' dir='ltr'><strong>bonis</strong></span> 
     </span>
    </p>
   </div>
   <div class='ocr_carea' id='block_1_76' title="bbox 460 4324 2052 4394">
    <p class='ocr_par' dir='ltr' id='par_1_76' title="bbox 460 4324 2052 4394">
     <span class='ocr_line' id='line_1_76' title="bbox 460 4324 2052 4394; baseline 0 -14"><span class='ocrx_word' id='word_1_606' title='bbox 460 4325 673 4382; x_wconf 89' lang='lat' dir='ltr'><strong>actibus</strong></span> <span class='ocrx_word' id='word_1_607' title='bbox 706 4325 985 4394; x_wconf 90' lang='lat' dir='ltr'><strong>multiplici</strong></span> <span class='ocrx_word' id='word_1_608' title='bbox 1021 4325 1267 4380; x_wconf 88' lang='lat' dir='ltr'><strong>mercede</strong></span> <span class='ocrx_word' id='word_1_609' title='bbox 1292 4325 1525 4392; x_wconf 90' lang='lat' dir='ltr'><strong>ditetur;</strong></span> <span class='ocrx_word' id='word_1_610' title='bbox 1561 4326 1703 4382; x_wconf 92' lang='lat' dir='ltr'><strong>sicut</strong></span> <span class='ocrx_word' id='word_1_611' title='bbox 1741 4341 1932 4381; x_wconf 88' lang='lat' dir='ltr'><strong>servus</strong></span> <span class='ocrx_word' id='word_1_612' title='bbox 1963 4324 2052 4380; x_wconf 92' lang='lat' dir='ltr'><strong>ille</strong></span> 
     </span>
    </p>
   </div>
   <div class='ocr_carea' id='block_1_77' title="bbox 460 4413 2048 4488">
    <p class='ocr_par' dir='ltr' id='par_1_77' title="bbox 460 4413 2048 4488">
     <span class='ocr_line' id='line_1_77' title="bbox 460 4413 2048 4488; baseline -0.003 -16"><span class='ocrx_word' id='word_1_613' title='bbox 460 4415 823 4488; x_wconf 85' lang='lat' dir='ltr'><strong>evangelicus,</strong></span> <span class='ocrx_word' id='word_1_614' title='bbox 848 4415 994 4485; x_wconf 89' lang='lat' dir='ltr'><strong>quia</strong></span> <span class='ocrx_word' id='word_1_615' title='bbox 1030 4413 1256 4470; x_wconf 91' lang='lat' dir='ltr'><strong>Domino</strong></span> <span class='ocrx_word' id='word_1_616' title='bbox 1305 4429 1403 4470; x_wconf 92' lang='lat' dir='ltr'><strong>suo</strong></span> <span class='ocrx_word' id='word_1_617' title='bbox 1448 4416 1689 4486; x_wconf 87' lang='lat' dir='ltr'><strong>quinque</strong></span> <span class='ocrx_word' id='word_1_618' title='bbox 1721 4415 1919 4470; x_wconf 88' lang='lat' dir='ltr'><strong>talenta</strong></span> <span class='ocrx_word' id='word_1_619' title='bbox 1953 4430 2048 4469; x_wconf 89' lang='lat' dir='ltr'><strong>ac-</strong></span> 
     </span>
    </p>
   </div>
   <div class='ocr_carea' id='block_1_78' title="bbox 2145 3235 3739 3301">
    <p class='ocr_par' dir='ltr' id='par_1_78' title="bbox 2145 3235 3739 3301">
     <span class='ocr_line' id='line_1_78' title="bbox 2145 3235 3739 3301; baseline -0.001 -10"><span class='ocrx_word' id='word_1_620' title='bbox 2145 3245 2268 3291; x_wconf 91' lang='lat' dir='ltr'><strong>est:</strong></span> <span class='ocrx_word' id='word_1_621' title='bbox 2300 3235 2386 3289; x_wconf 88' lang='lat' dir='ltr'><strong>illa</strong></span> <span class='ocrx_word' id='word_1_622' title='bbox 2415 3235 2661 3290; x_wconf 81' lang='lat' dir='ltr'><strong>videlicet</strong></span> <span class='ocrx_word' id='word_1_623' title='bbox 2681 3249 2835 3301; x_wconf 75' lang='lat' dir='ltr'><strong>cura,</strong></span> <span class='ocrx_word' id='word_1_624' title='bbox 2865 3242 2925 3288; x_wconf 91' lang='lat' dir='ltr'><strong>ut</strong></span> <span class='ocrx_word' id='word_1_625' title='bbox 2960 3235 3143 3288; x_wconf 89' lang='lat' dir='ltr'><strong>omnia</strong></span> <span class='ocrx_word' id='word_1_626' title='bbox 3191 3235 3448 3290; x_wconf 86' lang='lat' dir='ltr'><strong>mandata</strong></span> <span class='ocrx_word' id='word_1_627' title='bbox 3481 3237 3577 3291; x_wconf 92' lang='lat' dir='ltr'><strong>Dei</strong></span> <span class='ocrx_word' id='word_1_628' title='bbox 3616 3253 3739 3292; x_wconf 86' lang='lat' dir='ltr'><strong>eon-</strong></span> 
     </span>
    </p>
   </div>
   <div class='ocr_carea' id='block_1_79' title="bbox 2147 3325 3733 3399">
    <p class='ocr_par' dir='ltr' id='par_1_79' title="bbox 2147 3325 3733 3399">
     <span class='ocr_line' id='line_1_79' title="bbox 2147 3325 3733 3399; baseline 0.001 -18"><span class='ocrx_word' id='word_1_629' title='bbox 2147 3334 2380 3389; x_wconf 84' lang='lat' dir='ltr'><strong>servcnt,</strong></span> <span class='ocrx_word' id='word_1_630' title='bbox 2413 3325 2528 3380; x_wconf 86' lang='lat' dir='ltr'><strong>sive</strong></span> <span class='ocrx_word' id='word_1_631' title='bbox 2559 3334 2618 3379; x_wconf 90' lang='lat' dir='ltr'><strong>ut</strong></span> <span class='ocrx_word' id='word_1_632' title='bbox 2642 3325 2907 3396; x_wconf 74' lang='lat' dir='ltr'><strong>proximis</strong></span> <span class='ocrx_word' id='word_1_633' title='bbox 2933 3327 3045 3380; x_wconf 89' lang='lat' dir='ltr'><strong>suis</strong></span> <span class='ocrx_word' id='word_1_634' title='bbox 3090 3334 3353 3394; x_wconf 88' lang='lat' dir='ltr'><strong>quantum</strong></span> <span class='ocrx_word' id='word_1_635' title='bbox 3378 3329 3592 3396; x_wconf 87' lang='lat' dir='ltr'><strong>possint</strong></span> <span class='ocrx_word' id='word_1_636' title='bbox 3620 3346 3733 3399; x_wconf 87' lang='lat' dir='ltr'><strong>pro-</strong></span> 
     </span>
    </p>
   </div>
   <div class='ocr_carea' id='block_1_80' title="bbox 2146 3414 3740 3488">
    <p class='ocr_par' dir='ltr' id='par_1_80' title="bbox 2146 3414 3740 3488">
     <span class='ocr_line' id='line_1_80' title="bbox 2146 3414 3740 3488; baseline -0.001 -15"><span class='ocrx_word' id='word_1_637' title='bbox 2146 3417 2302 3473; x_wconf 83' lang='lat' dir='ltr'><strong>desse</strong></span> <span class='ocrx_word' id='word_1_638' title='bbox 2344 3414 2618 3472; x_wconf 86' lang='lat' dir='ltr'><strong>festinent.</strong></span> <span class='ocrx_word' id='word_1_639' title='bbox 2669 3416 2745 3471; x_wconf 91' lang='lat' dir='ltr'><strong>De</strong></span> <span class='ocrx_word' id='word_1_640' title='bbox 2767 3432 2873 3488; x_wconf 88' lang='lat' dir='ltr'><strong>quo</strong></span> <span class='ocrx_word' id='word_1_641' title='bbox 2901 3416 3100 3472; x_wconf 88' lang='lat' dir='ltr'><strong>Paulus</strong></span> <span class='ocrx_word' id='word_1_642' title='bbox 3128 3417 3202 3472; x_wconf 90' lang='lat' dir='ltr'><strong>ait</strong></span> <span class='ocrx_word' id='word_1_643' title='bbox 3231 3435 3245 3471; x_wconf 91' lang='lat'><strong>:</strong></span> <span class='ocrx_word' id='word_1_644' title='bbox 3281 3436 3300 3467; x_wconf 69' lang='lat' dir='ltr'>c</span> <span class='ocrx_word' id='word_1_645' title='bbox 3327 3417 3596 3473; x_wconf 73' lang='lat' dir='ltr'><strong>Instanti:</strong></span> <span class='ocrx_word' id='word_1_646' title='bbox 3627 3436 3740 3474; x_wconf 80' lang='lat' dir='ltr'><strong>mea</strong></span> 
     </span>
    </p>
   </div>
   <div class='ocr_carea' id='block_1_81' title="bbox 2147 3509 3742 3583">
    <p class='ocr_par' dir='ltr' id='par_1_81' title="bbox 2147 3509 3742 3583">
     <span class='ocr_line' id='line_1_81' title="bbox 2147 3509 3742 3583; baseline 0.001 -17"><span class='ocrx_word' id='word_1_647' title='bbox 2147 3511 2460 3582; x_wconf 90' lang='lat' dir='ltr'><strong>quotidiana</strong></span> <span class='ocrx_word' id='word_1_648' title='bbox 2516 3509 2820 3566; x_wconf 91' lang='lat' dir='ltr'><strong>sollicitudo</strong></span> <span class='ocrx_word' id='word_1_649' title='bbox 2871 3511 3116 3572; x_wconf 85' lang='lat' dir='ltr'><strong>omnium</strong></span> <span class='ocrx_word' id='word_1_650' title='bbox 3165 3511 3555 3566; x_wconf 85' lang='lat' dir='ltr'><strong>ecclesiarum.</strong></span> <span class='ocrx_word' id='word_1_651' title='bbox 3591 3533 3610 3565; x_wconf 71' lang='grc' dir='ltr'><strong>ι</strong></span> <span class='ocrx_word' id='word_1_652' title='bbox 3646 3514 3742 3583; x_wconf 84' lang='lat' dir='ltr'><strong>ipsi</strong></span> 
     </span>
    </p>
   </div>
   <div class='ocr_carea' id='block_1_82' title="bbox 2147 3603 3738 3677">
    <p class='ocr_par' dir='ltr' id='par_1_82' title="bbox 2147 3603 3738 3677">
     <span class='ocr_line' id='line_1_82' title="bbox 2147 3603 3738 3677; baseline 0.001 -19"><span class='ocrx_word' id='word_1_653' title='bbox 2147 3603 2490 3658; x_wconf 85' lang='lat' dir='ltr'><strong>incredibiles</strong></span> <span class='ocrx_word' id='word_1_654' title='bbox 2512 3611 2656 3668; x_wconf 86' lang='lat' dir='ltr'><strong>sunt,</strong></span> <span class='ocrx_word' id='word_1_655' title='bbox 2683 3603 2809 3673; x_wconf 87' lang='lat' dir='ltr'><strong>quia</strong></span> <span class='ocrx_word' id='word_1_656' title='bbox 2834 3619 2937 3658; x_wconf 89' lang='lat' dir='ltr'><strong>non</strong></span> <span class='ocrx_word' id='word_1_657' title='bbox 2961 3604 3303 3658; x_wconf 89' lang='lat' dir='ltr'><strong>consentiunt</strong></span> <span class='ocrx_word' id='word_1_658' title='bbox 3329 3607 3508 3659; x_wconf 74' lang='lat' dir='ltr'><strong>errori</strong></span> <span class='ocrx_word' id='word_1_659' title='bbox 3536 3616 3593 3660; x_wconf 90' lang='lat' dir='ltr'><strong>et</strong></span> <span class='ocrx_word' id='word_1_660' title='bbox 3624 3623 3738 3677; x_wconf 85' lang='lat' dir='ltr'><strong>per-</strong></span> 
     </span>
    </p>
   </div>
   <div class='ocr_carea' id='block_1_83' title="bbox 2148 3692 3744 3768">
    <p class='ocr_par' dir='ltr' id='par_1_83' title="bbox 2148 3692 3744 3768">
     <span class='ocr_line' id='line_1_83' title="bbox 2148 3692 3744 3768; baseline 0.004 -21"><span class='ocrx_word' id='word_1_661' title='bbox 2148 3692 2290 3748; x_wconf 65' lang='lat' dir='ltr'><strong>ﬁdiae</strong></span> <span class='ocrx_word' id='word_1_662' title='bbox 2320 3693 2721 3758; x_wconf 62' lang='lat' dir='ltr'><strong>haereticorum,</strong></span> <span class='ocrx_word' id='word_1_663' title='bbox 2753 3693 2988 3763; x_wconf 91' lang='lat' dir='ltr'><strong>perdunt</strong></span> <span class='ocrx_word' id='word_1_664' title='bbox 3015 3695 3340 3763; x_wconf 86' lang='lat' dir='ltr'><strong>sapientiam</strong></span> <span class='ocrx_word' id='word_1_665' title='bbox 3382 3698 3600 3762; x_wconf 88' lang='lat' dir='ltr'><strong>mundi,</strong></span> <span class='ocrx_word' id='word_1_666' title='bbox 3627 3715 3744 3768; x_wconf 72' lang='lat' dir='ltr'><strong>qua:</strong></span> 
     </span>
    </p>
   </div>
   <div class='ocr_carea' id='block_1_84' title="bbox 2149 3780 3742 3857">
    <p class='ocr_par' dir='ltr' id='par_1_84' title="bbox 2149 3780 3742 3857">
     <span class='ocr_line' id='line_1_84' title="bbox 2149 3780 3742 3857; baseline 0.004 -21"><span class='ocrx_word' id='word_1_667' title='bbox 2149 3780 2377 3836; x_wconf 82' lang='lat' dir='ltr'><strong>stultitia</strong></span> <span class='ocrx_word' id='word_1_668' title='bbox 2401 3791 2487 3837; x_wconf 91' lang='lat' dir='ltr'><strong>est</strong></span> <span class='ocrx_word' id='word_1_669' title='bbox 2532 3782 2672 3853; x_wconf 90' lang='lat' dir='ltr'><strong>apud</strong></span> <span class='ocrx_word' id='word_1_670' title='bbox 2707 3781 3016 3848; x_wconf 91' lang='lat' dir='ltr'><strong>Dominum,</strong></span> <span class='ocrx_word' id='word_1_671' title='bbox 3047 3793 3107 3837; x_wconf 89' lang='lat' dir='ltr'><strong>ut</strong></span> <span class='ocrx_word' id='word_1_672' title='bbox 3139 3797 3272 3839; x_wconf 91' lang='lat' dir='ltr'><strong>vere</strong></span> <span class='ocrx_word' id='word_1_673' title='bbox 3304 3784 3415 3839; x_wconf 84' lang='lat' dir='ltr'><strong>sint</strong></span> <span class='ocrx_word' id='word_1_674' title='bbox 3446 3787 3742 3857; x_wconf 65' lang='lat' dir='ltr'><strong>sapientes,</strong></span> 
     </span>
    </p>
   </div>
   <div class='ocr_carea' id='block_1_85' title="bbox 2151 3873 3740 3950">
    <p class='ocr_par' dir='ltr' id='par_1_85' title="bbox 2151 3873 3740 3950">
     <span class='ocr_line' id='line_1_85' title="bbox 2151 3873 3740 3950; baseline 0.006 -22"><span class='ocrx_word' id='word_1_675' title='bbox 2151 3873 2297 3929; x_wconf 85' lang='lat' dir='ltr'><strong>illam</strong></span> <span class='ocrx_word' id='word_1_676' title='bbox 2347 3875 2656 3930; x_wconf 87' lang='lat' dir='ltr'><strong>haurientes</strong></span> <span class='ocrx_word' id='word_1_677' title='bbox 2701 3876 3044 3945; x_wconf 91' lang='lat' dir='ltr'><strong>sapientiam,</strong></span> <span class='ocrx_word' id='word_1_678' title='bbox 3082 3894 3101 3928; x_wconf 76' lang='grc' dir='ltr'><strong>ι</strong></span> <span class='ocrx_word' id='word_1_679' title='bbox 3135 3892 3256 3947; x_wconf 60' lang='lat' dir='ltr'><strong>quae</strong></span> <span class='ocrx_word' id='word_1_680' title='bbox 3302 3878 3600 3936; x_wconf 86' lang='lat' dir='ltr'><strong>desursum</strong></span> <span class='ocrx_word' id='word_1_681' title='bbox 3641 3892 3740 3950; x_wconf 85' lang='lat' dir='ltr'><strong>est,</strong></span> 
     </span>
    </p>
   </div>
   <div class='ocr_carea' id='block_1_86' title="bbox 2149 3967 3747 4044">
    <p class='ocr_par' dir='ltr' id='par_1_86' title="bbox 2149 3967 3747 4044">
     <span class='ocr_line' id='line_1_86' title="bbox 2149 3967 3747 4044; baseline 0.005 -22"><span class='ocrx_word' id='word_1_682' title='bbox 2149 3967 2482 4032; x_wconf 80' lang='lat' dir='ltr'><strong>descendens</strong></span> <span class='ocrx_word' id='word_1_683' title='bbox 2522 3982 2554 4021; x_wconf 90' lang='lat' dir='ltr'><strong>a</strong></span> <span class='ocrx_word' id='word_1_684' title='bbox 2603 3968 2764 4023; x_wconf 90' lang='lat' dir='ltr'><strong>Patre</strong></span> <span class='ocrx_word' id='word_1_685' title='bbox 2811 3968 3096 4023; x_wconf 90' lang='lat' dir='ltr'><strong>luminum.</strong></span> <span class='ocrx_word' id='word_1_686' title='bbox 3138 3990 3157 4022; x_wconf 76' lang='grc' dir='ltr'><strong>ι</strong></span> <span class='ocrx_word' id='word_1_687' title='bbox 3191 3969 3268 4026; x_wconf 90' lang='lat' dir='ltr'><strong>De</strong></span> <span class='ocrx_word' id='word_1_688' title='bbox 3301 3987 3410 4042; x_wconf 92' lang='lat' dir='ltr'><strong>quo</strong></span> <span class='ocrx_word' id='word_1_689' title='bbox 3455 3976 3747 4044; x_wconf 77' lang='lat' dir='ltr'><strong>Apostolus</strong></span> 
     </span>
    </p>
   </div>
   <div class='ocr_carea' id='block_1_87' title="bbox 2151 4057 3748 4138">
    <p class='ocr_par' dir='ltr' id='par_1_87' title="bbox 2151 4057 3748 4138">
     <span class='ocr_line' id='line_1_87' title="bbox 2151 4057 3748 4138; baseline 0.006 -26"><span class='ocrx_word' id='word_1_690' title='bbox 2151 4057 2420 4123; x_wconf 86' lang='lat' dir='ltr'><strong>hortatur,</strong></span> <span class='ocrx_word' id='word_1_691' title='bbox 2445 4058 2631 4114; x_wconf 90' lang='lat' dir='ltr'><strong>dicens</strong></span> <span class='ocrx_word' id='word_1_692' title='bbox 2657 4074 2670 4112; x_wconf 86' lang='lat'><strong>:</strong></span> <span class='ocrx_word' id='word_1_693' title='bbox 2709 4078 2726 4110; x_wconf 79' lang='grc' dir='ltr'><strong>ι</strong></span> <span class='ocrx_word' id='word_1_694' title='bbox 2765 4060 2822 4114; x_wconf 86' lang='lat' dir='ltr'><strong>Si</strong></span> <span class='ocrx_word' id='word_1_695' title='bbox 2847 4061 2970 4130; x_wconf 90' lang='lat' dir='ltr'><strong>quis</strong></span> <span class='ocrx_word' id='word_1_696' title='bbox 2991 4061 3204 4117; x_wconf 87' lang='lat' dir='ltr'><strong>videtur</strong></span> <span class='ocrx_word' id='word_1_697' title='bbox 3234 4063 3380 4118; x_wconf 89' lang='lat' dir='ltr'><strong>inter</strong></span> <span class='ocrx_word' id='word_1_698' title='bbox 3400 4079 3503 4120; x_wconf 90' lang='lat' dir='ltr'><strong>vos</strong></span> <span class='ocrx_word' id='word_1_699' title='bbox 3530 4069 3748 4138; x_wconf 86' lang='lat' dir='ltr'><strong>sapiens</strong></span> 
     </span>
    </p>
   </div>
   <div class='ocr_carea' id='block_1_88' title="bbox 2151 4149 3747 4230">
    <p class='ocr_par' dir='ltr' id='par_1_88' title="bbox 2151 4149 3747 4230">
     <span class='ocr_line' id='line_1_88' title="bbox 2151 4149 3747 4230; baseline 0.006 -26"><span class='ocrx_word' id='word_1_700' title='bbox 2151 4162 2293 4214; x_wconf 88' lang='lat' dir='ltr'><strong>esse,</strong></span> <span class='ocrx_word' id='word_1_701' title='bbox 2323 4149 2520 4204; x_wconf 91' lang='lat' dir='ltr'><strong>stultus</strong></span> <span class='ocrx_word' id='word_1_702' title='bbox 2549 4149 2641 4203; x_wconf 90' lang='lat' dir='ltr'><strong>ﬁat</strong></span> <span class='ocrx_word' id='word_1_703' title='bbox 2665 4158 2724 4204; x_wconf 92' lang='lat' dir='ltr'><strong>ut</strong></span> <span class='ocrx_word' id='word_1_704' title='bbox 2750 4151 2822 4206; x_wconf 90' lang='lat' dir='ltr'><strong>sit</strong></span> <span class='ocrx_word' id='word_1_705' title='bbox 2863 4152 3078 4221; x_wconf 86' lang='lat' dir='ltr'><strong>sapiens</strong></span> <span class='ocrx_word' id='word_1_706' title='bbox 3125 4151 3184 4227; x_wconf 78' lang='grc' dir='ltr'>(ι</span> <span class='ocrx_word' id='word_1_707' title='bbox 3208 4151 3330 4207; x_wconf 87' lang='lat' dir='ltr'><strong>Cor.</strong></span> <span class='ocrx_word' id='word_1_708' title='bbox 3366 4156 3431 4225; x_wconf 90' lang='grc' dir='ltr'><strong>ι).</strong></span> <span class='ocrx_word' id='word_1_709' title='bbox 3467 4176 3487 4209; x_wconf 70' lang='grc' dir='ltr'><strong>ι</strong></span> <span class='ocrx_word' id='word_1_710' title='bbox 3517 4157 3588 4212; x_wconf 86' lang='lat' dir='ltr'><strong>Et</strong></span> <span class='ocrx_word' id='word_1_711' title='bbox 3614 4175 3747 4230; x_wconf 86' lang='lat' dir='ltr'><strong>quo-</strong></span> 
     </span>
    </p>
   </div>
   <div class='ocr_carea' id='block_1_89' title="bbox 2152 4237 3748 4304">
    <p class='ocr_par' dir='ltr' id='par_1_89' title="bbox 2152 4237 3748 4304">
     <span class='ocr_line' id='line_1_89' title="bbox 2152 4237 3748 4304; baseline 0.009 -13"><span class='ocrx_word' id='word_1_712' title='bbox 2152 4237 2298 4292; x_wconf 88' lang='lat' dir='ltr'><strong>niam</strong></span> <span class='ocrx_word' id='word_1_713' title='bbox 2323 4253 2470 4294; x_wconf 90' lang='lat' dir='ltr'><strong>mors</strong></span> <span class='ocrx_word' id='word_1_714' title='bbox 2515 4239 2697 4294; x_wconf 90' lang='lat' dir='ltr'><strong>carnis</strong></span> <span class='ocrx_word' id='word_1_715' title='bbox 2743 4239 2989 4296; x_wconf 89' lang='lat' dir='ltr'><strong>ﬁdelibus</strong></span> <span class='ocrx_word' id='word_1_716' title='bbox 3018 4241 3218 4297; x_wconf 88' lang='lat' dir='ltr'><strong>Christi</strong></span> <span class='ocrx_word' id='word_1_717' title='bbox 3268 4261 3374 4299; x_wconf 92' lang='lat' dir='ltr'><strong>non</strong></span> <span class='ocrx_word' id='word_1_718' title='bbox 3417 4258 3510 4302; x_wconf 89' lang='lat' dir='ltr'><strong>est</strong></span> <span class='ocrx_word' id='word_1_719' title='bbox 3563 4249 3748 4304; x_wconf 83' lang='lat' dir='ltr'><strong>formi-</strong></span> 
     </span>
    </p>
   </div>
   <div class='ocr_carea' id='block_1_90' title="bbox 2153 4325 3747 4402">
    <p class='ocr_par' dir='ltr' id='par_1_90' title="bbox 2153 4325 3747 4402">
     <span class='ocr_line' id='line_1_90' title="bbox 2153 4325 3747 4402; baseline 0.011 -23"><span class='ocrx_word' id='word_1_720' title='bbox 2153 4325 2348 4390; x_wconf 88' lang='lat' dir='ltr'><strong>danda,</strong></span> <span class='ocrx_word' id='word_1_721' title='bbox 2375 4327 2469 4382; x_wconf 90' lang='lat' dir='ltr'><strong>sed</strong></span> <span class='ocrx_word' id='word_1_722' title='bbox 2496 4327 2668 4398; x_wconf 88' lang='lat' dir='ltr'><strong>magis</strong></span> <span class='ocrx_word' id='word_1_723' title='bbox 2696 4343 2796 4398; x_wconf 89' lang='lat' dir='ltr'><strong>per</strong></span> <span class='ocrx_word' id='word_1_724' title='bbox 2840 4329 3012 4399; x_wconf 91' lang='lat' dir='ltr'><strong>ipsam</strong></span> <span class='ocrx_word' id='word_1_725' title='bbox 3048 4331 3116 4386; x_wconf 91' lang='lat' dir='ltr'><strong>ad</strong></span> <span class='ocrx_word' id='word_1_726' title='bbox 3151 4333 3386 4402; x_wconf 89' lang='lat' dir='ltr'><strong>quietem</strong></span> <span class='ocrx_word' id='word_1_727' title='bbox 3416 4339 3548 4392; x_wconf 68' lang='lat' dir='ltr'><strong>vitm</strong></span> <span class='ocrx_word' id='word_1_728' title='bbox 3570 4349 3747 4396; x_wconf 84' lang='lat' dir='ltr'><strong>trans-</strong></span> 
     </span>
    </p>
   </div>
   <div class='ocr_carea' id='block_1_91' title="bbox 2117 4415 3052 4483">
    <p class='ocr_par' dir='ltr' id='par_1_91' title="bbox 2117 4415 3052 4483">
     <span class='ocr_line' id='line_1_91' title="bbox 2117 4415 3052 4483; baseline 0.006 -15"><span class='ocrx_word' id='word_1_729' title='bbox 2117 4463 2129 4481; x_wconf 80' lang='lat'><strong>,</strong></span> <span class='ocrx_word' id='word_1_730' title='bbox 2155 4415 2414 4480; x_wconf 90' lang='lat' dir='ltr'><strong>eundum,</strong></span> <span class='ocrx_word' id='word_1_731' title='bbox 2444 4431 2566 4470; x_wconf 81' lang='lat' dir='ltr'><strong>mox</strong></span> <span class='ocrx_word' id='word_1_732' title='bbox 2597 4418 2796 4483; x_wconf 90' lang='lat' dir='ltr'><strong>subdit,</strong></span> <span class='ocrx_word' id='word_1_733' title='bbox 2831 4419 3052 4474; x_wconf 89' lang='lat' dir='ltr'><strong>dicens:</strong></span> 
     </span>
    </p>
   </div>
   <div class='ocr_carea' id='block_1_92' title="bbox 461 4488 3748 4586">
    <p class='ocr_par' dir='ltr' id='par_1_92' title="bbox 461 4488 3748 4586">
     <span class='ocr_line' id='line_1_92' title="bbox 461 4488 3748 4586; baseline 0.003 -23"><span class='ocrx_word' id='word_1_734' title='bbox 461 4507 628 4579; x_wconf 90' lang='lat' dir='ltr'><strong>cepit,</strong></span> <span class='ocrx_word' id='word_1_735' title='bbox 663 4507 788 4563; x_wconf 89' lang='lat' dir='ltr'><strong>dum</strong></span> <span class='ocrx_word' id='word_1_736' title='bbox 813 4505 1139 4577; x_wconf 87' lang='lat' dir='ltr'><strong>negotiando</strong></span> <span class='ocrx_word' id='word_1_737' title='bbox 1179 4505 1295 4577; x_wconf 91' lang='lat' dir='ltr'><strong>ejus</strong></span> <span class='ocrx_word' id='word_1_738' title='bbox 1323 4506 1606 4576; x_wconf 90' lang='lat' dir='ltr'><strong>pecuniam</strong></span> <span class='ocrx_word' id='word_1_739' title='bbox 1653 4505 2044 4576; x_wconf 88' lang='lat' dir='ltr'><strong>multiplicavit,</strong></span> <span class='ocrx_word' id='word_1_740' title='bbox 2073 4488 2127 4548; x_wconf 83' lang='grc' dir='ltr'><strong>Ῑ)</strong></span> <span class='ocrx_word' id='word_1_741' title='bbox 2229 4525 2248 4559; x_wconf 72' lang='grc' dir='ltr'><strong>ι</strong></span> <span class='ocrx_word' id='word_1_742' title='bbox 2283 4503 2401 4562; x_wconf 86' lang='lat' dir='ltr'><strong>Noli</strong></span> <span class='ocrx_word' id='word_1_743' title='bbox 2446 4515 2689 4564; x_wconf 88' lang='lat' dir='ltr'><strong>metuere</strong></span> <span class='ocrx_word' id='word_1_744' title='bbox 2725 4509 2988 4579; x_wconf 89' lang='lat' dir='ltr'><strong>judicium</strong></span> <span class='ocrx_word' id='word_1_745' title='bbox 3031 4511 3246 4566; x_wconf 89' lang='lat' dir='ltr'><strong>mortis.</strong></span> <span class='ocrx_word' id='word_1_746' title='bbox 3304 4511 3583 4570; x_wconf 81' lang='lat' dir='ltr'><strong>Memento</strong></span> <span class='ocrx_word' id='word_1_747' title='bbox 3635 4533 3748 4586; x_wconf 71' lang='lat' dir='ltr'><strong>qua:</strong></span> 
     </span>
    </p>
   </div>
   <div class='ocr_carea' id='block_1_93' title="bbox 461 4594 2048 4665">
    <p class='ocr_par' dir='ltr' id='par_1_93' title="bbox 461 4594 2048 4665">
     <span class='ocr_line' id='line_1_93' title="bbox 461 4594 2048 4665; baseline -0.001 -15"><span class='ocrx_word' id='word_1_748' title='bbox 461 4597 767 4652; x_wconf 88' lang='lat' dir='ltr'><strong>mercedem</strong></span> <span class='ocrx_word' id='word_1_749' title='bbox 795 4595 862 4650; x_wconf 91' lang='lat' dir='ltr'><strong>ab</strong></span> <span class='ocrx_word' id='word_1_750' title='bbox 887 4610 952 4650; x_wconf 93' lang='lat' dir='ltr'><strong>eo</strong></span> <span class='ocrx_word' id='word_1_751' title='bbox 978 4594 1253 4664; x_wconf 88' lang='lat' dir='ltr'><strong>copiosam</strong></span> <span class='ocrx_word' id='word_1_752' title='bbox 1275 4594 1512 4664; x_wconf 84' lang='lat' dir='ltr'><strong>suscepit</strong></span> <span class='ocrx_word' id='word_1_753' title='bbox 1543 4613 1556 4648; x_wconf 91' lang='lat'><strong>:</strong></span> <span class='ocrx_word' id='word_1_754' title='bbox 1590 4595 1680 4665; x_wconf 91' lang='lat' dir='ltr'><strong>qui</strong></span> <span class='ocrx_word' id='word_1_755' title='bbox 1709 4603 1889 4649; x_wconf 88' lang='lat' dir='ltr'><strong>autem</strong></span> <span class='ocrx_word' id='word_1_756' title='bbox 1910 4595 2048 4649; x_wconf 92' lang='lat' dir='ltr'><strong>otio-</strong></span> 
     </span>
    </p>
   </div>
   <div class='ocr_carea' id='block_1_94' title="bbox 461 4684 2046 4755">
    <p class='ocr_par' dir='ltr' id='par_1_94' title="bbox 461 4684 2046 4755">
     <span class='ocr_line' id='line_1_94' title="bbox 461 4684 2046 4755; baseline -0.001 -13"><span class='ocrx_word' id='word_1_757' title='bbox 461 4701 522 4743; x_wconf 96' lang='lat' dir='ltr'><strong>se</strong></span> <span class='ocrx_word' id='word_1_758' title='bbox 545 4686 805 4742; x_wconf 82' lang='lat' dir='ltr'><strong>talentum</strong></span> <span class='ocrx_word' id='word_1_759' title='bbox 830 4684 932 4740; x_wconf 90' lang='lat' dir='ltr'><strong>sibi</strong></span> <span class='ocrx_word' id='word_1_760' title='bbox 959 4685 1308 4740; x_wconf 88' lang='lat' dir='ltr'><strong>commissum</strong></span> <span class='ocrx_word' id='word_1_761' title='bbox 1330 4684 1586 4751; x_wconf 87' lang='lat' dir='ltr'><strong>servavit,</strong></span> <span class='ocrx_word' id='word_1_762' title='bbox 1609 4684 1664 4738; x_wconf 91' lang='lat' dir='ltr'><strong>in</strong></span> <span class='ocrx_word' id='word_1_763' title='bbox 1688 4694 1930 4755; x_wconf 91' lang='lat' dir='ltr'><strong>tempore</strong></span> <span class='ocrx_word' id='word_1_764' title='bbox 1958 4699 2046 4740; x_wconf 90' lang='lat' dir='ltr'><strong>re-</strong></span> 
     </span>
    </p>
   </div>
   <div class='ocr_carea' id='block_1_95' title="bbox 461 4773 2043 4846">
    <p class='ocr_par' dir='ltr' id='par_1_95' title="bbox 461 4773 2043 4846">
     <span class='ocr_line' id='line_1_95' title="bbox 461 4773 2043 4846; baseline -0.002 -15"><span class='ocrx_word' id='word_1_765' title='bbox 461 4777 776 4832; x_wconf 84' lang='lat' dir='ltr'><strong>tributionis</strong></span> <span class='ocrx_word' id='word_1_766' title='bbox 813 4789 912 4846; x_wconf 90' lang='lat' dir='ltr'><strong>pro</strong></span> <span class='ocrx_word' id='word_1_767' title='bbox 951 4774 1229 4830; x_wconf 89' lang='lat' dir='ltr'><strong>otiositate</strong></span> <span class='ocrx_word' id='word_1_768' title='bbox 1268 4789 1364 4829; x_wconf 90' lang='lat' dir='ltr'><strong>sua</strong></span> <span class='ocrx_word' id='word_1_769' title='bbox 1392 4789 1424 4828; x_wconf 91' lang='lat' dir='ltr'><strong>a</strong></span> <span class='ocrx_word' id='word_1_770' title='bbox 1453 4773 1682 4830; x_wconf 88' lang='lat' dir='ltr'><strong>Domino</strong></span> <span class='ocrx_word' id='word_1_771' title='bbox 1711 4789 1901 4846; x_wconf 84' lang='lat' dir='ltr'><strong>poenas</strong></span> <span class='ocrx_word' id='word_1_772' title='bbox 1933 4775 2043 4831; x_wconf 90' lang='lat' dir='ltr'><strong>sol-</strong></span> 
     </span>
    </p>
   </div>
   <div class='ocr_carea' id='block_1_96' title="bbox 463 4867 1551 4940">
    <p class='ocr_par' dir='ltr' id='par_1_96' title="bbox 463 4867 1551 4940">
     <span class='ocr_line' id='line_1_96' title="bbox 463 4867 1551 4940; baseline -0.002 -18"><span class='ocrx_word' id='word_1_773' title='bbox 463 4869 778 4939; x_wconf 78' lang='lat' dir='ltr'><strong>vit(Matth.</strong></span> <span class='ocrx_word' id='word_1_774' title='bbox 811 4867 960 4940; x_wconf 78' lang='lat' dir='ltr'><strong>xxv).</strong></span> <span class='ocrx_word' id='word_1_775' title='bbox 996 4867 1147 4923; x_wconf 88' lang='lat' dir='ltr'><strong>Unde</strong></span> <span class='ocrx_word' id='word_1_776' title='bbox 1174 4875 1231 4923; x_wconf 89' lang='lat' dir='ltr'><strong>et</strong></span> <span class='ocrx_word' id='word_1_777' title='bbox 1261 4867 1551 4936; x_wconf 89' lang='lat' dir='ltr'><strong>sequitur:</strong></span> 
     </span>
    </p>
   </div>
   <div class='ocr_carea' id='block_1_97' title="bbox 540 4957 2051 5032">
    <p class='ocr_par' dir='ltr' id='par_1_97' title="bbox 540 4957 2051 5032">
     <span class='ocr_line' id='line_1_97' title="bbox 540 4957 2051 5032; baseline 0.001 -20"><span class='ocrx_word' id='word_1_778' title='bbox 540 4979 559 5011; x_wconf 78' lang='grc' dir='ltr'><strong>ι</strong></span> <span class='ocrx_word' id='word_1_779' title='bbox 593 4960 650 5015; x_wconf 84' lang='grc' dir='ltr'><strong>ιιι</strong></span> <span class='ocrx_word' id='word_1_780' title='bbox 677 4976 772 5016; x_wconf 89' lang='lat' dir='ltr'><strong>ore</strong></span> <span class='ocrx_word' id='word_1_781' title='bbox 819 4959 1148 5032; x_wconf 86' lang='lat' dir='ltr'><strong>impudentis</strong></span> <span class='ocrx_word' id='word_1_782' title='bbox 1196 4957 1606 5015; x_wconf 89' lang='lat' dir='ltr'><strong>condulcabitur</strong></span> <span class='ocrx_word' id='word_1_783' title='bbox 1632 4957 1811 5029; x_wconf 91' lang='lat' dir='ltr'><strong>inopia</strong></span> <span class='ocrx_word' id='word_1_784' title='bbox 1835 4998 1851 5024; x_wconf 95' lang='lat'><strong>,</strong></span> <span class='ocrx_word' id='word_1_785' title='bbox 1901 4966 1957 5013; x_wconf 89' lang='lat' dir='ltr'><strong>et</strong></span> <span class='ocrx_word' id='word_1_786' title='bbox 1998 4958 2051 5014; x_wconf 93' lang='lat' dir='ltr'><strong>in</strong></span> 
     </span>
    </p>
   </div>
   <div class='ocr_carea' id='block_1_98' title="bbox 470 5050 2055 5124">
    <p class='ocr_par' dir='ltr' id='par_1_98' title="bbox 470 5050 2055 5124">
     <span class='ocr_line' id='line_1_98' title="bbox 470 5050 2055 5124; baseline 0.002 -20"><span class='ocrx_word' id='word_1_787' title='bbox 470 5071 490 5104; x_wconf 75' lang='grc' dir='ltr'><strong>ι</strong></span> <span class='ocrx_word' id='word_1_788' title='bbox 521 5061 712 5108; x_wconf 89' lang='lat' dir='ltr'><strong>ventre</strong></span> <span class='ocrx_word' id='word_1_789' title='bbox 735 5053 852 5124; x_wconf 86' lang='lat' dir='ltr'><strong>ejus</strong></span> <span class='ocrx_word' id='word_1_790' title='bbox 898 5053 1038 5124; x_wconf 87' lang='lat' dir='ltr'><strong>ignis</strong></span> <span class='ocrx_word' id='word_1_791' title='bbox 1065 5051 1297 5109; x_wconf 89' lang='lat' dir='ltr'><strong>ardebit.</strong></span> <span class='ocrx_word' id='word_1_792' title='bbox 1330 5070 1351 5105; x_wconf 77' lang='grc' dir='ltr'><strong>ι</strong></span> <span class='ocrx_word' id='word_1_793' title='bbox 1383 5050 1482 5107; x_wconf 90' lang='lat' dir='ltr'><strong>Cui</strong></span> <span class='ocrx_word' id='word_1_794' title='bbox 1522 5051 1668 5106; x_wconf 91' lang='lat' dir='ltr'><strong>enim</strong></span> <span class='ocrx_word' id='word_1_795' title='bbox 1695 5051 1854 5108; x_wconf 89' lang='lat' dir='ltr'><strong>modo</strong></span> <span class='ocrx_word' id='word_1_796' title='bbox 1878 5051 2055 5123; x_wconf 89' lang='lat' dir='ltr'><strong>placet</strong></span> 
     </span>
    </p>
   </div>
   <div class='ocr_carea' id='block_1_99' title="bbox 464 5141 2056 5216">
    <p class='ocr_par' dir='ltr' id='par_1_99' title="bbox 464 5141 2056 5216">
     <span class='ocr_line' id='line_1_99' title="bbox 464 5141 2056 5216; baseline -0.001 -17"><span class='ocrx_word' id='word_1_797' title='bbox 464 5144 639 5216; x_wconf 85' lang='lat' dir='ltr'><strong>magis</strong></span> <span class='ocrx_word' id='word_1_798' title='bbox 659 5143 877 5199; x_wconf 65' lang='lat' dir='ltr'><strong>desidiae</strong></span> <span class='ocrx_word' id='word_1_799' title='bbox 896 5152 1008 5199; x_wconf 89' lang='lat' dir='ltr'><strong>otto</strong></span> <span class='ocrx_word' id='word_1_800' title='bbox 1033 5151 1252 5214; x_wconf 85' lang='lat' dir='ltr'><strong>torpere</strong></span> <span class='ocrx_word' id='word_1_801' title='bbox 1275 5157 1438 5212; x_wconf 91' lang='lat' dir='ltr'><strong>quam</strong></span> <span class='ocrx_word' id='word_1_802' title='bbox 1463 5143 1629 5198; x_wconf 87' lang='lat' dir='ltr'><strong>verbo</strong></span> <span class='ocrx_word' id='word_1_803' title='bbox 1649 5141 1910 5199; x_wconf 71' lang='lat' dir='ltr'><strong>doctrina:</strong></span> <span class='ocrx_word' id='word_1_804' title='bbox 1930 5157 2056 5212; x_wconf 87' lang='lat' dir='ltr'><strong>pro-</strong></span> 
     </span>
    </p>
   </div>
   <div class='ocr_carea' id='block_1_100' title="bbox 466 5235 2048 5306">
    <p class='ocr_par' dir='ltr' id='par_1_100' title="bbox 466 5235 2048 5306">
     <span class='ocr_line' id='line_1_100' title="bbox 466 5235 2048 5306; baseline -0.001 -14"><span class='ocrx_word' id='word_1_805' title='bbox 466 5235 627 5292; x_wconf 77' lang='lat' dir='ltr'><strong>ximis</strong></span> <span class='ocrx_word' id='word_1_806' title='bbox 650 5235 930 5305; x_wconf 88' lang='lat' dir='ltr'><strong>prodesse,</strong></span> <span class='ocrx_word' id='word_1_807' title='bbox 962 5236 1015 5290; x_wconf 92' lang='lat' dir='ltr'><strong>in</strong></span> <span class='ocrx_word' id='word_1_808' title='bbox 1045 5235 1225 5290; x_wconf 83' lang='lat' dir='ltr'><strong>futura</strong></span> <span class='ocrx_word' id='word_1_809' title='bbox 1260 5249 1420 5306; x_wconf 77' lang='lat' dir='ltr'><strong>ptena</strong></span> <span class='ocrx_word' id='word_1_810' title='bbox 1451 5236 1648 5291; x_wconf 88' lang='lat' dir='ltr'><strong>ardens</strong></span> <span class='ocrx_word' id='word_1_811' title='bbox 1670 5237 1834 5290; x_wconf 89' lang='lat' dir='ltr'><strong>etiam</strong></span> <span class='ocrx_word' id='word_1_812' title='bbox 1868 5236 2048 5306; x_wconf 72' lang='lat' dir='ltr'><strong>poeni-</strong></span> 
     </span>
    </p>
   </div>
   <div class='ocr_carea' id='block_1_101' title="bbox 466 5326 2052 5384">
    <p class='ocr_par' dir='ltr' id='par_1_101' title="bbox 466 5326 2052 5384">
     <span class='ocr_line' id='line_1_101' title="bbox 466 5326 2052 5384; baseline -0.001 0"><span class='ocrx_word' id='word_1_813' title='bbox 466 5328 648 5384; x_wconf 68' lang='lat' dir='ltr'><strong>tentia:</strong></span> <span class='ocrx_word' id='word_1_814' title='bbox 691 5326 966 5384; x_wconf 84' lang='lat' dir='ltr'><strong>doloribus</strong></span> <span class='ocrx_word' id='word_1_815' title='bbox 1003 5327 1058 5382; x_wconf 92' lang='lat' dir='ltr'><strong>in</strong></span> <span class='ocrx_word' id='word_1_816' title='bbox 1102 5327 1285 5382; x_wconf 90' lang='lat' dir='ltr'><strong>animo</strong></span> <span class='ocrx_word' id='word_1_817' title='bbox 1328 5331 1592 5384; x_wconf 62' lang='lat' dir='ltr'><strong>aestuante</strong></span> <span class='ocrx_word' id='word_1_818' title='bbox 1643 5327 1760 5383; x_wconf 89' lang='lat' dir='ltr'><strong>sine</strong></span> <span class='ocrx_word' id='word_1_819' title='bbox 1809 5328 2052 5384; x_wconf 90' lang='lat' dir='ltr'><strong>remedio</strong></span> 
     </span>
    </p>
   </div>
   <div class='ocr_carea' id='block_1_102' title="bbox 465 5421 815 5478">
    <p class='ocr_par' dir='ltr' id='par_1_102' title="bbox 465 5421 815 5478">
     <span class='ocr_line' id='line_1_102' title="bbox 465 5421 815 5478; baseline -0.003 -3"><span class='ocrx_word' id='word_1_820' title='bbox 465 5421 815 5478; x_wconf 84' lang='lat' dir='ltr'><strong>cruciabitur.</strong></span> 
     </span>
    </p>
   </div>
   <div class='ocr_carea' id='block_1_103' title="bbox 538 5509 2049 5584">
    <p class='ocr_par' dir='ltr' id='par_1_103' title="bbox 538 5509 2049 5584">
     <span class='ocr_line' id='line_1_103' title="bbox 538 5509 2049 5584; baseline -0.003 -16"><span class='ocrx_word' id='word_1_821' title='bbox 538 5510 690 5582; x_wconf 75' lang='lat' dir='ltr'><strong>(CAP.</strong></span> <span class='ocrx_word' id='word_1_822' title='bbox 722 5510 857 5584; x_wconf 78' lang='lat' dir='ltr'><strong>xu.)</strong></span> <span class='ocrx_word' id='word_1_823' title='bbox 898 5530 917 5563; x_wconf 86' lang='grc'><strong><em>‹</em></strong></span> <span class='ocrx_word' id='word_1_824' title='bbox 961 5511 1005 5568; x_wconf 94' lang='grc' dir='ltr'>Ο</span> <span class='ocrx_word' id='word_1_825' title='bbox 1035 5524 1203 5576; x_wconf 88' lang='lat' dir='ltr'><strong>mors,</strong></span> <span class='ocrx_word' id='word_1_826' title='bbox 1234 5525 1397 5581; x_wconf 91' lang='lat' dir='ltr'><strong>quam</strong></span> <span class='ocrx_word' id='word_1_827' title='bbox 1435 5524 1622 5564; x_wconf 88' lang='lat' dir='ltr'><strong>amara</strong></span> <span class='ocrx_word' id='word_1_828' title='bbox 1651 5517 1735 5565; x_wconf 92' lang='lat' dir='ltr'><strong>est</strong></span> <span class='ocrx_word' id='word_1_829' title='bbox 1787 5509 2049 5564; x_wconf 85' lang='lat' dir='ltr'><strong>memoria</strong></span> 
     </span>
    </p>
   </div>
   <div class='ocr_carea' id='block_1_104' title="bbox 471 5600 2049 5675">
    <p class='ocr_par' dir='ltr' id='par_1_104' title="bbox 471 5600 2049 5675">
     <span class='ocr_line' id='line_1_104' title="bbox 471 5600 2049 5675; baseline 0.001 -21"><span class='ocrx_word' id='word_1_830' title='bbox 471 5619 491 5654; x_wconf 73' lang='grc' dir='ltr'><strong><em>ο</em></strong></span> <span class='ocrx_word' id='word_1_831' title='bbox 523 5610 614 5658; x_wconf 88' lang='lat' dir='ltr'><strong>tua</strong></span> <span class='ocrx_word' id='word_1_832' title='bbox 641 5603 844 5660; x_wconf 89' lang='lat' dir='ltr'><strong>homini</strong></span> <span class='ocrx_word' id='word_1_833' title='bbox 873 5617 1062 5675; x_wconf 86' lang='lat' dir='ltr'><strong>pacem</strong></span> <span class='ocrx_word' id='word_1_834' title='bbox 1089 5602 1308 5658; x_wconf 88' lang='lat' dir='ltr'><strong>babenti</strong></span> <span class='ocrx_word' id='word_1_835' title='bbox 1339 5602 1392 5658; x_wconf 93' lang='lat' dir='ltr'><strong>in</strong></span> <span class='ocrx_word' id='word_1_836' title='bbox 1419 5600 1742 5658; x_wconf 89' lang='lat' dir='ltr'><strong>substantiis</strong></span> <span class='ocrx_word' id='word_1_837' title='bbox 1777 5600 1912 5665; x_wconf 89' lang='lat' dir='ltr'><strong>suis,</strong></span> <span class='ocrx_word' id='word_1_838' title='bbox 1930 5600 2049 5656; x_wconf 91' lang='lat' dir='ltr'><strong>viro</strong></span> 
     </span>
    </p>
   </div>
   <div class='ocr_carea' id='block_1_105' title="bbox 474 5691 2051 5767">
    <p class='ocr_par' dir='ltr' id='par_1_105' title="bbox 474 5691 2051 5767">
     <span class='ocr_line' id='line_1_105' title="bbox 474 5691 2051 5767; baseline 0 -19"><span class='ocrx_word' id='word_1_839' title='bbox 474 5709 494 5743; x_wconf 77' lang='grc' dir='ltr'><strong>ι</strong></span> <span class='ocrx_word' id='word_1_840' title='bbox 523 5693 726 5764; x_wconf 85' lang='lat' dir='ltr'><strong>quieto.</strong></span> <span class='ocrx_word' id='word_1_841' title='bbox 761 5703 816 5752; x_wconf 80' lang='lat' dir='ltr'><strong>et</strong></span> <span class='ocrx_word' id='word_1_842' title='bbox 847 5695 1002 5767; x_wconf 88' lang='lat' dir='ltr'><strong>cujus</strong></span> <span class='ocrx_word' id='word_1_843' title='bbox 1027 5694 1130 5750; x_wconf 75' lang='lat' dir='ltr'><strong>vite</strong></span> <span class='ocrx_word' id='word_1_844' title='bbox 1165 5695 1383 5752; x_wconf 76' lang='lat' dir='ltr'><strong>directa:</strong></span> <span class='ocrx_word' id='word_1_845' title='bbox 1411 5701 1537 5750; x_wconf 88' lang='lat' dir='ltr'><strong>sunt</strong></span> <span class='ocrx_word' id='word_1_846' title='bbox 1558 5693 1611 5750; x_wconf 93' lang='lat' dir='ltr'><strong>in</strong></span> <span class='ocrx_word' id='word_1_847' title='bbox 1635 5691 1965 5760; x_wconf 88' lang='lat' dir='ltr'><strong>hominibus,</strong></span> <span class='ocrx_word' id='word_1_848' title='bbox 1992 5700 2051 5748; x_wconf 88' lang='lat' dir='ltr'><strong>ct</strong></span> 
     </span>
    </p>
   </div>
   <div class='ocr_carea' id='block_1_106' title="bbox 2155 4596 3743 4670">
    <p class='ocr_par' dir='ltr' id='par_1_106' title="bbox 2155 4596 3743 4670">
     <span class='ocr_line' id='line_1_106' title="bbox 2155 4596 3743 4670; baseline 0.006 -21"><span class='ocrx_word' id='word_1_849' title='bbox 2155 4615 2174 4649; x_wconf 73' lang='grc' dir='ltr'><strong>ι</strong></span> <span class='ocrx_word' id='word_1_850' title='bbox 2203 4606 2328 4653; x_wconf 89' lang='lat' dir='ltr'><strong>ante</strong></span> <span class='ocrx_word' id='word_1_851' title='bbox 2357 4606 2408 4653; x_wconf 90' lang='lat' dir='ltr'><strong>te</strong></span> <span class='ocrx_word' id='word_1_852' title='bbox 2439 4596 2694 4664; x_wconf 90' lang='lat' dir='ltr'><strong>fuerunt,</strong></span> <span class='ocrx_word' id='word_1_853' title='bbox 2743 4606 2799 4655; x_wconf 94' lang='lat' dir='ltr'><strong>et</strong></span> <span class='ocrx_word' id='word_1_854' title='bbox 2835 4615 2957 4670; x_wconf 62' lang='lat' dir='ltr'><strong>quae</strong></span> <span class='ocrx_word' id='word_1_855' title='bbox 2995 4610 3389 4670; x_wconf 85' lang='lat' dir='ltr'><strong>superventura</strong></span> <span class='ocrx_word' id='word_1_856' title='bbox 3438 4605 3556 4659; x_wconf 93' lang='lat' dir='ltr'><strong>sint</strong></span> <span class='ocrx_word' id='word_1_857' title='bbox 3613 4608 3743 4661; x_wconf 88' lang='lat' dir='ltr'><strong>tibi:</strong></span> 
     </span>
    </p>
   </div>
   <div class='ocr_carea' id='block_1_107' title="bbox 2153 4688 3746 4768">
    <p class='ocr_par' dir='ltr' id='par_1_107' title="bbox 2153 4688 3746 4768">
     <span class='ocr_line' id='line_1_107' title="bbox 2153 4688 3746 4768; baseline 0.006 -26"><span class='ocrx_word' id='word_1_858' title='bbox 2153 4707 2173 4742; x_wconf 73' lang='grc' dir='ltr'><strong>ι</strong></span> <span class='ocrx_word' id='word_1_859' title='bbox 2207 4690 2311 4745; x_wconf 91' lang='lat' dir='ltr'><strong>hoc</strong></span> <span class='ocrx_word' id='word_1_860' title='bbox 2325 4688 2590 4758; x_wconf 86' lang='lat' dir='ltr'><strong>judicium</strong></span> <span class='ocrx_word' id='word_1_861' title='bbox 2615 4706 2646 4745; x_wconf 89' lang='lat' dir='ltr'><strong>a</strong></span> <span class='ocrx_word' id='word_1_862' title='bbox 2669 4691 2896 4746; x_wconf 89' lang='lat' dir='ltr'><strong>Domino</strong></span> <span class='ocrx_word' id='word_1_863' title='bbox 2921 4693 3068 4747; x_wconf 92' lang='lat' dir='ltr'><strong>omni</strong></span> <span class='ocrx_word' id='word_1_864' title='bbox 3095 4694 3267 4748; x_wconf 86' lang='lat' dir='ltr'><strong>carni.</strong></span> <span class='ocrx_word' id='word_1_865' title='bbox 3302 4694 3371 4748; x_wconf 84' lang='lat' dir='ltr'><strong>Et</strong></span> <span class='ocrx_word' id='word_1_866' title='bbox 3398 4710 3527 4765; x_wconf 69' lang='lat' dir='ltr'><strong>quae</strong></span> <span class='ocrx_word' id='word_1_867' title='bbox 3551 4714 3746 4768; x_wconf 65' lang='lat' dir='ltr'><strong>super-</strong></span> 
     </span>
    </p>
   </div>
   <div class='ocr_carea' id='block_1_108' title="bbox 2153 4779 3742 4852">
    <p class='ocr_par' dir='ltr' id='par_1_108' title="bbox 2153 4779 3742 4852">
     <span class='ocr_line' id='line_1_108' title="bbox 2153 4779 3742 4852; baseline 0.005 -20"><span class='ocrx_word' id='word_1_868' title='bbox 2153 4798 2173 4832; x_wconf 73' lang='grc' dir='ltr'><strong>ι</strong></span> <span class='ocrx_word' id='word_1_869' title='bbox 2207 4780 2425 4834; x_wconf 89' lang='lat' dir='ltr'><strong>venient</strong></span> <span class='ocrx_word' id='word_1_870' title='bbox 2457 4779 2552 4834; x_wconf 91' lang='lat' dir='ltr'><strong>tibi</strong></span> <span class='ocrx_word' id='word_1_871' title='bbox 2583 4781 2637 4835; x_wconf 93' lang='lat' dir='ltr'><strong>in</strong></span> <span class='ocrx_word' id='word_1_872' title='bbox 2667 4779 3004 4852; x_wconf 90' lang='lat' dir='ltr'><strong>beneplacito</strong></span> <span class='ocrx_word' id='word_1_873' title='bbox 3027 4781 3330 4838; x_wconf 83' lang='lat' dir='ltr'><strong>Altissimi?</strong></span> <span class='ocrx_word' id='word_1_874' title='bbox 3375 4783 3508 4840; x_wconf 89' lang='lat' dir='ltr'><strong>Sive</strong></span> <span class='ocrx_word' id='word_1_875' title='bbox 3534 4787 3742 4850; x_wconf 75' lang='lat' dir='ltr'><strong>decem,</strong></span> 
     </span>
    </p>
   </div>
   <div class='ocr_carea' id='block_1_109' title="bbox 2161 4869 3745 4934">
    <p class='ocr_par' dir='ltr' id='par_1_109' title="bbox 2161 4869 3745 4934">
     <span class='ocr_line' id='line_1_109' title="bbox 2161 4869 3745 4934; baseline 0.008 -12"><span class='ocrx_word' id='word_1_876' title='bbox 2161 4888 2181 4922; x_wconf 83' lang='grc'><em>‹</em></span> <span class='ocrx_word' id='word_1_877' title='bbox 2215 4869 2330 4924; x_wconf 90' lang='lat' dir='ltr'><strong>sive</strong></span> <span class='ocrx_word' id='word_1_878' title='bbox 2360 4876 2594 4934; x_wconf 89' lang='lat' dir='ltr'><strong>centum,</strong></span> <span class='ocrx_word' id='word_1_879' title='bbox 2613 4871 2728 4926; x_wconf 90' lang='lat' dir='ltr'><strong>sive</strong></span> <span class='ocrx_word' id='word_1_880' title='bbox 2756 4871 2902 4926; x_wconf 91' lang='lat' dir='ltr'><strong>mille</strong></span> <span class='ocrx_word' id='word_1_881' title='bbox 2927 4873 3038 4928; x_wconf 89' lang='lat' dir='ltr'><strong>sint</strong></span> <span class='ocrx_word' id='word_1_882' title='bbox 3066 4873 3213 4928; x_wconf 90' lang='lat' dir='ltr'><strong>anni.</strong></span> <span class='ocrx_word' id='word_1_883' title='bbox 3239 4873 3357 4929; x_wconf 82' lang='lat' dir='ltr'><strong>Non</strong></span> <span class='ocrx_word' id='word_1_884' title='bbox 3383 4877 3532 4932; x_wconf 90' lang='lat' dir='ltr'><strong>enim</strong></span> <span class='ocrx_word' id='word_1_885' title='bbox 3569 4879 3629 4933; x_wconf 92' lang='lat' dir='ltr'><strong>in</strong></span> <span class='ocrx_word' id='word_1_886' title='bbox 3671 4880 3745 4933; x_wconf 81' lang='lat' dir='ltr'><strong>in-</strong></span> 
     </span>
    </p>
   </div>
   <div class='ocr_carea' id='block_1_110' title="bbox 2162 4957 3746 5036">
    <p class='ocr_par' dir='ltr' id='par_1_110' title="bbox 2162 4957 3746 5036">
     <span class='ocr_line' id='line_1_110' title="bbox 2162 4957 3746 5036; baseline 0.005 -24"><span class='ocrx_word' id='word_1_887' title='bbox 2162 4977 2180 5012; x_wconf 76' lang='grc' dir='ltr'><strong>ι</strong></span> <span class='ocrx_word' id='word_1_888' title='bbox 2209 4957 2360 5015; x_wconf 88' lang='lat' dir='ltr'><strong>ferno</strong></span> <span class='ocrx_word' id='word_1_889' title='bbox 2381 4960 2654 5016; x_wconf 88' lang='lat' dir='ltr'><strong>accusatio</strong></span> <span class='ocrx_word' id='word_1_890' title='bbox 2681 4962 2824 5016; x_wconf 65' lang='lat' dir='ltr'><strong>vitae.</strong></span> <span class='ocrx_word' id='word_1_891' title='bbox 2851 4983 2870 5015; x_wconf 76' lang='grc' dir='ltr'><strong>ι</strong></span> <span class='ocrx_word' id='word_1_892' title='bbox 2903 4963 3019 5018; x_wconf 85' lang='grc' dir='ltr'>Νοιι</span> <span class='ocrx_word' id='word_1_893' title='bbox 3041 4971 3123 5019; x_wconf 92' lang='lat' dir='ltr'><strong>est</strong></span> <span class='ocrx_word' id='word_1_894' title='bbox 3145 4965 3288 5020; x_wconf 88' lang='lat' dir='ltr'><strong>enim</strong></span> <span class='ocrx_word' id='word_1_895' title='bbox 3306 4965 3578 5036; x_wconf 90' lang='lat' dir='ltr'><strong>judicium</strong></span> <span class='ocrx_word' id='word_1_896' title='bbox 3609 4985 3746 5023; x_wconf 88' lang='lat' dir='ltr'><strong>mor-</strong></span> 
     </span>
    </p>
   </div>
   <div class='ocr_carea' id='block_1_111' title="bbox 2154 5050 3747 5126">
    <p class='ocr_par' dir='ltr' id='par_1_111' title="bbox 2154 5050 3747 5126">
     <span class='ocr_line' id='line_1_111' title="bbox 2154 5050 3747 5126; baseline 0.004 -21"><span class='ocrx_word' id='word_1_897' title='bbox 2154 5050 2226 5105; x_wconf 91' lang='lat' dir='ltr'><strong>tis</strong></span> <span class='ocrx_word' id='word_1_898' title='bbox 2253 5051 2562 5122; x_wconf 90' lang='lat' dir='ltr'><strong>temporalis</strong></span> <span class='ocrx_word' id='word_1_899' title='bbox 2585 5050 3006 5119; x_wconf 80' lang='lat' dir='ltr'><strong>formidandum,</strong></span> <span class='ocrx_word' id='word_1_900' title='bbox 3023 5055 3116 5110; x_wconf 88' lang='lat' dir='ltr'><strong>sed</strong></span> <span class='ocrx_word' id='word_1_901' title='bbox 3143 5054 3233 5111; x_wconf 91' lang='lat' dir='ltr'><strong>ille</strong></span> <span class='ocrx_word' id='word_1_902' title='bbox 3257 5057 3440 5126; x_wconf 87' lang='lat' dir='ltr'><strong>potius</strong></span> <span class='ocrx_word' id='word_1_903' title='bbox 3468 5059 3747 5113; x_wconf 88' lang='lat' dir='ltr'><strong>timendus</strong></span> 
     </span>
    </p>
   </div>
   <div class='ocr_carea' id='block_1_112' title="bbox 2153 5140 3745 5214">
    <p class='ocr_par' dir='ltr' id='par_1_112' title="bbox 2153 5140 3745 5214">
     <span class='ocr_line' id='line_1_112' title="bbox 2153 5140 3745 5214; baseline 0.005 -19"><span class='ocrx_word' id='word_1_904' title='bbox 2153 5148 2265 5206; x_wconf 89' lang='lat' dir='ltr'><strong>est,</strong></span> <span class='ocrx_word' id='word_1_905' title='bbox 2307 5141 2397 5210; x_wconf 90' lang='lat' dir='ltr'><strong>qui</strong></span> <span class='ocrx_word' id='word_1_906' title='bbox 2446 5140 2610 5196; x_wconf 87' lang='lat' dir='ltr'><strong>habet</strong></span> <span class='ocrx_word' id='word_1_907' title='bbox 2646 5150 2974 5212; x_wconf 88' lang='lat' dir='ltr'><strong>potestatem</strong></span> <span class='ocrx_word' id='word_1_908' title='bbox 3022 5144 3147 5200; x_wconf 69' lang='lat' dir='ltr'><strong>vita:</strong></span> <span class='ocrx_word' id='word_1_909' title='bbox 3190 5157 3246 5200; x_wconf 89' lang='lat' dir='ltr'><strong>et</strong></span> <span class='ocrx_word' id='word_1_910' title='bbox 3276 5148 3504 5214; x_wconf 88' lang='lat' dir='ltr'><strong>mortis,</strong></span> <span class='ocrx_word' id='word_1_911' title='bbox 3534 5147 3745 5204; x_wconf 79' lang='lat' dir='ltr'><strong>clavem</strong></span> 
     </span>
    </p>
   </div>
   <div class='ocr_carea' id='block_1_113' title="bbox 2156 5233 3745 5310">
    <p class='ocr_par' dir='ltr' id='par_1_113' title="bbox 2156 5233 3745 5310">
     <span class='ocr_line' id='line_1_113' title="bbox 2156 5233 3745 5310; baseline 0.003 -22"><span class='ocrx_word' id='word_1_912' title='bbox 2156 5233 2335 5304; x_wconf 87' lang='lat' dir='ltr'><strong>abyssi</strong></span> <span class='ocrx_word' id='word_1_913' title='bbox 2383 5241 2439 5288; x_wconf 89' lang='lat' dir='ltr'><strong>et</strong></span> <span class='ocrx_word' id='word_1_914' title='bbox 2483 5233 2903 5290; x_wconf 91' lang='lat' dir='ltr'><strong>dominationem</strong></span> <span class='ocrx_word' id='word_1_915' title='bbox 2951 5233 3168 5291; x_wconf 85' lang='lat' dir='ltr'><strong>inferni.</strong></span> <span class='ocrx_word' id='word_1_916' title='bbox 3211 5236 3290 5292; x_wconf 90' lang='lat' dir='ltr'><strong>De</strong></span> <span class='ocrx_word' id='word_1_917' title='bbox 3325 5253 3434 5308; x_wconf 91' lang='lat' dir='ltr'><strong>quo</strong></span> <span class='ocrx_word' id='word_1_918' title='bbox 3475 5239 3745 5310; x_wconf 85' lang='lat' dir='ltr'><strong>scriptum</strong></span> 
     </span>
    </p>
   </div>
   <div class='ocr_carea' id='block_1_114' title="bbox 2154 5323 3746 5394">
    <p class='ocr_par' dir='ltr' id='par_1_114' title="bbox 2154 5323 3746 5394">
     <span class='ocr_line' id='line_1_114' title="bbox 2154 5323 3746 5394; baseline 0.003 -14"><span class='ocrx_word' id='word_1_919' title='bbox 2154 5333 2276 5380; x_wconf 88' lang='lat' dir='ltr'><strong>est:</strong></span> <span class='ocrx_word' id='word_1_920' title='bbox 2320 5343 2338 5375; x_wconf 83' lang='lat'><strong>(</strong></span> <span class='ocrx_word' id='word_1_921' title='bbox 2371 5323 2632 5379; x_wconf 90' lang='lat' dir='ltr'><strong>Dominus</strong></span> <span class='ocrx_word' id='word_1_922' title='bbox 2664 5325 2956 5380; x_wconf 87' lang='lat' dir='ltr'><strong>mortiﬁcat</strong></span> <span class='ocrx_word' id='word_1_923' title='bbox 2998 5333 3052 5380; x_wconf 91' lang='lat' dir='ltr'><strong>et</strong></span> <span class='ocrx_word' id='word_1_924' title='bbox 3089 5326 3358 5394; x_wconf 87' lang='lat' dir='ltr'><strong>viviﬁcat,</strong></span> <span class='ocrx_word' id='word_1_925' title='bbox 3404 5329 3631 5386; x_wconf 87' lang='lat' dir='ltr'><strong>deducit</strong></span> <span class='ocrx_word' id='word_1_926' title='bbox 3679 5329 3746 5384; x_wconf 82' lang='lat' dir='ltr'><strong>ad</strong></span> 
     </span>
    </p>
   </div>
   <div class='ocr_carea' id='block_1_115' title="bbox 2158 5416 3747 5490">
    <p class='ocr_par' dir='ltr' id='par_1_115' title="bbox 2158 5416 3747 5490">
     <span class='ocr_line' id='line_1_115' title="bbox 2158 5416 3747 5490; baseline -0.001 -15"><span class='ocrx_word' id='word_1_927' title='bbox 2158 5417 2358 5475; x_wconf 88' lang='lat' dir='ltr'><strong>inferos</strong></span> <span class='ocrx_word' id='word_1_928' title='bbox 2384 5426 2439 5474; x_wconf 91' lang='lat' dir='ltr'><strong>et</strong></span> <span class='ocrx_word' id='word_1_929' title='bbox 2469 5417 2678 5473; x_wconf 76' lang='lat' dir='ltr'><strong>reducit</strong></span> <span class='ocrx_word' id='word_1_930' title='bbox 2713 5417 2765 5490; x_wconf 90' lang='lat' dir='ltr'><strong>(I</strong></span> <span class='ocrx_word' id='word_1_931' title='bbox 2794 5416 2922 5488; x_wconf 85' lang='lat' dir='ltr'><strong>Reg.</strong></span> <span class='ocrx_word' id='word_1_932' title='bbox 2950 5421 3035 5490; x_wconf 92' lang='grc' dir='ltr'>ιι).</span> <span class='ocrx_word' id='word_1_933' title='bbox 3074 5438 3093 5473; x_wconf 76' lang='grc' dir='ltr'><strong>ι</strong></span> <span class='ocrx_word' id='word_1_934' title='bbox 3140 5417 3277 5474; x_wconf 82' lang='lat' dir='ltr'><strong>Hinc</strong></span> <span class='ocrx_word' id='word_1_935' title='bbox 3303 5428 3358 5473; x_wconf 91' lang='lat' dir='ltr'><strong>et</strong></span> <span class='ocrx_word' id='word_1_936' title='bbox 3383 5419 3497 5490; x_wconf 84' lang='lat' dir='ltr'><strong>ipsa</strong></span> <span class='ocrx_word' id='word_1_937' title='bbox 3523 5418 3747 5476; x_wconf 82' lang='lat' dir='ltr'><strong>Veritas</strong></span> 
     </span>
    </p>
   </div>
   <div class='ocr_carea' id='block_1_116' title="bbox 2156 5507 3746 5580">
    <p class='ocr_par' dir='ltr' id='par_1_116' title="bbox 2156 5507 3746 5580">
     <span class='ocr_line' id='line_1_116' title="bbox 2156 5507 3746 5580; baseline 0.001 -17"><span class='ocrx_word' id='word_1_938' title='bbox 2156 5509 2432 5579; x_wconf 90' lang='lat' dir='ltr'><strong>discipulis</strong></span> <span class='ocrx_word' id='word_1_939' title='bbox 2457 5507 2570 5562; x_wconf 91' lang='lat' dir='ltr'><strong>suis</strong></span> <span class='ocrx_word' id='word_1_940' title='bbox 2597 5508 2672 5562; x_wconf 89' lang='lat' dir='ltr'><strong>ait</strong></span> <span class='ocrx_word' id='word_1_941' title='bbox 2700 5525 2713 5562; x_wconf 92' lang='lat'><strong>:</strong></span> <span class='ocrx_word' id='word_1_942' title='bbox 2749 5527 2768 5560; x_wconf 84' lang='grc'><strong>«</strong></span> <span class='ocrx_word' id='word_1_943' title='bbox 2820 5508 2994 5564; x_wconf 85' lang='lat' dir='ltr'><strong>Nolite</strong></span> <span class='ocrx_word' id='word_1_944' title='bbox 3017 5509 3207 5564; x_wconf 90' lang='lat' dir='ltr'><strong>timere</strong></span> <span class='ocrx_word' id='word_1_945' title='bbox 3239 5525 3334 5566; x_wconf 90' lang='lat' dir='ltr'><strong>eos</strong></span> <span class='ocrx_word' id='word_1_946' title='bbox 3354 5510 3446 5580; x_wconf 89' lang='lat' dir='ltr'><strong>qui</strong></span> <span class='ocrx_word' id='word_1_947' title='bbox 3486 5511 3746 5565; x_wconf 88' lang='lat' dir='ltr'><strong>occidunt</strong></span> 
     </span>
    </p>
   </div>
   <div class='ocr_carea' id='block_1_117' title="bbox 2155 5599 3743 5670">
    <p class='ocr_par' dir='ltr' id='par_1_117' title="bbox 2155 5599 3743 5670">
     <span class='ocr_line' id='line_1_117' title="bbox 2155 5599 3743 5670; baseline -0.002 -15"><span class='ocrx_word' id='word_1_948' title='bbox 2155 5615 2374 5670; x_wconf 91' lang='lat' dir='ltr'><strong>corpus,</strong></span> <span class='ocrx_word' id='word_1_949' title='bbox 2406 5599 2644 5654; x_wconf 91' lang='lat' dir='ltr'><strong>animam</strong></span> <span class='ocrx_word' id='word_1_950' title='bbox 2674 5608 2853 5653; x_wconf 89' lang='lat' dir='ltr'><strong>autem</strong></span> <span class='ocrx_word' id='word_1_951' title='bbox 2908 5614 3012 5654; x_wconf 91' lang='lat' dir='ltr'><strong>non</strong></span> <span class='ocrx_word' id='word_1_952' title='bbox 3064 5609 3293 5670; x_wconf 90' lang='lat' dir='ltr'><strong>possunt</strong></span> <span class='ocrx_word' id='word_1_953' title='bbox 3333 5599 3617 5663; x_wconf 89' lang='lat' dir='ltr'><strong>occidere;</strong></span> <span class='ocrx_word' id='word_1_954' title='bbox 3649 5599 3743 5655; x_wconf 78' lang='lat' dir='ltr'><strong>sed</strong></span> 
     </span>
    </p>
   </div>
   <div class='ocr_carea' id='block_1_118' title="bbox 2155 5689 3748 5760">
    <p class='ocr_par' dir='ltr' id='par_1_118' title="bbox 2155 5689 3748 5760">
     <span class='ocr_line' id='line_1_118' title="bbox 2155 5689 3748 5760; baseline -0.002 -16"><span class='ocrx_word' id='word_1_955' title='bbox 2155 5689 2332 5760; x_wconf 89' lang='lat' dir='ltr'><strong>potius</strong></span> <span class='ocrx_word' id='word_1_956' title='bbox 2357 5704 2481 5744; x_wconf 86' lang='lat' dir='ltr'><strong>cum</strong></span> <span class='ocrx_word' id='word_1_957' title='bbox 2509 5689 2691 5744; x_wconf 81' lang='lat' dir='ltr'><strong>timete</strong></span> <span class='ocrx_word' id='word_1_958' title='bbox 2727 5689 2816 5760; x_wconf 89' lang='lat' dir='ltr'><strong>qui</strong></span> <span class='ocrx_word' id='word_1_959' title='bbox 2851 5696 3026 5759; x_wconf 86' lang='lat' dir='ltr'><strong>potest</strong></span> <span class='ocrx_word' id='word_1_960' title='bbox 3049 5689 3283 5744; x_wconf 84' lang='lat' dir='ltr'><strong>animam</strong></span> <span class='ocrx_word' id='word_1_961' title='bbox 3309 5698 3363 5744; x_wconf 88' lang='lat' dir='ltr'><strong>et</strong></span> <span class='ocrx_word' id='word_1_962' title='bbox 3392 5704 3588 5760; x_wconf 85' lang='lat' dir='ltr'><strong>corpus</strong></span> <span class='ocrx_word' id='word_1_963' title='bbox 3623 5706 3748 5758; x_wconf 74' lang='lat' dir='ltr'><strong>per-</strong></span> 
     </span>
    </p>
   </div>
  </div>
