3926 6168
205 240 348 296 ιυδτ

1089 232 1442 292 COMMENT.
1485 232 1550 287 1N
1586 231 2195 290 ECCLESIASTICUM.
2232 265 2305 275 —
2339 235 2468 292 LlB.
2507 233 2602 292 IX.

3342 243 3480 305 1058

198 359 339 410 dere
359 355 414 408 in
441 352 744 425 gehennam
790 347 1004 421 (Matth.
1038 347 1116 419 ιι).
1153 367 1172 400 ι
1200 347 1424 403 Mortem
1453 354 1632 401 autem
1654 360 1794 416 νικω-
1824 351 1875 410 Α
1902 344 1979 415 git
2009 345 2367 415 iniquitatem,
2391 348 2506 403 odit
2529 348 2766 402 animam
2789 363 2965 404 suam.
2990 349 3133 407 Pluit
3160 365 3327 424 super
3353 369 3485 426 pec-

199 447 380 502 sentis
413 445 560 507 vitze,
590 457 752 511 quam
781 450 1002 510 propter
1037 447 1318 509 peccatum
1368 437 1528 507 primi
1558 436 1792 490 hominis

197 537 448 593 conditio
471 534 708 590 carnalis
733 532 1053 603 promeruit,
1085 529 1300 602 quando
1325 529 1375 590 ei
1404 527 1672 584 sententia
1713 526 1794 582 di-

197 632 332 685 vina
359 630 562 685 dictum
593 635 698 693 est,
733 644 751 677 ι
788 625 956 680 Terra
987 638 1067 690 es,
1101 633 1156 678 et
1181 622 1236 676 in
1266 631 1466 678 terram
1512 619 1614 674 ibis
1637 617 1789 689 (Gen.

199 724 311 793 ιιι),
337 742 356 774 ι
374 721 518 775 onmi
551 717 754 773 homini
778 716 1079 772 communis
1108 723 1210 779 est,
1232 727 1333 768 nec
1357 727 1475 767 eam
1505 711 1793 782 quisquam

199 812 438 868 evadere
463 818 663 881 potest,
692 809 854 863 etiam
881 807 924 860 si
949 814 1166 861 centum
1205 814 1298 857 aut
1327 803 1472 857 mille
1495 817 1684 866 annos,
1701 807 1796 854 aut

199 905 351 958 ultra
406 902 620 958 vixerit.
680 899 834 954 Unde
880 898 934 951 in
987 895 1316 950 Ecclesiaste
1360 894 1620 962 scriptum
1666 899 1790 945 est:

209 1018 229 1048 ι
264 996 436 1051 Nemo
481 1003 566 1049 est
597 993 687 1064 qui
730 1007 944 1061 semper
985 991 1154 1054 vivat,
1182 999 1237 1043 et
1262 987 1351 1057 qui
1385 987 1544 1056 hujus
1571 986 1648 1039 rei
1690 985 1789 1039 ha-

201 1088 332 1142 beat
363 1085 611 1139 ﬁduciam
639 1081 808 1153 (Eccl.
857 1080 955 1150 1x).
988 1099 1007 1131 ι
1045 1079 1184 1133 Hinc
1207 1086 1262 1131 et
1305 1092 1400 1146 per
1446 1075 1790 1130 Psalmistam

201 1178 446 1232 dicitur:
482 1193 500 1224 ‹
531 1173 662 1240 Quis
697 1181 780 1226 est
811 1170 972 1224 homo
1004 1171 1096 1240 qui
1131 1169 1305 1234 vivit,
1355 1176 1411 1223 et
1456 1183 1562 1221 non
1590 1165 1794 1221 videbit

201 1279 460 1335 mortem,
488 1278 582 1324 aut
628 1267 718 1337 qui
744 1273 923 1321 servet
947 1265 1184 1320 animam
1213 1278 1366 1319 suam
1395 1262 1464 1318 de
1512 1277 1677 1317 manu
1703 1263 1789 1317 in-

210 1367 346 1422 teri?
365 1362 537 1436 (Psal.
562 1357 873 1427 usum.»
905 1353 1012 1410 Sed
1044 1355 1205 1424 hujus
1232 1351 1426 1406 mortis
1452 1350 1787 1420 quandoque

211 1471 318 1512 ει-ιι
337 1457 617 1520 linis,cum
635 1457 919 1520 resurgent
936 1446 1134 1502 mortui
1155 1443 1478 1513 incorrupti,
1491 1450 1546 1497 et
1559 1440 1783 1511 evigila-

202 1543 342 1597 bunt
370 1541 462 1610 qui
497 1539 552 1594 in
604 1547 764 1594 terra;
813 1536 1033 1606 pulvere
1070 1535 1365 1600 dormiunt,
1397 1534 1487 1589 alii
1535 1533 1590 1588 in
1623 1533 1791 1588 vitam

197 1641 485 1694 aternam,
514 1629 605 1686 alii
653 1629 710 1682 in
746 1628 1127 1697 opprobrium,
1177 1635 1235 1680 ut
1275 1625 1493 1679 videant
1538 1639 1781 1694 semper;

1896 446 2111 493 calores
2153 437 2413 508 laqueos;
2442 441 2602 516 ignis,
2633 441 2858 510 sulphur
2897 452 2953 497 et
2977 444 3199 513 spiritus
3221 446 3487 515 procella-

1894 541 2017 582 rum
2041 543 2170 598 pars
2197 527 2383 584 calicis
2419 544 2606 585 eorum
2637 528 2809 598 (Paul.
2835 533 2913 602 ιι).
2950 552 2969 584 ι

1971 637 1990 669 ι
2019 619 2111 674 Vae
2137 619 2309 685 vobis,
2342 619 2444 674 viri
2477 619 2646 692 impii,
2673 622 2763 691 qui
2789 623 3152 692 dereliquistis
3178 625 3350 696 legem
3380 628 3486 683 Do-

1899 728 1918 760 ι
1960 710 2090 764 mini
2121 711 2412 777 Altissimi;
2447 720 2501 766 et
2531 713 2576 767 si
2622 714 2736 768 nati
2767 714 2996 782 fueritis,
3023 717 3076 770 in
3110 717 3485 774 maledictione

1900 818 1918 852 ι
1964 803 2292 869 nascemini;
2327 812 2384 858 et
2428 804 2473 858 si
2504 805 2703 859 mortui
2744 804 2978 871 fueritis,
3007 806 3060 860 in
3109 808 3484 866 maledictione

1899 910 1918 943 ι
1964 893 2069 946 erit
2101 909 2228 963 pars
2271 903 2472 950 vestra.
2498 915 2514 946 ι
2564 896 2828 962 Quoniam
2875 898 3051 952 omnis
3097 898 3258 954 homo
3286 915 3352 954 ex
3380 901 3484 955 viri

1893 985 2100 1040 semine
2129 995 2184 1040 et
2217 987 2459 1041 mulieris
2483 996 2664 1054 natus,
2694 1003 2817 1042 cum
2849 989 3090 1057 peccatis
3127 991 3398 1057 nascitur;
3431 1001 3487 1047 et

1894 1077 1996 1132 nisi
2027 1093 2125 1148 per
2160 1077 2389 1148 gratiam
2433 1076 2634 1134 Christi
2685 1087 3023 1146 renascatur,
3068 1089 3122 1134 et
3157 1080 3414 1136 liberetur
3451 1097 3484 1136 a

1894 1168 2274 1223 maledictione
2300 1168 2412 1234 illa,
2443 1183 2550 1223 non
2581 1169 2900 1224 salvabitur.
2932 1170 3086 1226 Unde
3111 1179 3166 1226 et
3193 1172 3479 1228 Psalmista

1893 1260 1969 1315 ait
1997 1278 2010 1312 :
2043 1279 2061 1310 ‹
2099 1260 2238 1315 Ecce
2266 1262 2409 1315 enim
2439 1261 2493 1315 in
2533 1262 2908 1331 iniquitatibus
2939 1274 3230 1333 conceptus
3260 1282 3400 1332 sum,
3429 1276 3486 1321 et

1891 1348 1947 1402 in
1986 1351 2222 1420 peccatis
2267 1352 2515 1420 concepit
2557 1366 2644 1406 me
2666 1361 2841 1407 mater
2885 1369 3003 1409 mea
3045 1353 3216 1422 (Psal.
3246 1356 3365 1428 1.).»
3416 1358 3486 1412 Et

1891 1438 2020 1492 item
2047 1456 2060 1492 :
2093 1457 2110 1490 ι
2139 1438 2407 1511 Asperges
2430 1456 2538 1507 me,
2563 1442 2754 1513 inquit,
2783 1446 3037 1515 hyssopo,
3069 1456 3124 1501 et
3152 1449 3481 1516 mundabor;

1891 1528 2096 1586 lavabis
2129 1545 2215 1586 me
2244 1539 2298 1586 et
2322 1547 2485 1603 super
2515 1533 2693 1589 nivem
2721 1535 3014 1592 dealbabor
3047 1538 3259 1609 (Ibid.).
3282 1557 3300 1591 ι
3329 1539 3484 1608 lmpii

1890 1637 2018 1678 vero
2045 1623 2195 1692 quia
2231 1623 2605 1680 maledictione
2648 1627 2888 1696 antiqua,
2922 1627 2976 1681 in
3023 1643 3129 1698 qua
3174 1629 3287 1682 nati
3335 1636 3481 1692 sunt,

201 1721 331 1791 quia
351 1720 508 1790 juxta
535 1717 795 1772 Veritatis
815 1715 1161 1781 sententiam,
1192 1734 1210 1767 ι
1240 1715 1386 1770 venit
1415 1713 1550 1769 hora
1593 1714 1648 1768 in
1680 1729 1787 1784 qua
1817 1724 1862 1783 Β
1889 1728 1987 1783 per
2027 1714 2260 1783 gratiam
2305 1713 2503 1768 Chriin
2551 1730 2658 1769 non
2689 1726 2967 1772 merentur
3010 1717 3251 1784 liberari,
3285 1718 3484 1773 additis

201 1828 395 1868 omnes
416 1812 506 1882 qui
539 1811 593 1865 in
619 1808 985 1864 monumentis
1011 1805 1398 1873 sunt,audient
1425 1819 1612 1860 vocem
1637 1804 1782 1874 ejus;

201 1914 258 1960 et
284 1904 578 1974 procedent
608 1901 700 1971 qui
750 1901 890 1956 bona
940 1898 1187 1954 fecerunt
1237 1897 1290 1952 in
1331 1896 1786 1953 resurrectionem

199 1999 364 2060 viue,
421 1995 514 2064 qui
559 2007 688 2047 vero
741 1990 880 2046 male
945 1996 1172 2059 egerunt
1226 1987 1281 2041 in
1329 1985 1784 2042 resurrectionem

195 2077 387 2157 judicii
419 2084 698 2157 (Joan.v).
731 2102 750 2135 ι
783 2080 938 2150 Quod
971 2088 1152 2134 autem
1196 2078 1348 2144 dicit,
1377 2095 1395 2129 ‹
1425 2077 1541 2132 Νοιι
1595 2085 1678 2131 est
1729 2076 1783 2130 in

200 2177 414 2233 inferno
447 2174 720 2232 accusatio
748 2173 893 2238 vitae,
928 2191 946 2225 ι
992 2170 1228 2226 ostendit
1254 2169 1398 2239 quod
1426 2169 1480 2222 in
1518 2169 1637 2223 loco
1666 2181 1783 2236 pue-

199 2283 396 2322 narum
427 2281 531 2321 non
557 2265 627 2320 sit
656 2262 924 2319 confessio
952 2260 1157 2332 gloriae,
1190 2259 1283 2315 sed
1305 2258 1463 2314 ﬁctus
1488 2258 1783 2312 dolentium

199 2361 529 2416 animarum.
553 2359 706 2415 Unde
752 2357 1020 2427 Propheta
1043 2355 1108 2410 ad
1134 2355 1307 2426 ipsum
1336 2354 1622 2409 Dominum
1660 2353 1736 2407 ait
1766 2369 1779 2407 :

201 2471 221 2504 ι
258 2451 526 2520 Quoniam
561 2465 666 2504 non
695 2455 780 2503 est
821 2447 874 2502 in
919 2455 1096 2501 morte
1124 2445 1214 2515 qui
1246 2459 1454 2498 memor
1476 2445 1549 2499 sit
1578 2442 1688 2506 tui,
1730 2442 1784 2497 in

196 2544 414 2600 inferno
434 2551 613 2598 autem
644 2539 1129 2612 quisconﬁtehitur
1150 2539 1279 2592 tibi?
1307 2535 1480 2610 (Paul.
1629 2534 1726 2608 γι.)
1761 2553 1779 2587 ι

193 2635 499 2690 Inferorum
529 2648 659 2704 ergo
703 2646 892 2687 carcer
943 2629 1100 2685 malis
1135 2629 1420 2700 deputatus
1460 2635 1572 2693 est,
1625 2635 1684 2681 ut
1713 2627 1784 2681 ibi

192 2742 416 2797 semper
458 2733 701 2797 gemant;
763 2738 870 2778 non
900 2723 1073 2786 bonis,
1122 2729 1178 2776 ut
1215 2721 1289 2776 ibi
1339 2720 1528 2776 laudes
1564 2727 1782 2787 canant,

194 2823 341 2878 sicut
369 2819 424 2872 in
453 2815 802 2888 sequentibus
836 2815 1260 2870 demonstratur.

269 2927 289 2958 ι
321 2906 447 2960 Filii
476 2905 937 2960 abominationum
982 2902 1119 2957 ﬁunt
1148 2902 1240 2956 ﬁlii
1291 2908 1678 2972 peccatorum:
1729 2910 1784 2954 et

201 3013 220 3046 ι
247 2995 343 3066 qui
365 3001 753 3050 conversantur
779 3007 936 3048 secus
965 2991 1157 3047 domus
1179 2991 1485 3062 impiorum.
1516 3008 1536 3042 ι
1561 2988 1784 3044 Abomi-

1889 1805 2126 1875 propriis
2165 1805 2478 1871 sceleribus,
2505 1813 2629 1874 post
2667 1806 2832 1862 linem
2872 1809 3028 1864 istius
3066 1811 3192 1864 vitae
3228 1811 3282 1864 in
3313 1809 3484 1864 male-

1888 1896 2177 1952 dictionem
2206 1897 2410 1951 vadunt
2437 1904 2776 1966 perpetuam.
2809 1898 3017 1965 Quibus
3048 1899 3102 1953 in
3132 1899 3314 1954 futuro
3337 1897 3486 1969 judi-

1886 1985 1973 2040 cio
1999 1986 2245 2041 dicetur:
2272 2004 2290 2037 ‹
2325 1985 2420 2050 Ite,
2457 1987 2749 2054 maledicti,
2785 1989 2837 2042 in
2871 1990 3048 2058 ignem
3071 1998 3358 2055 aeternum,
3389 1989 3484 2060 qui

1885 2083 2221 2148 prteparatus
2250 2087 2333 2133 est
2365 2079 2579 2133 diabolo
2607 2088 2662 2133 et
2690 2081 2894 2150 angelis
2922 2081 3058 2150 ejus.
3082 2100 3100 2131 ι

1962 2189 1980 2222 ι
2018 2168 2208 2225 Omnia
2241 2185 2363 2239 qua:
2393 2171 2459 2224 de
2491 2181 2634 2224 terra
2665 2180 2812 2237 sunt,
2845 2175 2898 2225 in
2938 2181 3138 2227 terram
3164 2181 3486 2227 converten-

1893 2280 1912 2313 ι
1961 2272 2064 2317 tur.
2102 2261 2195 2318 Sic
2227 2262 2378 2332 impii
2405 2278 2435 2316 a
2469 2262 2758 2317 maledicto
2787 2263 2842 2317 in
2884 2265 3261 2334 perditionem.
3285 2284 3303 2316 ι
3337 2263 3486 2317 Prio-

1887 2352 2038 2408 ribus
2064 2354 2180 2408 hazc
2220 2353 2488 2408 sententia
2515 2352 2825 2419 concordat,
2854 2354 2946 2408 ubi
2972 2354 3038 2408 de
3067 2362 3241 2409 morte
3271 2363 3480 2423 tempo-

1888 2444 1986 2499 rali
2013 2444 2274 2516 disputat,
2297 2446 2552 2516 quoniam
2582 2446 2722 2501 sicut
2751 2447 2912 2500 homo
2938 2447 3233 2502 secundum
3257 2462 3480 2503 carnem

1887 2536 1954 2591 de
2003 2544 2148 2590 terra
2192 2548 2428 2602 creatus,
2466 2545 2691 2608 propter
2718 2545 3000 2608 peccatum
3040 2538 3202 2608 primi
3247 2539 3483 2596 hominis

1888 2626 2085 2682 iterum
2127 2628 2181 2683 in
2228 2637 2387 2683 teme
2434 2628 2708 2698 pulverem
2749 2629 3072 2699 redigendus
3091 2638 3197 2695 est,
3228 2629 3352 2685 licet
3382 2645 3482 2700 per

1887 2721 2119 2791 gratiam
2149 2719 2351 2776 Christi
2391 2737 2580 2777 rursus
2614 2724 2667 2777 in
2697 2722 3155 2792 incorruptionem
3197 2724 3252 2778 in
3283 2724 3370 2780 die
3390 2724 3479 2795 ju-

1887 2811 2014 2866 dicii
2044 2813 2413 2868 restituendus
2442 2815 2530 2880 sit,
2562 2815 2642 2869 sic
2686 2814 2836 2884 impii
2879 2825 3102 2885 propter
3126 2825 3346 2884 peccata
3383 2831 3481 2870 sua

1887 2905 2161 2960 m..ledicti
2204 2921 2326 2960 cum
2375 2921 2604 2976 corpore
2649 2915 2704 2961 et
2748 2907 2927 2959 anima
2957 2907 3011 2960 in
3042 2914 3303 2967 azternam
3355 2914 3483 2961 tunc

1887 2998 2090 3052 vadunt
2121 3000 2499 3069 perditionem,
2529 3018 2547 3049 ι
2581 2999 2686 3055 Ubi
2717 3000 2917 3053 vermis
2958 3014 3147 3054 eorum
3175 3014 3282 3053 non
3309 2999 3480 3054 mori-

195 3085 406 3141 uabiles
434 3099 561 3156 ergo
582 3093 709 3139 sunt
737 3085 961 3139 Domino
1010 3083 1105 3138 ﬁlii
1134 3091 1501 3154 peccatorum,
1530 3097 1639 3137 non
1658 3079 1785 3150 quia
1815 3088 1858 3150 (ἶ,
1893 3095 2001 3153 tur,
2052 3097 2106 3143 et
2128 3088 2268 3158 ignis
2319 3103 2426 3142 non
2471 3089 2867 3158 castinguetur,
2896 3107 2915 3140 ι
2951 3088 3078 3158 quia
3122 3088 3326 3144 Christi
3372 3104 3483 3145 non

195 3180 263 3235 de
297 3178 670 3248 peccatoribus
703 3177 1021 3248 parentibus
1077 3185 1205 3231 sunt
1248 3175 1401 3239 nati,
1458 3189 1582 3229 cum
1632 3170 1791 3226 multi

191 3269 324 3342 justi
365 3268 656 3324 habuerint
699 3275 884 3336 patres
933 3267 1170 3336 iniquos,
1203 3276 1264 3321 ut
1291 3265 1554 3321 Ezechias
1581 3262 1788 3327 Achar,

193 3371 250 3420 et
275 3361 452 3417 Josias
475 3359 728 3424 Joathan,
757 3359 852 3414 sed
878 3357 1006 3428 quia
1032 3357 1296 3412 malorum
1324 3365 1540 3426 patrum
1590 3351 1789 3408 imitati

193 3464 324 3513 sunt
347 3463 503 3510 actus
544 3451 823 3507 nefandos.
871 3449 1026 3506 Unde
1056 3449 1333 3504 subdidit:
1371 3467 1389 3499 ι
1430 3446 1531 3514 Qui
1557 3459 1789 3501 conver-

193 3557 390 3606 santur
415 3559 572 3600 secus
601 3543 791 3597 domus
813 3540 1124 3611 impiorum,
1161 3561 1180 3592 ι
1213 3540 1316 3594 hoc
1341 3547 1443 3605 est,
1473 3537 1677 3592 scelera
1702 3547 1798 3590 se-

193 3639 306 3695 cuti
335 3643 463 3691 sunt
483 3641 766 3704 parentum
785 3631 1189 3702 reprobrorum,
1217 3631 1310 3700 qui
1333 3629 1637 3685 facinorosa
1662 3644 1789 3684 con-

192 3727 502 3784 versatione
535 3725 803 3788 vixerunt,
833 3722 952 3778 ideo
990 3723 1156 3777 etiam
1196 3721 1514 3776 haereditate
1545 3720 1787 3776 caelestis

191 3817 388 3890 patria:
408 3813 690 3879 carebunt,
719 3819 777 3868 et
814 3812 869 3866 in
913 3810 1226 3866 confusione
1274 3810 1572 3864 manebunt
1592 3823 1786 3880 perpe-

194 3918 320 3971 tua,
365 3905 507 3960 sicut
527 3917 761 3974 sequens
787 3901 1057 3957 sententia
1087 3901 1440 3955 demonstrat.

272 4017 291 4050 ι
331 3994 589 4050 Filiorum
631 4000 975 4063 peccatorum
1018 3988 1217 4060 peribit
1246 3988 1554 4052 haereditas,
1585 3993 1785 4042 etcum

199 4109 220 4142 ι
246 4087 454 4144 semine
483 4085 695 4140 illorum
719 4081 1007 4138 assiduitas
1041 4078 1333 4150 opprobrii.
1363 4098 1382 4130 ι
1415 4077 1551 4132 Hinc
1568 4091 1785 4147 quoque

194 4192 250 4237 et
279 4183 334 4237 in
359 4179 569 4250 psalmo
593 4176 1039 4248 quinquagesimo
1058 4174 1259 4246 primo,
1287 4173 1378 4244 qui
1402 4180 1592 4228 contra
1621 4178 1783 4242 caput

193 4274 437 4331 omnium
464 4271 768 4342 iniquomm
785 4269 1032 4324 videlicet
1054 4267 1444 4323 Antichristum
1467 4283 1498 4321 a
1510 4266 1780 4337 Propheta

195 4368 438 4439 prolatus
457 4375 558 4432 est,
577 4364 906 4421 enumeratis
926 4361 1220 4419 sceleribus
1241 4362 1376 4427 suis,
1407 4376 1532 4416 mox
1557 4359 1780 4429 subjun-

1895 3191 2212 3235 meruerunt
2239 3195 2362 3236 cum
2388 3181 2573 3237 electis
2602 3181 2844 3236 invenire
2872 3182 3317 3249 redemptionem.

1971 3293 1988 3326 ι
2028 3274 2227 3329 Luctus
2274 3273 2550 3329 hominum
2594 3273 2648 3327 in
2699 3287 2926 3344 corpore
2977 3274 3236 3344 ipsorum,
3281 3290 3480 3332 nomen

1899 3386 1918 3418 ι
1958 3374 2140 3422 autem
2184 3367 2470 3436 impiorum
2515 3366 2842 3422 delebitur.»
2895 3365 2995 3421 llic
3039 3367 3285 3422 homines
3328 3367 3482 3438 ponit

1891 3476 1989 3530 pro
2014 3461 2364 3531 sapientibus,
2398 3461 2490 3529 qui
2519 3460 2660 3516 bene
2700 3458 2910 3514 ratione
2936 3459 3130 3514 animae
3154 3467 3397 3527 utuntur,
3423 3469 3480 3516 et

1891 3551 2090 3608 divinis
2136 3552 2436 3607 obediendo
2483 3549 2784 3606 subduntur
2829 3550 3119 3615 mandatis,
3149 3550 3206 3604 hi
3238 3550 3292 3604 in
3334 3567 3477 3621 prte-

1890 3641 2032 3696 senti
2073 3642 2185 3695 vita
2226 3649 2435 3694 tantum
2483 3639 2688 3695 luctum
2721 3640 2941 3704 habent,
2984 3649 3169 3709 postea
3201 3649 3380 3696 autem
3424 3642 3480 3698 in

1890 3733 2085 3805 gaudio
2130 3731 2458 3787 laetabuntur
2499 3737 2778 3800 perpetuo.
2835 3729 2988 3785 Unde
3039 3730 3305 3800 scriptum
3351 3739 3473 3788 est:

1893 3846 1913 3879 ι
1944 3826 2097 3882 Beati
2124 3827 2215 3895 qui
2245 3825 2430 3895 lugent
2457 3839 2618 3890 nunc,
2640 3823 2897 3894 quoniam
2924 3823 3025 3894 ipsi
3047 3825 3473 3882 consolabuntur

1889 3918 2104 3992 (Matth.
2134 3917 2209 3990 v).
2231 3936 2250 3968 ›
2283 3915 2549 3971 Caeterum
2581 3925 2760 3970 autem
2793 3929 2988 3969 nomen
3014 3915 3300 3985 impiorum
3327 3916 3472 3972 dele-

1883 4010 2052 4076 bitur,
2081 4009 2208 4080 quia
2255 4009 2308 4062 in
2355 4005 2625 4061 infernum
2672 4004 2926 4071 demersi,
2953 4013 3170 4060 aeterna:
3215 4004 3473 4062 oblivioni

1886 4101 2195 4166 tradentur;
2225 4098 2311 4154 his
2336 4099 2480 4154 enim
2528 4097 2772 4153 dicturus
2805 4103 2890 4152 est
2909 4093 3114 4164 judex:
3145 4115 3163 4148 ι
3203 4096 3474 4153 Discedite

1883 4205 1915 4246 a
1945 4206 2054 4256 me,
2079 4204 2267 4245 omnes
2292 4188 2384 4259 qui
2413 4187 2716 4259 operamini
2748 4186 3089 4256 iniquitatem
3163 4186 3328 4243 Amen
3351 4189 3473 4245 dico

1879 4283 2055 4349 vobis,
2089 4282 2215 4352 quia
2243 4295 2516 4350 nunquam
2552 4279 2675 4334 novi
2705 4293 2801 4334 vos
2845 4274 3187 4349 Manium)»

1957 4394 1976 4425 ε
2011 4372 2207 4429 Curam
2238 4371 2376 4426 habe
2415 4371 2482 4426 de
2526 4370 2667 4425 bono
2708 4369 2953 4434 nomine;
2985 4370 3090 4424 hoc
3115 4369 3260 4423 enim
3299 4368 3475 4440 magis

195 4462 340 4532 gitur
367 4475 383 4514 :
418 4479 436 4511 ι
469 4457 758 4529 Propterea
777 4457 1020 4512 destruet
1043 4464 1096 4511 te
1125 4455 1268 4510 Deus
1292 4455 1347 4510 in
1378 4454 1557 4520 ﬁnem,
1587 4454 1780 4511 evellet
1806 4456 1857 4516 D
1887 4486 1906 4519 ι
1951 4455 2288 4538 permanébi;
2310 4464 2426 4529 ubi,
2445 4478 2607 4534 quam
2630 4461 2774 4517 mine
2799 4461 3038 4517 thesauri
3069 4461 3248 4531 magni
3277 4469 3331 4517 ει
3351 4477 3474 4533 pre-

194 4568 268 4622 te,
291 4565 346 4612 et
363 4556 652 4626 emigrabit
682 4562 734 4609 te
775 4553 843 4608 de
881 4551 1227 4608 tabernaculo
1257 4566 1354 4608 suo
1380 4591 1395 4617 ,
1435 4558 1490 4606 et
1538 4550 1775 4607 radicem

191 4660 346 4704 tuam
371 4646 439 4702 de
469 4654 613 4702 terra
641 4644 958 4711 viventium,
983 4651 1088 4698 etc.
1122 4639 1296 4713 (Paul.
1327 4641 1423 4712 LI).
1455 4659 1474 4693 ι

177 4804 192 4817 .
270 4780 289 4811 ι
329 4758 407 4814 De
437 4765 594 4828 patre
621 4755 786 4825 impio
811 4761 1113 4825 queruntur
1135 4750 1527 4822 ﬁlii,.quoniam
1553 4759 1776 4821 propter

193 4871 215 4906 ‹
250 4851 406 4907 illum
429 4858 556 4905 sunt
597 4849 651 4903 in
675 4846 983 4918 opprobrio.
1014 4863 1033 4897 ι
1063 4843 1164 4911 Qui
1194 4843 1332 4899 ﬁlios
1372 4858 1501 4899 suos
1522 4844 1660 4898 bene
1683 4858 1780 4898 nu-

191 4944 307 5009 trit,
335 4950 392 4997 et
426 4937 890 5010 disciplinabiliter
934 4935 1117 4991 vivere
1146 4934 1321 4998 docet,
1352 4933 1655 4989 mercedem
1685 4948 1780 4986 nu-

186 5032 440 5092 trimenti
467 5031 550 5086 sui
590 5045 696 5085 non
731 5028 952 5098 perdet;
987 5025 1080 5095 qui
1119 5034 1298 5080 autem
1326 5039 1419 5079 eos
1465 5039 1629 5094 prava
1684 5023 1778 5078 do-

187 5125 400 5189 etrina,
454 5137 548 5178 seu
591 5133 846 5191 perverso
889 5116 1135 5187 exemplo
1178 5116 1408 5182 seducit,
1460 5114 1778 5185 perditionis

185 5229 382 5272 eorum
418 5213 672 5268 damnum
707 5208 1010 5265 sustinebit.
1041 5206 1334 5263 Possumus
1358 5213 1414 5261 et
1459 5205 1779 5275 spiritaliter

186 5308 334 5364 ﬁlios
369 5314 713 5376 peccatorum
747 5315 911 5372 opera
954 5314 1142 5354 eorum
1173 5297 1494 5368 intelligere,
1533 5313 1654 5366 qua:
1706 5312 1775 5352 ex

183 5414 360 5471 prava
379 5395 660 5452 voluntate
686 5393 933 5462 nequiter
977 5391 1289 5455 ediderunt;
1333 5403 1433 5460 pro
1459 5388 1656 5458 quibus
1683 5403 1777 5441 au-

184 5501 312 5548 ctor
368 5503 558 5544 eorum
603 5485 938 5542 discussione
974 5483 1106 5555 justi
1155 5481 1354 5553 judicis
1397 5479 1773 5544 examinatus,

184 5581 352 5651 morti
383 5579 627 5634 tradetur
651 5585 944 5648 perpetuae.
992 5573 1144 5630 Unde
1163 5573 1421 5642 scriptum
1450 5577 1568 5625 est:
1605 5587 1623 5620 ι
1661 5569 1768 5624 Do-

185 5673 375 5728 minus
395 5671 694 5741 interrogat
708 5668 913 5740 justum
941 5673 998 5723 et
1020 5665 1278 5738 impium:
1318 5661 1410 5734 qui
1433 5669 1613 5716 autem
1651 5659 1773 5716 dili-

1887 4579 1906 4611 ‹
1952 4559 2094 4614 tiosi.
2129 4576 2148 4610 ι
2182 4555 2390 4612 Βοηιιιιι
2420 4569 2617 4609 nomen
2646 4553 2733 4608 ille
2778 4552 3026 4618 habebit,
3057 4552 3148 4622 qui
3195 4562 3383 4608 sancte
3417 4559 3473 4607 et

1885 4650 2131 4721 religiose
2157 4649 2318 4714 vivit;
2350 4645 2504 4716 cujus
2532 4645 2765 4700 nominis
2792 4643 3030 4713 adeptio,
3059 4643 3162 4697 hoc
3180 4650 3282 4706 est,
3308 4651 3471 4696 recta:

1882 4740 2005 4796 ﬁdei
2053 4747 2110 4794 et
2153 4724 2432 4794 sacrarum
2475 4737 2734 4790 virtutum
2787 4733 3107 4803 acquisitio,
3152 4733 3346 4788 melius
3387 4742 3472 4789 est

1881 4832 2089 4890 cunctis
2123 4831 2317 4901 opibus
2347 4828 2596 4894 terrenis,
2620 4834 2674 4882 et
2699 4825 2965 4882 universis
2993 4826 3261 4882 thesauris
3285 4825 3469 4881 saeculi

1878 4921 2181 4994 praesentis.
2233 4918 2370 4974 Huic
2412 4917 2588 4974 simile
2622 4925 2709 4972 est
2750 4915 2877 4970 illud
2906 4917 3049 4986 quod
3078 4917 3132 4971 in
3157 4915 3470 4972 Proverbiis

1878 5015 2112 5086 legitur:
2143 5033 2159 5063 ι
2190 5011 2382 5068 Melius
2431 5019 2515 5067 est
2562 5024 2758 5065 nomen
2808 5008 3010 5066 bonum
3058 5024 3219 5080 quam
3266 5008 3470 5064 divitiae

1879 5107 2287 5176 multaezsuper
2326 5119 2519 5159 aurum
2564 5113 2622 5158 et
2664 5111 2948 5174 argentum
2992 5101 3164 5172 gratia
3194 5102 3336 5157 bona
3382 5111 3472 5160 est

1881 5198 2061 5272 (Prov.
2088 5200 2274 5268 sxn).n
2301 5195 2504 5250 Nomen
2549 5195 2750 5250 bonum
2791 5192 2944 5258 dicit,
2976 5209 3083 5248 non
3121 5192 3267 5263 quod
3308 5192 3468 5247 datur

1879 5289 2061 5346 verbis
2111 5291 2252 5358 vulgi
2295 5287 2568 5357 imperiti,
2599 5285 2694 5342 sed
2735 5285 2880 5355 quod
2921 5283 3179 5350 ﬁdelium,
3217 5282 3464 5353 quamvis

1878 5397 2173 5451 paucorum
2205 5378 2514 5434 testimonio
2553 5377 2831 5442 laudetur;
2863 5391 3037 5446 neque
3083 5376 3224 5430 enim
3261 5375 3461 5428 bonum

1878 5489 2074 5529 nomen
2107 5471 2324 5544 refugit,
2355 5470 2450 5526 scd
2484 5486 2513 5524 a
2541 5470 2698 5526 bonis
2729 5469 2900 5524 solum
2930 5468 3207 5537 quaerebat
3249 5463 3459 5518 laudari

1876 5565 1968 5635 qui
1999 5565 2111 5619 ait:
2142 5584 2161 5615 ι
2195 5563 2252 5619 Si
2278 5563 2454 5618 adhuc
2481 5561 2789 5616 hominibus
2808 5560 3096 5629 placerem,
3117 5553 3318 5610 Christi
3345 5568 3461 5608 ser-

1877 5673 1976 5713 vus
2021 5672 2127 5712 non
2173 5671 2348 5712 essem
2395 5650 2536 5726 (Gal.
2569 5651 2629 5723 ι).
2654 5670 2672 5702 ι
2711 5649 2915 5706 Nomen
2963 5661 3091 5717 ergo
3133 5644 3332 5699 bonum
3374 5651 3456 5698 est
