3902 6162
429 249 447 305 l
458 245 565 305 059

1068 239 1125 291 Β.
1171 232 1421 291 usa-th
1460 229 1681 288 simul
1719 214 2000 285 Attalum

2105 227 2385 286 IOGUNT.
2426 225 2713 283 OPERUM
2751 225 2932 283 PARS
2972 227 3012 282 Ι.

3554 231 3696 285 ίῦϐυ

424 372 618 413 nomen
646 344 938 426 religioiiis,
955 347 1094 419 quod
1118 347 1321 401 divitiis
1350 342 1848 412 mundialibusjure
1868 357 2005 414 prce-
2032 345 2081 404 Α
2112 350 2191 396 tra
2219 340 2311 411 qui
2337 341 2621 396 abscondit
2644 342 2963 409 sapientiam
2998 355 3171 401 suam,
3194 340 3486 413 plurimum
3513 357 3694 410 uocet,

422 448 613 501 fertur.
658 444 790 497 Nam
820 450 874 494 et
901 440 946 494 si
973 437 1231 492 mundum
1272 435 1393 505 quis
1437 434 1739 489 lucraretur
1778 432 2000 487 univer-

420 553 575 601 sum,
606 533 799 589 merito
848 531 990 584 hunc
1037 537 1441 590 contemneret,
1478 532 1682 579 tantum
1717 531 1776 577 ut
1806 537 2000 577 nomen

418 627 534 695 ejus
580 623 908 679 scriberetur
937 619 991 673 in
1028 616 1185 682 ccelo,
1222 614 1445 684 ejusque
1491 613 1747 668 memoria
1774 621 1828 667 et
1856 611 2003 665 inter

421 716 665 771 homines
707 721 922 767 sanctos
968 709 1222 780 ﬁgeretur
1260 716 1481 761 aeterna.
1516 703 1691 773 Super
1719 712 2002 777 argentum

417 816 471 863 ct
496 822 685 862 aurum
713 805 886 876 gratia
914 804 1051 857 bona
1079 820 1091 854 :
1118 800 1260 854 illam
1293 796 1561 869 signiﬁcat
1594 796 1843 867 gratiam,
1877 809 2001 849 eum

418 899 543 968 quis
567 912 664 967 pro
699 899 840 949 bono
880 907 1042 964 Opere
1076 884 1326 944 laudatur
1350 905 1381 941 a
1410 887 1599 953 bouis;
1634 887 1742 940 imo
1769 899 1868 955 pro
1894 883 2004 939 col-

417 992 539 1046 latis
581 990 627 1045 ei
676 990 831 1043 donis
884 986 1199 1042 meritorum
1245 979 1576 1053 gloriﬁcatur
1620 977 1784 1032 Pater
1825 977 1915 1047 qui
1947 976 2001 1031 in

416 1082 571 1138 coelis
601 1090 705 1135 est.

402 1200 407 1207 ~
490 1194 510 1225 α
543 1174 704 1229 Bome
738 1173 860 1227 vitae
897 1184 1153 1225 numerus
1184 1167 1418 1231 dierum,
1441 1164 1644 1219 bonum
1688 1170 1868 1218 autem
1905 1178 2003 1216 no-

420 1285 435 1315 ι
484 1279 605 1318 men
654 1256 994 1332 permanebit
1040 1258 1091 1312 in
1137 1272 1328 1310 aevum.
1361 1275 1377 1306 ι
1428 1255 1589 1308 Bonae
1643 1253 1839 1323 quippe
1880 1253 2002 1307 vita:

414 1366 670 1404 ininierus
693 1351 900 1404 dierum
927 1348 1048 1411 erit,
1074 1347 1196 1416 quia
1225 1344 1502 1413 plenitudo
1527 1351 1742 1397 aeternae
1774 1341 2001 1396 felicita—

416 1442 483 1494 tis
524 1440 669 1493 illam
714 1439 1027 1501 coronabit,
1059 1438 1199 1491 sicut
1236 1435 1508 1503 Propheta
1535 1433 1600 1487 de
1628 1433 1845 1486 homine
1881 1447 2002 1503 spc—

415 1539 569 1584 rante
594 1529 649 1583 in
672 1529 839 1583 Deum
861 1543 929 1581 ex
951 1540 1180 1596 persona
1209 1523 1421 1579 Domini
1444 1522 1496 1577 in
1519 1522 1726 1594 psalmo
1748 1529 1996 1586 testatur,

412 1623 597 1676 dicens
624 1639 637 1675 :
666 1640 686 1672 ι
718 1621 959 1690 Eripiam
1004 1635 1127 1674 eum
1157 1627 1211 1674 ct
1239 1616 1552 1690 gloriﬁcabo
1578 1631 1700 1671 eum
1726 1633 1740 1670 :
1766 1616 2000 1689 longitu-

2104 432 2228 502 quia
2260 447 2382 486 cum
2417 431 2675 487 talentum
2706 430 2905 499 ingenii
2932 431 3035 486 sibi
3063 447 3091 485 a
3118 432 3227 487 Deo
3261 433 3535 489 commissi
3565 452 3697 507 prc-

2104 522 2265 580 ximis
2293 521 2407 576 suis
2455 521 2524 575 ad
2566 520 3027 592 multiplicandum
3068 522 3207 578 bona
3235 524 3552 594 Operatione
3592 541 3696 582 ex-

2103 614 2338 684 pendere
2367 609 2605 680 negiigit,
2632 610 2976 680 semetipsum
3009 610 3064 664 in
3093 610 3345 680 laqueum
3373 614 3695 683 perditionis

2107 701 2289 756 tradit.
2323 700 2418 755 Hie
2453 699 2651 769 itaque,
2681 715 2803 754 cum
2832 699 2972 770 apud
2999 715 3060 755 se
3088 716 3394 758 sermonem
3421 705 3692 776 pradica-

2104 794 2266 849 tionis
2292 793 2548 856 occultat,
2580 792 2790 847 divinas
2817 800 3004 848 contra
3044 807 3103 848 se
3145 795 3443 850 sententias
3473 799 3691 853 territi-

2103 884 2227 939 liter
2248 883 2455 948 audiat,
2485 891 2751 952 quatenus
2790 883 2858 937 ab
2888 880 3006 950 ejus
3035 883 3197 938 corde
3228 892 3493 939 tumorem
3524 887 3691 940 timor

2103 978 2355 1049 expellat.
2400 975 2634 1030 Audiant
2657 990 2787 1045 ergo
2815 975 3010 1031 eruditi
3036 984 3091 1031 et
3116 977 3404 1047 sapientes,
3436 980 3582 1047 quod
3614 989 3689 1033 ta-

2105 1071 2306 1126 lentum
2336 1069 2429 1140 qui
2457 1083 2682 1139 erogare
2708 1066 2901 1133 noluit,
2928 1082 3053 1122 cum
3078 1070 3345 1124 sententia
3389 1070 3689 1126 damnatio-

2104 1164 2187 1218 nis
2212 1162 2412 1217 amisit.
2443 1161 2681 1217 Audiam
2700 1161 2844 1231 quod
2869 1158 3067 1216 Paulus
3093 1175 3159 1215 eo
3182 1175 3243 1216 se
3263 1176 3293 1215 a
3317 1164 3685 1230 proximorum

2103 1255 2364 1325 sanguine
2392 1255 2649 1310 mundum
2674 1254 2940 1320 credidit,
2969 1269 3079 1324 quo
3104 1252 3367 1310 feriendis
3390 1269 3581 1311 eorum
3609 1257 3687 1311 vi-

2102 1347 2192 1401 tiis
2231 1362 2334 1402 non
2367 1347 2630 1417 pepercit,
2661 1347 2885 1402 dicens:
2921 1366 2939 1399 (
2975 1346 3266 1402 Contestor
3289 1364 3388 1403 vos
3414 1349 3683 1406 hodierna

2102 1436 2207 1501 die,
2226 1437 2349 1507 quia
2376 1437 2609 1492 mundus
2628 1454 2747 1492 sum
2770 1454 2799 1492 a
2821 1439 3081 1508 sanguine
3101 1440 3373 1505 omnium;
3402 1455 3510 1495 non
3540 1441 3684 1495 enim

2100 1525 2401 1598 subterfugi
2424 1541 2532 1597 quo
2575 1527 2752 1582 minus
2781 1528 3159 1583 annuntiarem
3199 1543 3361 1584 omne
3400 1530 3684 1583 consilium

2102 1616 2196 1671 Dei
2225 1617 2375 1673 vobis
2413 1616 2552 1690 (Act.
2581 1634 2651 1671 xx
2710 1617 2752 1691 ).
2779 1636 2797 1668 ι
2830 1615 3065 1672 Audiant
3098 1618 3243 1688 quod
3280 1635 3413 1674 voce
3442 1622 3684 1690 angelica

412 1713 536 1766 dine
566 1712 774 1766 dierum
805 1710 1109 1779 adimplcbo
1131 1724 1252 1763 eum
1275 1716 1330 1762 ct
1352 1706 1634 1762 ostendam
1663 1704 1740 1761 illi
1765 1706 2002 1761 salutare
2032 1698 2076 1756 Β
2104 1706 2339 1763 Joannes
2366 1707 2684 1763 admonetur
2706 1722 2826 1762 cum
2856 1708 3092 1762 dicitur:
3121 1728 3139 1760 ι
3171 1707 3272 1775 Qui
3298 1710 3472 1775 audit,
3503 1712 3683 1765 dicat:

413 1817 591 1856 meum
622 1799 796 1873 (Psal.
821 1799 930 1870 xc).
959 1819 977 1850 ι
1005 1799 1211 1852 Bonum
1235 1805 1415 1851 autem
1445 1811 1639 1851 nomen
1663 1797 2002 1867 permanebit

411 1893 466 1947 in
493 1907 684 1951 aevum.
714 1892 840 1961 quia
871 1906 1082 1945 merces
1112 1890 1237 1945 boni
1266 1889 1447 1943 meriti
1471 1888 1523 1943 in
1549 1882 2003 1959 centemplatione

411 1981 506 2036 Dei
562 1982 766 2035 sanctis
817 1979 1160 2049 permanebit
1201 1979 1253 2032 in
1307 1985 1600 2042 aeternum;
1633 1986 1689 2032 et
1735 1978 2003 2046 quomodo

411 2072 514 2129 hoc
542 2072 759 2127 evenire
788 2070 980 2141 possit,
1011 2067 1384 2139 subiungendo
1411 2066 1743 2123 manifestat.

485 2181 506 2215 ‹
542 2161 890 2232 Disciplinam
931 2161 984 2214 in
1027 2175 1160 2230 pace
1190 2165 1531 2224 conservate,
1562 2156 1678 2212 lilii.
1704 2177 1722 2210 ι
1753 2157 2002 2230 Discipli-

410 2269 535 2307 nam
561 2267 690 2324 ergo
720 2252 773 2306 in
800 2269 935 2323 pace
960 2261 1264 2319 conservat,
1294 2252 1382 2321 qui
1412 2252 1709 2306 secundum
1740 2252 1845 2308 duo
1864 2268 1999 2323 prte-

409 2348 565 2412 cepta
594 2340 878 2397 charitatis
901 2342 952 2395 in
977 2341 1265 2396 sanctitate
1283 2348 1338 2395 et
1360 2339 1573 2411 justitia
1595 2339 1779 2396 vivere
1801 2350 1998 2397 certat.
2030 2340 2037 2345 “

406 2431 484 2485 De
513 2444 622 2500 quo
658 2429 858 2486 Paulus
903 2431 970 2485 ad
1020 2430 1275 2486 Hebraeos
1323 2429 1568 2484 scribens
1615 2429 1726 2484 ait:
1756 2448 1776 2481 ι
1805 2429 2000 2486 Pacem

411 2521 700 2591 sequimini
726 2535 853 2578 cum
883 2523 1136 2578 omnibus
1183 2530 1240 2577 et
1283 2520 1722 2589 sanctimoniam,
1755 2522 1871 2577 sine
1895 2537 1999 2593 qua

408 2629 568 2670 nemo
597 2613 797 2670 videbit
826 2612 994 2668 Deum
1023 2610 1214 2684 (Hebr.
1240 2610 1359 2683 xu).
1387 2629 1407 2663 ι
1433 2609 1502 2666 Et
1519 2611 1644 2681 quia
1669 2626 1777 2667 non
1804 2610 2001 2669 suﬁicit

326 2720 328 2722 '
409 2706 630 2763 cuilibet
658 2721 757 2778 per
782 2719 843 2761 se
868 2706 1008 2761 bene
1037 2704 1240 2768 vivere,
1268 2703 1313 2760 si
1340 2704 1604 2774 proximis
1630 2705 1744 2761 suis
1769 2704 1825 2760 in
1868 2721 1999 2762 sana

406 2798 652 2854 doctrina
697 2804 959 2868 quantum
1008 2805 1186 2866 potest
1230 2810 1338 2850 non
1387 2796 1655 2852 studuerit
1698 2798 1997 2868 prodesse,

403 2888 653 2959 protinus
672 2887 920 2958 subiungi
933 2895 1038 2941 tur.

482 2994 503 3028 ι
540 2975 819 3048 Sapientia
866 2977 1009 3032 enim
1056 2977 1391 3042 abscondita,
1424 2987 1480 3035 et
1506 2980 1795 3036 thesaurus
1825 2980 2000 3036 occul-

414 3090 432 3121 ε
481 3079 587 3134 tus,
607 3084 727 3140 quae
751 3069 957 3124 utilitas
976 3069 1030 3123 iu
1057 3070 1341 3139 utrisque?
1367 3090 1386 3123 ι
1406 3070 1740 3128 Admonendi
1766 3087 1999 3144 namque

410 3168 559 3226 sunt,
581 3160 671 3231 qui
705 3176 827 3216 cum
853 3160 1149 3230 prmdieare
1174 3160 1381 3216 utiliter
1410 3163 1641 3232 possint,
1669 3176 1770 3233 pro
1793 3163 1998 3218 desidia

411 3262 594 3308 tamen
624 3252 740 3308 sive
788 3250 1143 3307 immoderata
1183 3251 1488 3309 humilitate
1527 3251 1816 3325 refugiunt,
1844 3264 1906 3309 ut
1931 3272 1999 3311 ex

413 3345 627 3403 minore
657 3344 1091 3400 consideratione
1124 3343 1379 3413 colligant
1405 3352 1666 3416 quantum
1696 3345 1750 3400 in
1778 3344 1998 3415 majori-

410 3434 513 3489 bus
542 3435 707 3490 rebus
728 3434 1064 3504 delinquant.
1097 3432 1154 3489 Si
1175 3434 1318 3489 enim
1349 3434 1715 3507 indigentibus
1737 3437 1998 3507 proximis

409 3524 510 3594 ipsi
542 3539 677 3595 quas
703 3524 968 3581 haberent
988 3525 1250 3595 pecunias
1279 3525 1695 3591 absconderem.
1723 3525 2000 3596 adjutores

408 3613 598 3684 procul
614 3614 776 3669 dubio
797 3614 1124 3670 calamitatis
1141 3615 1477 3671 exstitissent
1499 3633 1512 3667 :
1538 3630 1646 3686 quo
1661 3616 1826 3689 igitur
1845 3624 1998 3673 reatu

409 3709 850 3780 cimstringantur
876 3702 1162 3779 aspiciant,
1191 3707 1282 3777 qui
1322 3708 1452 3763 dum
1493 3708 1846 3779 peccantibus
1884 3708 1998 3765 fra-

410 3803 585 3859 tribus
605 3803 829 3859 verbum
849 3801 1249 3873 praedieationis
1268 3800 1616 3869 subtrahunt,
1642 3802 2001 3861 morientibus

410 3895 683 3951 mentibus
700 3895 825 3950 vitae
844 3894 1084 3949 remedia
1104 3894 1459 3950 abscondunt.
1493 3892 1553 3949 Si
1573 3894 1801 3966 populos
1825 3894 2001 3953 fames

410 3993 699 4052 atteret-et,
730 3995 783 4041 et
813 3986 1022 4043 occulta
1053 3986 1153 4057 ipsi
1182 3985 1453 4043 frumenta
1479 3995 1780 4056 servarent,
1808 3997 1999 4046 aucto-

411 4094 505 4134 res
524 4077 712 4147 procul
745 4076 909 4131 dubio
942 4077 1134 4133 mortis
1159 4078 1480 4133 existerent.
1528 4076 1645 4146 Qua
1674 4078 1858 4149 itaque
1886 4078 2002 4150 ple-

412 4167 592 4224 ctendi
636 4167 748 4223 sint
787 4182 946 4239 poena
996 4168 1360 4234 considerent,
1386 4167 1630 4237 quicum
1674 4166 1816 4226 fame
1845 4170 2001 4226 verbi

412 4260 608 4314 animae
636 4266 877 4329 pereunt,
902 4257 1002 4329 ipsi
1030 4271 1223 4329 panem
1252 4265 1521 4329 perceptae
1550 4259 1739 4329 gratia:
1764 4275 1871 4315 non
1901 4261 2004 4316 mi-

2102 1797 2236 1854 Veni
2284 1797 2466 1871 (Apoc.
2504 1799 2659 1869 xxn).
2685 1818 2703 1849 ι
2738 1798 2810 1855 Ut
2849 1798 3103 1853 nimirum
3134 1799 3219 1854 cui
3250 1814 3308 1854 se
3338 1815 3440 1855 vox
3470 1800 3682 1856 interna

2102 1892 2358 1954 insinuat,
2390 1890 2517 1946 illuc
2546 1890 2709 1946 etiam
2742 1891 3024 1947 clamando
3053 1890 3204 1955 alios,
3235 1906 3342 1963 quo
3381 1892 3501 1963 ipse
3543 1894 3683 1965 rapi-

2103 1991 2209 2046 tur,
2240 1983 2441 2047 trahat,
2472 1996 2541 2037 ne
2567 1981 2780 2037 clausas
2812 1980 2957 2037 fores
2983 1982 3148 2038 etiam
3170 1994 3396 2039 vocatus
3423 1984 3677 2047 inveniat,

2100 2074 2145 2130 si
2172 2073 2383 2128 vocanti
2404 2088 2606 2129 vacuus
2630 2066 3040 2145 appropinquat.
3069 2071 3305 2129 Audiant
3326 2074 3476 2147 quod
3497 2074 3677 2140 Isaias,

2101 2164 2224 2234 quia
2252 2179 2284 2218 a
2318 2162 2468 2219 verbi
2514 2163 2815 2219 ministerio
2865 2164 3063 2231 tacuit,
3096 2163 3398 2220 illustratus
3451 2180 3680 2235 superno

2100 2252 2321 2317 lumine,
2344 2267 2537 2324 magna
2568 2266 2701 2307 voce
2722 2252 3057 2322 poenitentiae
3086 2269 3147 2310 se
3170 2252 3285 2325 ipse
3311 2255 3677 2325 reprehendit,

2099 2345 2284 2401 dicens
2309 2363 2322 2399 :
2352 2363 2370 2397 ι
2402 2343 2496 2399 Va:
2523 2344 2685 2410 mihi,
2713 2346 2840 2415 quia
2867 2345 3008 2401 tacui
3042 2344 3177 2418 (Isa.
3246 2362 3301 2405 vt
3394 2367 3413 2401 ι
3450 2347 3680 2402 Audiam

2098 2438 2242 2509 quod
2267 2452 2363 2509 per
2391 2435 2733 2494 Salomonem
2764 2437 2817 2492 in
2847 2437 2998 2493 illum
3031 2437 3436 2508 praedicationis
3460 2438 3680 2493 scientia

2098 2530 2443 2601 multiplicari
2481 2531 2835 2600 promittitur,
2860 2531 2953 2602 qui
2999 2529 3052 2585 in
3081 2530 3185 2586 hoc
3211 2530 3358 2601 quod
3390 2530 3507 2602 jam
3550 2532 3680 2586 obti-

2098 2622 2233 2688 nuit,
2248 2621 2480 2692 torporis
2499 2621 2628 2677 vitio
2653 2637 2758 2676 non
2784 2628 3016 2676 tenetur.
3044 2619 3136 2676 Ait
3154 2635 3422 2692 namque:
3444 2640 3465 2672 ‹
3493 2620 3678 2675 Anima

2097 2728 2217 2784 qua:
2266 2712 2556 2779 benedicit,
2582 2711 3037 2783 impinguabitur;
3085 2719 3141 2766 et
3167 2711 3259 2783 qui
3283 2710 3547 2777 inebriat,
3576 2712 3681 2782 ipse

2097 2817 2313 2875 quoque
2352 2802 2710 2858 inebriabitur
2750 2801 2931 2874 (Prov.
2967 2801 3065 2876 ιι).
3086 2821 3105 2854 ι
3137 2802 3240 2870 Qui
3267 2802 3414 2859 enim
3444 2803 3681 2858 exterius

2096 2894 2438 2966 praedicando
2464 2893 2758 2960 benedicit,
2789 2892 3064 2949 interioris
3089 2892 3366 2949 acumenti
3401 2892 3679 2965 pinguedio

2099 3001 2222 3041 nem
2251 2984 2458 3056 recipit,
2487 2992 2543 3040 et
2569 2985 2695 3040 dum
2723 2985 2849 3042 vino
2880 2983 3079 3056 eloquii
3104 2984 3412 3040 auditorqu
3448 2994 3679 3040 mentem

2102 3077 2370 3132 inebriare
2396 3091 2500 3132 non
2530 3074 2751 3144 desinit,
2781 3082 2913 3146 potu
2939 3073 3279 3146 multiplicati
3302 3077 3553 3131 muneris
3578 3076 3679 3129 ine-

2098 3169 2306 3225 briatus
2325 3168 2607 3225 excrescit.

2174 3281 2194 3315 ‹
2222 3261 2609 3318 Verumtamen
2648 3260 2994 3317 revertemini
3031 3260 3087 3315 in
3118 3259 3203 3315 bis
3238 3274 3360 3330 quas
3390 3258 3681 3328 procedunt

2104 3371 2123 3404 ι
2168 3351 2234 3408 de
2258 3367 2351 3407 ore
2373 3367 2532 3408 meo:
2559 3366 2664 3407 non
2698 3361 2779 3407 est
2809 3351 2953 3407 enim
2997 3350 3198 3409 bonum
3223 3364 3445 3407 omnem
3485 3349 3679 3404 irreve-

2105 3461 2125 3496 ‹
2168 3442 2396 3499 rentiam
2418 3444 2731 3499 observare.
2755 3463 2772 3494 ι
2801 3442 2938 3511 Quia
2962 3442 3112 3515 prius
3132 3441 3464 3512 praedixerat
3489 3440 3680 3496 bonam

2099 3536 2265 3591 vitam
2288 3544 2342 3593 et
2367 3535 2565 3592 bonum
2595 3553 2792 3593 nomen
2833 3536 2964 3592 utile
2992 3551 3111 3593 esse
3157 3536 3488 3593 habentibus
3514 3552 3601 3601 ea,
3632 3544 3682 3591 et

2097 3634 2284 3698 postea
2332 3626 2679 3698 reprehendit
2707 3641 2802 3683 eos
2830 3627 2923 3698 qui
2950 3628 3212 3684 habentes
3239 3626 3528 3683 scientiam
3557 3626 3682 3700 legis

2100 3719 2217 3787 Dei,
2243 3719 2434 3776 nolunt
2482 3718 2792 3791 impendere
2833 3719 3097 3792 proximis
3125 3720 3237 3777 suis
3276 3720 3679 3791 pradicatiouis

2100 3809 2394 3877 solertiam,
2435 3826 2579 3866 nunc
2621 3811 2869 3866 hortatur
2893 3818 2953 3869 ut
2979 3809 3097 3881 ejus
3135 3810 3319 3867 verbis
3366 3811 3679 3869 commoniti

2100 3907 2442 3973 revertantur
2464 3899 2531 3956 ad
2553 3899 2792 3955 studium
2820 3898 3071 3968 docendi,
3098 3901 3223 3970 quia
3252 3916 3360 3956 non
3382 3910 3468 3957 est
3488 3903 3681 3958 [unum

2101 3994 2489 4050 irreverentem
2526 4007 2668 4058 esse,
2720 4000 2776 4048 et
2822 3991 3219 4055 inobedientem
3269 3994 3512 4049 existere
3558 4008 3683 4064 pm-

2100 4086 2409 4158 ceptoribus
2443 4083 2574 4140 suis.
2611 4082 2749 4138 Hinc
2779 4098 2994 4155 quoque
3023 4081 3078 4138 in
3105 4083 3479 4155 superioribus
3504 4083 3683 4138 conuii.

2103 4186 2191 4232 tor
2215 4174 2374 4246 hujus
2391 4174 2571 4245 operis
2592 4174 2646 4229 in
2674 4175 2882 4231 ratione
2906 4190 3005 4231 sua
3024 4174 3313 4231 Dominum
3334 4176 3677 4247 deprecatur,

2101 4280 2172 4322 ne
2191 4264 2510 4322 irreverenti
2534 4273 2590 4321 et
2612 4263 2885 4321 infrunita:
2905 4263 3102 4321 animae
3123 4263 3398 4329 tradatur;
3430 4265 3529 4319 sed
3556 4277 3682 4333 quo-

416 4351 672 4406 nistrant.
733 4348 886 4405 Unde
927 4358 984 4449 et
1030 4349 1172 4405 bene
1218 4363 1316 4419 per
1363 4348 1708 4408 Salomonem
1757 4352 1995 4408 dicitur:
2026 4388 2078 4449 Β
2102 4356 2249 4412 niam
2281 4371 2390 4410 non
2436 4354 2619 4412 omnia
2655 4368 2796 4449 quae-
2819 4352 3170 4449 proferuntur
3201 4352 3446 4449 omnium
3489 4352 3682 4406 animis

420 4464 438 4497 ι
471 4444 575 4511 Qui
622 4441 905 4505 abscondit
947 4440 1250 4509 frumenta,
1282 4442 1640 4499 maledicetur
1684 4444 1742 4499 in
1787 4445 2001 4515 populis

416 4534 601 4609 (Prov.
629 4536 730 4609 xi).
753 4555 771 4588 ι
802 4535 1095 4590 Frumenta
1125 4535 1323 4606 quippe
1374 4534 1706 4592 abscondere
1742 4545 1825 4592 est
1859 4551 2000 4609 prae-

417 4629 704 4683 dicationis
731 4635 934 4683 sanctae
961 4624 1104 4696 apud
1131 4638 1192 4680 se
1226 4625 1388 4680 verba
1417 4625 1675 4680 retinere.
1703 4625 1761 4680 In
1792 4626 2002 4696 populis

419 4728 599 4775 autem
626 4720 748 4776 talis
764 4718 998 4791 quisque
1021 4717 1397 4781 maledicatur,
1420 4717 1547 4787 quia
1572 4716 1625 4771 in
1652 4716 1820 4772 solius
1844 4716 2001 4788 culpa

418 4809 619 4863 silentii
664 4827 763 4880 pro
794 4810 1084 4866 multorum
1130 4824 1266 4879 quos
1303 4808 1579 4879 corrigere
1623 4807 1801 4878 potuit
1841 4822 2000 4879 pcena

423 4899 734 4954 damnatur.

498 5007 518 5040 ι
558 4990 746 5046 Melior
771 5001 856 5047 est
880 4994 1027 5048 enim
1068 4993 1232 5048 homo
1264 4992 1359 5062 qui
1399 4991 1680 5047 abscondit
1718 4990 2000 5046 stultitiam

429 5101 446 5131 ι
483 5095 655 5144 suam,
672 5097 831 5150 quam
854 5084 1015 5139 homo
1035 5083 1125 5153 qui
1149 5082 1429 5138 abscondit
1448 5081 1768 5152 sapientiam
1792 5096 1963 5136 suam.
1978 5099 1997 5131 ι

422 5168 719 5224 Stultitiam
743 5186 893 5225 suam
912 5172 1210 5234 absconlit,
1237 5173 1326 5241 qui
1353 5173 1716 5242 vaniloquium
1738 5172 2001 5236 devitarc,

423 5270 478 5316 et
505 5261 559 5315 in
591 5274 846 5331 perversa
890 5261 1135 5316 doctrina
1179 5275 1241 5315 os
1273 5261 1485 5329 aperire
1528 5259 1846 5321 contemnit,
1874 5260 2002 5328 quia

2102 4445 2159 4501 in
2195 4443 2297 4500 ﬁde
2321 4441 2733 4499 consistentium
2779 4440 2918 4497 bene
2946 4440 3305 4511 complaceut,
3336 4439 3443 4494 hoc
3470 4452 3681 4510 quoque

2105 4551 2211 4592 non
2237 4533 2618 4606 praetermittit,
2651 4531 2872 4587 dicens:

2181 4644 2201 4678 ι
2230 4624 2300 4679 Et
2340 4638 2449 4679 non
2488 4622 2670 4678 omnia
2710 4620 2960 4676 omnibus
3006 4619 3147 4674 bene
3183 4620 3399 4689 placent
3430 4616 3484 4671 in
3512 4616 3635 4670 ﬁde.
3656 4632 3673 4663 ν

2106 4715 2223 4771 Non
2244 4714 2388 4773 enim
2411 4729 2519 4769 una
2539 4712 2836 4782 eademque
2854 4710 3064 4767 umetis
3082 4708 3391 4771 exhortatio
3409 4706 3672 4777 congruit,

2108 4811 2237 4883 quia
2280 4824 2382 4866 nec
2430 4816 2656 4866 cunctos
2706 4821 2807 4877 par
2850 4820 3062 4862 morum
3107 4802 3344 4873 qualitas
3389 4801 3675 4869 astringit;

2110 4917 2251 4974 saepe
2274 4915 2507 4972 namque
2540 4899 2659 4955 aliis
2683 4898 2943 4960 oﬁciuut,
2977 4910 3101 4966 quas
3124 4893 3246 4949 aliis
3282 4899 3533 4962 prosunt,
3558 4892 3676 4959 quia

2106 5001 2162 5048 et
2204 4992 2520 5063 plerumque
2566 4988 2910 5057 herbae,quze
2952 4986 3071 5041 haec
3116 4982 3371 5041 animalia
3418 4979 3675 5042 nutriunt,

2108 5084 2213 5139 alia
2241 5082 2524 5147 occidunt;
2546 5088 2604 5135 et
2630 5080 2768 5135 leuis
2795 5078 3002 5135 sibulus
3022 5091 3192 5147 equos
3215 5075 3448 5144 mitigat,
3475 5070 3678 5129 cautim

2110 5175 2356 5245 instigat;
2385 5182 2441 5228 et
2483 5173 2936 5228 medicamentum
2961 5169 3107 5241 quod
3130 5169 3279 5223 hunc
3302 5168 3549 5223 morbum
3574 5165 3674 5219 il-

2107 5265 2323 5330 minuit,
2337 5263 2491 5322 alteri
2510 5262 2657 5318 vires
2670 5262 2878 5333 jungit;
2909 5268 2965 5318 et
2978 5260 3135 5331 panis
3154 5258 3249 5329 qui
3268 5257 3437 5313 vitam
3462 5255 3674 5310 fortiu-

417 5350 569 5420 juxta
603 5351 945 5408 Salomonem
972 5370 985 5405 :
1014 5370 1033 5403 ι
1065 5349 1238 5406 Homo
1261 5351 1351 5419 qui
1382 5348 1592 5404 blandis
1616 5347 1863 5417 ﬁctisque
1890 5363 2006 5403 ser-
2103 5356 2343 5422 roborai,
2370 5353 2719 5426 parvulorum
2759 5360 2936 5409 necat.
2981 5351 3088 5407 Pro
3112 5350 3377 5421 qualitate
3402 5348 3565 5419 igitur
3584 5359 3673 5398 ιι-

426 5444 676 5499 monibus
698 5442 935 5515 loquitur
962 5442 1140 5503 amico
1161 5456 1280 5505 suo,
1305 5448 1418 5495 rete
1450 5439 1705 5508 expandit
1728 5439 2005 5510 gressibus
2106 5447 2368 5502 diontium
2406 5444 2630 5501 formari
2661 5444 2822 5502 debet
2847 5457 3028 5499 sermo
3049 5441 3361 5503 doctorum,
3386 5445 3446 5492 ut
3469 5434 3539 5490 ad
3580 5446 3672 5486 su

422 5532 539 5601 ejus
568 5531 750 5606 (Prov.
794 5534 1011 5607 xxxx)»
1048 5532 1361 5604 Huiusmodi
1407 5546 1540 5602 ergo
1578 5530 1769 5587 melius
1814 5540 1899 5586 est
1944 5540 2004 5586 ut

423 5622 602 5693 sileat,
630 5642 791 5699 quam
817 5626 984 5685 alium
1015 5624 1231 5684 volubili
1272 5625 1449 5697 lingua
1484 5623 1746 5695 decipiat;
1785 5632 1841 5680 at
1868 5638 2001 5681 eon-

2104 5535 2330 5607 singnlis
2371 5542 2654 5605 congruat,
2684 5541 2741 5588 et
2774 5540 2959 5587 tamen
2983 5546 3017 5585 a
3042 5529 3345 5589 conuiuis

2107 5627 2192 5684 uis
2218 5635 2335 5684 arte
2378 5639 2655 5695 nunquam
2683 5624 2919 5682 recedat.
2962 5621 3133 5694 Igitur
3153 5621 3281 5692 quia
3305 5630 3514 5679 omnem
3536 5621 3670 5669 irre-
