3902 6162
318 216 450 272 1061

1192 211 1544 271 COMMENT.
1586 210 1651 267 IN
1692 208 2300 268 ECCLESIASTICUII.
2336 240 2403 251 —
2443 207 2571 267 LIB.
2612 208 2706 269 IX.

3441 217 3574 273 me

314 327 617 385 serentium
643 340 750 381 non
779 326 976 381 bonam
1002 340 1121 381 esse
1151 324 1301 396 prius
1343 325 1545 390 docuit,
1578 338 1719 379 nunc
1757 338 1889 394 qua—
1917 328 1966 386 Α
1992 322 2273 377 consulere
2317 322 2560 393 deSpicit.
2614 323 2767 381 Unde
2814 338 2910 395 per
2940 323 3281 380 Salomonem
3331 326 3571 384 dicitur:

312 421 438 475 liter
456 419 527 474 ab
553 417 804 474 omnibus
825 417 970 473 vitiis
992 432 1091 487 per
1114 415 1491 472 verecundiam
1517 414 1892 471 declinandum

312 509 386 564 sit
404 508 669 565 ostendit.

684 646 715 657 “
928 644 1153 701 CAPUT
1207 646 1291 701 III.

316 777 392 832 Ab
423 776 659 846 omnibus
691 776 822 829 ritiis
861 775 1229 844 declinandum
1251 816 1265 837 .
1295 778 1385 831 sed
1427 776 1702 846 petendum
1742 777 1896 831 auxi-

384 847 514 899 lium
541 864 571 898 a
600 844 730 917 Deo,
750 863 793 917 Aa
822 862 922 915 quo
948 862 1156 917 gressus
1202 844 1468 900 hominum
1493 847 1805 917 dirigantur,
1836 856 1893 900 ut

387 917 462 969 eis
490 931 591 968 non
618 914 912 967 dominetur
940 916 1206 983 iniquitas.

393 1069 411 1102 ι
441 1050 759 1105 Erubescite
787 1064 817 1103 a
851 1062 1005 1118 patre
1042 1058 1097 1105 et
1124 1066 1153 1104 a
1184 1060 1357 1105 matre
1385 1053 1450 1106 de
1494 1051 1891 1119 fornicatione;

321 1160 338 1189 ι
387 1148 444 1193 et
478 1153 510 1193 a
537 1138 857 1209 praesidente
878 1146 930 1193 et
957 1153 986 1191 a
1009 1146 1228 1207 potente
1258 1139 1325 1195 de
1351 1140 1663 1206 mendacio;
1697 1156 1727 1194 a
1750 1142 1898 1211 prin-

322 1248 341 1281 ι
385 1230 506 1299 cipe
529 1237 586 1284 et
609 1245 638 1283 a
655 1228 837 1299 judice
863 1229 931 1283 de
964 1229 1188 1295 delicto;
1220 1245 1250 1284 a
1278 1245 1543 1301 synagoga
1568 1240 1622 1285 et
1650 1231 1802 1301 plebe
1829 1232 1897 1287 de

324 1339 343 1372 ι
388 1321 703 1389 iniquitate;
726 1333 757 1373 a
779 1319 928 1373 socio
942 1326 996 1373 et
1019 1318 1192 1375 amico
1218 1319 1283 1375 de
1299 1318 1588 1391 injustitia;
1618 1329 1671 1374 et
1692 1321 1757 1375 de
1778 1320 1896 1378 loco

322 1431 340 1462 α
384 1412 438 1464 in
463 1423 573 1481 quo
596 1410 830 1474 habitas,
862 1410 926 1464 de
966 1408 1133 1476 furto,
1163 1411 1231 1466 de
1273 1412 1502 1467 veritate
1534 1412 1628 1468 Dei
1655 1421 1711 1467 et
1734 1421 1897 1467 testa—

323 1523 342 1554 ι
385 1510 591 1566 mento,
618 1502 684 1557 de
711 1501 978 1556 discubitu
1002 1501 1058 1556 in
1081 1502 1330 1571 panibus,
1355 1510 1411 1558 et
1429 1503 1497 1557 ab
1525 1502 1895 1560 obfuscatione

323 1613 342 1643 ι
388 1593 500 1647 dati
526 1600 580 1646 et
605 1591 833 1661 accepti,
864 1607 895 1645 a
918 1591 1276 1646 salutantibus
1300 1592 1366 1646 de
1395 1592 1633 1659 silentio,
1657 1609 1689 1648 a
1712 1609 1895 1664 respe-

2002 431 2020 464 ‹
2055 412 2155 481 Qui
2184 414 2413 467 obdurat
2456 428 2642 468 aurem
2685 429 2839 468 suam
2870 416 2936 470 ad
2967 415 3254 471 clamorem
3300 420 3573 487 pauperis.

1995 507 2248 562 clamabit
2292 517 2343 563 et
2388 508 2525 578 ipse,
2554 517 2609 563 et
2648 524 2755 564 non
2804 510 3125 564 exaudietur
3163 507 3345 579 (Prov.
3377 516 3513 582 xxi).
3551 533 3571 565 ι

1996 599 2134 655 llinc
2178 599 2376 655 Tobias
2421 600 2603 654 senior
2653 599 2818 654 filium
2875 615 3032 653 suum
3079 600 3147 654 de
3194 601 3579 658 misericordiae

1997 690 2250 760 operibus
2296 691 2578 756 instruxit,
2609 690 2828 746 dicens:
2857 710 2874 741 ι
2909 690 2987 745 lix
3013 691 3309 746 substantia
3355 702 3445 747 tua
3492 693 3577 748 fac

1995 781 2422 851 eleemosyuam,
2451 792 2507 835 et
2548 782 2655 836 noli
2695 790 2940 837 avertere
2983 780 3174 837 faetem
3207 792 3350 837 tuam
3376 785 3444 838 ab
3472 784 3579 839 ullo

1995 886 2261 941 paupere;
2295 870 2368 925 ita
2402 871 2546 925 enim
2588 870 2680 926 fiet
2716 881 2773 925 ut
2816 887 2915 927 nec
2944 880 3221 927 avertatur
3251 889 3279 926 a
3314 882 3365 927 te
3410 872 3578 928 facies

2000 962 2209 1016 Domini
2240 960 2392 1033 (Tob.
2423 961 2518 1034 tv).
2543 982 2562 1014 ι
2597 961 2729 1016 Nam
2756 958 2845 1031 qui
2874 962 3049 1019 aufert
3076 965 3143 1020 ab
3165 963 3346 1034 aliquo
3368 972 3575 1035 partem

1996 1052 2230 1123 aliquam
2258 1052 2518 1120 pecuniae,
2541 1061 2597 1106 et
2619 1068 2722 1107 non
2753 1054 2987 1108 restituit
3008 1056 3078 1117 ei.
3095 1056 3343 1111 similiter
3364 1066 3575 1125 peccat,

1997 1144 2252 1213 quoniam
2300 1156 2514 1197 omnem
2562 1142 2844 1195 avaritiam
2895 1152 2949 1196 et
2999 1144 3179 1198 dolum
3231 1144 3578 1198 abominatur

1997 1232 2156 1288 Deus.
2190 1232 2342 1289 Unde
2362 1233 2413 1287 in
2442 1232 2559 1303 lege
2584 1231 2844 1287 Dominus
2870 1235 3147 1303 prmcepit,
3164 1234 3388 1289 dicens:
3420 1254 3437 1283 ι
3469 1234 3571 1287 No-

1996 1324 2092 1379 lite
2131 1325 2306 1380 facere
2345 1324 2587 1395 iniquum
2618 1324 2832 1394 aliquod
2878 1326 2929 1380 in
2952 1326 3172 1395 judicio,
3206 1327 3256 1379 in
3286 1327 3489 1395 regula,
3523 1328 3574 1380 in

1996 1417 2233 1486 pondere
2267 1426 2321 1471 et
2344 1416 2399 1471 in
2420 1431 2669 1473 mensura
2695 1416 2877 1488 (Levii.
2898 1416 3032 1489 xix).
3064 1438 3082 1471 ι
3116 1419 3181 1472 Ει
3210 1419 3338 1473 item
3365 1437 3378 1472 :
3408 1439 3425 1469 ι
3456 1419 3573 1473 Non

1997 1507 2240 1574 facietis,
2265 1508 2464 1578 inquit,
2496 1506 2695 1563 furtum
2715 1548 2729 1572 ,
2763 1523 2868 1562 non
2916 1507 3269 1574 mcuticmiui,
3302 1523 3401 1563 nec
3435 1509 3581 1564 deci-

1996 1601 2107 1668 piet
2134 1599 2501 1669 unusquisque
2534 1599 2843 1668 proximum
2888 1614 3045 1653 suum
3077 1597 3283 1670 (Ibid.).
3310 1619 3329 1652 ι
3366 1599 3424 1653 In
3449 1599 3582 1654 Eze-

322 1703 341 1733 «
387 1691 477 1737 ctu
525 1681 766 1737 mulieris
812 1680 1147 1747 fornicarite,
1179 1689 1231 1735 et
1279 1683 1349 1737 ab
1390 1682 1672 1738 aversione
1718 1684 1894 1738 vultus
1927 1678 1971 1736 Β
1996 1689 2135 1745 chiel
2162 1704 2375 1759 quoque
2402 1691 2662 1759 propheta
2690 1689 2833 1743 inter
2860 1696 3083 1743 crateras
3112 1686 3446 1756 laudcsjusti
3477 1690 3579 1744 viri

323 1794 340 1823 ι
385 1774 619 1845 cognati.
646 1793 666 1825 ι
704 1772 828 1828 Ιίωο
867 1773 1022 1843 juxta
1071 1772 1422 1843 tropologiam
1462 1790 1561 1829 nos
1598 1774 1890 1840 instruunt,

318 1874 378 1918 ut
406 1880 436 1917 a
469 1864 617 1919 vitiis
662 1877 948 1918 caveamus
986 1870 1039 1917 et
1082 1862 1369 1917 virtutibus
1412 1877 1632 1932 operam
1681 1864 1892 1929 demus,

318 1955 445 2023 quia
472 1954 626 2009 valde
649 1954 962 2010 confusione
992 1953 1185 2024 dignus
1212 1961 1327 2019 est,
1356 1953 1449 2023 qui
1476 1953 1674 2025 spretis
1705 1953 1896 2009 melio-

321 2046 489 2108 ribus,
514 2042 697 2113 pejora
731 2043 902 2114 eligit,
924 2058 1021 2113 pro
1049 2042 1246 2113 quibus
1274 2057 1399 2097 eum
1430 2041 1671 2097 confusio
1704 2056 1895 2112 seque-

321 2146 411 2192 tur
454 2137 798 2205 sempiterna.
840 2134 1046 2190 Altiore
1084 2142 1263 2189 autem
1299 2148 1459 2189 sensu
1503 2147 1685 2188 coram
1721 2143 1897 2188 matre

321 2227 560 2283 Ecclesia
601 2236 658 2282 et
687 2236 843 2297 patre
872 2227 982 2282 Deo
1020 2227 1290 2282 erubescit
1314 2226 1379 2282 de
1407 2224 1780 2292 fornicatione,
1802 2225 1894 2295 qui

321 2323 680 2379 idololatriam
706 2321 983 2394 gentilium
1012 2336 1106 2378 seu
1135 2321 1417 2378 stultitiam
1458 2328 1697 2376 sectatur
1721 2321 1893 2375 haere-

320 2415 585 2479 ticorum;
617 2413 798 2468 anima
825 2412 970 2468 enim
1003 2427 1124 2483 qua:
1150 2412 1341 2468 relicto
1369 2411 1465 2466 Dei
1512 2412 1783 2467 consortio
1812 2427 1896 2467 se-

318 2505 507 2574 quitur
533 2518 911 2573 perversorum
937 2517 1199 2578 errorem,
1226 2502 1542 2572 spiritaliter
1574 2501 1892 2568 fornicatur,

318 2594 463 2648 unde
500 2602 553 2648 ct
586 2592 946 2648 damnabitur.
980 2591 1267 2648 Erubescit
1305 2600 1487 2646 autem
1510 2606 1542 2645 a
1577 2590 1897 2661 praesidente

316 2691 373 2738 et
399 2698 432 2736 a
462 2689 676 2751 potente
707 2682 773 2737 de
800 2680 1082 2736 mendacio
1102 2721 1118 2747 ,
1145 2681 1237 2751 qui
1273 2695 1457 2736 coram
1493 2679 1666 2736 oculis
1704 2679 1898 2734 divinae
1942 2726 1945 2729 ,

320 2772 620 2844 majestatis
651 2771 1032 2842 praevaricator
1068 2784 1191 2826 esse
1226 2769 1564 2825 convincitur
1592 2768 1897 2839 sponsionis

315 2878 448 2924 suae,
476 2877 638 2933 quam
685 2861 931 2933 promisit
975 2861 1030 2915 in
1062 2859 1317 2932 baptismi
1362 2861 1728 2930 perceptione.
1761 2859 1897 2915 Item

315 2967 505 3009 coram
534 2950 777 3022 principe
800 2958 857 3007 et
882 2949 1064 3020 judice
1085 2950 1304 3006 Christo
1347 2950 1701 3006 confundetur
1730 2953 1782 3006 in
1813 2953 1894 3006 l'u-

314 3052 444 3098 turo
460 3042 685 3114 judicio,
712 3042 806 3113 qui
836 3056 896 3097 se
918 3056 1026 3097 non
1047 3041 1256 3097 curavit
1278 3041 1570 3097 observare
1594 3041 1708 3096 sive
1737 3057 1866 3096 mun
1920 3028 1971 3125 (ἶ¹

317 3137 451 3192 dare
480 3150 513 3190 a
547 3135 779 3201 delicto;
805 3150 837 3189 a
865 3148 1135 3206 synagoga
1157 3147 1373 3204 quoque
1400 3141 1457 3188 et
1480 3132 1635 3203 plebe
1664 3133 1893 3203 corripi-

318 3236 409 3282 tur
450 3241 549 3299 pro
597 3225 910 3297 iniquitate,
959 3226 1173 3298 quando
1217 3239 1403 3281 coram
1454 3225 1658 3296 angelis
1702 3225 1800 3281 Dei
1842 3234 1898 3281 et

313 3318 471 3390 plebe
496 3327 804 3375 sanctorum
829 3318 1070 3391 arguitur
1091 3317 1160 3374 de
1179 3317 1456 3374 variorum
1483 3318 1744 3374 scelerum
1774 3332 1898 3388 per-

313 3408 650 3479 petratione;
684 3407 932 3463 similiter
958 3416 1015 3462 et
1036 3423 1069 3462 a
1099 3407 1247 3464 socio
1290 3416 1452 3478 atque
1494 3407 1670 3463 amico
1716 3422 1897 3477 repre-

314 3498 574 3555 henditur
593 3497 662 3554 de
685 3497 972 3569 iniustitia,
996 3499 1210 3569 quando
1232 3498 1287 3553 in
1311 3498 1515 3570 judicio
1539 3497 1719 3554 futuro
1743 3498 1918 3579 missi

314 3586 493 3661 angeli
522 3587 776 3659 colligent
801 3588 871 3644 de
897 3585 1141 3645 Ecclesia
1187 3588 1284 3644 Dei
1311 3589 1494 3645 omnia
1534 3588 1810 3654 scandala,
1841 3595 1898 3644 et

312 3679 488 3735 bonos
526 3678 703 3749 pisces
744 3676 1087 3749 collocabant
1113 3679 1171 3735 in
1201 3694 1331 3736 vasa
1359 3695 1477 3747 sua,
1512 3680 1681 3736 malos
1714 3690 1895 3736 autem

312 3767 600 3838 projicient
647 3767 796 3824 foras
840 3767 1054 3842 (Matth.
1099 3768 1241 3843 xm).
1291 3770 1443 3828 Tunc
1488 3779 1667 3845 autem
1712 3778 1768 3827 et
1807 3770 1896 3826 ille

314 3856 775 3926 manifestabitur,
804 3859 897 3928 qui
932 3867 1122 3915 contra
1156 3860 1444 3916 veritatem
1489 3870 1545 3916 et
1597 3869 1893 3916 testamen—

316 3957 435 4004 tum
451 3949 662 4006 Domini
678 3950 732 4005 in
749 3949 1096 4007 tabernaculo
1111 3952 1389 4021 praesentis
1406 3951 1660 4008 Ecclesia:
1674 3951 1895 4007 fraudu-

313 4037 493 4094 lenter
523 4039 677 4106 vixit,
707 4048 763 4095 et
802 4040 925 4097 dolo
952 4039 1158 4097 furtum
1197 4043 1550 4115 perpetravit,
1589 4058 1688 4099 nec
1716 4053 1894 4098 atten-

312 4126 399 4182 dit
442 4127 585 4197 quod
629 4128 917 4198 apostolica
979 4130 1271 4187 auctoritas
1317 4131 1572 4202 praecepit
1598 4172 1614 4199 ,
1663 4130 1889 4188 dicens:

316 4236 339 4269 ι
377 4218 479 4285 Qui
506 4218 805 4286 iurabatur,
827 4221 942 4292 jam
971 4237 1082 4277 non
1122 4221 1349 4289 furetur,
1378 4224 1550 4294 magis
1597 4232 1777 4279 autem
1806 4222 1889 4277 la-

312 4309 495 4375 boret,
524 4310 789 4379 operando
844 4311 1092 4366 manibus
1136 4311 1250 4367 suis
1289 4313 1432 4383 quod
1469 4312 1669 4369 bonum
1699 4322 1799 4376 est,
1831 4321 1891 4367 ut

311 4399 514 4455 habeat
531 4400 672 4456 unde
701 4399 900 4455 tribuat
918 4401 1299 4480 necessitatem
1320 4403 1547 4474 patienti
1572 4403 1730 4476 (Eph.
1755 4403 1851 4474 tv).
1864 4423 1883 4454 ›

312 4486 429 4544 Nec
454 4504 561 4544 non
587 4496 643 4543 et
667 4487 756 4545 ille
778 4498 903 4545 tunc
921 4491 1235 4546 confusione
1258 4490 1452 4563 dignus
1475 4493 1773 4563 apparebit,
1795 4495 1887 4564 qui

309 4580 691 4637 comessationi
720 4589 776 4637 et
802 4582 1051 4637 ebrietati
1083 4583 1431 4654 semetipsum
1475 4585 1690 4641 tradens
1718 4588 1888 4658 turpi-

310 4680 401 4726 ter
428 4672 700 4738 incubuit;
730 4672 979 4729 similiter
1002 4681 1057 4729 et
1088 4673 1178 4730 ille
1223 4675 1316 4745 qui
1353 4691 1453 4747 per
1494 4677 1771 4731 avaritiam
1816 4677 1886 4734 ab

308 4762 438 4817 aliis
477 4763 653 4834 rapuit
675 4778 795 4834 qua:
820 4778 928 4819 non
968 4763 1184 4831 debuit,
1215 4765 1327 4821 sive
1354 4781 1451 4837 per
1473 4766 1792 4836 parcitatem
1819 4783 1884 4823 ea

305 4854 575 4928 proximis
600 4870 706 4911 non
728 4856 936 4923 tribuit,
957 4872 1074 4927 quae
1093 4872 1216 4913 cum
1239 4858 1449 4914 caeteris
1469 4857 1718 4913 omnibus
1737 4872 1887 4914 com-

306 4945 551 5001 muniter
573 4944 819 5001 habenda
846 4960 878 5000 a
903 4944 1016 5002 Deo
1048 4947 1286 5017 accepit;
1317 4962 1417 5003 nec
1454 4946 1541 5002 ille
1565 4948 1728 5002 etiam
1758 4955 1886 5004 tunc

306 5033 568 5089 immunis
591 5042 675 5089 est
693 5073 710 5100 ,
739 5034 828 5104 qui
859 5034 1115 5090 talentum
1139 5037 1285 5092 verbi
1315 5037 1561 5107 nequiter
1584 5036 1884 5103 abscondit,

305 5132 366 5181 et
384 5124 644 5195 proximis
663 5124 793 5179 illud
812 5125 1113 5195 expendere
1134 5125 1386 5197 neglexit,
1403 5126 1667 5196 vertitque
1681 5126 1884 5181 vultum

302 5228 337 5267 a
394 5212 651 5281 cognatis,
682 5220 736 5268 et
782 5212 1089 5270 hominibus
1134 5215 1436 5281 catholicis,
1486 5223 1542 5271 et
1591 5215 1887 5271 immiscuit

302 5318 370 5359 se
411 5303 629 5373 pollutis
664 5304 1076 5363 fornicatoribus
1130 5316 1184 5363 et
1219 5309 1560 5378 aequissimis
1592 5308 1882 5365 haereticis.

388 5415 407 5447 ς
444 5395 524 5451 Ne
566 5407 781 5454 avertas
828 5398 1020 5455 faciem
1048 5415 1076 5455 a
1103 5402 1350 5471 proximo
1379 5410 1492 5467 tuo,
1518 5410 1574 5457 et
1619 5401 1688 5457 ab
1727 5400 1882 5456 aufe-

309 5508 331 5539 ‹
383 5485 551 5543 rendo
576 5497 786 5559 patrem
815 5497 870 5544 et
901 5505 1008 5545 non
1036 5490 1386 5547 restituendo.
1412 5511 1430 5543 ι
1464 5490 1556 5545 Ille
1581 5507 1611 5545 a
1636 5490 1882 5561 proximo

307 5577 509 5634 faciem
531 5579 748 5647 avertit,
769 5581 861 5652 qui
886 5579 1298 5638 necessitatibus
1326 5580 1439 5652 ejus
1464 5580 1883 5637 misericorditer

1997 1780 2256 1836 Dominus
2277 1780 2550 1852 pratdicat,
2568 1779 2710 1849 quod
2730 1780 3003 1835 hominem
3021 1796 3126 1834 non
3150 1781 3576 1847 contristaverit,

1994 1868 2188 1939 pignus
2230 1867 2460 1924 debitori
2491 1868 2804 1933 reddiderit,
2832 1883 2931 1938 per
2976 1868 3084 1923 vim
3134 1870 3266 1924 nihil
3315 1872 3576 1942 rapuerit,

1994 1973 2189 2028 panem
2231 1973 2389 2013 suum
2430 1958 2693 2014 esurienti
2733 1957 2961 2024 dederit,
2991 1966 3047 2012 et
3077 1958 3276 2013 nudum
3307 1960 3583 2029 Operuerit

1994 2049 2337 2113 vestimento,
2363 2048 2432 2102 ad
2470 2061 2690 2101 usuram
2738 2060 2844 2101 non
2891 2046 3339 2110 commodaverit,
3371 2056 3425 2103 et
3455 2063 3575 2102 am-

1994 2138 2135 2210 plius
2164 2154 2268 2193 non
2297 2136 2565 2207 acceperit
2591 2135 2808 2208 (Ezech.
2841 2134 2997 2205 xxn).
3026 2153 3045 2186 ι
3074 2136 3293 2191 Beatius
3318 2145 3400 2193 est
3430 2137 3576 2192 enim

1996 2227 2166 2298 magis
2189 2228 2322 2282 dare
2347 2240 2510 2297 quam
2538 2225 2785 2294 accipere
2811 2224 2947 2297 (Act.
2977 2223 3092 2294 xx).
3118 2244 3136 2276 ι

2072 2336 2092 2370 ι
2124 2316 2202 2371 Ne
2229 2315 2486 2387 respicias
2506 2314 2789 2370 mulierem
2817 2314 2978 2369 alieni
3008 2314 3200 2379 viri,et
3221 2328 3289 2369 ne
3317 2315 3580 2370 scruteris

2002 2424 2022 2457 ‹
2067 2404 2317 2471 ancillam
2363 2404 2498 2476 ejus,
2530 2418 2703 2474 neque
2752 2404 2967 2461 steteris
3014 2404 3081 2459 ad
3129 2403 3327 2459 lectum
3375 2402 3513 2472 ejus.
3547 2426 3566 2458 ι

1996 2498 2189 2555 Mulier
2215 2514 2429 2569 quoque
2476 2498 2635 2554 alieni
2667 2498 2788 2563 viri,
2820 2506 2903 2553 est
2943 2496 3186 2553 doctrina
3212 2513 3377 2567 prava
3402 2498 3579 2553 lucre-

1997 2588 2112 2655 tici,
2138 2590 2231 2660 qui
2261 2589 2469 2644 alienus
2499 2589 2601 2643 fide
2627 2597 2683 2644 et
2728 2588 2983 2661 religione
3010 2597 3094 2645 est
3121 2605 3152 2644 a
3181 2589 3453 2645 consortio
3482 2589 3578 2643 Dei

1997 2689 2052 2735 et
2074 2680 2334 2736 societate
2361 2679 2617 2735 fidelium.
2664 2679 2813 2735 llanc
2849 2695 2978 2751 ergo
3020 2680 3271 2749 prohibet
3314 2680 3577 2752 sapientia

1997 2769 2288 2839 respicere,
2315 2769 2419 2824 hoc
2463 2778 2547 2824 est
2587 2767 2703 2838 ejus
2729 2769 3096 2838 eloquentiam
3138 2785 3352 2833 amare;
3382 2769 3577 2824 ancilla

1995 2875 2124 2915 vero
2165 2856 2283 2927 ejus
2312 2858 2577 2929 cupiditas
2610 2867 2693 2914 est
2730 2858 2993 2923 carnalis,
3023 2874 3141 2929 quae
3171 2859 3361 2928 subjici
3391 2858 3577 2914 debuit

1996 2950 2218 3021 spiritus
2265 2949 2513 3020 imperio,
2534 2948 2690 3019 juxta
2716 2937 2852 3003 illud
2892 2949 3035 3018 quod
3063 2947 3323 3003 Dominus
3350 2948 3417 3003 ad
3443 2945 3576 3002 Cain

1997 3044 2112 3097 ait:
2143 3063 2161 3095 ‹
2197 3042 2309 3099 Sub
2351 3051 2403 3097 te
2431 3042 2535 3097 erit
2566 3042 2837 3111 appetitus
2880 3038 3015 3109 ejus,
3046 3048 3101 3095 et
3126 3047 3184 3094 tu
3213 3038 3577 3095 dominabcris

1997 3136 2142 3193 illius
2173 3134 2326 3206 (Gen.
2352 3133 2457 3207 tv);
2495 3153 2514 3186 ι
2545 3134 2639 3189 sed
2668 3133 2782 3202 ipsa
2825 3147 2979 3187 versa
3021 3131 3137 3186 vice
3183 3130 3490 3186 dominatur
3520 3129 3575 3183 in

1997 3227 2350 3298 reproborum
2378 3225 2808 3282 conversatione.
2839 3223 3044 3280 Idcirco
3062 3222 3413 3294 prohibemur
3432 3222 3575 3277 hanc

1997 3318 2248 3375 ancillam
2276 3316 2531 3382 scrutari,
2564 3316 2669 3372 hoc
2691 3320 2776 3371 est
2801 3311 3233 3387 suggestionibus
3272 3311 3416 3367 illius
3443 3311 3575 3367 sub.

1990 3407 2110 3478 jici,
2136 3418 2191 3463 et
2216 3416 2362 3463 stare
2384 3407 2451 3462 ad
2480 3406 2677 3462 lectum
2702 3403 2839 3473 ejus,
2871 3404 2925 3458 in
2954 3402 3399 3460 delectationibus
3425 3401 3575 3456 vide-

1995 3498 2121 3555 licet
2145 3498 2287 3554 illius
2320 3499 2660 3554 accumbere.
2690 3495 2839 3553 Unde
2867 3494 3143 3565 Sapientia
3175 3495 3229 3549 in
3262 3492 3576 3551 Proverbiis

1994 3598 2138 3653 hanc
2164 3596 2443 3653 mulierem
2471 3596 2524 3650 in
2569 3593 2731 3651 cubili
2769 3608 2867 3650 suo
2909 3592 3296 3655 luxuriantem,
3319 3599 3375 3646 et
3396 3591 3463 3645 ad
3490 3590 3573 3644 sui

1995 3686 2421 3744 commistionem
2459 3684 2593 3741 alios
2620 3683 2929 3740 illicientem
2968 3680 3345 3750 reprehendit,
3378 3678 3574 3748 ipsius-

1993 3793 2100 3848 que
2140 3777 2243 3833 viis
2280 3775 2435 3832 inniti
2480 3790 2579 3831 nos
2623 3773 2905 3845 prohibet;
2925 3771 3148 3827 dicens:
3179 3788 3197 3821 ε
3228 3768 3380 3823 Nunc
3421 3783 3571 3839 ergo,

1995 3868 2094 3934 fili,
2121 3867 2245 3923 audi
2273 3881 2384 3933 me,
2412 3872 2468 3921 et
2507 3864 2727 3920 attende
2770 3862 2936 3917 verba
2965 3861 3075 3917 oris
3101 3859 3230 3925 mei,
3262 3874 3331 3914 ne
3361 3859 3573 3912 abstra-

1992 3959 2155 4014 hatur
2178 3971 2332 4013 mens
2360 3963 2450 4010 tua
2482 3954 2532 4009 in
2559 3954 2665 4009 viis
2703 3952 2865 4017 illius,
2900 3965 3072 4020 neque
3099 3948 3387 4018 decipiaris
3412 3945 3572 4001 semi-

1994 4048 2065 4104 tis
2088 4045 2224 4118 ejus.
2251 4044 2447 4102 Multos
2471 4043 2615 4099 enim
2635 4040 2942 4097 vulneratos
2963 4036 3178 4107 dejecit,
3209 4044 3263 4091 et
3286 4032 3566 4090 fortissimi

1992 4144 2194 4215 quique
2222 4138 2493 4198 interfecti
2524 4144 2650 4193 sunt
2676 4136 2744 4191 ab
2771 4148 2835 4189 ea
2860 4149 2876 4200 ;
2904 4132 3005 4187 vite
3033 4129 3189 4186 inferi
3217 4128 3407 4184 domus
3428 4126 3567 4196 ejus,

1991 4237 2337 4305 penetrantes
2360 4227 2619 4284 interiora
2652 4223 2842 4280 mortis
2870 4218 3055 4294 (Prov.
3083 4218 3182 4291 vt).
3205 4238 3225 4271 ι

2068 4347 2087 4381 ι
2119 4328 2203 4384 Ab
2229 4325 2418 4383 amicis
2443 4324 2511 4380 de
2538 4318 2879 4379 sermonibus
2903 4315 3232 4387 improperii.
3258 4332 3275 4365 ι
3304 4310 3571 4368 Subaudi—

1976 4428 2085 4475 tur
2129 4417 2413 4479 abstineas,
2456 4412 2737 4485 quianon
2781 4409 2935 4465 decet
2981 4405 3186 4476 aliquid
3227 4402 3332 4458 doli
3381 4408 3568 4457 contra

1994 4506 2229 4562 amicum
2258 4500 2586 4566 machinari;
2618 4515 2740 4555 cum
2770 4497 3046 4569 Scriptura
3073 4495 3215 4549 dicat
3241 4510 3254 4547 :
3284 4510 3303 4543 ι
3338 4490 3417 4546 Ne
3448 4505 3566 4544 mo-

1993 4574 2143 4650 liaris
2179 4592 2353 4651 amico
2382 4599 2474 4646 tuo
2503 4587 2703 4644 malum
2722 4627 2737 4654 ,
2767 4601 2889 4642 cum
2919 4583 3007 4640 ille
3036 4582 3090 4638 in
3119 4592 3173 4637 te
3200 4581 3396 4635 habeat
3425 4578 3566 4632 ῐίειιι-

1992 4687 2132 4743 ciam
2158 4683 2338 4757 (Prov.
2373 4680 2478 4753 tu).
2503 4700 2521 4733 ι

2066 4794 2085 4828 ‹
2119 4775 2331 4831 Etcum
2364 4770 2595 4837 dederis,
2623 4784 2694 4824 ne
2721 4768 3071 4838 improperes.
3095 4783 3114 4815 ›
3148 4761 3375 4819 Obfocat
3419 4761 3564 4815 enim

1989 4867 2194 4931 datum,
2220 4864 2313 4935 qui
2340 4861 2484 4918 malo
2510 4859 2819 4931 improperii
2850 4858 3052 4913 lacerat
3080 4855 3418 4926 proximum;
3451 4869 3566 4906 lna-

1988 4956 2070 5027 gis
2118 4969 2246 5026 ergo
2290 4960 2503 5024 oportet
2551 4951 2700 5005 illum
2749 4948 3059 5020 largitorem
3102 4945 3335 5011 imitari,
3362 4945 3429 4999 de
3459 4960 3566 5013 quo

1987 5041 2219 5097 Jacobus
2246 5038 2518 5109 apostolus
2546 5036 2786 5108 scripsit,
2814 5037 2999 5091 dicens
3024 5052 3037 5089 :
3068 5054 3085 5087 ε
3118 5031 3177 5089 Si
3220 5033 3342 5105 quis
3383 5043 3562 5087 autem

1987 5136 2227 5185 vestrum
2271 5127 2473 5198 indiget
2517 5125 2817 5198 sapientia,
2846 5124 3083 5195 postulet
3107 5140 3136 5178 a
3169 5123 3299 5187 Deo,
3333 5123 3424 5192 qui
3475 5122 3565 5174 dat

1988 5218 2236 5274 omnibus
2259 5215 2558 5284 allluenter,
2590 5225 2645 5272 et
2670 5232 2775 5272 non
2804 5216 3154 5289 itnpropemt,
3185 5225 3241 5271 et
3271 5216 3484 5287 dabitur
3509 5212 3561 5265 ei

1989 5305 2128 5380 (Jac.
2160 5303 2234 5365 tl:
2266 5326 2285 5359 ι
2317 5306 2560 5362 consulte
2605 5305 2709 5370 ait,
2740 5325 2758 5357 ί
2785 5306 2876 5375 qui
2922 5306 3013 5359 dat
3045 5305 3295 5359 omnibus
3343 5300 3562 5354 afﬂuen-

1989 5403 2089 5461 ter,
2115 5415 2133 5448 ι
2170 5411 2239 5451 ne
2262 5395 2382 5464 quis
2406 5395 2655 5450 videlicet
2682 5410 2791 5449 sute
2818 5394 3065 5449 conscius
3090 5390 3395 5463 fragilitatis
3425 5403 3561 5441 aect-

1986 5501 2116 5558 pere
2137 5501 2195 5541 se
2220 5496 2491 5556 petentem
2516 5500 2672 5556 posse
2698 5483 2979 5548 difﬁderet,
3003 5483 3096 5537 sed
3121 5480 3298 5551 potius
3328 5478 3559 5548 quisque

1988 5578 2279 5646 recoleret,
2308 5580 2433 5650 quia
2475 5579 2796 5636 desiderium
2824 5591 3118 5648 pauperum
3144 5571 3417 5629 exaudivit
3450 5573 3551 5628 Do-
