3926 6168
417 242 554 301 i053

1052 240 1114 294 Β.
1156 236 1408 293 RABAN!
1446 236 1667 294 MAURI
1706 236 1980 294 ARClilEl

2091 206 2380 295 modum.
2423 234 2708 294 eranum
2746 234 2927 292 rans
2961 237 2999 292 ι.

3560 239 3705 295 11964

410 356 610 411 minus.
646 354 714 411 Et
741 354 883 410 sicut
923 353 1065 408 idem
1107 352 1230 407 alibi
1259 350 1427 406 dicit:
1459 370 1477 401 ι
1505 349 1788 406 Beuedixit
1812 365 2002 406 omnes
2028 354 2077 416 Α
2106 364 2323 406 monem
2350 348 2469 418 ejus
2513 350 2604 420 qui
2651 349 2791 405 dixit
2815 367 2828 404 :
2857 370 2876 401 ι
2911 348 2991 404 Tu
3018 363 3081 404 es
3107 347 3356 405 Christus
3399 348 3573 406 bilius
3602 350 3700 407 Dei

412 448 666 502 timentes
694 460 755 501 se
784 445 1060 508 Dominus,
1093 441 1313 511 pusillos
1336 458 1460 497 cum
1495 442 1791 513 majoribus
1818 439 1992 514 (Psal.

408 540 562 612 eam)
589 559 601 593 :
637 559 654 590 ι
689 547 742 593 et
769 552 873 591 non
905 536 1257 606 improperat,
1283 535 1410 604 quia
1441 533 1715 589 neminem
1744 533 1992 603 despicit,

410 632 677 687 neminem
725 628 941 683 irritat:
967 627 1061 681 sed
1087 641 1278 682 omnes
1326 624 1754 680 misericorditer
1783 623 1992 688 fovens,

410 726 478 779 ad
510 723 589 777 sui
631 736 873 775 amorem
920 727 1217 790 provocat:
1246 736 1265 768 ι
1296 717 1398 785 Qui
1442 718 1611 773 solem
1657 732 1815 772 suum
1862 716 1994 771 oriri

407 814 536 869 facit
563 827 725 883 super
763 811 934 867 bonos
966 820 1021 866 et
1056 812 1257 877 malos,
1285 818 1339 865 et
1382 809 1521 881 pluit
1548 824 1712 879 super
1731 806 1911 877 justos
1939 815 1996 864 et

406 903 633 974 injustas
668 904 881 976 (Matth.
912 902 986 974 v).
1010 924 1027 954 ι

1026 991 1253 1048 CAPUT
1290 990 1377 1047 IV.

572 1090 648 1141 Ab
679 1089 863 1141 amicis
892 1086 1183 1141 removendi
1214 1101 1476 1139 sermones
1498 1082 1819 1153 improperii.

476 1168 822 1248 {C.\e.x1.n.)«
836 1176 949 1232 Non
967 1177 1204 1246 duplices
1220 1191 1523 1231 sermonem
1543 1172 1831 1229 auditusde
1848 1186 1997 1229 reve-

407 1288 427 1320 ‹
475 1269 673 1323 latione
694 1269 960 1323 sermonis
972 1267 1295 1331 ahsconditi,
1312 1275 1366 1321 et
1392 1266 1502 1320 eris
1525 1281 1651 1320 vere
1668 1266 1782 1319 sine
1808 1265 1993 1319 confu-

404 1380 424 1409 ς
467 1361 709 1425 sione,ct
732 1359 971 1415 invenies
994 1359 1222 1429 gratiam
1249 1358 1300 1411 in
1325 1365 1613 1426 conspectu
1638 1355 1879 1410 omnium
1895 1355 1991 1409 ho-

406 1468 426 1500 ‹
473 1450 735 1505 minuma
761 1448 874 1504 llac
898 1448 1113 1519 quidem
1139 1447 1406 1502 sententia
1422 1444 1676 1515 prohibet
1692 1458 1760 1499 ex
1778 1441 1989 1498 occulto

400 1541 583 1596 cordis
627 1555 815 1596 vocem
845 1541 971 1595 boni
1005 1539 1198 1595 malive
1228 1538 1385 1593 simul
1411 1536 1656 1607 proferre
1699 1535 1985 1600 sermonis,

397 1631 523 1701 quia
551 1631 811 1702 scriptum
842 1640 961 1686 est:
992 1649 1010 1682 ‹
1043 1629 1218 1684 Verba
1238 1627 1493 1697 bilinguis
1512 1625 1665 1695 quasi
1694 1624 1982 1694 simplicia,
2032 1650 2035 1655 -

396 1733 452 1779 et
480 1724 594 1793 ipsa
620 1723 942 1794 perveniunt
981 1735 1150 1791 usque
1180 1720 1246 1774 ad
1277 1718 1535 1773 interiora
1565 1716 1769 1770 ventris
1798 1714 1977 1788 (Prov.
2012 1713 2058 1771 Β

396 1814 574 1884 xvm).
600 1834 618 1865 ι
649 1813 799 1870 Unde
820 1829 919 1868 nos
946 1812 1141 1866 Paulus
1163 1809 1437 1880 apostolus
1460 1808 1733 1871 admonet,
1759 1807 1979 1862 dicens:

401 1927 421 1961 ς
450 1905 636 1963 Omnis
685 1920 865 1960 sermo
905 1903 1078 1958 malus
1108 1917 1173 1956 ex
1203 1916 1299 1956 ore
1340 1907 1524 1953 vestro
1565 1914 1670 1952 non
1703 1898 1978 1967 procedat,

396 1998 489 2054 scd
520 1998 564 2052 si
593 1997 715 2067 quis
752 1995 925 2052 bonus
952 1995 1017 2050 ad
1042 1992 1452 2049 aedificationem
1471 2031 1486 2055 ,
1517 2001 1577 2045 ut
1618 1990 1709 2044 det
1751 1990 1982 2061 gratiam

395 2088 738 2145 audientibus
773 2088 933 2161 (Eph.
968 2086 1044 2159 tv)
1072 2104 1084 2140 :
1116 2106 1135 2137 ι
1167 2083 1304 2141 Hinc
1330 2098 1428 2154 per
1450 2080 1708 2138 Jacobnm
1738 2080 1977 2137 dicitur:

400 2202 418 2235 ι
456 2183 533 2237 Ex
555 2182 670 2252 ipso
697 2197 794 2237 ore
818 2180 1061 2251 procedit
1089 2177 1394 2234 benedictio
1421 2184 1477 2231 et
1504 2174 1845 2230 maledictio:
1874 2190 1981 2230 non

390 2282 625 2347 oportet,
656 2273 856 2329 fratres
883 2270 1011 2338 mei,
1043 2270 1157 2326 haec
1186 2270 1263 2324 ita
1292 2269 1433 2324 ﬁeri.
1484 2265 1736 2337 Nunquid
1767 2264 1887 2321 fons
1915 2267 1981 2322 de

396 2366 586 2421 eodem
617 2363 884 2420 foramine
910 2369 1130 2416 emanat
1148 2359 1360 2415 dulcem
1394 2367 1451 2415 et
1477 2373 1719 2413 amaram
1745 2356 1981 2427 aquam?

392 2453 537 2527 (Jac.
570 2452 676 2525 ιιι.)
699 2472 718 2505 ι
753 2450 906 2506 Sicut
939 2449 1113 2506 dulcis
1137 2457 1194 2504 et
1234 2463 1422 2503 amara
1455 2462 1595 2517 aqua
1621 2463 1727 2502 non
1754 2454 1981 2518 possunt

391 2542 550 2598 simul
576 2558 681 2597 una
710 2542 777 2597 de
803 2555 938 2596 vena
967 2540 1130 2597 fontis
1159 2540 1405 2607 ebullire,
1437 2541 1531 2597 sed
1560 2547 1616 2595 et
1645 2538 1691 2595 si
1721 2538 1983 2594 miscean-

392 2643 481 2688 tur
503 2633 558 2687 in
584 2647 710 2688 vase
731 2631 812 2686 vel
833 2631 1092 2695 cisterna,
1111 2630 1284 2685 dulcis
1304 2629 1520 2701 quidem
1542 2643 1663 2683 mox
1690 2625 1981 2682 amarescit

391 2725 460 2778 ab
493 2736 699 2788 amara,
725 2737 908 2776 amara
939 2729 1120 2776 autem
1152 2720 1475 2776 admistione
1504 2718 1675 2773 dulcis
1712 2717 1768 2773 in
1794 2716 1980 2773 dulce-

389 2813 570 2868 dinem
605 2812 778 2868 nescit
814 2811 1120 2878 immutari,
1154 2811 1229 2866 ita
1257 2808 1562 2867 benedictio
1586 2817 1643 2864 et
1667 2808 1979 2864 maledictio

390 2906 443 2960 in
470 2921 577 2962 uno
602 2920 698 2961 ore
724 2903 1028 2960 nullatenus
1053 2909 1232 2975 potest
1270 2901 1561 2958 convenire
1581 2940 1596 2967 ,
1627 2900 1721 2956 sed
1750 2897 1978 2970 quicun-

387 3014 493 3069 que
539 2998 619 3053 sic
649 2997 818 3052 Deum
847 2994 1168 3052 benedicere
1209 2994 1441 3059 orando,
1470 2992 1556 3048 vel
1598 2992 1824 3048 verbum
1857 2988 1977 3064 ejus

2097 443 2206 498 vivi
2255 442 2472 514 (Matth.
2519 442 2697 513 “1),:
2747 441 3173 513 pulcherrimum
3216 456 3339 498 esse
3383 441 3700 509 allirmavit,

2098 547 2220 589 cum
2250 533 2561 603 respondit:
2587 552 2605 584 ι
2633 533 2831 587 Beatus
2851 547 2911 588 es
2935 531 3123 586 Simon
3151 532 3401 601 Batjona,
3417 535 3548 605 quia
3568 551 3701 592 caro

2096 632 2153 679 et
2178 625 2400 695 sanguis
2443 640 2550 679 non
2585 624 2844 678 revelavit
2874 624 2993 688 tibi,
3020 624 3115 678 sed
3140 623 3303 679 Pater
3333 642 3489 682 meus
3522 628 3617 698 qui
3646 629 3698 684 in

2095 718 2251 774 caelis
2279 726 2365 772 est
2398 716 2609 790 (Ibid).
2644 736 2662 769 ι
2691 717 2807 788 Ipse
2834 732 2964 788 ergo
2991 717 3096 772 erit
3128 718 3245 773 sine
3272 717 3617 785 confusione,
3644 731 3700 777 et

2096 807 2326 879 gratiam
2355 807 2578 862 habebit
2604 822 2789 861 coram
2815 806 2963 861 omni
3010 807 3228 861 homine
3247 848 3261 872 ,
3293 808 3385 878 qui
3416 817 3547 863 ante
3575 825 3697 864 om~

2095 899 2185 953 nia
2224 898 2377 969 eligit
2402 897 2684 953 catholica:
2712 896 2835 951 ﬁdei
2867 897 3109 968 regulam
3151 914 3425 965 sermone,
3454 909 3511 954 et
3546 911 3696 955 recte

2094 992 2362 1059 docendo,
2390 999 2553 1062 atque
2583 992 2723 1047 bene
2767 990 3044 1046 ooerando
3088 990 3321 1048 firmiter
3360 993 3609 1063 persistit
3639 996 3692 1049 in

2091 1085 2336 1139 veritatis
2363 1084 2598 1139 tramite.

2176 1192 2196 1225 σ
2220 1172 2298 1228 Ne
2326 1187 2425 1244 pro
2451 1173 2535 1228 his
2559 1172 2812 1228 omnibus
2839 1170 3208 1227 eonfnndaris.
3250 1190 3269 1221 ι
3292 1172 3411 1226 lloc
3434 1174 3688 1228 testimo-

2091 1262 2240 1317 nium
2271 1263 2492 1333 respicit
2514 1263 2582 1317 ad
2618 1276 2680 1316 ea
2710 1277 2829 1331 quze
2859 1262 3110 1331 superius
3140 1263 3506 1333 descripserat
3533 1265 3686 1317 devi-

2091 1358 2273 1423 tanda,
2319 1367 2374 1413 et
2406 1374 2527 1428 quae
2552 1357 2806 1426 deinceps
2836 1357 2888 1411 in
2920 1358 3021 1412 hoc
3051 1355 3240 1410 eodem
3266 1354 3507 1424 capitulo
3533 1355 3683 1408 simio

2087 1448 2214 1506 liter
2249 1448 2590 1506 enumeravit
2626 1447 2884 1503 cavenda.
2927 1446 3028 1515 Qui
3059 1454 3237 1501 autem
3287 1461 3348 1501 se
3397 1445 3685 1515 diligenter

2090 1538 2215 1595 inde
2248 1538 2656 1606 observaverit,
2708 1538 2826 1594 sine
2856 1536 3170 1593 confusione
3201 1536 3290 1592 hic
3330 1545 3385 1591 et
3419 1537 3473 1590 in
3505 1535 3686 1590 futuro

2085 1630 2449 1703 permanebit.

2162 1741 2182 1775 ι
2204 1722 2270 1777 Et
2292 1738 2360 1777 ne
2373 1722 2909 1792 accipiaspersonam
2930 1719 3283 1789 ntdelinquas
3302 1720 3368 1773 de
3385 1720 3509 1790 lege
3528 1718 3686 1773 Altis-

2093 1830 2112 1864 α
2131 1812 2277 1876 simi,
2294 1820 2350 1866 et
2365 1819 2705 1875 testamento,
2724 1818 2777 1865 et
2794 1810 2860 1865 de
2865 1808 3074 1879 judicio
3087 1807 3643 1879 justifiearcimpium.
3659 1828 3676 1859 ι

2087 1902 2361 1974 Scriptum
2390 1917 2621 1973 namque
2642 1913 2725 1958 est
2753 1903 2805 1956 in
2832 1902 2980 1974 lege,
3011 1903 3238 1957 Domino
3267 1901 3487 1971 iubente
3510 1918 3577 1956 ac
3602 1902 3681 1956 di-

2084 2006 2243 2054 cente
2273 2014 2287 2051 :
2325 2015 2345 2048 ‹
2380 1995 2596 2052 Judiccs
2622 2005 2675 2050 et
2703 1997 2995 2068 magistros
3020 1995 3318 2050 constitues
3346 1994 3399 2047 in
3427 1993 3679 2048 omnibus

2083 2088 2253 2159 portis
2277 2087 2402 2154 tuis,
2434 2104 2570 2160 quas
2600 2087 2859 2142 Dominus
2886 2087 3027 2142 Deus
3053 2097 3175 2142 tuus
3204 2085 3415 2141 dederit
3450 2084 3548 2141 tibi
3583 2100 3680 2155 per

2085 2179 2324 2252 singulas
2352 2179 2525 2234 tribus
2555 2188 2695 2245 tuas,
2725 2186 2785 2233 ut
2805 2177 3048 2250 judicent
3075 2177 3328 2249 populum
3351 2175 3505 2245 justo
3525 2176 3672 2246 judi-

2083 2272 2192 2337 cio,
2219 2279 2319 2327 nec
2347 2272 2402 2326 in
2424 2269 2653 2326 alteram
2691 2278 2902 2342 partem
2950 2268 3235 2324 declinent.
3280 2267 3397 2323 Non
3444 2268 3674 2339 accipies

2083 2374 2401 2436 personam,‘
2427 2378 2529 2420 nec
2549 2378 2772 2419 munera
2806 2377 2821 2416 :
2853 2362 2981 2433 quia
3006 2376 3230 2416 munera
3252 2370 3534 2417 excmcant
3552 2376 3677 2416 ocu-

2084 2454 2165 2510 los
2208 2455 2555 2526 sapientium,
2609 2462 2666 2510 et
2709 2462 2924 2508 mutant
2960 2454 3125 2508 verba
3165 2456 3478 2524 justorum;
3529 2451 3676 2522 justc

2083 2547 2226 2619 quod
2266 2545 2474 2615 justum
2527 2553 2611 2603 est
2662 2545 3005 2617 persequeris
3053 2544 3232 2617 (Deut.
3274 2545 3410 2615 xvi).
3463 2563 3482 2597 ι
3543 2543 3676 2599 llinc

2082 2639 2343 2709 probatur
2370 2638 2603 2710 qualiter
2628 2638 2857 2693 Domino
2886 2636 3194 2706 displiceat,
3240 2644 3293 2690 et
3322 2653 3485 2707 quam
3516 2651 3677 2705 grave

2083 2730 2155 2785 sit
2180 2730 2432 2785 delictum
2461 2743 2722 2800 personas
2746 2728 2797 2783 in
2818 2726 3025 2797 judicio
3050 2728 3315 2798 accipere,
3342 2737 3396 2782 et
3415 2728 3533 2783 sive
3556 2742 3679 2797 pro-

2083 2829 2203 2893 pter
2228 2824 2475 2876 timorem
2503 2862 2518 2886 ,
2561 2835 2656 2876 seu
2683 2828 2905 2891 propter
2943 2821 3239 2874 humanum
3270 2818 3514 2874 favorem
3545 2833 3675 2874 eon-

2083 2914 2340 2969 demnare
2381 2911 2611 2982 justum,
2664 2918 2720 2967 et
2749 2908 3055 2979 justifieare
3102 2909 3347 2979 impium.
3400 2909 3540 2965 Hine
3580 2923 3677 2980 per

2085 3000 2432 3057 Salomonem
2479 3000 2676 3057 dicitur
2710 3017 2724 3053 :
2762 3018 2782 3052 ι
2816 2998 3156 3071 Cognoscere
3185 3014 3475 3070 personam
3513 3001 3568 3055 in
3592 2999 3676 3069 ju-

388 3092 730 3163 pnedicando
760 3092 1060 3155 consuevit,
1091 3096 1153 3143 ut
1182 3087 1346 3142 etiam
1374 3085 1701 3142 maledicere
1727 3084 1977 3141 homines
2005 3073 2050 3138 C
2082 3092 2223 3149 dicio
2255 3106 2360 3146 non
2391 3099 2476 3147 est
2511 3092 2733 3146 bonum.
2772 3089 2875 3158 Qui
2916 3090 3102 3145 dicunt
3141 3090 3329 3160 impio,
3368 3088 3558 3147 Justus
3593 3107 3669 3156 es,

388 3200 492 3237 non
515 3181 783 3246 omiserit,
812 3187 1026 3235 constat
1053 3176 1197 3248 quod
1223 3174 1562 3231 dulcedinem
1586 3173 1979 3231 benedictionis

387 3272 504 3342 ejus
544 3269 850 3325 amaritudo
891 3265 1287 3323 maledictionis
1333 3265 1622 3321 consumit.
1658 3283 1677 3317 ι
1712 3264 1978 3320 Modicum

388 3361 534 3416 enim
574 3359 900 3416 fermentum
940 3365 1112 3412 totam
1156 3371 1394 3425 massam
1440 3356 1758 3427 corrumpit,
1784 3362 1841 3412 et
1869 3371 1978 3411 non

389 3457 475 3506 est
504 3450 727 3520 pulchra
760 3447 996 3504 laudatio
1044 3448 1098 3502 in
1140 3461 1236 3503 ore
1269 3446 1574 3518 peccatoris
1610 3445 1663 3519 (Ι
1690 3443 1813 3501 Cor.
1844 3445 1921 3519 v).
1954 3464 1974 3498 ι

392 3539 633 3608 Denique
661 3536 707 3592 si
737 3535 903 3592 facias
946 3534 1177 3591 fistulam
1208 3536 1336 3591 bino
1379 3551 1508 3602 ore,
1541 3536 1683 3591 unde
1728 3551 1869 3606 aqua
1898 3535 1980 3591 in-

392 3636 517 3695 tret,
546 3627 800 3699 simplici,
829 3627 972 3682 unde
998 3635 1177 3694 exeat,
1208 3636 1264 3682 et
1286 3626 1340 3681 in
1367 3626 1471 3682 hoc
1492 3641 1736 3681 amaram
1759 3640 1975 3697 aquam,

392 3723 446 3778 in
489 3722 579 3777 illo
627 3719 839 3775 dulcem
872 3718 1154 3785 immittas,
1190 3717 1394 3788 absque
1424 3716 1535 3773 ulla
1581 3716 1857 3787 dubietate
1886 3715 1978 3771 ubi

391 3814 458 3870 ad
487 3828 655 3869 unum
681 3812 860 3867 exitus
884 3809 1125 3867 foramen
1160 3809 1472 3881 pervenitur
1489 3847 1506 3875 ,
1544 3807 1804 3878 permista
1831 3815 1981 3861 utra-

390 3920 494 3977 que
519 3921 624 3961 non
661 3902 855 3970 dulcis,
888 3901 983 3957 sed
1020 3915 1205 3956 amara
1234 3898 1537 3971 apparebit,
1568 3898 1696 3969 quia
1724 3896 1979 3951 nimirum

391 4001 562 4056 multo
588 3997 797 4054 facilius
817 3996 973 4052 dulce
994 3995 1047 4051 in
1073 4010 1341 4060 amarum,
1358 3993 1451 4048 ubi
1472 3992 1790 4057 miscentur,
1815 4004 1979 4060 quam

390 4108 636 4147 amarum
678 4089 909 4145 vertitur
945 4088 1001 4142 in
1042 4086 1362 4156 dulcezquo
1388 4083 1637 4155 exemplo
1686 4083 1975 4154 colligitur,

389 4183 517 4253 quia
561 4180 827 4251 colloquia
878 4179 1017 4234 mala
1069 4179 1211 4233 sicut
1260 4191 1443 4232 mores
1486 4176 1691 4240 bonos,
1720 4171 1980 4244 Apostolo

392 4280 552 4338 teste,
584 4272 667 4326 sic
693 4269 859 4324 etiam
887 4281 1166 4323 sermones
1194 4266 1367 4321 bonos
1393 4270 1749 4335 corrumpunt
1777 4261 1828 4335 (Ι
1852 4260 1976 4316 Cor.

391 4364 501 4437 xv).
547 4363 719 4418 Aliter
769 4369 948 4416 autem
982 4377 997 4413 :
1030 4357 1277 4429 Duplicat
1319 4371 1624 4413 sermonem
1669 4356 1885 4410 auditus
1912 4368 1980 4409 ex

391 4418 722 4511 revelationc
762 4450 1028 4508 sermonis
1065 4418 1398 4513 absconditi,
1428 4446 1520 4517 qui
1554 4445 1780 4517 mystica
1810 4445 1978 4500 verba
2004 4418 2057 4478 Ῑ)

393 4546 588 4602 divinte
617 4543 751 4617 legis
806 4543 967 4598 audet
1015 4538 1290 4596 maculare
1332 4552 1581 4593 sermone
1611 4536 1851 4609 perversi
1882 4535 1980 4591 do-

391 4639 621 4711 gmatis;
646 4647 703 4694 et
726 4635 1029 4707 simplicem
1058 4632 1182 4688 fidei
1209 4631 1489 4688 catholica:
1509 4631 1797 4686 veritatem
1812 4630 1868 4684 in
1880 4644 1976 4685 va-

391 4732 533 4788 rium
582 4728 979 4801 corrumpendo
1034 4734 1248 4783 vertere
1304 4739 1568 4780 errorem.
1649 4722 1763 4778 Hoc
1812 4737 1978 4793 quam

392 4824 615 4880 noxium
643 4824 736 4891 sit,
767 4821 1047 4892 Scriptura
1094 4815 1421 4882 manifestat,
1452 4815 1674 4871 dicens:
1705 4833 1724 4867 ι
1758 4813 1981 4869 Abomi-

394 4919 541 4973 natio
580 4916 815 4983 Domini,
845 4913 1201 4985 cogitationcs
1241 4910 1431 4966 malua:
1461 4918 1517 4964 et
1557 4924 1727 4979 purus
1774 4923 1976 4976 sermo,

392 5006 794 5077 pulcherrimus
829 5003 1131 5059 firmabitur
1156 5003 1224 5058 ab
1253 5018 1318 5057 eo
1347 5000 1531 5075 (Prov.
1562 4998 1675 5073 xv).
1700 5019 1719 5053 ι
1753 4998 1978 5055 Abomi-

396 5106 559 5151 natnr
612 5094 794 5164 itaque
855 5093 1114 5149 Dominus
1164 5090 1522 5162 cogitationes
1572 5089 1973 5153 haereticorum,

393 5189 552 5247 simul
580 5197 638 5245 et
658 5188 841 5253 verba,
867 5188 977 5243 imo
1003 5201 1194 5243 omnes
1213 5185 1399 5256 pietati
1423 5183 1724 5241 contrarias
1743 5182 1978 5238 detesta-

397 5292 485 5338 tur
530 5291 726 5338 sectas.
779 5277 954 5334 Purus
998 5292 1177 5333 sermo
1228 5285 1390 5331 rectae
1416 5275 1537 5330 lidei
1570 5273 1875 5329 ﬁrmabitur
1905 5274 1974 5331 ab

392 5391 479 5438 eo,
506 5372 721 5444 quando
750 5371 803 5427 in
828 5369 1035 5441 judicio
1062 5383 1169 5424 non
1195 5367 1367 5422 solum
1394 5367 1569 5434 factis,
1599 5367 1695 5423 sed
1717 5372 1773 5422 et
1797 5367 1977 5423 verbis

392 5470 643 5524 onmibus
667 5468 828 5541 digna
856 5466 1078 5539 prmmia
1110 5463 1316 5520 reddet.
1339 5463 1694 5521 Ahominatus
1720 5473 1805 5520 est
1826 5465 1975 5534 cogi-

393 5562 626 5616 tationes
661 5564 831 5617 malas
856 5574 1045 5616 eorum
1088 5560 1177 5629 qui
1208 5559 1457 5614 dicebant
1484 5578 1495 5614 :
1534 5578 1552 5609 ι
1595 5558 1727 5625 Quis
1753 5568 1836 5614 est
1866 5559 1974 5625 hic,

394 5654 485 5722 qui
516 5654 680 5709 etiam
709 5663 929 5725 peccata
952 5651 1206 5710 dimittit?
1234 5649 1379 5725 (Luc.
1405 5649 1484 5723 v.)
1513 5669 1532 5704 ι
1564 5649 1630 5705 Et
1648 5664 1842 5721 purum
1871 5665 1979 5705 ser-

2085 3183 2412 3239 maledicent
2440 3182 2520 3253 eis
2543 3181 2723 3253 pepuli
2748 3221 2763 3246 ,
2808 3189 2865 3236 et
2904 3181 3320 3236 detestabantur
3356 3194 3454 3236 eos
3479 3182 3669 3237 tribus.

2080 3275 2182 3345 Qui
2210 3283 2444 3347 arguunt
2464 3290 2613 3341 eum,
2642 3272 3028 3336 laudabuntur,
3059 3283 3114 3328 et
3137 3288 3301 3343 super
3322 3273 3472 3343 ipsos
3495 3276 3672 3329 veniet

2079 3364 2384 3421 benedictio
2414 3362 2593 3435 (Prov.
2628 3361 2800 3435 xxrv).
2837 3384 2856 3416 ι
2893 3362 3156 3433 Superius
3190 3364 3372 3418 docuit
3397 3378 3580 3436 regem
3610 3363 3672 3418 li-

2079 3469 2247 3520 mere,
2279 3453 2507 3510 dicendo
2555 3472 2568 3508 :
2619 3472 2638 3505 ι
2669 3453 2825 3508 Time
2858 3453 3181 3519 Dominum,
3233 3452 3308 3507 ﬁli
3351 3455 3462 3518 mi,
3502 3463 3558 3507 et
3592 3469 3673 3509 re-

2079 3562 2200 3615 gelu
2235 3562 2249 3599 :
2291 3564 2311 3597 ι
2346 3552 2401 3599 et
2428 3559 2573 3599 nunc
2597 3559 2884 3614 personam
2915 3544 2968 3598 in
2987 3542 3193 3613 judicio
3221 3557 3557 3615 cognoscere
3586 3559 3675 3599 ve-

2083 3646 2181 3692 tat.
2216 3635 2370 3693 Unde
2401 3636 2673 3707 colligitur
2702 3637 2828 3706 quia
2860 3636 2932 3690 ita
2959 3636 3293 3706 principibus
3315 3634 3558 3690 debitum
3582 3635 3675 3690 ob-

2080 3729 2254 3801 sequii
2310 3729 2625 3801 temporalis
2654 3727 2923 3797 subjectos
2961 3736 3175 3799 oportet
3209 3727 3527 3797 impendere
3552 3768 3569 3794 ,
3616 3734 3674 3781 ut

2081 3834 2358 3892 nunquam
2387 3821 2706 3876 reverentia:
2741 3819 2825 3875 vel
2865 3818 3076 3876 timoris
3104 3832 3293 3874 eorum
3322 3826 3577 3889 respectu
3596 3859 3610 3884 ,
3637 3833 3668 3872 a

2080 3911 2167 3967 via
2194 3911 2441 3967 veritatis
2460 3911 2787 3966 exorbitent.

2157 4021 2177 4055 ι
2213 4002 2291 4058 De
2318 4001 2485 4058 verbo
2513 4003 2785 4057 sociorum
2823 4009 2879 4057 et
2911 4000 3207 4067 viatorum,
3247 4010 3303 4056 et
3347 4000 3415 4057 de
3456 3999 3673 4056 datione

2087 4114 2106 4148 ι
2142 4093 2478 4149 hmreditatis
2504 4092 2822 4148 amicorum.
2857 4113 2875 4146 ι
2911 4091 3260 4156 Subauditur,
3291 4109 3355 4146 ne
3379 4091 3675 4162 confunda—

2082 4187 2175 4241 ris.
2208 4185 2311 4254 Qui
2338 4185 2483 4240 enim
2506 4193 2660 4239 cavet
2697 4199 2883 4240 coram
2911 4184 3054 4238 notis
3087 4191 3142 4237 et
3167 4182 3399 4255 ignotis,
3437 4182 3674 4253 propriis

2081 4287 2138 4333 et
2165 4278 2357 4333 alienis
2379 4279 2541 4333 verba
2566 4275 2702 4332 falsa
2732 4286 2788 4331 et
2809 4277 2991 4347 inepta
3015 4274 3183 4344 loqui,
3213 4284 3269 4329 et
3297 4289 3364 4328 ne
3390 4274 3571 4329 amico
3593 4270 3673 4326 vel

2083 4370 2177 4425 ulli
2213 4368 2417 4425 homini
2458 4380 2554 4440 per
2597 4367 2839 4422 fraudem
2883 4366 3084 4437 aliquid
3133 4366 3480 4422 maehinetur
3507 4365 3671 4429 mali,

2084 4478 2301 4536 poenam
2324 4462 2489 4518 futuri
2514 4479 2620 4519 non
2649 4461 3164 4534 sustinebitjudicii.
3190 4461 3327 4517 Hinc
3348 4460 3553 4516 Paulus
3582 4461 3673 4516 do-

2085 4563 2174 4611 cet
2201 4554 2478 4610 ministros
2503 4552 2701 4609 Christi
2726 4553 2926 4608 nemini
2956 4553 3087 4607 dare
3106 4551 3269 4607 ullam
3292 4552 3669 4616 offensionem,

2085 4655 2146 4704 ut
2192 4662 2300 4701 non
2345 4646 2681 4718 vituperetur
2727 4645 3089 4701 ministerium
3132 4644 3382 4711 illorum;
3426 4645 3524 4700 sed
3565 4645 3670 4699 sint

2086 4736 2308 4803 sinceri,
2330 4745 2385 4792 et
2413 4737 2530 4792 sine
2566 4735 2769 4792 offensa
2805 4737 2856 4791 in
2887 4737 3029 4792 diem
3066 4736 3306 4802 Christi,
3341 4737 3535 4807 repleti
3563 4736 3670 4791 fru-

2086 4835 2175 4884 ctu
2197 4826 2423 4897 justitia:
2458 4827 2512 4883 in
2539 4827 2765 4900 gloriam
2803 4838 2858 4884 et
2896 4827 3108 4883 laudem
3134 4826 3262 4894 Dei,
3291 4826 3559 4883 facientes
3582 4829 3670 4882 hoc

2082 4919 2315 4981 numad
2336 4934 2526 4975 omnes
2548 4960 2564 4985 ,
2604 4919 2841 4975 maxime
2868 4928 3049 4974 autem
3087 4918 3155 4974 ad
3181 4919 3509 4975 domesticos
3551 4919 3667 4973 fidei

2084 5012 2171 5083 (ΙΙ
2198 5010 2320 5067 Cor.
2348 5011 2447 5083 vi).

2159 5122 2176 5154 ι
2206 5103 2281 5158 De
2307 5102 2612 5173 aequalitate
2638 5110 2852 5158 statera:
2879 5111 2932 5157 et
2959 5101 3276 5173 ponderum,
3300 5107 3355 5155 et
3386 5101 3455 5156 de
3484 5101 3665 5171 acqui-

2086 5214 2105 5247 ¢
2135 5196 2331 5250 sitione
2355 5193 2646 5248 multorum
2668 5201 2723 5248 et
2745 5208 3060 5263 paucorum.
3086 5192 3163 5247 De
3185 5193 3534 5261 corruptione
3557 5208 3663 5246 em-

2086 5307 2105 5340 ‹
2139 5286 2338 5359 ptionis
2358 5292 2412 5339 et
2439 5285 2846 5356 negotiatorum,
2873 5284 3013 5341 etde
3040 5285 3209 5340 multa
3228 5285 3511 5356 disciplina
3538 5285 3663 5339 ﬁlio-

2091 5395 2108 5429 ι
2145 5393 2286 5431 rum.
2322 5396 2338 5430 ι
2374 5374 2457 5429 Ad
2481 5376 2596 5430 haec
2623 5374 2804 5430 omnia
2835 5375 3225 5445 respondetur,
3255 5373 3336 5430 Ne
3366 5375 3659 5430 confunda-

2082 5469 2178 5524 ris.
2202 5467 2597 5523 Attendendum
2623 5466 2767 5522 enim
2800 5473 2885 5521 est
2917 5464 3062 5520 omni
3095 5464 3406 5522 Christiano
3443 5475 3498 5521 et
3528 5464 3656 5519 ﬁdeli

2084 5561 2179 5617 Dei
2210 5559 2428 5625 famulo,
2456 5569 2515 5615 ut
2535 5559 2591 5613 in
2618 5558 2869 5615 omnibus
2898 5558 3205 5628 :equitatem
3230 5558 3480 5614 veritatis
3500 5568 3552 5612 et
3582 5572 3647 5610 re.

2083 5652 2262 5723 gulam
2284 5650 2512 5722 justitiie
2532 5659 2808 5723 sequatur,
2836 5651 3201 5723 :equalitatem
3223 5658 3443 5709 staterae
3463 5659 3518 5706 et
3537 5663 3657 5720 pon-
