3902 6162
278 274 411 336 me:

1131 281 1488 348 COMMENT.
1523 286 1596 346 IN
1629 286 2243 348 ECCLESIASTICUM.
2280 321 2356 332 -—-
2385 288 2511 345 LIB.
2556 290 2646 346 IX.

3402 295 3540 350 90175

272 397 460 452 derum
489 404 709 459 servet;
734 404 782 449 et
815 397 1071 466 quidquid
1100 398 1338 454 lucretur
1359 400 1473 456 sive
1495 401 1722 456 multum
1749 401 1862 456 sive
1891 405 1937 462 A
1968 400 2070 455 sub
2097 400 2233 455 cmlo
2261 419 2272 454 :
2302 409 2513 470 tempus
2553 401 2787 467 tacendi,
2821 411 3029 474 tempus
3055 403 3300 473 loquendi
3332 405 3353 476 (
3370 404 3567 464 ἵζε-διεδ.

272 504 486 552 uarum,
522 502 629 541 non
657 487 775 542 sine
795 485 1005 554 iustitia
1036 486 1200 543 faciat
1224 528 1239 552 ,
1274 505 1378 544 non
1421 488 1665 553 ‘raudem
1695 490 1857 544 ullam

273 581 327 638 in
356 579 630 652 emptione
665 587 720 634 et
744 580 1106 651 negotiatione
1138 581 1472 646 committat;
1506 589 1561 637 et
1590 580 1860 649 subjectos

271 672 374 728 sibi
402 686 509 726 non
536 670 731 735 nimia,
759 670 856 725 sed
883 670 1115 725 discreta
1147 670 1427 740 disciplina
1454 672 1678 726 nutriat.
1706 671 1860 739 Quod

269 772 457 819 autem
502 761 805 834 hypocrisis
842 769 899 816 et
943 761 1097 817 dolus
1143 761 1370 817 multum
1418 762 1645 817 Domino
1678 762 1858 833 displi-

271 860 412 916 ceat,
442 848 759 906 manifestat
790 848 1091 920 Scriptura,
1122 849 1342 905 dicens:
1379 868 1397 900 ‹
1435 848 1649 905 Statera
1675 850 1859 905 dolosa

273 940 605 998 abominatio
631 938 772 1009 apud
798 938 1108 1002 Dominum,
1136 945 1192 992 et
1213 938 1420 1009 pondus
1439 953 1650 1008 mquum
1674 936 1861 992 volun-

275 1042 362 1087 tas
389 1032 526 1102 ejus.
565 1049 585 1081 ι
626 1028 842 1085 Statcra
887 1028 1071 1084 dolosa
1112 1043 1220 1084 non
1267 1036 1477 1083 tantum
1504 1028 1558 1082 in
1587 1042 1862 1082 mensura~

271 1124 422 1178 tione
436 1121 698 1193 pecunim,
715 1121 809 1175 sed
831 1129 883 1175 et
905 1121 957 1174 in
972 1120 1258 1191 judiciaria
1275 1120 1598 1176 discretione
1622 1128 1856 1175 tenetur.

270 1213 372 1281 Qui
392 1212 544 1267 enim
571 1211 730 1266 aliter
750 1224 968 1266 causam
990 1211 1243 1281 pauperis
1261 1250 1275 1278 ,
1300 1210 1459 1265 aliter
1480 1210 1731 1280 potentis,
1765 1210 1862 1264 ali-

271 1312 357 1358 ter
381 1301 612 1366 sodalis,
649 1300 806 1354 aliter
834 1299 985 1354 audit
1015 1298 1181 1370 ignoti
1207 1339 1221 1363 ,
1253 1307 1456 1354 statera
1487 1299 1675 1368 utique
1702 1299 1863 1353 librat

271 1393 475 1463 iniqua.
521 1390 630 1447 Sed
665 1398 721 1445 et
760 1387 808 1444 is
838 1389 928 1459 qui
956 1403 1054 1443 sua
1098 1389 1234 1442 bene
1271 1397 1420 1459 gesta
1451 1388 1674 1462 meliora
1697 1402 1859 1457 quam

268 1486 663 1557 proximorum,
714 1493 921 1551 suaque
971 1489 1149 1536 errata
1196 1480 1406 1552 judicat
1456 1480 1654 1535 leviora
1698 1494 1860 1549 quam

270 1578 520 1640 aliorum,
564 1573 770 1629 trutina
816 1574 1082 1644 ponderat
1122 1572 1348 1637 dolosa;
1398 1588 1497 1628 nec
1540 1589 1646 1628 non
1690 1580 1742 1628 et
1773 1572 1863 1626 ille

271 1668 366 1738 qui
402 1682 568 1722 onera
607 1664 966 1737 importabilia
1008 1664 1238 1734 imponit
1282 1664 1337 1719 in
1385 1664 1640 1720 humeros
1684 1663 1858 1719 bomi—

1967 487 2070 559 m).
2108 510 2125 540 ι

2601 582 2827 640 CAPUT
2865 569 2928 638 ii.

2304 672 2375 727 De
2409 673 2683 743 disciplina
2712 674 2960 731 insemati
2979 685 3026 730 et
3053 674 3212 746 fatui.

2040 782 2057 813 ς
2097 763 2171 818 De
2196 762 2477 835 disciplina
2523 766 2782 822 insensati
2798 776 2856 822 et
2876 766 3031 833 fatui,
3054 778 3110 825 et
3141 771 3209 826 de
3236 772 3540 831 senioribus

1968 871 1987 903 ‹
2023 853 2114 922 qui
2131 853 2523 923 judicanturab
2544 855 2993 913 adolescentibus.
3011 859 3077 917 Et
3096 860 3204 915 eris
3223 863 3467 918 eruditus
3490 865 3541 919 in

1968 960 1986 991 ε
2019 944 2291 1008 omnibus,
2325 954 2380 999 et
2408 944 2701 1014 probabilis
2724 946 2780 1001 in
2808 956 3098 1018 conspectu
3126 951 3366 1006 omnium
3398 952 3546 1007 vivos

1968 1051 1986 1082 ι
2026 1048 2166 1087 rum.
2203 1053 2221 1086 ι
2252 1031 2380 1088 llaec
2408 1035 2474 1089 ad
2504 1037 2781 1105 superiora
2810 1038 3102 1108 respiciunt
3124 1080 3142 1105 ,
3177 1042 3269 1096 ubi
3291 1041 3457 1110 jussit
3487 1052 3545 1098 ut

1962 1125 2319 1196 quodcunque
2360 1127 2640 1190 traderes,
2684 1143 3002 1183 numerares
3036 1130 3324 1202 diligenter
3368 1142 3424 1189 et
3452 1149 3547 1203 ap-

1960 1215 2244 1286 penderes,
2267 1216 2449 1270 datum
2472 1231 2601 1271 vero
2623 1225 2675 1272 et
2695 1228 2973 1288 acceptum
2998 1234 3158 1275 omne
3181 1222 3538 1277 describercs.

1962 1305 2277 1375 Quicunque
2301 1319 2429 1376 ergo
2451 1321 2685 1378 congrua
2716 1308 2993 1378 disciplina
3019 1310 3199 1381 arguit
3231 1312 3544 1380 delinquen—

1962 1403 2065 1460 tes,
2096 1404 2151 1450 et
2191 1396 2611 1466 uniuscujusque
2658 1413 2906 1466 persona:
2951 1398 3261 1467 qualitatem
3304 1400 3548 1454 conside—

1963 1501 2107 1550 rans,
2136 1485 2547 1541 convenientem
2573 1487 2787 1542 modum
2818 1488 3176 1558 correptionis
3206 1487 3281 1543 illi
3307 1489 3543 1558 apponit,

1962 1575 2280 1630 eruditionis
2309 1591 2418 1630 sum
2443 1584 2649 1631 certum
2674 1577 2935 1632 iudicium
2962 1579 3178 1645 tribuit,
3212 1589 3267 1634 et
3292 1579 3548 1651 probabi—

1964 1666 2068 1720 lem
2092 1665 2144 1720 in
2176 1667 2449 1721 doctorem
2478 1677 2766 1737 conspectu
2782 1669 3019 1723 omnium
3039 1670 3299 1735 virorum,
3325 1670 3424 1725 hoc
3437 1681 3542 1734 est,

269 1775 424 1826 imm,
452 1759 566 1830 ipse
587 1767 769 1814 autem
790 1770 901 1811 uno
928 1756 1099 1824 digito
1120 1770 1220 1810 suo
1242 1769 1349 1810 non
1377 1755 1491 1809 vult
1512 1766 1575 1809 ea
1606 1763 1857 1827 tangere;
1892 1749 1937 1808 B
1967 1762 2276 1809 sanctorum
2297 1763 2353 1809 et
2381 1754 2745 1809 virtuosorum
2770 1755 3045 1810 hominum
3071 1770 3130 1812 se
3151 1773 3270 1812 esse
3286 1760 3543 1813 ostendit.

268 1851 362 1907 ille
380 1851 468 1904 eti:
492 1865 545 1904 ιιι
570 1848 662 1918 qui
692 1848 831 1903 bona
857 1846 910 1901 in
942 1845 1157 1917 publico
1177 1853 1235 1900 et
1253 1844 1393 1900 mala
1416 1846 1526 1916 agit
1544 1846 1597 1900 in
1626 1846 1856 1910 occulto,

270 1955 370 2012 pro
400 1939 691 2009 iniquitate
719 1937 871 1992 libra:
909 1936 1108 1991 dolosae
1146 1936 1491 1992 abominatur
1527 1953 1555 1990 a
1588 1936 1854 1992 Domino:

269 2039 329 2085 at
350 2029 440 2099 qui
463 2028 750 2083 sinceriter
777 2026 889 2098 agit
912 2026 966 2081 in
988 2026 1257 2088 omnibus,
1288 2026 1379 2095 qui
1406 2041 1625 2081 causam
1653 2037 1706 2082 ct
1726 2043 1857 2082 cau-

267 2134 389 2175 sam
419 2133 573 2190 :equa
606 2118 762 2173 lance
789 2116 1081 2181 discernit,
1125 2115 1170 2170 is
1212 2114 1466 2172 nimirum
1497 2115 1628 2185 justi
1658 2117 1860 2188 judieis

270 2208 534 2264 voluntati
565 2214 620 2262 et
646 2205 849 2262 actioni
874 2205 1145 2277 congruit.
1526 2191 1533 2197 ’

346 2316 365 2347 ι
400 2295 570 2351 Servo
613 2294 850 2366 pessimo
892 2293 1035 2349 latus
1071 2295 1415 2367 sanguinare.
1456 2314 1473 2346 ι
1504 2295 1661 2364 Quali
1694 2296 1861 2351 disci-

265 2388 415 2459 plina
449 2389 595 2445 servi
643 2386 912 2455 traetandi
962 2385 1072 2442 sint
1099 2401 1263 2458 supra
1287 2386 1601 2458 descripsit,
1625 2388 1715 2442 ubi
1743 2403 1861 2444 ser-

271 2495 341 2536 vo
398 2479 666 2536 malevolo
712 2485 978 2534 torturam
1026 2486 1085 2533 et
1136 2477 1451 2548 compedem
1509 2477 1675 2549 jussit
1732 2477 1855 2546 inji-

267 2586 434 2637 cere,
487 2570 808 2628 benevolum
854 2576 1034 2625 sutem
1079 2570 1236 2641 quasi
1304 2569 1529 2625 fratrem
1595 2577 1856 2625 tractare.

268 2662 381 2718 Sal
408 2668 463 2717 et
488 2676 634 2716 nunc
653 2659 798 2731 quod
821 2671 980 2716 servo
1002 2659 1237 2730 pessimo
1262 2659 1515 2715 admonet
1538 2659 1709 2718 latera
1731 2676 1860 2716 san-

265 2754 499 2827 guinare
520 2794 538 2821 ,
577 2753 683 2809 hoc
719 2752 958 2808 insinuat
989 2751 1136 2822 quod
1171 2750 1263 2820 qui
1302 2750 1482 2806 verbis
1516 2751 1712 2824 corrigi
1750 2767 1858 2808 non

268 2853 471 2918 potest,
491 2843 809 2900 verberibus
834 2849 1171 2899 coerceatur.
1202 2840 1308 2897 Sed
1329 2840 1510 2897 altiori
1538 2856 1718 2906 sensu,
1745 2856 1860 2898 ser-

270 2952 376 2993 vus
401 2944 502 2992 Iste
526 2949 633 2991 non
659 2933 957 2990 secundum
980 2932 1344 2988 conditionem
1373 2931 1611 3003 generis,
1643 2930 1738 2988 sed
1766 2946 1858 2987 se-

1962 1844 2072 1901 Noc
2097 1846 2261 1901 etiam
2290 1855 2422 1901 actas
2452 1845 2705 1917 juvenilis
2731 1845 2787 1900 in
2815 1846 3034 1902 doctore
3071 1847 3415 1918 despicienda
3442 1859 3546 1914 est,

1961 1934 2006 1987 si
2041 1935 2155 2005 ipse
2193 1934 2533 2005 prudentiam
2565 1935 2763 1991 mentis
2798 1942 2853 1991 et
2892 1936 3059 1990 vitam
3089 1937 3422 2009 probabilem
3453 1939 3549 1993 ba-

1960 2024 2091 2079 bcre
2118 2024 2439 2089 inveniatur,
2472 2024 2596 2096 quia
2617 2024 2844 2095 legimus
2867 2024 3010 2097 quod
3039 2025 3255 2082 Samuel
3278 2035 3331 2081 et
3357 2026 3541 2082 Daniel

1958 2113 2110 2181 pueri
2130 2115 2473 2187 presbyteros
2490 2112 2922 2188 judicaverintU
2943 2114 3066 2186 Reg.
3099 2131 3207 2184 vn;
3230 2116 3368 2171 Dan.
3399 2118 3544 2188 XIII).

1959 2207 2096 2278 illnc
2116 2214 2172 2262 et
2193 2206 2393 2263 Paulus
2421 2207 2490 2261 ad
2517 2205 2857 2261 Timotheum
2886 2206 3151 2273 scribens,
3190 2207 3265 2263 ait
3296 2224 3309 2261 :
3344 2225 3363 2260 α
3399 2209 3543 2263 Prus-

1957 2298 2077 2369 cipe
2102 2297 2219 2353 haec
2241 2305 2298 2352 et
2319 2297 2471 2353 doce.
2501 2296 2671 2351 Nemo
2692 2296 3109 2353 adolescentiam
3135 2306 3284 2355 tuam
3306 2307 3546 2355 contem.

1959 2396 2090 2453 nat;
2140 2387 2235 2443 sed
2266 2385 2570 2457 exemplum
2600 2395 2718 2443 esto
2749 2386 2984 2443 ﬁdelium
3010 2388 3065 2444 in
3095 2389 3261 2447 verbo
3281 2428 3298 2456 ,
3330 2390 3385 2447 in
3414 2406 3546 2446 con-

1957 2478 2288 2544 versatione,
2313 2477 2367 2532 in
2389 2477 2675 2542 charitate,
2701 2476 2754 2534 in
2780 2479 2904 2544 lide,
2933 2479 2986 2535 iu
3008 2479 3279 2537 castitate.
3307 2480 3389 2536 Ad
3417 2490 3542 2536 mta-

1960 2578 2067 2625 tem
2088 2609 2102 2635 ,
2154 2569 2349 2639 inquit,
2386 2576 2532 2624 tuam
2572 2568 2679 2624 noli
2718 2568 3003 2641 respicere.
3032 2569 3376 2643 Diligentiam
3404 2588 3534 2629 vero

1958 2660 2155 2715 adhibe
2181 2673 2370 2716 eorum
2399 2668 2460 2715 ut
2487 2660 2635 2716 dicas
2672 2668 2728 2715 et
2759 2676 2887 2731 agas
2915 2661 3004 2717 illa
3047 2679 3167 2734 quae
3194 2664 3298 2721 dici
3329 2677 3547 2737 oportet

1959 2751 2013 2823 (1
2038 2750 2171 2806 Tim.
2197 2751 2295 2822 tv.)
2332 2771 2350 2805 ι
2386 2751 2504 2819 Quo
2533 2752 2826 2808 secundum
2872 2752 2924 2809 id
2962 2754 3105 2825 quod
3128 2755 3428 2816 condeccus
3457 2767 3544 2810 cst

1958 2852 2351 2900 conversentur
2372 2884 2387 2909 ,
2418 2851 2478 2899 ut
2510 2844 2829 2901 charitatem
2863 2860 2983 2902 eam
3005 2887 3023 2912 ,
3059 2862 3179 2918 quae
3202 2861 3331 2920 erga
3355 2862 3544 2903 omnes

1958 2943 2064 3001 est,
2094 2943 2340 3001 teneant;
2362 2944 2420 2989 ut
2442 2934 2577 2990 lirmi
2611 2934 2719 2991 sint
2736 2935 2790 2990 in
2805 2934 2929 3003 fide,
2950 2945 3010 2991 ut
3034 2937 3304 3009 pudicitia:
3320 2938 3546 3010 diligen-

268 3027 513 3085 cundum
555 3024 807 3081 allectum
853 3022 1051 3079 mentis
1075 3022 1246 3093 accipi
1275 3029 1473 3093 potest,
1520 3022 1648 3092 quia
1694 3040 1715 3075 σ
1752 3036 1859 3077 non
1894 3088 1932 3099 _
1961 3027 2093 3082 tiam
2129 3026 2443 3092 adhibeant,
2476 3025 2548 3080 ita
2579 3034 2638 3081 ut
2668 3025 2785 3097 ipse
2811 3025 3039 3083 formam
3072 3037 3124 3084 te
3145 3027 3393 3099 praebeas
3418 3030 3549 3085 lide—

266 3126 359 3172 est
385 3130 733 3187 personarum
764 3122 1017 3185 acceptor
1042 3088 1349 3184 Deus—(Aet.
1374 3112 1454 3172 xl.
1484 3132 1503 3166 ι
1536 3088 1606 3169 lit
1634 3131 1650 3168 :
1680 3133 1699 3167 ε
1732 3112 1860 3170 Sive
1886 3088 2106 3173 cilibus
2133 3132 2231 3188 pro
2272 3088 2470 3187 quibus
2518 3088 2706 3171 vitam-
2733 3117 2875 3189 regis
2916 3128 3082 3184 tuam,
3133 3088 3410 3177 instruens
3456 3136 3549 3178 eos

268 3208 416 3265 servi
436 3207 552 3263 sive
573 3205 753 3271 liberi,
770 3220 937 3259 unum
958 3218 1145 3259 sumus
1167 3204 1219 3258 in
1240 3204 1458 3260 Christo
1474 3202 1524 3278 (1
1541 3203 1664 3260 Cor.
1691 3205 1813 3277 xu).
1837 3224 1856 3258 ο

269 3297 377 3366 Qui
401 3306 582 3352 autem
605 3284 776 3350 servit
797 3294 941 3350 vitiis
960 3327 977 3355 ,
1011 3302 1067 3349 et
1099 3309 1208 3351 non
1233 3294 1347 3349 vult
1382 3293 1520 3350 liber
1543 3310 1663 3351 esse
1685 3311 1714 3350 a
1737 3311 1864 3367 pec-

269 3389 433 3455 catis,
464 3388 660 3443 merito
685 3386 820 3441 dura
848 3384 1128 3456 disciplina
1148 3387 1465 3456 castigatur.
1482 3385 1559 3441 De
1584 3385 1674 3440 tali
1706 3400 1863 3441 servo

269 3480 352 3535 ita
391 3478 654 3547 scriptum
688 3484 817 3533 est:
857 3494 877 3527 ο
911 3474 1112 3531 Servus
1145 3491 1253 3531 non
1292 3483 1471 3546 potest
1508 3476 1689 3532 verbis
1737 3492 1863 3532 eru-

268 3570 381 3626 diri
404 3567 586 3643 (Prov.
611 3567 784 3637 xxix).
822 3586 842 3620 ι
868 3567 933 3621 Et
953 3567 1009 3622 in
1037 3566 1331 3638 Evangelio
1361 3566 1475 3638 ipsa
1510 3566 1719 3622 Veritas
1739 3567 1820 3622 ait
1845 3585 1858 3620 :

276 3681 297 3717 ι
330 3661 538 3718 Servus
563 3676 672 3717 non
696 3669 883 3714 manet
918 3659 974 3714 in
1003 3658 1166 3713 domo
1191 3658 1245 3712 in
1267 3666 1529 3713 aeternum
1548 3697 1563 3724 ,
1595 3656 1735 3712 illius
1769 3672 1865 3711 au-

273 3759 387 3806 tem
412 3748 669 3804 manetin
696 3754 958 3803 aternum
987 3744 1170 3817 (loan.
1194 3744 1339 3819 vin).
1375 3764 1394 3799 ι

352 3862 373 3895 ι
405 3841 582 3912 Super
615 3839 897 3895 mulierem
934 3853 1168 3908 nequam
1207 3839 1409 3894 bonum
1449 3845 1533 3894 est
1566 3836 1800 3908 signum.
1839 3856 1857 3889 ι

268 3932 406 3990 llaec
428 3941 516 3987 est
549 3929 748 3985 mulier
779 3928 893 3995 illa,
929 3943 1095 3999 quam
1141 3928 1198 3983 in
1250 3927 1354 3983 hoc
1388 3926 1526 3983 libro
1566 3926 1864 3999 saepissime

270 4031 565 4087 memorat,
596 4038 718 4094 qua:
738 4029 828 4077 est
866 4010 1159 4077 fornicaria
1186 4027 1245 4074 et
1271 4018 1518 4075 adultera
1541 4059 1555 4084 ,
1579 4033 1781 4089 procax
1811 4027 1867 4074 et

269 4121 425 4180 omni
439 4122 581 4176 bono
601 4118 906 4184 contraria;
936 4131 1101 4187 super
1112 4130 1275 4186 quam
1297 4115 1498 4171 bonum
1521 4122 1608 4168 est
1630 4113 1863 4184 signum,

270 4215 492 4284 signum
527 4210 713 4280 utique
733 4207 1013 4264 catholicae
1037 4206 1181 4271 fidei,
1205 4221 1304 4277 per
1322 4205 1466 4276 quod
1484 4219 1601 4274 ejus
1626 4205 1867 4276 pravitas

269 4302 600 4368 conteritur,
625 4308 684 4355 et
706 4299 956 4369 impietas
975 4304 1280 4369 superatur.

354 4414 380 4445 ι
415 4392 519 4449 Ubi
545 4405 739 4445 manus
768 4388 951 4443 multa:
978 4395 1123 4449 sunt,
1157 4385 1353 4442 claude
1383 4402 1401 4440 :
1427 4392 1484 4440 et
1508 4384 1867 4457 quodcunque

279 4504 302 4537 ι
342 4447 527 4539 trades
546 4522 563 4547 ,
594 4494 823 4535 numera
843 4518 858 4543 ,
886 4487 942 4533 et
967 4447 1232 4548 appende.
1265 4476 1458 4531 Datum
1482 4447 1611 4530 vero
1632 4483 1690 4530 et
1712 4447 1866 4530 acce-
1896 4447 1947 4507 D

280 4594 302 4626 ι
339 4582 493 4644 ptum
522 4583 683 4627 omne
712 4569 981 4626 describe.
1016 4588 1035 4621 ο
1080 4566 1196 4623 Non
1230 4568 1332 4623 hoc
1351 4566 1508 4622 docet
1529 4573 1588 4621 ut
1617 4567 1766 4637 parci
1796 4565 1868 4622 si-

273 4679 409 4720 mus
435 4662 696 4733 proximis
733 4660 935 4715 nostris
962 4659 1333 4731 indigentibus
1366 4658 1420 4712 in
1451 4657 1736 4713 tribuendo
1773 4673 1869 4713 nc-

271 4755 545 4819 cessaria,
592 4752 687 4808 sed
718 4752 893 4822 magis
934 4750 1163 4822 mystice
1191 4764 1292 4805 nos
1317 4749 1561 4817 instruit,
1589 4757 1648 4804 ut
1673 4750 1764 4804 ubi
1790 4750 1868 4805 di-

273 4861 459 4903 versm
498 4844 737 4900 existant
769 4841 1079 4899 voluntates
1123 4840 1387 4912 spiritalia
1431 4839 1582 4895 lucra
1624 4855 1868 4910 quaeren-

274 4941 423 4995 tium
445 4979 460 5001 ,
494 4937 568 4991 ibi
610 4941 768 4991 cauta
806 4932 882 4990 sit
906 4942 964 4991 et
995 4932 1219 5003 provida
1254 4932 1397 4987 ratio
1422 4929 1866 5001 dispensantium.

271 5030 392 5088 Alii
419 5029 567 5084 enim
595 5026 835 5084 tentandi
861 5066 877 5092 ,
905 5025 997 5081 alii
1026 5025 1264 5081 discendi
1295 5032 1450 5091 voto;
1479 5025 1548 5079 ab
1574 5039 1669 5079 ore
1692 5022 1874 5079 docto-

274 5123 365 5179 ris
389 5121 685 5190 exquirunt
706 5117 956 5182 verbum,
984 5118 1081 5170 sed
1106 5130 1210 5170 non
1241 5115 1423 5171 omnia
1448 5114 1700 5170 omnibus
1725 5129 1872 5170 com-

274 5210 554 5271 mittenda
573 5215 717 5266 sunt.
745 5206 888 5263 Dicit
912 5207 1057 5262 enim
1080 5206 1135 5261 in
1161 5204 1453 5276 Evangelia
1474 5206 1588 5277 ipsa
1610 5205 1825 5261 Veritas
1855 5220 1868 5259 :

285 5323 313 5356 ι
348 5300 529 5357 Nolite
548 5306 794 5355 sanctum
825 5297 954 5352 dare
985 5295 1232 5360 canibus,
1272 5308 1449 5365 neque
1476 5294 1705 5349 mittatis
1731 5308 1874 5348 mar-

275 5393 498 5467 garitas
518 5397 732 5446 vestras
752 5394 878 5443 ante
903 5400 1097 5457 porcos
1126 5384 1343 5456 (Matth.
1372 5384 1491 5455 vn).
1529 5403 1548 5436 ι
1580 5382 1874 5455 Diligenter

275 5482 440 5540 enim
495 5478 777 5536 attendere
819 5476 983 5532 debet
1034 5490 1205 5531 sacra:
1247 5475 1489 5546 pecuniae
1533 5474 1872 5539 distributor,

275 5569 426 5645 quid
452 5569 566 5635 det,
595 5576 652 5623 et
676 5567 763 5624 cui
792 5567 919 5631 det;
948 5574 1004 5620 et
1032 5565 1302 5635 quomodo
1341 5564 1629 5628 tribuatur,
1661 5572 1716 5619 et
1744 5579 1878 5634 quo-

272 5658 461 5722 modo
489 5659 804 5729 accipiatur.
839 5675 857 5708 ι
893 5656 1130 5725 Tempus
1169 5657 1316 5710 enim
1354 5664 1439 5711 est
1476 5654 1765 5723 unicuique
1798 5654 1875 5709 rei

694 5754 970 5813 ΡΑτιιοι.
1021 5750 1184 5813 CIX.

1964 3207 2414 3279 quemadmodum
2449 3207 2733 3262 conveniat
2779 3207 2860 3262 eis
2898 3209 3243 3275 conversari,
3283 3208 3357 3265 ita
3384 3217 3443 3264 ut
3481 3225 3551 3265 ex

1964 3300 2096 3370 ipsis
2122 3298 2333 3354 actibus
2359 3297 2467 3353 tuis
2503 3297 2865 3352 testimonium
2902 3298 3027 3354 vita:
3066 3305 3170 3353 tua:
3197 3297 3386 3355 iisdem
3413 3314 3549 3368 pne-

1966 3392 2117 3448 beas.

2041 3503 2059 3536 ι
2090 3482 2227 3539 Filia
2245 3482 2420 3553 patris
2448 3482 2762 3538 abscondita
2793 3490 2877 3536 est
2900 3521 2917 3547 ,
2948 3481 3131 3553 vigilia
3159 3490 3213 3537 et
3243 3481 3549 3539 sollicitudo

1971 3591 1989 3624 ι
2018 3573 2135 3641 ejus
2162 3570 2373 3627 auferet
2399 3586 2647 3625 somnum
2674 3610 2689 3636 ,
2730 3586 2799 3625 ne
2823 3570 2962 3625 forte
2990 3571 3044 3624 in
3064 3570 3425 3627 adolescentia
3453 3587 3551 3627 sua

1972 3682 1989 3714 ι
2024 3662 2267 3717 adultera
2289 3659 2574 3725 elliciatur,
2615 3667 2668 3715 et
2690 3668 3023 3715 commorata
3050 3675 3171 3716 cum
3194 3660 3312 3716 viro
3333 3662 3550 3719 odibilis

1972 3771 1990 3803 ι
2028 3750 2140 3806 llat.
2175 3748 2469 3818 Nequando
2493 3748 2762 3820 polluatur
2788 3747 2840 3802 in
2880 3747 3191 3819 virginitate
3229 3764 3354 3813 sua,
3398 3759 3454 3803 et
3493 3750 3547 3804 in

1973 3862 1993 3894 ι
2025 3842 2269 3915 paternis
2290 3842 2403 3897 suis
2423 3840 2645 3913 gravida
2677 3838 3009 3895 inveniatur:
3037 3855 3106 3895 ne
3131 3838 3270 3895 forte
3289 3856 3410 3895 cum
3435 3841 3551 3896 viro

1974 3955 1993 3988 ‹
2028 3942 2358 3990 commorata
2385 3929 2826 4003 transgrediatur,
2852 3938 2941 3986 aut
2960 3939 3111 3985 certe
3130 3930 3331 3985 sterilis
3351 3929 3552 3986 cilicia-

1975 4043 1992 4076 ι
2031 4032 2138 4079 tur.
2179 4041 2199 4075 ι
2230 4022 2397 4078 Docet
2433 4019 2787 4089 historialiter
2824 4028 3082 4090 parentes
3121 4028 3181 4075 ut
3209 4019 3407 4076 sobolis
3436 4035 3548 4075 sua:

1969 4129 2152 4170 curam
2179 4120 2571 4182 competentem
2593 4117 2805 4184 gerant,
2845 4124 2968 4166 cum
2993 4110 3269 4182 disciplina
3298 4126 3417 4166 eam
3450 4127 3551 4165 nu-

1971 4206 2139 4261 triant
2161 4244 2177 4269 ,
2208 4219 2279 4259 ne
2311 4203 2451 4258 forte
2476 4202 2532 4257 in
2555 4209 2741 4258 tenera
2766 4210 2924 4257 actate
2950 4199 3194 4256 lasciviat
3226 4211 3282 4256 et
3310 4200 3551 4256 luxurie-

1973 4303 2093 4361 tur,
2133 4293 2445 4366 polluatque
2482 4307 2541 4350 se
2573 4293 2795 4349 libidine
2829 4300 2993 4363 atque
3021 4292 3290 4348 illecebris
3308 4293 3554 4363 volupta-

1973 4393 2109 4450 tum,
2132 4383 2274 4439 unde
2298 4383 2636 4454 postmodum
2675 4382 2797 4437 aliis
2831 4381 3044 4440 ollibilis
3085 4380 3199 4436 llat.
3244 4382 3322 4439 De
3363 4399 3470 4454 quo
3499 4393 3555 4438 et

1975 4473 2224 4543 superius
2249 4472 2533 4545 diligenter
2561 4471 2878 4543 disputavit,
2914 4480 2969 4528 et
2996 4473 3250 4544 praecepit
3275 4475 3552 4539 nutritori,

1975 4568 2163 4623 dicens
2188 4585 2200 4622 :
2237 4585 2254 4619 ι
2292 4566 2369 4621 Ne
2401 4566 2496 4622 des
2523 4573 2843 4637 potestatem
2870 4564 2978 4620 lilio
3002 4565 3055 4620 in
3073 4563 3376 4634 juventute,
3407 4577 3462 4623 et
3487 4584 3558 4622 ne

1975 4657 2242 4728 despicias
2260 4655 2528 4727 cogitatus
2560 4655 2723 4711 illius.
2752 4653 2928 4710 Curva
2957 4655 3224 4711 cervicem
3248 4654 3365 4724 ejus
3391 4657 3445 4711 in
3473 4657 3556 4725 ju-

1973 4756 2215 4814 ventute,
2245 4756 2301 4803 et
2324 4747 2491 4802 tunde
2517 4745 2687 4802 latera
2715 4746 2879 4809 illius.
2909 4746 3035 4801 dum
3057 4745 3234 4803 infans
3253 4755 3335 4803 est
3361 4765 3376 4802 :
3408 4765 3475 4805 ne
3503 4751 3557 4805 in

1975 4838 2302 4909 turpitudine
2328 4837 2470 4892 illius
2502 4835 2870 4902 confundaris,
2901 4845 2957 4892 et
2982 4836 3222 4893 dolorem
3244 4841 3439 4896 anima:
3468 4843 3560 4897 ba-

1973 4930 2105 4985 beas
2130 4928 2421 4983 maximum
2449 4926 2637 5001 (Eccli.
2668 4926 2818 4997 xxx).
2845 4947 2863 4979 ι
2890 4926 3218 4998 Spiritaliter
3238 4939 3419 4986 autem
3451 4931 3557 4986 (ilia

1974 5022 2144 5092 patris
2184 5029 2268 5075 est
2297 5020 2476 5078 anima
2516 5018 2686 5074 ﬁdelis
2713 5018 2851 5083 viri,
2890 5018 2974 5073 vel
3013 5017 3250 5074 Ecclesia
3287 5021 3560 5076 credentis

1972 5112 2176 5185 populi,
2200 5110 2410 5170 doctori
2444 5118 2668 5166 strenuo
2708 5109 3121 5176 commendata;
3164 5109 3259 5180 qui
3300 5109 3559 5165 sollicitu-

1975 5204 2154 5261 dinem
2181 5202 2324 5258 illius
2345 5215 2557 5272 gerens,
2592 5200 2817 5274 pervigil
2847 5208 2932 5256 est
2954 5240 2969 5267 ,
3008 5212 3064 5257 et
3092 5217 3257 5274 sagax
3300 5201 3354 5255 in
3386 5198 3559 5255 omni-

1976 5295 2098 5359 bus,
2127 5308 2195 5349 ne
2217 5292 2355 5348 forte
2381 5291 2506 5347 dum
2533 5292 2684 5347 rudis
2705 5291 2883 5348 adhuc
2905 5298 2987 5345 est
3016 5290 3070 5345 in
3092 5290 3197 5345 llde
3220 5297 3277 5344 et
3299 5288 3521 5343 scientia
3539 5279 3573 5351 ,’

1978 5383 2220 5439 adultera
2258 5380 2521 5438 efficiatur
2557 5382 2936 5437 haereticorum
2976 5378 3213 5435 versutia
3261 5396 3273 5431 :
3324 5393 3423 5447 pro
3451 5394 3557 5446 qtm

1978 5474 2192 5532 odibilis
2242 5473 2336 5528 ﬁat
2376 5475 2495 5528 viro
2532 5487 2629 5528 suo
2668 5472 2933 5543 legitimo,
2962 5469 3045 5524 cui
3079 5469 3402 5538 desponsata
3435 5469 3556 5532 fuit,

1971 5566 2126 5635 juxta
2155 5564 2284 5620 illud
2314 5561 2555 5634 Apostoli
2586 5580 2599 5616 :
2636 5580 2655 5614 α
2691 5559 2941 5616 λΕωυιοιο
2964 5557 3106 5614 enim
3138 5571 3234 5612 vos
3268 5554 3361 5611 Dei
3388 5573 3558 5611 annu-

1981 5656 2199 5712 latione.
2230 5652 2499 5724 Despondi
2525 5651 2666 5707 enim
2690 5665 2785 5705 vos
2807 5649 2896 5703 uni
2923 5648 3038 5702 viro
3062 5645 3325 5717 virginem
3350 5657 3556 5703 castam

3083 5736 3159 5797 3's
