3902 6162
406 299 538 354 illm

1061 292 1120 343 Β.
1164 288 1415 343 ΠΑΒΑΝΙ
1458 286 1672 339 ΜΑιίιι
1717 283 2032 338 Αὶῖωέιῖὶῐ).
2082 283 2388 338 ΜΟιἹΓΝΤ.
2433 280 2715 337 ΟΡΣΞΒΙΞΜ
2753 280 2932 339 PARS
2971 279 3008 336 Ι.

3542 280 3693 338 1⁸068

399 415 651 468 exhibere
688 408 902 466 Christo
944 404 1039 473 (II
1071 401 1194 455 Cor.
1229 419 1279 455 χι
1304 403 1321 471 )
1349 419 1361 463 ;
1401 422 1417 452 ›
1449 417 1522 453 ne
1555 402 1653 453 sub
1690 398 1977 452 uutrimiuc
2008 399 2054 459 Α
2087 397 2364 448 ﬁrmorum
2386 435 2399 458 ,
2431 395 2645 448 occasio
2681 394 2907 461 peccati.
2939 391 3066 446 [hec
3097 390 3291 445 mulier
3310 388 3599 449 confundit
3627 393 3692 448 in

403 501 643 575 magistri
678 498 986 559 constituta,
1024 509 1210 548 errore.
1242 492 1545 547 inveniatur
1581 486 1820 560 gravida,
1853 496 1906 540 et
1932 486 1984 540 in

403 597 561 650 domo
602 590 702 645 viri
749 601 1114 651 commorans,
1154 582 1581 652 transgrcdiatur
1626 579 1795 649 legem
1847 576 1985 643 ejus,

406 687 543 742 unde
573 686 624 740 in
655 682 811 738 bonis
839 680 1091 750 operibus
1115 676 1377 732 elliciatur
1399 674 1627 738 sterilis,
1665 687 1762 726 nec
1791 670 1840 726 ei
1870 685 1985 725 me-

404 782 507 833 rito
535 779 714 832 dicere
741 774 947 845 possit:
984 790 1001 821 ‹
1036 769 1157 825 Filii
1188 769 1261 824 tui
1296 768 1435 822 sicut
1475 765 1696 821 novelke
1724 764 1987 820 olivarum

406 872 456 923 iu
484 868 711 923 circuitu
744 880 943 919 mens'c
977 871 1099 916 tum.
1129 860 1195 915 Et
1226 860 1410 913 videas
1438 858 1575 912 ﬁlios
1603 857 1835 911 ﬁliorum
1868 862 1987 909 tuo-

405 978 545 1018 rum.
576 974 763 1025 pacem
793 971 953 1025 super
979 954 1142 1009 Israel
1179 951 1350 1021 (Psal.
1384 949 1609 1021 cxxvu).
1650 971 1667 1001 ο

484 1069 501 1098 α
534 1048 708 1119 Super
753 1045 919 1100 titiam
964 1044 1295 1098 luxuriosam
1347 1041 1603 1094 conﬁrma
1649 1038 1947 1094 custodiam
1974 1077 1988 1102 ,

414 1161 432 1192 ε
471 1140 761 1211 nequando
782 1137 945 1192 faciat
974 1143 1025 1191 te
1062 1135 1115 1188 in
1143 1133 1487 1203 opprobrium
1511 1131 1695 1186 venire
1737 1128 1987 1184 inimicis.

415 1253 430 1280 ι
460 1234 505 1285 Α
548 1229 881 1283 detractione
926 1227 979 1280 in
1022 1224 1239 1279 civitate
1264 1232 1319 1278 et
1365 1221 1667 1293 abjectionc
1703 1220 1892 1291 plebis,
1936 1226 1993 1274 et

414 1343 430 1371 σ
466 1320 757 1377 confundat
786 1325 836 1373 te
860 1317 913 1372 in
943 1314 1281 1371 multitudine
1309 1313 1509 1385 populi.
1547 1333 1563 1364 ι
1593 1311 1831 1368 Persona
1862 1324 1993 1379 ergo

408 1412 681 1465 luxuriosa
706 1407 1014 1477 diligentem
1040 1404 1283 1476 magistri
1305 1402 1499 1475 quaerit
1520 1401 1842 1462 custodiam,
1866 1400 1991 1470 quia

408 1503 450 1555 si
470 1500 757 1555 dimittitur
776 1497 1034 1551 voluntati
1058 1511 1188 1561 sum,
1214 1493 1495 1550 confundit
1516 1492 1789 1547 doctorem
1812 1504 1987 1544 suum.

409 1593 465 1647 lu
508 1590 851 1646 multitudine
893 1582 1073 1660 populi
1120 1586 1267 1643 illum
1312 1585 1634 1641 erubescere
1662 1582 1825 1644 facit,
1870 1597 1991 1637 cum

409 1684 553 1738 domi
605 1678 839 1752 forisque
887 1679 1058 1750 turpis
1102 1686 1157 1734 et
1204 1675 1406 1732 inutilis
1448 1677 1767 1738 inveniatur,
1819 1674 1994 1728 detra-

411 1774 573 1829 ctioni
609 1786 829 1835 vacans,
861 1780 915 1825 et
940 1768 1097 1841 vulgo
1128 1766 1444 1839 ignobilium
1474 1764 1847 1837 ignominiosis
1870 1763 2003 1818 acti—
2032 1756 2080 1813 Β

412 1871 514 1923 bus
538 1880 596 1921 se
632 1862 961 1920 immiscens.
1006 1860 1159 1916 Unde
1191 1859 1450 1929 scriptum
1479 1866 1563 1912 cst
1599 1876 1610 1910 :
1662 1876 1679 1907 ι
1719 1856 1887 1911 Natus
1918 1863 1999 1910 est

411 1954 607 2009 stultus
638 1953 690 2007 in
724 1949 1072 2022 ignominiam
1101 1965 1285 2015 suam;
1326 1949 1419 2003 sed
1457 1962 1558 2003 nec
1594 1957 1746 2018 pater
1770 1948 1820 2002 in
1851 1946 1999 2001 fatuo

413 2043 716 2107 hetabitur,
754 2041 940 2111 iraque
972 2042 1143 2109 patris
1183 2048 1295 2102 est,
1330 2036 1470 2095 ﬁlius
1493 2038 1688 2093 stultus
1713 2080 1727 2102 ,
1764 2048 1819 2092 et
1849 2036 1999 2091 dolor

413 2132 603 2187 matris
630 2144 747 2200 qua:
777 2129 958 2197 genuit
987 2145 1129 2182 eum.
1174 2148 1192 2179 ι
1237 2127 1279 2182 E
1310 2127 1582 2181 contrario
1615 2142 1741 2181 vero
1764 2127 2000 2181 exsultat

414 2224 608 2298 gaudio
629 2219 952 2292 patcrjusti,
983 2221 1073 2291 qui
1102 2220 1397 2291 sapientem
1425 2217 1631 2287 genuit,
1653 2227 1706 2271 et
1729 2218 2001 2275 Ιςῑιιτιιήιυι·

414 2318 466 2369 in
494 2331 578 2369 eo.
700 2318 703 2321 ’

492 2424 509 2452 ο
551 2404 707 2460 Omni
742 2403 945 2458 homini
972 2400 1079 2456 noli
1111 2400 1391 2457 intendere
1425 2401 1478 2456 in
1503 2401 1701 2470 specie,
1727 2410 1781 2456 et
1808 2402 1859 2456 in
1888 2416 2001 2454 me-

420 2516 436 2545 ι
474 2494 560 2548 dio
582 2494 866 2549 mulierum
895 2492 1003 2546 noli
1027 2489 1373 2546 commorari.
1401 2489 1477 2547 De
1498 2492 1836 2546 veStimentis
1856 2492 2000 2545 enim

421 2605 437 2633 ς
473 2579 717 2654 procedit
761 2582 925 2648 tinea,
982 2591 1036 2636 et
1082 2597 1114 2635 a
1160 2580 1385 2637 muliere
1426 2581 1685 2652 iniquitas
1711 2582 1832 2637 viri.
1868 2603 1886 2634 ι
1917 2582 2002 2636 ln-

417 2676 580 2729 struit
605 2691 704 2729 nos
731 2672 1005 2745 Sapientia
1032 2674 1304 2744 quomodo
1326 2674 1614 2746 puritatem
1642 2668 1821 2733 cordis
1839 2683 1899 2731 et
1917 2691 2002 2729 ca-

417 2765 658 2819 stitatem
697 2764 938 2834 corporis
976 2779 1195 2819 servare
1237 2764 1511 2836 possimus
1540 2806 1556 2829 ,
1593 2765 1777 2835 utique
1807 2776 1865 2820 ut
1896 2781 2000 2821 non

418 2857 698 2912 libidinosa
727 2862 903 2910 mente
935 2855 1276 2910 attendamus
1308 2856 1363 2909 in
1397 2853 1588 2911 faciem
1634 2855 1846 2911 lasciva:
1874 2871 2001 2925 per—

417 2960 563 3001 some
589 2987 603 3010 ,
643 2955 696 3001 et
726 2960 754 2999 a
785 2945 1041 3000 societate
1088 2945 1376 3000 mulierum
1419 2960 1731 3016 separemus
1759 2946 2002 3017 corporis

418 3038 589 3093 nostri
617 3038 801 3092 situm.
836 3030 982 3091 Sicut
1008 3037 1150 3091 enim
1183 3038 1328 3092 tinea
1361 3036 1449 3091 diu
1484 3053 1591 3091 uno
1618 3035 1738 3093 loco
1762 3052 2002 3093 commo-

2090 485 2437 556 opprobrium
2464 526 2476 549 ,
2519 485 2644 554 quia
2685 485 2771 539 hic
2811 499 2897 537 res
2928 482 3245 538 confusione
3273 482 3462 553 dignas
3486 498 3695 555 gerens

2089 593 2189 647 pro
2215 556 2333 632 hoc‘
2346 570 2699 647 opprobrium
2727 573 3017 637 sustinebit
3049 572 3101 626 in
3123 580 3411 627 aeternum.

2166 684 2185 717 ς
2220 665 2426 722 Memor
2455 681 2550 723 ero
2578 666 2742 737 igitur
2780 679 3005 735 operum
3051 664 3288 729 Domini,
3325 673 3380 720 et
3412 680 3534 735 qua:
3573 664 3697 723 vidi

2096 782 2115 810 ι
2150 758 2484 814 annuntiabo
2524 776 2537 812 :
2574 758 2628 812 in
2659 757 3007 813 sermonibus
3044 757 3255 813 Domini
3285 773 3450 827 opera
3479 759 3622 830 ejus.
3666 780 3695 815 ο

2093 850 2365 906 Hactenus
2410 849 2641 918 scriptor
2682 848 2925 903 historiae
2979 848 3046 902 de
3099 849 3266 903 variis
3308 849 3470 906 rebus
3494 850 3698 919 dispa-

2094 944 2248 1009 tavit,
2285 949 2339 998 et
2381 940 2741 996 moralitatem
2782 940 3113 1011 singulorum
3137 980 3153 1004 ,
3195 941 3491 996 secundum
3541 944 3701 1011 quod

2094 1034 2196 1089 sibi
2223 1040 2585 1104 opportunum
2616 1031 2902 1087 videbatur
2932 1030 3279 1096 describens,
3312 1034 3496 1089 varias
3516 1032 3697 1089 virtu-

2095 1132 2208 1179 tum
2231 1133 2287 1179 et
2308 1124 2564 1180 vitiorum
2591 1122 2802 1193 species
2836 1123 3133 1192 expressit;
3169 1139 3313 1179 nunc
3334 1137 3465 1179 vero
3484 1124 3541 1179 in
3568 1124 3696 1179 lan-

2094 1214 2214 1269 dem
2256 1213 2558 1279 creatoris,
2610 1221 2662 1267 et
2706 1213 2771 1267 ad
2821 1213 3258 1283 medicationem
3312 1226 3541 1284 operum
3572 1212 3701 1282 ejus

2096 1321 2398 1362 sermonem
2429 1306 2717 1361 convertit.
2760 1305 2829 1360 Et
2871 1313 2995 1374 post
3034 1306 3150 1360 haec
3188 1313 3403 1375 patrum
3446 1306 3698 1376 priorum

2096 1398 2413 1455 memoriam
2461 1397 2667 1454 faciens
2717 1398 2930 1454 illorum
2976 1397 3138 1454 fortia
3184 1397 3327 1452 facta
3370 1400 3635 1453 describit
3680 1416 3695 1450 :

2102 1511 2121 1542 α
2149 1491 2206 1545 ln
2232 1490 2610 1555 sermonibus,
2651 1490 2862 1561 inquit,
2896 1490 3109 1545 Domini
3146 1505 3311 1560 opera
3349 1490 3469 1560 ejus
3507 1508 3522 1542 :
3566 1491 3704 1558 quia

2098 1581 2213 1651 ipse
2240 1580 2406 1646 dixit,
2452 1590 2509 1636 et
2534 1580 2675 1636 facta
2698 1589 2826 1637 sunt
2865 1601 2877 1636 :
2919 1582 3033 1650 ipse
3068 1582 3378 1646 mandavit,
3410 1591 3464 1637 et
3505 1592 3703 1637 creata

2099 1671 2269 1745 sunt(
2300 1671 2451 1727 Psal.
2482 1672 2679 1744 xxx").
2713 1693 2728 1725 ι

2185 1784 2201 1815 ε
2253 1763 2345 1819 Sol
2371 1764 2679 1821 illuminans
2698 1780 2794 1834 per
2825 1766 3004 1820 omnia
3036 1766 3295 1835 respexit,
3321 1774 3375 1821 et
3392 1766 3565 1836 gloria
3592 1768 3708 1823 Do-

2108 1876 2123 1905 ι
2164 1857 2292 1911 mini
2332 1856 2547 1928 plenum
2597 1866 2682 1913 est
2729 1872 2865 1927 opus
2887 1856 3024 1925 «sius.
3063 1879 3081 1907 ι
3119 1857 3299 1913 Solem
3333 1859 3574 1929 appellat
3605 1861 3705 1915 hic

2104 1946 2385 2002 Dominum
2419 1947 2719 2013 Christum,
2757 1948 2849 2016 qui
2889 1956 2945 2000 et
2984 1947 3165 2001 lumen
3189 1948 3474 2016 sapientia:
3499 1949 3709 2005 divina

2100 2046 2218 2101 est,
2272 2046 2327 2091 et
2380 2036 2633 2107 splendor
2672 2038 2918 2107 jnstitim.
2965 2036 3041 2091 De
3089 2052 3198 2106 quo
3249 2036 3375 2091 alibi
3430 2037 3632 2109 legitur
3685 2057 3702 2091 :

2106 2147 2122 2177 ι
2153 2125 2369 2182 Orietur
2390 2127 2545 2183 vobis
2575 2126 2888 2182 timentibus
2911 2143 3105 2185 nomen
3135 2142 3315 2182 meum
3334 2127 3416 2182 sol
3437 2129 3691 2198 justitizc,

2106 2235 2123 2267 ι
2159 2225 2212 2271 ct
2244 2217 2450 2272 sanitas
2478 2217 2530 2270 in
2554 2218 2744 2286 pennis
2773 2217 2892 2287 ejus
2921 2216 3094 2289 (Mal.
3135 2232 3188 2271 IV
3213 2216 3254 2283 ).
3294 2237 3313 2267 ι
3350 2217 3469 2287 ipse
3491 2227 3583 2272 est
3608 2218 3702 2273 lux

2103 2325 2260 2372 vera,
2303 2324 2424 2378 qua:
2467 2308 2735 2365 illuminat
2752 2323 2966 2366 omnem
2997 2308 3271 2364 hominem
3293 2310 3603 2365 venientem
3646 2311 3704 2364 in

2103 2403 2245 2457 hunc
2274 2401 2532 2457 mundum
2563 2399 2751 2472 (locu.
2784 2400 2837 2473 ι)
2871 2421 2883 2455 :
2922 2422 2939 2453 ι
2968 2409 3027 2456 et
3047 2402 3546 2473 omnia-compicit,
3567 2404 3699 2474 quia

2108 2510 2123 2540 ι
2163 2506 2266 2549 non
2328 2499 2411 2547 est
2461 2491 2567 2545 ulla
2625 2498 2874 2547 creatura
2934 2492 3221 2547 invisibilis
3284 2494 3339 2547 in
3404 2504 3704 2564 «aspectu

2101 2581 2218 2649 ejus
2251 2580 2436 2653 (Hebr.
2488 2582 2584 2652 iv).
2621 2600 2642 2632 ›
2686 2580 2869 2637 Gloria
2907 2581 3054 2637 enim
3095 2581 3310 2637 Domini
3354 2582 3581 2652 pinum
3618 2595 3707 2638 est

2101 2686 2237 2739 opus
2262 2669 2409 2737 ejus,
2445 2671 2699 2745 quoniam
2725 2671 2986 2741 sapientia
3017 2670 3135 2739 ejus
3180 2671 3327 2727 lucet
3352 2672 3411 2726 in
3437 2670 3705 2744 factisip-

2102 2762 2235 2816 sius.
2268 2759 2421 2815 Unde
2454 2776 2552 2830 per
2572 2761 2902 2832 Prophetam
2936 2762 3139 2817 dicitur
3170 2780 3182 2815 :
3216 2781 3237 2814 ι
3275 2761 3450 2829 Quam
3484 2765 3704 2835 mgni-

2103 2850 2259 2905 licata
2309 2858 2432 2906 sunt
2471 2866 2636 2922 opera
2680 2860 2792 2917 tua,
2822 2852 3080 2909 Domine!
3121 2853 3306 2909 oninia
3338 2854 3392 2908 in
3436 2855 3705 2925 sapientia

2102 2938 2278 2994 fecisti
2308 2937 2479 3012 (Psal.
2503 2956 2591 3006 xc,
2616 2941 2755 3012 cm).
2795 2961 2813 2994 ι

2730 3033 2956 3092 CAPUT
2998 3034 3080 3089 \‘l.

418 3146 543 3185 rans
588 3124 826 3184 ‘corrodit
876 3129 1280 3194 vestimentum,
1332 3126 1406 3181 ita
1458 3127 1758 3183 libidinosa:
1804 3128 2005 3183 mentis
2030 3102 2078 3167 (ἶ
2110 3121 2383 3196 Sapientia
2432 3124 2763 3206 narratiper
2795 3141 2954 3206 quam
2994 3125 3353 3206 opiniojacta
3391 3126 3538 3199 aut)
3563 3128 3701 3199 quod

418 3226 671 3279 diuturna
706 3222 963 3294 cogitatio
1000 3238 1028 3276 a
1066 3238 1165 3277 suo
1194 3223 1376 3293 vigore
1406 3219 1717 3279 mollescere
1742 3222 1875 3280 facit
1901 3226 2001 3280 bo-

418 3313 580 3366 mlnis
610 3310 882 3381 spiritum.
914 3308 1068 3365 Unde
1094 3310 1312 3381 quidam
1341 3308 1619 3382 eleganter
1644 3311 1721 3366 ait
1750 3331 1760 3364 :
1798 3333 1815 3363 ε
1856 3313 2005 3367 Peri-

422 3402 600 3455 r-ulose
630 3401 724 3455 tibi
756 3399 1056 3464 ministrat,
1095 3399 1249 3470 cujus
1269 3399 1475 3455 vultum
1502 3400 1812 3469 frequenter
1830 3410 1996 3457 atten-

421 3495 521 3546 dis.
557 3512 573 3542 ›
606 3491 736 3545 Nam
761 3490 1016 3561 impudici
1045 3489 1183 3546 oculi
1210 3506 1313 3545 non
1334 3499 1531 3545 norunt
1559 3492 1751 3546 animae
1772 3491 2006 3562 pulchri-

425 3584 662 3639 tudinem
690 3581 1053 3643 considerare,
1088 3583 1183 3636 sed
1215 3597 1522 3652 corporum.

498 3695 515 3719 ς
551 3673 735 3727 Melior
776 3680 857 3727 est
892 3671 1148 3741 iniquitas
1188 3671 1286 3725 viri
1312 3687 1471 3742 quam
1506 3672 1848 3729 benefacieus
1888 3689 2006 3728 mu—

428 3784 446 3814 ι
482 3763 601 3827 licr,
630 3770 682 3818 ct
707 3762 899 3816 mulier
924 3761 1257 3818 confundens
1289 3763 1339 3816 in
1364 3763 1733 3834 opprobrium.
1770 3785 1787 3816 ι
1824 3764 1877 3819 In
1909 3780 2007 3819 sa-

420 3864 515 3907 cro
536 3854 750 3923 eloquio
782 3851 977 3905 mulier
999 3861 1090 3905 aut
1113 3868 1211 3923 pro
1234 3868 1364 3907 sexu
1387 3855 1605 3924 ponitur
1626 3896 1641 3921 ,
1670 3863 1763 3909 aut
1790 3870 1890 3924 pro
1921 3856 2005 3909 in-

423 3943 677 3997 ﬁrmitate
722 3962 732 3996 :
777 3958 875 4014 pro
924 3958 1054 3997 sexu
1093 3934 1330 4013 quippe,
1370 3944 1507 3998 sicut
1556 3945 1819 4014 scriptum
1872 3955 2001 4001 est:

429 4053 448 4083 v
486 4032 627 4087 Misit
661 4034 801 4089 Deus
833 4030 1029 4086 Filium
1070 4049 1224 4087 suum
1253 4074 1268 4099 ,
1301 4030 1501 4089 factum
1537 4051 1602 4089 ex
1638 4036 1882 4100 muliere,
1927 4036 2007 4090 fa-

421 4134 568 4179 ctum
597 4127 696 4180 sub
724 4126 839 4196 lege
871 4122 1013 4196 (Gal.
1052 4125 1159 4196 tv);
1201 4144 1219 4177 ι
1246 4140 1344 4197 pro
1374 4126 1687 4182 inﬁrmitate
1717 4142 1862 4190 vero,
1900 4128 2004 4183 sic-

423 4226 482 4270 ut
528 4217 579 4270 in
606 4215 704 4271 Job
742 4216 937 4286 legitur
977 4234 988 4270 :
1025 4235 1042 4265 ι
1078 4214 1251 4270 llomo
1292 4224 1448 4271 natus
1472 4217 1538 4272 de
1564 4217 1788 4273 muliere
1814 4258 1829 4285 ,
1858 4219 2008 4275 brevi

423 4311 609 4364 vivens
636 4316 877 4378 tempore
909 4304 1067 4379 (Job.
1099 4306 1202 4379 iv).
1243 4327 1260 4359 ›
1298 4306 1365 4361 Εῑ
1389 4308 1477 4363 hic
1503 4322 1600 4377 per
1625 4310 1767 4364 hunc
1796 4312 2007 4381 sapien-

424 4413 528 4455 tem
551 4399 767 4453 dicitur.
800 4419 815 4447 ι
848 4396 1036 4451 Melior
1059 4405 1141 4451 cst
1168 4397 1424 4469 iniquitas
1454 4397 1578 4465 viri,
1601 4414 1763 4468 quam
1787 4399 2007 4456 benefa-

2395 3195 2563 3249 sancti
2589 3194 2684 3249 viri
2716 3194 2928 3250 narrent
2966 3194 3233 3251 mirabilia
3258 3195 3399 3267 ejus.

2186 3325 2206 3360 ί
2250 3306 2438 3363 Nonne
2484 3305 2744 3363 Dominus
2783 3308 2913 3364 fecit
2952 3319 3171 3364 sanctos
3212 3325 3480 3367 enarrare
3520 3312 3701 3367 mia

2114 3416 2131 3447 ε
2168 3394 2437 3451 mirabilia
2485 3410 2622 3461 sua,
2665 3410 2786 3466 qua
2825 3396 3167 3452 conﬁrmavit
3218 3399 3481 3455 Dominus
3535 3403 3702 3456 stabi-

2115 3505 2132 3538 ‹
2172 3486 2255 3542 liri
2286 3487 2342 3541 in
2374 3485 2543 3558 gloria
2565 3487 2705 3542 sua?
2743 3506 2763 3539 ι
2792 3486 3073 3554 Quomddo
3090 3489 3269 3544 sancti
3301 3499 3563 3546 enarunt
3588 3505 3702 3545 (III-

2109 3576 2198 3630 nia
2224 3576 2493 3631 mirabilia
2522 3575 2639 3643 Dei,
2663 3590 2787 3630 cum
2812 3576 2989 3632 nullus
3012 3578 3083 3633 sit
3102 3579 3389 3648 quipossit
3408 3588 3703 3649 penetrare

2108 3666 2430 3735 sapientiam
2456 3666 2587 3722 Dei?
2622 3686 2640 3718 ι
2680 3665 3250 3737 lncomprebensibilia
3286 3671 3434 3725 enim
3464 3681 3592 3726 sunt
3610 3672 3697 3740 ja-

2108 3757 2247 3812 dicia
2267 3756 2403 3825 ejus,
2431 3766 2485 3812 et
2514 3758 2911 3829 investigabiles
2935 3759 3036 3814 via:
3064 3757 3181 3827 ejus
3204 3759 3379 3830 (Rom.
3405 3764 3506 3833 xi).
3540 3781 3561 3812 ι
3595 3762 3701 3817 Sed

2108 3847 2291 3901 omnia
2332 3847 2596 3903 mirabilia
2627 3847 2746 3917 (ius
2770 3889 2787 3915 ,
2816 3864 2939 3918 qum
2976 3850 3239 3918 agnitioni
3277 3852 3561 3907 hominum
3607 3868 3703 3923 pa-

2110 3943 2246 4001 tent,
2274 3951 2373 4006 per
2398 3946 2616 3995 sanctos
2640 3937 2760 4007 ejus
2787 3938 2943 3994 nobis
2975 3940 3212 3996 revelata
3238 3952 3368 3997 sunt
3392 3961 3406 3995 :
3428 3958 3554 4014 qua:
3580 3959 3702 3998 om-

2108 4026 2361 4097 nipotens
2388 4024 2536 4084 Deus
2558 4027 2767 4084 stabilis
2798 4029 2852 4085 in
2881 4029 3053 4101 gloria
3079 4044 3177 4087 sua
3196 4073 3211 4097 ,
3235 4042 3293 4087 et
3321 4047 3539 4104 semper
3560 4034 3701 4089 idem

2110 4133 2358 4184 manens,
2391 4121 2605 4189 quando
2635 4120 2842 4187 voluit,
2879 4130 2934 4176 et
2958 4123 3232 4192 quomodo
3258 4123 3429 4178 voluit
3450 4165 3465 4188 ,
3490 4123 3698 4179 ωηιξη

2108 4213 2184 4266 vit
2211 4252 2225 4278 ,
2264 4220 2321 4266 et
2364 4212 2723 4271 continuavit.
2754 4212 2889 4268 Huic
2915 4214 3091 4270 simile
3125 4222 3211 4271 est
3238 4215 3369 4272 illud
3388 4217 3534 4288 quod
3560 4215 3699 4271 Pre—

2109 4301 2270 4371 pheta
2309 4302 2362 4356 in
2392 4300 2615 4373 psalmis
2658 4303 2734 4357 ait
2770 4322 2781 4356 :
2836 4321 2854 4354 ‹
2891 4304 2949 4358 In
2993 4304 3152 4361 labiis
3184 4306 3321 4361 meis
3353 4308 3700 4376 pronuntiavi

2113 4394 2297 4449 omnia
2328 4391 2532 4461 judicia
2554 4393 2666 4448 oris
2695 4393 2770 4448 tui
2799 4390 2973 4464 (Paul.
3012 4394 3225 4466 cxvtu).
3263 4415 3284 4447 ι
3326 4397 3517 4453 Omnia
3552 4399 3701 4453 enim

422 4494 569 4545 ciens
596 4490 809 4544 mulier.
850 4508 868 4539 ι
896 4484 992 4542 Vir
1020 4488 1221 4542 etenim
1259 4459 1412 4543 l'ortis
1450 4459 1677 4559 qtlilibet
1706 4502 1760 4545 et
1804 4492 2007 4547 discre-
2033 4459 2085 4520 Β
2108 4459 2624 4556 ,ἱυάὶοἰθήείεηίῧεδί
2648 4524 2664 4550 ν
2700 4459 2818 4556 quae
2861 4487 3063 4558 scripta
3102 4459 3196 4542 τοι.
3231 4489 3374 4544 ὀίεαι
3400 4500 3545 4545 sunt.
3583 4490 3699 4545 ab

426 4593 509 4637 tus
547 4590 768 4635 vocatur
810 4595 824 4633 :
856 4578 1050 4632 mulier
1094 4593 1225 4632 vero
1258 4593 1409 4633 mens
1458 4580 1691 4646 inﬁrma,
1728 4582 1807 4635 vel
1844 4582 2008 4638 indis-

421 4686 570 4729 creta
615 4674 891 4743 accipitur.
926 4670 991 4725 Et
1015 4685 1155 4740 saepe
1178 4671 1441 4741 contingit
1468 4681 1528 4726 ut
1552 4674 1715 4727 etiam
1743 4674 2010 4732 discretus

423 4768 650 4837 quisque
677 4767 853 4822 subito
885 4763 1096 4820 labatur
1120 4764 1174 4818 in
1203 4764 1411 4833 culpam
1438 4805 1452 4829 ,
1490 4773 1651 4834 atque
1688 4766 2010 4823 indiscretus

425 4859 561 4912 alius
588 4867 640 4909 et
682 4856 926 4909 inﬁrmus
968 4854 1163 4909 bonam
1199 4848 1452 4909 exhibeat
1476 4856 1883 4923 operationem;
1915 4857 2010 4911 sed

426 4946 473 5000 is
515 4946 605 5013 qui
642 4944 966 4999 indiscretus
998 4953 1162 5015 atque
1194 4942 1439 4997 inﬁrmus
1466 4951 1551 4999 est
1574 4984 1588 5008 ,
1618 4960 2003 5015 nonnunquam

426 5036 492 5089 de
517 5046 582 5087 eo
612 5034 752 5101 quod
783 5035 916 5087 bene
947 5032 1118 5102 egerit
1147 5031 1375 5105 amplius
1398 5030 1639 5087 elevatur
1660 5074 1674 5098 ,
1696 5043 1858 5105 atque
1883 5050 2006 5103 gra-

425 5126 547 5179 vius
576 5122 628 5176 in
657 5121 865 5190 culpam
894 5122 1056 5175 cadit.
1089 5120 1366 5175 Disc’retus
1392 5136 1522 5177 vero
1552 5123 1811 5193 quisque,
1839 5126 2003 5180 etiam

424 5236 487 5272 ex
522 5232 586 5271 eo
616 5212 758 5285 quod
797 5210 933 5265 male
965 5227 1022 5265 se
1049 5212 1221 5280 egisse
1252 5212 1533 5284 intelligit,
1570 5214 1637 5267 ad
1665 5214 2007 5273 discretionis

426 5302 676 5380 regulam
698 5303 900 5360 arctius
929 5302 1135 5358 reducit
1164 5344 1178 5370 ,
1216 5313 1273 5358 et
1309 5302 1437 5360 inde
1465 5306 1627 5361 altius
1651 5309 1717 5363 ad
1736 5308 2007 5378 justitiam

426 5402 638 5472 proﬁcit
664 5442 678 5465 ,
712 5398 851 5452 unde
882 5393 947 5450 ad
979 5404 1190 5466 tempus
1214 5409 1245 5448 a
1269 5393 1475 5465 justitia
1512 5397 1773 5455 cecidisse
1798 5400 2010 5457 videba-

428 5482 545 5558 tur',
584 5490 707 5561 quia
741 5489 792 5541 in
834 5503 890 5541 re
914 5495 1062 5541 recte
1087 5484 1327 5540 dicitur:
1366 5503 1383 5535 ι
1420 5484 1607 5541 Melior
1645 5498 1728 5543 est
1752 5490 2010 5560 iniquitas

430 5582 550 5644 viri,
582 5598 739 5650 quam
780 5578 1124 5635 benefaciens
1154 5576 1365 5632 mulier.
1410 5596 1427 5628 ι
1455 5577 1590 5644 Quia
1622 5595 2007 5654 nonnunquam

432 5672 593 5724 etiam
616 5670 764 5740 utipa
794 5670 1035 5735 fortium,
1063 5667 1275 5724 occasio
1300 5665 1515 5724 virtutis
1539 5669 1618 5736 ﬁt,
1654 5681 1705 5725 et
1734 5672 1903 5727 virtus
1932 5673 2010 5726 in-

2116 4586 2294 4631 tcrum
2335 4578 2715 4634 uuiversaliter
2758 4593 2867 4635 non
2911 4587 3087 4649 potest
3132 4582 3503 4650 pronuntiari,
3553 4581 3700 4651 quod

2115 4670 2258 4725 nulla
2291 4671 2480 4726 notitia
2510 4671 2767 4741 prasvalet
2790 4673 3154 4743 apprehendi,
3179 4674 3321 4729 sicut
3344 4675 3399 4729 in
3429 4674 3535 4729 alio
3556 4673 3672 4744 ped

2116 4776 2204 4816 mo
2242 4762 2445 4817 dictum
2472 4771 2594 4817 est:
2645 4779 2665 4812 ι
2706 4762 2917 4818 Judicia
2950 4771 3040 4818 tua
3067 4763 3295 4835 abyssus
3328 4764 3495 4818 multa
3519 4761 3695 4834 (Paul.

2118 4852 2304 4923 xxxv).
2353 4874 2371 4905 ι
2421 4852 2556 4909 Hinc
2602 4854 2715 4924 ipse
2762 4855 3020 4911 Dominus
3051 4856 3302 4925 passione
3345 4857 3518 4912 vicina
3560 4857 3698 4912 dixit

2112 4944 2370 5013 apostolis
2396 4960 2410 4999 :
2446 4963 2463 4995 ι
2495 4944 2610 5000 Non
2637 4946 2818 5002 omnia
2846 4947 2958 5002 dixi
2983 4948 3131 5002 vobis
3154 4946 3338 5018 (lous.
3370 4948 3532 5018 μή.»
3556 4950 3699 5016 Qua-

2112 5044 2336 5105 propter
2364 5035 2661 5108 ﬁguraliter
2699 5053 2803 5107 pro
2821 5047 2977 5108 parte
3019 5039 3218 5095 dicitur
3236 5046 3409 5095 totum
3426 5080 3444 5104 ,
3474 5040 3607 5111 quod
3634 5041 3696 5094 in

2116 5122 2415 5197 Scripturis
2445 5127 2643 5182 divinis
2665 5128 2974 5197 frequenter
2996 5138 3212 5184 constat
3230 5129 3503 5186 clientum.

2191 5238 2209 5269 ι
2244 5219 2513 5291 Abyssum
2555 5230 2612 5275 et
2655 5236 2751 5276 cor
2804 5221 3083 5277 hominum
3131 5221 3490 5293 investigarit,
3537 5230 3590 5276 et
3628 5222 3691 5276 in

2122 5327 2138 5358 ι
2176 5310 2377 5367 astucia
2409 5309 2623 5364 illorum
2660 5312 3007 5380 excogitavit.
3047 5331 3066 5364 ι
3101 5311 3381 5382 Sapientia
3422 5327 3546 5383 ergo
3568 5312 3690 5379 Dei.

2116 5415 2235 5468 qua:
2276 5408 2362 5454 est
2404 5398 2674 5465 Christus,
2711 5400 3128 5471 profunditatem
3164 5402 3313 5459 novit
3346 5402 3688 5459 catelliqu

2118 5491 2234 5551 Dei,
2258 5499 2316 5545 et
2338 5489 2578 5545 diversos
2604 5498 2868 5548 tractatus
2888 5492 3066 5548 cordis
3092 5493 3317 5549 luunaui
3349 5493 3460 5564 ipse
3480 5500 3691 5547 seruu-

2119 5592 2226 5645 tur,
2262 5581 2403 5636 sicut
2426 5582 2684 5652 scriptum
2731 5591 2818 5639 est
2863 5598 2878 5637 :
2928 5582 3191 5639 Scrutaus
3236 5584 3398 5640 corda
3436 5591 3489 5637 et
3526 5592 3689 5635 ηερε

2120 5673 2260 5727 Deus
2284 5658 2474 5741 (Ρδαι.
2505 5672 2604 5743 vn)
2642 5691 2653 5725 :
2695 5693 2714 5724 ι
2746 5673 3001 5742 quoniam
3035 5694 3047 5727 :
3080 5692 3098 5725 ι
3131 5673 3284 5731 Sicut
3312 5674 3496 5730 Filium
3519 5685 3687 5725 nemo
