3926 6168
258 304 410 366 iObD

1127 308 1477 368 COMMENT.
1521 314 1586 368 IN
1626 314 2235 373 ECCLESIASTICUSI.
2277 349 2344 357 —
2386 316 2515 374 LIB.
2556 317 2651 372 IX.

3383 330 3402 382 Ι
3415 330 3521 384 oro

244 421 409 476 riovit
429 418 532 486 nisi
560 416 739 480 Pater,
770 418 1044 488 ita‘neque
1069 420 1284 476 Patrem
1308 423 1429 492 quis
1450 424 1601 478 novit
1624 424 1725 479 nisi
1751 422 1838 477 Fi-
1869 427 1911 485 Α
1944 404 2113 494 ipsum
2140 438 2451 495 permanet;
2482 445 2599 497 quae
2643 430 2818 483 futura
2861 441 2981 484 sunt
3004 474 3017 496 ,
3042 433 3152 502 jam
3192 434 3438 504 fluenset;
3469 454 3522 494 et

243 511 381 579 lius,
409 520 467 569 et
488 511 576 568 cui
596 510 826 568 voluerit
850 511 1018 566 Filius
1038 506 1277 579 revelare
1301 514 1515 584 (Matth.
1547 516 1646 586 xu).
1679 537 1696 568 ι
1731 515 1839 571 Nec

241 602 419 661 etiam
452 598 687 672 Spiritus
708 610 927 667 sanctus
949 601 1017 655 ab
1045 603 1147 659 bac
1172 604 1410 671 potentia
1440 605 1725 675 excipitur.
1763 604 1837 658 De

239 707 359 761 quo
387 694 646 766 scriptum
667 699 752 747 cst
784 709 795 745 :
832 713 850 743 ι
882 690 1115 764 Spiritus
1134 694 1316 749 omnia
1344 703 1641 759 scrutatur,
1672 697 1833 751 etiam

238 785 515 859 profunda
539 785 634 841 Dei
657 776 710 858 (Ι
740 784 862 839 Cor.
890 784 970 855 ιι).
1003 805 1020 837 ι
1055 783 1180 840 Sola
1210 787 1355 841 enim
1379 794 1565 845 sancta
1598 787 1836 843 Trinitas

238 880 393 939 Deus
440 880 783 951 omnipotens
822 880 1170 949 semetipsum
1211 894 1307 949 per
1344 881 1527 943 omnia
1574 881 1740 943 novit,
1782 890 1835 933 et

238 991 467 1030 onmem
511 953 793 1034 soientiam
834 972 947 1043 ipse
984 971 1412 1040 comprehendit.
1452 971 1527 1024 De
1563 988 1671 1041 quo
1703 973 1830 1025 sub-

235 1062 510 1136 jungitur.

320 1174 340 1206 ι
378 1152 645 1224 Cognovit
683 1152 829 1211 enim
862 1151 1122 1211 Dominus
1170 1170 1385 1210 omnem
1432 1157 1710 1213 scientiam
1733 1198 1745 1219 ,
1779 1168 1832 1211 et

193 1279 199 1283 -
240 1260 265 1296 ι
297 1244 538 1313 inspexit
565 1244 618 1298 in
645 1244 857 1315 signum
890 1244 1014 1310 Levi,
1039 1247 1368 1301 annuntians
1398 1262 1517 1317 quae
1542 1248 1825 1317 prmterie-

241 1355 265 1390 ι
298 1345 465 1401 runt,
492 1344 546 1393 et
573 1351 692 1409 qua:
717 1345 1108 1406 superventura
1138 1346 1264 1393 sunt
1285 1377 1299 1402 ,
1333 1337 1578 1394 revolans
1609 1339 1827 1407 vestigia

241 1444 263 1478 ‹
300 1426 654 1483 occultorum.
696 1423 811 1479 Non
852 1425 1093 1494 praeterit
1128 1425 1276 1483 illum
1322 1427 1498 1485 omnis
1532 1427 1826 1499 cogitatus,

238 1535 264 1569 ι
302 1526 360 1575 et
394 1533 502 1573 non
543 1516 824 1574 abscondit
862 1531 919 1571 se
950 1518 1022 1571 ab
1060 1532 1127 1572 eo
1156 1516 1296 1574 ullus
1323 1533 1519 1573 sermo.
1562 1538 1578 1568 ι
1608 1519 1829 1591 Inspicit

230 1608 383 1663 enim
427 1607 683 1663 Dominus
723 1607 777 1661 in
818 1605 1030 1676 signum
1078 1608 1199 1670 aevi,
1243 1607 1368 1676 quia
1405 1624 1595 1675 omnes
1637 1618 1826 1664 aetates

233 1697 425 1755 mundi
450 1704 556 1751 tam
584 1695 869 1765 praeterita:
898 1711 1060 1764 quam
1086 1696 1248 1749 etiam
1278 1706 1571 1767 prtesentcs
1599 1698 1711 1752 sive
1738 1697 1823 1752 fu-

1944 516 2082 571 Deus
2109 518 2392 583 instaurat,
2421 522 2560 591 quod
2592 522 2742 576 abiit.
2778 523 2917 577 Nihil
2949 533 3032 578 est
3060 527 3111 579 in
3150 529 3348 582 nmndo
3377 534 3521 601 quod

1940 621 2134 660 novum
2168 607 2238 662 sit
2267 626 2279 659 ε
2309 608 2438 665 solis
2462 624 2685 672 cursus,
2715 618 2768 664 et
2803 611 2940 666 iuius
2966 614 3136 678 vices,
3164 624 3219 669 et
3248 625 3403 673 terra:
3429 635 3520 675 ar-

1939 694 2238 767 borumque
2279 697 2523 759 siccitas,
2557 698 2640 753 vel
2674 701 2840 765 viror,
2874 718 2994 756 cum
3026 705 3141 774 ipso
3164 708 3365 763 mundo
3394 720 3522 768 nata

1937 793 2063 839 sunt
2091 793 2253 856 atque
2281 796 2601 852 concreata;
2634 796 2688 842 et
2724 789 2925 844 idcirco
2957 790 3098 846 Deus
3126 802 3273 849 certa
3310 799 3521 855 ratione

1936 885 2127 929 cuncta
2158 876 2472 943 moderatus
2499 892 2601 942 est,
2634 889 2686 934 et
2710 879 2869 948 jussit
2898 883 3161 939 elementa
3193 890 3428 955 servire,
3461 902 3522 947 ut

1934 963 2179 1019 homines
2216 966 2331 1022 haec
2358 967 2632 1033 videntes,
2668 970 2969 1043 intelligant
3008 975 3429 1043 previdentiam,
3465 991 3522 1039 et

1933 1052 2160 1107 timeant
2187 1071 2216 1108 a
2248 1055 2385 1111 facie
2414 1059 2528 1118 Dei,
2559 1060 2682 1113 dum
2712 1075 2775 1113 ex
2812 1076 2990 1115 rerum
3018 1065 3301 1131 qualitate,
3328 1085 3514 1135 cursu,

1933 1146 2142 1210 ordine,
2175 1148 2336 1218 atque
2360 1152 2685 1215 constantia,
2722 1153 3024 1224 intelligunt
3053 1167 3369 1215 creatorem.

2007 1256 2026 1287 ι
2064 1236 2255 1293 Omnia
2280 1240 2532 1310 duplicia,
2558 1258 2723 1297 unum
2753 1253 2937 1299 contra
2963 1263 3147 1311 unum,
3176 1258 3230 1305 et
3255 1267 3360 1306 non
3391 1253 3517 1308 fecit

1934 1348 1955 1378 ι
1992 1330 2283 1399 quidquam
2315 1332 2504 1388 deesse
2536 1351 2549 1385 :
2591 1335 3016 1408 uniuscujusque
3050 1340 3389 1397 confirmavit
3423 1344 3517 1398 bo-

1935 1439 1953 1469 ‹
1994 1436 2076 1473 na.
2113 1440 2129 1472 ι
2161 1422 2421 1476 Conditor
2458 1424 2602 1477 enim
2643 1426 3015 1483 universitatis
3054 1432 3124 1484 ita
3159 1434 3336 1488 omnia
3370 1436 3516 1490 ordi—

1932 1511 2079 1563 navit
2124 1520 2284 1580 atque
2329 1513 2628 1583 disposuit,
2673 1526 2731 1569 nt
2774 1533 2893 1585 qua:
2936 1519 3077 1573 inter
3112 1537 3170 1575 se
3205 1523 3516 1578 viderentur

1928 1613 2048 1652 esse
2077 1600 2305 1663 diversa,
2342 1602 2393 1655 in
2425 1602 2652 1658 invicem
2679 1605 2781 1660 sibi
2811 1608 3177 1664 convenirent.
3205 1611 3356 1667 Unde
3383 1629 3515 1683 qua-

1927 1697 2052 1744 tuor
2076 1689 2348 1745 elementa
2386 1690 2511 1747 licet
2551 1694 2617 1748 ab
2648 1695 2880 1751 invicem
2907 1699 3086 1769 aliquo
3118 1702 3515 1761 medo‘discrc-

235 1797 397 1853 tum,
445 1786 499 1840 in
539 1784 827 1856 praesentia
864 1783 984 1854 ejus
1033 1794 1196 1851 sunt,
1234 1787 1451 1855 quando
1496 1788 1636 1857 apud
1675 1787 1823 1845 illum
1855 1770 1898 1827 Π
1928 1789 2090 1849 petit,
2132 1797 2236 1837 non
2286 1793 2463 1839 tamen
2506 1786 2728 1842 omnino
2768 1789 3061 1857 dissident,
3102 1794 3196 1848 sed
3236 1797 3515 1867 aptissime

234 1879 373 1935 nihil
401 1877 757 1948 praeteritum,
788 1876 919 1933 nihil
942 1875 1181 1932 futurum
1215 1884 1331 1940 est,
1362 1877 1456 1933 sed
1480 1879 1659 1934 omnia
1686 1896 1824 1951 prae-

232 1971 541 2027 sentialiter
587 1971 750 2026 videt.
797 1970 913 2039 Ipse
957 1969 1103 2027 solus
1150 1970 1355 2025 revelat
1400 1971 1678 2041 mysteria,
1730 1973 1819 2043 qui

231 2059 338 2113 scit
367 2058 696 2130 singulorum
723 2059 919 2124 corda;
952 2073 1050 2113 nec
1074 2056 1214 2112 ullus
1235 2066 1358 2113 ante
1375 2074 1496 2112 eum
1522 2074 1704 2113 sermo
1718 2073 1819 2113 oe-

230 2150 429 2209 cultari
450 2159 647 2221 potest,
674 2150 759 2208 vel
778 2150 949 2205 latere
974 2150 1271 2220 cogitatus,
1307 2152 1432 2220 quia
1464 2151 1645 2205 omnia
1676 2152 1818 2207 nuda

230 2250 292 2299 et
320 2251 506 2314 aperta
532 2252 659 2298 sunt
685 2242 857 2297 oculis
880 2242 1016 2315 ejus.
1042 2254 1048 2260 '

310 2351 329 2383 α
361 2332 620 2405 llagnalia
653 2333 933 2404 sapientia:
967 2347 1077 2387 suae
1105 2330 1385 2388 decoravit
1404 2373 1422 2398 ,
1460 2332 1550 2403 qui
1579 2345 1667 2389 est
1694 2342 1818 2388 ante

233 2443 255 2475 ι
293 2424 549 2481 sarculum
574 2466 591 2491 ,
619 2432 679 2480 et
696 2440 867 2496 usque
892 2423 949 2485 in
977 2423 1252 2486 smcuium,
1283 2441 1383 2480 nec
1412 2425 1680 2495 adjectum
1712 2435 1814 2491 est,

228 2532 254 2563 ε
294 2529 397 2570 nec
430 2515 731 2587 minuitur,L
753 2525 809 2571 et
832 2531 936 2595 non
959 2524 1082 2587 eget
1108 2515 1334 2585 alicujus
1363 2517 1606 2573 consilio.
1646 2538 1666 2569 ο
1708 2517 1818 2573 Ma-

222 2604 407 2677 gnalia
449 2605 727 2677 sapientiai
766 2621 879 2664 sua:
923 2606 1064 2663 Deus
1105 2606 1412 2673 decoravit,
1458 2608 1677 2677 quando
1720 2624 1817 2677 per

224 2693 528 2771 Prophetas
573 2702 629 2752 et
673 2696 945 2768 apostolos
992 2705 1399 2752 sacramentum
1451 2697 1659 2753 consilii
1708 2698 1811 2764 sui,

222 2784 372 2853 quod
413 2799 445 2839 a
482 2783 694 2840 mulis
725 2793 781 2841 et
813 2785 1255 2857 generationibus
1279 2784 1379 2840 fuit
1407 2785 1807 2852 absconditum,

223 2871 477 2928 ﬁdelibus
504 2872 616 2929 suis
643 2872 920 2929 revelavit.
949 2873 1067 2943 Ipse
1090 2874 1237 2937 enim
1264 2881 1349 2929 est
1379 2882 1505 2930 ante
1524 2891 1732 2941 omnes,
1756 2883 1813 2930 et

217 2969 348 3032 post
376 2974 583 3027 omnes,
616 2975 719 3016 nec
746 2962 1023 3032 sapienlite
1043 2962 1160 3032 ejus
1195 2963 1396 3033 aliquid
1426 2964 1583 3034 adjici
1610 2974 1807 3035 potest,

217 3049 317 3106 sed
342 3066 442 3111 nec
475 3051 638 3106 etiam
678 3051 885 3119 minui;
932 3069 1110 3124 neque
1136 3063 1259 3125 eget
1293 3053 1522 3124 alicujus
1557 3057 1802 3121 consilio,

1924 1873 2228 1938 cohaerent;
2258 1873 2507 1930 similiter
2534 1884 2588 1929 et
2617 1885 2850 1945 quatuor
2878 1879 3279 1946 vicissitudines
3304 1895 3512 1959 tempo-

1925 1977 2042 2016 rum
2083 1962 2135 2016 in
2166 1964 2517 2033 qualitatibus
2557 1966 2670 2021 suis
2708 1968 2847 2023 inter
2877 1985 2935 2025 se
2963 1971 3255 2041 distantes,
3296 1976 3348 2031 in
3387 1979 3512 2034 anni

1921 2052 2086 2108 cursu
2129 2056 2410 2127 aptissime
2452 2057 2555 2112 sibi
2600 2069 2725 2114 sunt
2766 2064 3190 2131 concordantes,
3237 2083 3361 2123 cum
3409 2071 3514 2137 hoc

1920 2145 2065 2215 quod
2092 2160 2189 2214 per
2216 2147 2496 2201 humorem
2521 2146 2665 2205 veris
2685 2152 2949 2218 exoritur,
2972 2170 3070 2225 per
3087 2157 3324 2213 calorem
3349 2170 3513 2216 testa-

1921 2234 1991 2289 tis
2021 2237 2307 2301 excrescit,
2339 2251 2440 2305 per
2469 2238 2771 2295 siccitatem
2796 2245 3039 2298 autumni
3066 2250 3406 2315 maturescit,
3434 2259 3509 2305 at-

1918 2341 2024 2396 que
2054 2340 2152 2396 per
2183 2325 2356 2398 frigus
2390 2328 2587 2384 hiemis
2614 2330 2902 2398 decrescit,
2936 2342 2995 2388 ut
3024 2335 3219 2405 iterum
3246 2339 3310 2393 ad
3341 2336 3509 2396 futuri

1918 2419 2046 2474 anni
2087 2419 2295 2475 fruetus
2328 2420 2681 2489 proferendos
2712 2431 2856 2479 terra
2898 2436 3255 2496 prteparetur.
3285 2428 3419 2487 Nam
3452 2442 3509 2488 et

1915 2505 2094 2563 vitalis
2128 2519 2383 2564 creatura
2426 2518 2589 2581 atque
2632 2514 2930 2583 corporalis
2970 2517 3049 2572 sic
3100 2518 3154 2572 in
3193 2534 3359 2591 opere
3406 2524 3505 2580 Dei

1913 2597 2266 2665 concordant,
2298 2608 2356 2654 ut
2376 2615 2575 2671 corpus
2601 2603 2836 2659 annnam
2866 2615 3059 2675 gestet,
3091 2617 3147 2665 et
3175 2612 3353 2667 anima
3380 2630 3505 2670 cor-

1913 2701 2014 2757 pus
2042 2698 2286 2757 vegetet,
2311 2705 2376 2744 ne
2397 2689 2711 2761 coniunctio
2732 2694 3070 2752 nobilissima
3092 2699 3275 2775 aliqua
3306 2702 3510 2765 discor.

1911 2775 2000 2831 dia
2038 2779 2347 2850 dissipetur.
2389 2779 2825 2855 Uniuscujusque
2858 2788 2986 2859 ergo
3021 2800 3239 2845 creator
3258 2794 3505 2862 optimus

1910 2868 2198 2925 confirmat
2219 2864 2378 2937 bona,
2408 2881 2463 2928 et
2484 2873 2551 2929 ad
2577 2890 2792 2930 onmem
2814 2875 3210 2947 jucunditatem
3230 2880 3365 2937 facit
3386 2901 3504 2942 esse

1909 2960 2226 3027 utilissima;
2261 2972 2592 3035 quapropter
2621 2964 2714 3019 hic
2744 2966 2832 3020 vir
2860 2969 3292 3037 sapientissimus
3315 2972 3503 3028 obstu-

1906 3064 2136 3121 pescens
2178 3051 2231 3105 in
2270 3053 2627 3109 admiratione
2673 3070 2897 3124 operum
2943 3057 3070 3123 Dei,
3119 3059 3342 3131 gloriam
3378 3063 3501 3133 ejus

217 3139 378 3210 cujus
420 3140 646 3196 consilio
693 3118 943 3197 universa
983 3118 1302 3198 subsistunt.
1353 3163 1371 3196 ι
1422 3146 1687 3214 Quoniam
1737 3164 1803 3203 ex
1833 3118 1879 3181 C
1915 3142 2332 3197 incnafrabiiem
2357 3184 2371 3208 ν
2398 3153 2453 3199 ει
2479 3144 2819 3201 dulcedinem
2852 3147 3281 3223 inﬂslimabilctﬂ
3307 3154 3496 3210 subsc-

218 3229 360 3301 ipso,
396 3239 453 3287 et
478 3246 574 3301 per
602 3233 801 3307 ipsum,
831 3242 884 3288 et
911 3232 966 3286 in
994 3233 1111 3304 ipso
1137 3244 1262 3291 sunt
1294 3239 1498 3295 omnia.
1537 3261 1554 3292 ι

821 3345 1049 3404 CAPUT
1089 3348 1197 3404 VII.

213 3426 362 3484 Laus
397 3431 749 3506 amoenitatis
769 3473 793 3506 ,
812 3451 931 3505 qua:
962 3451 1055 3505 per
1080 3434 1406 3506 Sapientiam
1443 3437 1585 3506 facta
1613 3449 1721 3506 est,
1750 3453 1804 3496 et

284 3515 381 3570 per
415 3501 622 3575 uerbum
663 3512 712 3555 et
750 3501 992 3559 uirtutem
1030 3507 1090 3560 in
1129 3501 1330 3560 Filium
1374 3501 1553 3564 Patris
1575 3549 1591 3575 ,
1637 3501 1805 3565 Deum

286 3571 432 3640 apud
464 3570 656 3638 Deum,
692 3585 868 3628 creata
893 3582 989 3628 est.

287 3702 311 3735 ι
342 3682 516 3752 Quam
535 3684 910 3742 desiderabilia
927 3687 1108 3744 omnia
1130 3703 1295 3761 opera
1318 3689 1449 3759 ejus,
1470 3698 1523 3746 et
1546 3699 1803 3762 tanquam

217 3797 238 3830 ι
271 3777 528 3844 scintilla,
551 3792 713 3848 quam
735 3788 818 3835 est
835 3779 1201 3837 considerare.
1235 3802 1252 3833 ι
1288 3781 1480 3838 Omnia
1517 3799 1681 3854 opera
1710 3785 1803 3839 Dei

210 3876 343 3923 sunt
377 3866 756 3923 desiderabilia
811 3870 1067 3939 quoniam
1102 3870 1341 3940 perfecta
1383 3890 1398 3926 :
1432 3873 1498 3926 de
1535 3889 1641 3942 quo
1677 3874 1807 3928 scri-

207 3967 366 4027 ptum
382 3965 471 4012 est
491 3974 505 4010 :
534 3977 554 4009 ι
585 3957 754 4029 Igitur
766 3958 995 4030 perfecti
1017 3968 1142 4014 sunt
1160 3960 1280 4015 εαξΙὶ
1301 3968 1355 4016 et
1371 3969 1536 4026 terra,
1554 3969 1609 4017 et
1628 3963 1805 4020 omnis

210 4059 443 4103 ornatus
456 4063 666 4115 eorum,
681 4057 739 4105 et
752 4048 880 4104 vidit
896 4049 1039 4105 Deus
1053 4060 1246 4106 cuncta
1270 4066 1389 4121 quae
1412 4053 1557 4118 fecit,
1574 4064 1628 4108 et
1650 4063 1805 4108 erant

210 4138 371 4192 valde
399 4139 539 4193 bona
567 4138 721 4211 (Gen.
749 4141 834 4212 ιι).
875 4159 894 4192 ι
926 4140 1056 4208 Quae
1082 4149 1336 4213 tanquam
1365 4143 1652 4198 scintillam
1678 4158 1805 4199 con-

211 4229 547 4296 sideramus,
581 4230 706 4300 quia
744 4231 830 4286 vix
871 4231 1106 4302 aliquam
1136 4247 1361 4303 parvam
1392 4233 1639 4289 notitiam
1680 4234 1806 4289 inde

208 4324 560 4394 percipimus.
585 4323 701 4379 Non
729 4333 910 4395 potest
928 4325 1075 4380 enim
1096 4326 1332 4380 humana
1358 4326 1645 4383 inﬁrmitas
1670 4341 1801 4396 ope-

203 4432 332 4471 rum
371 4410 467 4471 Dei
502 4417 930 4487 magnitudinem
973 4426 1028 4473 et
1062 4418 1450 4489 perfectionem
1490 4427 1797 4489 penetrare,

206 4522 274 4561 ac
299 4521 398 4576 per
425 4508 607 4562 omnia
632 4508 789 4574 scire,
814 4510 1068 4580 quoniam
1094 4511 1168 4567 illi
1195 4512 1295 4566 soli
1325 4513 1441 4567 haec
1464 4528 1624 4567 nosse
1649 4527 1796 4568 com-

200 4598 381 4668 petit,
423 4599 514 4668 qui
561 4601 856 4655 secundum
897 4602 1176 4673 sapientia:
1217 4619 1328 4659 sua:
1369 4605 1793 4675 magnitudinem

200 4697 406 4743 cuncta
428 4698 678 4760 potenter
705 4692 929 4747 creavit.

284 4798 305 4832 ε
342 4779 534 4836 Omnia
560 4782 680 4836 haec
701 4782 891 4839 vivunt
920 4791 978 4838 et
1005 4793 1225 4840 manent
1255 4783 1309 4838 in
1338 4784 1626 4850 saeculum;
1654 4793 1713 4840 et
1734 4785 1792 4840 in

208 4891 229 4923 ι
265 4870 416 4924 omni
443 4872 769 4926 necessitate
795 4873 977 4926 omnia
1007 4873 1262 4929 obediunt
1289 4872 1360 4927 ei.
1401 4893 1419 4924 ι
1461 4871 1650 4928 Omnia
1681 4875 1789 4929 sci-

202 4961 339 5016 licet
363 4961 595 5015 creatori
620 4976 718 5017 suo
746 4962 935 5018 vivunt
956 4972 1013 5020 et
1041 4972 1262 5018 manent
1291 4964 1344 5017 in
1369 4963 1642 5027 saeculum,
1668 4964 1793 5032 quia

201 5051 347 5107 nihil
374 5051 447 5108 illi
475 5052 668 5122 periet,
691 5054 775 5108 cui
804 5055 982 5109 omnia
1008 5057 1295 5126 praesentia
1318 5064 1480 5110 erant
1503 5063 1793 5125 antequam

200 5158 269 5197 ea
301 5152 514 5198 crearet
554 5162 567 5197 :
604 5153 661 5199 et
693 5145 748 5199 in
790 5146 938 5200 omni
982 5148 1306 5202 necessitate
1344 5148 1392 5201 ei
1433 5155 1625 5201 cuncta
1666 5148 1796 5202 obe—

200 5233 391 5298 diunt,
420 5234 545 5303 quia
577 5254 594 5287 ι
630 5236 684 5290 in
721 5236 997 5291 voluntate
1029 5238 1145 5307 ejus
1170 5238 1417 5292 universa
1445 5244 1570 5292 sunt
1594 5238 1790 5309 posita,

200 5331 261 5379 et
287 5338 396 5379 non
425 5333 511 5380 est
539 5326 629 5396 qui
652 5327 825 5396 possit
857 5328 1114 5384 resistere
1141 5329 1401 5385 voluntati
1428 5329 1562 5398 ejus.
1598 5348 1617 5381 ι
1653 5328 1791 5385 Hinc

198 5428 306 5487 per
331 5412 674 5471 Salomonem
706 5418 901 5473 dicitur
928 5435 941 5471 :
979 5438 998 5470 ‹
1044 5418 1214 5474 Didici
1243 5420 1383 5489 quod
1413 5419 1595 5474 omnia
1626 5433 1789 5489 opera

196 5518 328 5576 quae
363 5502 492 5558 fecit
526 5503 697 5569 Deus,
741 5515 1091 5577 perseverant
1131 5508 1184 5561 in
1226 5518 1541 5577 perpetuum
1586 5507 1787 5578 (Eccle.

201 5598 311 5656 ut).
348 5616 367 5647 ι
400 5595 515 5650 Non
558 5611 846 5666 possumus
876 5598 960 5652 his
993 5597 1289 5667 quidquam
1331 5597 1527 5651 addere
1564 5613 1665 5651 nec
1691 5614 1789 5652 au-

200 5688 347 5743 ferre
373 5701 493 5752 qua:
518 5685 647 5742 fecit
676 5687 835 5743 Deus.
867 5697 925 5742 ut
952 5689 1204 5742 timeatur
1236 5707 1249 5742 :
1279 5687 1420 5757 quod
1459 5685 1659 5742 factum
1686 5696 1787 5749 est,

1911 3230 2118 3300 quitur,
2143 3230 2330 3287 dicens
2361 3252 2374 3287 :

1984 3339 2003 3368 ‹
2039 3316 2106 3372 Et
2126 3320 2248 3388 quis
2268 3322 2555 3379 satiabitur
2572 3325 2761 3383 videns
2783 3326 3007 3396 gloriam
3024 3329 3181 3401 ejus?
3213 3351 3230 3382 ι
3257 3331 3499 3389 Sattetas

1906 3409 2052 3463 enim
2080 3410 2181 3465 ista
2209 3427 2315 3468 non
2344 3412 2621 3470 fastidium
2649 3426 2891 3487 generat,
2922 3420 3016 3473 sed
3048 3420 3374 3477 desiderium
3399 3439 3500 3478 cx-

1907 3499 2059 3564 citat,
2087 3508 2143 3555 et
2170 3511 2375 3571 quanto
2399 3504 2521 3573 quis
2542 3505 2661 3575 ejus
2691 3504 3040 3563 refectionem
3068 3511 3318 3580 percipit,
3350 3519 3499 3568 tanto

1907 3589 2081 3659 magis
2111 3590 2164 3644 in
2195 3590 2312 3659 ejus
2333 3608 2572 3649 amorem
2599 3596 2924 3652 exardescit.
2948 3596 3105 3653 Unde
3130 3599 3243 3669 ipsa
3271 3598 3500 3671 Sapien-

1906 3681 1980 3734 tia
2022 3681 2074 3735 in
2120 3683 2225 3737 hoc
2265 3684 2455 3739 eodem
2491 3685 2634 3741 libro
2674 3689 2921 3763 superius
2962 3688 3038 3742 ait
3070 3707 3088 3742 :
3127 3711 3146 3740 ‹
3188 3690 3291 3765 Qui
3330 3695 3499 3749 edunt

1904 3784 2015 3836 me,
2041 3772 2219 3827 adhuc
2245 3773 2488 3829 esuriem
2521 3794 2535 3829 :
2565 3785 2621 3831 et
2643 3778 2735 3846 qui
2761 3778 2955 3833 bibunt
2984 3794 3091 3843 me,
3116 3778 3291 3835 adhuc
3311 3781 3498 3837 sitiunt

1906 3860 2095 3931 (Eccli.
2125 3864 2333 3939 xxiv)»
2368 3864 2570 3921 Beatus
2595 3868 2687 3937 qui
2725 3867 2778 3922 in
2813 3869 2916 3923 hac
2943 3869 3193 3927 satietate
3230 3872 3490 3942 repletur,

1904 3950 2159 4021 quoniam
2195 3952 2373 4007 anima
2416 3952 2535 4022 ejus
2577 3954 2630 4010 in
2675 3956 2843 4027 gloria
2878 3949 3080 4014 aeterna
3115 3975 3240 4016 cum
3286 3964 3494 4019 sanctis

1906 4041 2111 4113 angelis
2135 4044 2255 4099 sine
2284 4043 2390 4099 line
2413 4044 2708 4102 laztabitur.

1975 4129 2126 4202 (CAP.
2167 4133 2346 4204 mn.)
2392 4152 2411 4183 ε
2459 4132 2772 4191 Altitudinis
2813 4136 3213 4194 ﬁrmamentum
3253 4138 3493 4210 pulchri-

1910 4239 1929 4272 ι
1968 4223 2098 4277 tudo
2126 4220 2261 4292 ejus,
2294 4224 2503 4293 species
2533 4225 2655 4281 cteli
2680 4227 2737 4281 in
2762 4229 2967 4284 visione
2989 4230 3190 4300 gloriae.
3233 4252 3251 4283 ι
3280 4232 3491 4288 Artifex

1902 4329 2034 4386 ergo
2060 4314 2221 4385 hujus
2243 4317 2426 4386 operis
2452 4317 2805 4376 historialiter
2825 4323 3094 4378 narrando
3119 4323 3213 4380 Dei
3234 4327 3492 4396 praedicat

1903 4416 2235 4473 creaturam,
2284 4407 2379 4462 sed
2418 4407 2572 4477 juxta
2612 4412 2931 4482 mysterium
2981 4414 3388 4471 conveniendus
3430 4418 3487 4472 in

1824 4467 1878 4527 D
1902 4495 2146 4551 Ecclesia
2187 4467 2283 4552 Dei
2317 4467 2475 4566 opem
2519 4467 2792 4557 collaudat
2829 4467 3087 4559 divinam.
3132 4467 3488 4563 Dulchritudo

1900 4601 2031 4656 ergo
2066 4586 2390 4643 ﬁrmamenti
2425 4604 2529 4659 per
2575 4590 2875 4649 duritatem
2914 4595 3151 4650 siderum
3189 4598 3485 4666 potentiam

1898 4679 2134 4735 ostendit
2158 4681 2442 4747 creatoris,
2471 4684 2564 4739 sed
2591 4685 2940 4755 multiplicius
2963 4687 3126 4742 decor
3156 4687 3407 4743 Ecclesia:
3428 4690 3482 4744 in

1898 4769 2188 4826 virtutibus
2223 4781 2278 4826 et
2321 4773 2375 4826 in
2419 4766 2696 4830 miraculis
2746 4786 3056 4832 sanctorum
3099 4778 3483 4836 exceiientiam

1900 4861 2213 4916 manifestat
2254 4862 2675 4934 Bcdemptoris,
2725 4868 2851 4935 quia
2897 4869 3011 4938 ipse
3057 4869 3204 4925 solus
3249 4878 3485 4928 πίει-ηυξ

1899 4950 2187 5020 Splendore
2223 4967 2321 5029 suo
2363 4954 2597 5009 illustrat
2635 4958 2947 5023 credentes,
2978 4968 3035 5014 et
3070 4961 3264 5017 ardore
3288 4959 3482 5035 juziicii

1895 5043 1980 5097 sui
2004 5043 2194 5111 puniet
2216 5053 2549 5113 peccatores.
2586 5046 2662 5101 De
2690 5064 2798 5119 quo
2826 5049 3186 5124 subjungitur.
3289 5115 3299 5129 .

1973 5155 1993 5187 (
2029 5134 2121 5190 Sol
2147 5137 2202 5190 in
2229 5146 2449 5208 aspectu
2479 5141 2808 5196 annuntians
2837 5143 2888 5196 in
2916 5143 3065 5197 exitu
3085 5184 3099 5208 ,
3126 5158 3223 5199 vas
3246 5145 3483 5199 admira-

1902 5246 1920 5278 ι
1955 5228 2063 5283 bile
2091 5243 2227 5300 epus
2262 5228 2496 5285 Excelsi.
2531 5231 2588 5285 In
2625 5233 2923 5288 meridiano
2948 5243 3139 5291 exuret
3164 5244 3396 5300 terram,
3425 5246 3482 5289 et

1900 5343 1918 5375 ε
1956 5324 2008 5378 in
2048 5334 2341 5395 conspectu
2383 5323 2594 5380 ardoris
2633 5326 2750 5396 ejus
2780 5328 2903 5398 quis
2936 5326 3134 5397 poterit
3172 5326 3478 5382 sustinere?

1898 5433 1917 5465 ι
1954 5413 2253 5469 Fornacem
2294 5416 2603 5471 custodiens
2640 5417 2694 5471 in
2723 5418 2978 5487 operibus
3010 5415 3218 5471 ardoris
3250 5432 3263 5469 :
3299 5415 3473 5483 tripli-

1898 5524 1917 5554 «
1951 5503 2088 5558 citer
2110 5503 2191 5559 sol
2219 5520 2452 5559 exurens
2487 5514 2729 5571 montes,
2770 5504 2947 5560 radios
2975 5505 3159 5574 igneos
3185 5500 3473 5556 easnli'lans

1897 5612 1915 5643 ι
1952 5600 2009 5647 et
2042 5591 2342 5661 refulgens,
2372 5594 2538 5649 radiis
2562 5595 2803 5649 obcaecat
2830 5591 3031 5647 oculos.
3072 5609 3091 5642 ι
3125 5589 3218 5644 Sol
3246 5590 3349 5644 iste
3376 5591 3469 5659 qui

1889 5687 2065 5743 oritur
2094 5687 2407 5742 timentibus
2434 5685 2628 5750 Deum,
2652 5688 2703 5740 in
2727 5692 2906 5753 aspect
2925 5699 2962 5745 ι,
2992 5683 3093 5737 hoc
3120 5690 3223 5748 est,
3255 5682 3307 5736 in
3336 5698 3475 5752 pre.
