3902 6162
449 294 582 347 1071

1086 290 1147 343 B.
1194 287 1443 344 RABANI
1487 287 1704 343 lliAL'l‘d
1745 282 2064 341 AliClllEP.
2110 281 2419 337 .‘liOGUNT.
2463 276 2749 338 OPERUM
2787 279 2967 337 PARS
3006 283 3045 337 Ι.

3582 284 3723 343 HTD

447 404 626 460 scntia
657 400 1045 457 incarnationis
1082 414 1189 453 sum
1229 398 1617 469 evangelizavit
1660 412 1882 467 regnum
1919 394 2031 448 Dei.
2066 400 2111 457 Α
2140 394 2241 449 bus
2266 403 2321 447 ct
2358 408 2517 448 cursu
2555 410 2653 449 suo
2691 409 2789 464 per
2823 396 3101 450 zodiacum
3143 402 3338 452 seriem
3375 413 3645 456 annorum
3677 410 3733 453 et

418 498 420 500 ’
449 495 618 566 Cujus
644 491 900 549 nativitas
930 490 1219 562 singularis
1244 489 1576 546 admirabilis
1606 497 1690 544 est
1713 528 1727 552 ,
1758 488 1899 559 quod
1930 502 2034 540 non

450 601 519 644 ex
556 585 647 641 viri
676 585 905 651 semine,
934 582 1027 637 sed
1057 598 1122 637 ex
1156 581 1543 652 omnipotentis
1573 581 1769 633 virtute
1799 598 1811 631 :
1847 597 1865 628 ι
1905 578 2037 632 Ver-

386 738 392 744 ,
455 680 582 732 hum
599 689 727 731 caro
748 672 950 728 factum
973 681 1077 737 est,
1099 680 1154 726 et
1178 671 1441 726 habitavit
1467 670 1519 725 in
1545 670 1717 724 nobis.
1737 668 1919 740 (Joan.
1939 669 2030 739 ι.)›

457 790 477 820 ε
510 768 569 826 In
601 775 892 837 conspectu
917 765 1128 821 ardoris
1164 764 1280 833 ejus
1305 763 1426 832 quis
1450 761 1646 833 poterit
1683 759 1990 836 sustinere?
2014 779 2029 808 ι

449 857 578 927 quia
602 855 781 913 nullus
812 853 1179 924 corporalibus
1203 852 1374 907 oculis
1398 851 1697 906 divinitatis
1722 849 1837 921 ejus
1864 848 2038 919 splen-

449 951 640 1006 dorem
672 955 853 1019 potest
879 946 1136 1019 sufferre;
1171 945 1247 1001 ait
1274 945 1469 1015 quippe
1510 944 1576 998 ad
1610 941 1827 1016 Moysen
1859 942 2035 997 famu-

449 1042 561 1098 lum
590 1057 748 1098 suum
781 1060 793 1095 :
832 1058 850 1092 ι
886 1039 1001 1094 Non
1034 1041 1177 1094 enim
1205 1037 1414 1093 videbit
1447 1053 1531 1092 me
1557 1038 1749 1101 homo,
1776 1046 1831 1092 et
1856 1037 2038 1092 vivere

450 1143 628 1207 potest
657 1132 854 1206 (Exod.
899 1130 1116 1204 XXXIII).
1170 1152 1187 1183 ι
1224 1129 1347 1185 ideo
1386 1129 1619 1185 humana
1661 1137 1853 1183 natura
1886 1127 2038 1181 indu—

451 1236 540 1283 tus
585 1233 703 1291 est,
737 1235 796 1281 ut
848 1224 1114 1294 fragilitas
1154 1222 1431 1277 hominum
1480 1220 1816 1292 splendorem
1859 1220 2039 1290 aliquo

448 1318 611 1372 ιιιυιιο
642 1317 907 1387 potuisset
945 1313 1171 1371 sulferre
1213 1313 1490 1379 divinum;
1530 1312 1760 1382 sumpsit
1792 1312 2039 1367 velamen

448 1408 660 1469 carnis,
698 1420 806 1477 quo
846 1404 1059 1460 facilius
1097 1405 1165 1460 ad
1208 1418 1266 1458 se
1306 1404 1564 1459 accedere
1601 1402 1772 1473 possit
1801 1401 2039 1457 conditio

451 1499 717 1564 hominis;
750 1499 841 1554 hic
869 1497 1142 1553 fornacem
1170 1496 1407 1551 custodit
1443 1495 1496 1551 in
1521 1494 1775 1566 operibus
1804 1495 2036 1561 ardoris,

449 1591 577 1659 quia
606 1590 866 1663 supplicia
897 1597 1165 1660 prteparat
1190 1587 1571 1660 peccatoribus
1593 1589 1853 1659 gehennae
1874 1588 2034 1659 ignis,

450 1680 739 1753 tripliciter
764 1695 1000 1738 exurens
1025 1688 1255 1745 montes,
1287 1680 1503 1752 quando
1529 1680 1793 1752 superbos
1816 1696 1916 1751 pro
1946 1696 2037 1736 co-

2139 492 2325 540 aetates
2352 484 2536 539 mundi
2566 484 2916 550 demonstret,
2944 486 3072 556 quia
3097 485 3308 542 Hebraei
3334 503 3550 545 omnem
3576 506 3734 548 com-

2138 584 2327 645 putum
2357 574 2611 644 temporis
2641 583 2695 628 ει
2726 575 2975 631 annalem
3003 577 3291 631 transitum
3319 580 3615 637 secundum
3647 578 3730 629 lu-

2140 680 2222 719 ntc
2248 680 2468 719 cursum
2489 664 2871 731 metiebantur,
2895 667 2985 736 qui
3009 667 3243 737 primum
3268 683 3508 728 mensem
3537 685 3736 729 eorum

2140 770 2246 825 quo
2272 754 2521 810 exierunt
2542 755 2606 809 dc
2636 753 2874 826 Egypto
2896 755 3119 813 Paschte
3144 759 3400 815 solemnis
3426 761 3736 819 honorave-

2142 855 2297 911 runt,
2325 852 2378 899 et
2406 844 2731 900 Neomenias
2760 847 3089 919 singulorum
3125 851 3392 906 mensium
3422 852 3737 910 celebrave-

2143 946 2286 990 runt.
2321 935 2430 990 Ncc
2459 953 2564 991 non
2595 945 2649 991 et
2686 938 2831 1008 ipsos
2860 954 3073 995 menses
3101 955 3248 1005 suos,
3278 951 3339 996 ut
3365 941 3735 1017 Hieronymus

2143 1028 2295 1084 testis
2324 1027 2436 1093 est,
2469 1043 2500 1082 a
2529 1027 2670 1082 lunae
2699 1029 2991 1097 vocabulo,
3020 1047 3183 1103 quam
3210 1030 3394 1089 larem
3422 1036 3728 1100 nominant,

2141 1127 2502 1184 vocaverunt,
2545 1119 2612 1173 de
2651 1134 2761 1189 quo
2800 1119 2926 1176 hinc
2959 1121 3160 1176 dicitur
3202 1141 3214 1175 :
3248 1143 3267 1174 ι
3308 1122 3505 1179 Mensis
3534 1140 3733 1181 seum.

2141 1209 2268 1264 dum
2297 1224 2491 1264 nomen
2531 1208 2652 1280 ejus
2687 1216 2790 1263 est.
2831 1228 2850 1262 ι
2884 1207 3147 1266 Similiter
3182 1221 3237 1267 et
3263 1213 3466 1269 mensis
3502 1229 3535 1267 a
3576 1230 3732 1271 men-

2141 1315 2267 1356 sura
2305 1299 2388 1356 vel
2419 1314 2449 1352 a
2477 1299 2635 1365 luna,
2664 1314 2784 1369 quze
2819 1297 3008 1356 Graeco
3045 1316 3294 1357 sermone
3321 1309 3454 1375 μήνη
3479 1313 3728 1372 vocatur,

2141 1393 2282 1463 apud
2318 1391 2542 1447 Latinos
2577 1390 2877 1463 appellatus
2914 1401 3037 1458 cst;
3081 1393 3288 1462 antiqui
3327 1394 3470 1449 enim
3510 1409 3732 1450 menses

2140 1496 2288 1550 suos,
2322 1492 2381 1537 ut
2406 1479 2664 1548 diximus,
2696 1496 2803 1538 non
2832 1498 2862 1537 a
2890 1482 3020 1539 solis
3044 1484 3134 1538 sed
3160 1499 3188 1538 a
3220 1483 3362 1540 lunae
3386 1500 3551 1540 cursu
3578 1501 3731 1541 coni-

2138 1580 2331 1645 putare
2363 1572 2626 1629 solebant.
2674 1572 2828 1632 Unde
2866 1576 3081 1646 quoties
3119 1576 3173 1631 in
3209 1575 3486 1648 Scriptura
3536 1594 3729 1642 sacra.

2140 1664 2225 1721 vel
2261 1663 2317 1718 in
2346 1662 2463 1736 lege
2489 1678 2584 1719 seu
2618 1672 2746 1720 ante
2777 1663 2980 1736 legem,
3021 1676 3184 1737 quota
3227 1665 3315 1722 die
3352 1667 3557 1723 mensis
3582 1668 3729 1739 quod

447 1749 709 1843 είιξηίοηε
743 1774 905 1838 mala,
936 1788 1035 1842 pro
1059 1772 1270 1843 loquela
1305 1749 1535 1827 'nefanda
1553 1813 1568 1837 ν
1597 1749 1703 1844 'pm
1727 1749 2040 1843 ορέηιίοηθ
2073 1749 2114 1808 8
2143 1754 2347 1812 factum
2380 1755 2654 1812 dictumve
2673 1756 2747 1811 sit
2770 1756 3063 1824 indicatur,
3094 1774 3199 1814 non
3226 1756 3371 1814 aliud
3394 1774 3560 1831 quam
3587 1761 3730 1816 lunae

452 1862 634 1932 iniqua
674 1870 879 1919 acterna
916 1861 1199 1917 excruciat
1232 1860 1481 1928 ﬂamma;
1521 1861 1622 1918 iste
1657 1862 1925 1933 siquidem
1961 1863 2041 1917 sol

453 1947 725 2020 refulgens
747 1948 915 2005 radiis
940 1950 1054 2004 suis
1072 1963 1363 2019 pravorum
1383 1960 1621 2007 excaecat
1645 1949 1854 2016 oculos,
1868 1966 2044 2021 quan-

448 2040 517 2094 do
556 2039 798 2112 mysticis
836 2040 1015 2095 verbis
1052 2056 1152 2111 pro
1190 2041 1430 2112 nequitia
1473 2057 1569 2097 sua
1614 2043 2041 2113 superbientium

446 2127 653 2186 deludit
682 2128 1033 2185 intellectum.
1073 2130 1150 2184 De
1175 2144 1283 2200 quo
1321 2131 1438 2202 ipsa
1468 2131 1682 2188 Veritas
1709 2132 1760 2187 in
1794 2132 2038 2204 Evange-

443 2218 517 2275 iio
556 2218 834 2291 discipulis
887 2218 1348 2292 interrogantibus
1392 2223 1458 2277 de
1503 2222 1763 2293 parabola
1815 2223 2039 2279 seminis

444 2308 723 2380 respondit
768 2327 780 2362 :
829 2328 846 2359 ι
892 2308 1064 2365 Vobis
1093 2310 1278 2364 datum
1307 2317 1390 2365 est
1420 2324 1582 2366 nosse
1610 2311 1926 2383 mysterium
1954 2325 2038 2366 re-

443 2399 538 2470 gni
563 2398 679 2463 Dei,
704 2400 916 2457 caeteris
941 2409 1119 2456 autem
1149 2400 1202 2455 in
1228 2399 1502 2471 parabolis
1534 2416 1549 2455 :
1578 2408 1638 2455 ut
1665 2400 1909 2457 videntes
1930 2416 2037 2456 non

441 2490 684 2558 videant,
720 2501 768 2547 et
800 2492 1082 2548 audientes
1111 2508 1218 2548 non
1246 2492 1548 2563 intelligant
1581 2491 1795 2566 (Matth.
1830 2492 1973 2566 xm).
2013 2513 2029 2545 ι

444 2579 582 2639 iiinc
601 2589 655 2638 et
675 2582 742 2637 ad
758 2580 952 2638 lsaiam
980 2581 1162 2638 divina
1186 2598 1319 2640 voce
1341 2583 1542 2639 dicitur
1566 2601 1579 2636 :
1603 2602 1621 2634 ι
1642 2583 1789 2639 Vade
1812 2592 1868 2639 et
1892 2583 2038 2639 dices

442 2670 641 2742 populo
667 2671 795 2728 huic
823 2690 838 2726 :
869 2672 1068 2728 Audite
1100 2672 1383 2729 audientes
1411 2688 1497 2729 me
1516 2714 1532 2739 ,
1568 2682 1621 2729 et
1650 2673 1815 2730 nolite
1841 2673 2035 2729 intelli-

442 2775 602 2833 gere,
634 2771 690 2817 et
723 2759 902 2819 videte
930 2763 1194 2819 visionem
1213 2804 1229 2829 ,
1267 2772 1322 2819 et
1350 2764 1518 2820 nolite
1546 2778 1890 2835 cognoscere.
1929 2763 2036 2819 Ex-

443 2867 589 2910 caeea
632 2866 727 2909 cor
774 2853 959 2926 populi
1004 2853 1202 2926 hujus,
1243 2864 1297 2910 et
1345 2870 1506 2911 aures
1545 2852 1662 2923 ejus
1707 2870 1939 2926 aggrava
1982 2862 2035 2911 et

438 2945 625 3002 oculos
664 2946 783 3016 ejus
822 2946 1048 3012 claude,
1089 2962 1158 3002 ne
1194 2948 1334 3003 forte
1372 2949 1553 3004 videat
1592 2948 1763 3004 oculis
1805 2949 1952 3014 suis,
1980 2957 2036 3004 et

442 3035 666 3092 auribus
690 3036 803 3092 suis
832 3037 1047 3103 audiat,
1078 3046 1132 3091 et
1161 3038 1324 3094 corde
1366 3054 1464 3095 suo
1492 3039 1788 3110 intelligat,
1820 3049 1877 3096 et
1903 3055 2031 3096 con-

2142 1853 2276 1902 aetas
2305 1844 2675 1919 signiﬁcatur,
2712 1862 2818 1917 qua
2847 1862 3061 1919 semper
3098 1847 3340 1914 Hebraei,
3382 1850 3582 1922 quibus
3604 1864 3731 1907 cre-

2140 1938 2254 1994 dita
2283 1947 2410 1993 sunt
2434 1937 2646 2008 eloquia
2672 1934 2804 2005 Dei,
2843 1940 3066 2011 antiquo
3088 1948 3303 2012 patrum
3335 1956 3485 1997 more
3512 1957 3730 1998 menses

2140 2031 2433 2086 observare
2471 2043 2577 2086 non
2605 2038 2855 2098 cessant,
2890 2032 3128 2101 primum
3165 2045 3408 2089 mensem
3438 2047 3728 2100 novorum.

2139 2126 2230 2196 qui
2255 2125 2477 2182 Pascha
2500 2125 2841 2182 caeremoniis
2866 2134 3111 2181 sacratus
3133 2134 3240 2194 est,
3265 2125 3432 2182 Nisan
3457 2128 3728 2199 appellanc

2141 2226 2253 2281 tes,
2287 2217 2379 2287 qui
2415 2225 2637 2288 propter
2661 2215 3011 2287 multivagum
3048 2214 3187 2271 lunte
3217 2215 3559 2280 discursum,
3592 2230 3729 2270 nunc

2140 2308 2193 2362 in
2225 2306 2474 2361 Martium
2506 2320 2745 2362 mensem
2767 2347 2781 2372 ,
2811 2322 2956 2361 nunc
2980 2306 3169 2361 incidit
3197 2307 3250 2361 in
3279 2306 3557 2377 Aprilem,
3588 2319 3728 2361 nunc

2139 2398 2344 2469 aliquot
2377 2397 2494 2453 dies
2527 2395 2651 2451 Maii
2682 2396 2884 2452 mensis
2910 2405 3168 2467 occupat;
3200 2397 3295 2452 sed
3321 2397 3529 2452 rectius
3565 2397 3727 2467 Aprili

2139 2492 2464 2562 deputatur,
2496 2490 2623 2561 quia
2652 2504 2867 2561 semper
2903 2488 2957 2544 in
3000 2488 3118 2560 ipso
3155 2489 3235 2544 vel
3267 2489 3496 2561 incipit,
3525 2489 3613 2544 vel
3641 2491 3728 2543 de-

2139 2581 2286 2645 sinit,
2316 2579 2400 2636 vel
2431 2587 2576 2635 totus
2606 2578 2918 2647 includitur,
2948 2586 3003 2633 et
3030 2578 3110 2635 sic
3135 2594 3233 2650 per
3259 2580 3509 2634 ordinem
3540 2580 3727 2648 singu-

2138 2674 2219 2729 los
2261 2687 2476 2728 menses
2513 2671 2809 2727 secundum
2850 2671 3117 2727 rationem
3165 2686 3353 2726 eorum
3387 2680 3720 2741 computant.

2137 2761 2428 2832 Postquam
2467 2776 2596 2832 ergo
2634 2760 2701 2815 de
2741 2759 2853 2816 sole
2883 2761 3202 2831 disputavit,
3237 2771 3637 2833 consequenter
3664 2763 3729 2818 de

2138 2851 2260 2906 luna
2284 2851 2499 2924 adjecit,
2528 2852 2654 2922 quia
2682 2852 2956 2908 Christum
2980 2855 3225 2924 sequitur
3250 2853 3517 2920 Ecclesia,
3540 2863 3598 2910 et
3618 2856 3722 2911 sic-

2137 2954 2196 2999 ut
2238 2945 2360 3000 luna
2402 2961 2431 3000 a
2458 2944 2590 3011 sole,
2620 2945 2695 3000 ita
2720 2953 2775 3002 et
2801 2944 3040 3002 Ecclesia
3068 2962 3100 3001 a
3127 2946 3347 3003 Christo
3366 2947 3722 3013 illuminatnr,

2135 3044 2191 3089 et
2217 3036 2333 3107 ejus
2357 3036 2525 3107 gloria
2563 3036 2856 3093 stabiliter.
2887 3036 2963 3093 De
2995 3039 3096 3094 hoc
3121 3054 3251 3111 ergo
3280 3039 3332 3094 in
3362 3040 3609 3112 psalmo,
3636 3042 3723 3096 ubi

438 3135 684 3193 vertatur
709 3136 764 3183 et
790 3144 977 3185 sanem
1007 3144 1132 3186 eum
1160 3128 1294 3204 (Im.
1329 3130 1425 3201 vi).
1464 3151 1483 3183 ι
1522 3129 1628 3187 sed
1663 3103 1788 3202 quia
1817 3131 1936 3188 haec
1961 3132 2029 3188 ad
2058 3103 2103 3165 Ο
2136 3128 2199 3182 dc
2227 3103 2425 3198 regent
2446 3128 2555 3184 lilio
2578 3130 2720 3201 regis
2743 3131 2971 3201 mystice
2995 3103 3265 3202 Propheta
3287 3103 3553 3203 loquitur,
3580 3132 3725 3189 Scri-

437 3225 652 3291 tempus
681 3220 974 3277 Dominicae
1011 3220 1403 3278 incarnationis
1436 3224 1673 3279 maxime
1710 3225 2026 3296 respiciunt,

438 3309 527 3365 ubi
556 3310 822 3381 superbus
851 3311 1068 3367 auditus
1107 3310 1416 3368 Judacorum
1445 3321 1501 3367 et
1526 3314 1677 3369 visus
1706 3324 1897 3384 captus
1922 3324 2026 3380 est,

438 3401 514 3456 ita
542 3409 605 3457 ut
627 3415 734 3456 non
756 3400 1057 3473 intelligere
1085 3404 1389 3473 potuissent
1411 3403 1555 3459 dicta
1578 3402 1901 3470 Salvatoris,
1930 3422 2029 3462 nec

436 3491 663 3548 credere
687 3492 962 3549 miraculis
983 3494 1051 3550 ab
1077 3511 1144 3551 eo
1169 3494 1349 3561 factis,
1373 3496 1620 3552 dicamus
1642 3497 1743 3554 hoc
1766 3500 1910 3568 quod
1937 3514 2027 3556 se-

442 3581 629 3650 quitur
662 3599 673 3633 :

517 3689 537 3722 ε
579 3669 804 3744 Magnus
837 3672 1095 3730 Dominus
1123 3676 1212 3744 qui
1255 3674 1385 3731 fecit
1424 3676 1606 3742 illum,
1638 3687 1689 3730 et
1726 3677 1781 3732 in
1816 3691 2025 3731 sermo-

443 3781 464 3814 σ
501 3762 661 3818 nibus
687 3763 805 3834 ejus
838 3762 1115 3820 festinavit
1150 3766 1273 3820 iter.
1313 3787 1332 3818 ι
1373 3765 1599 3837 Magnus
1635 3768 1816 3836 itaque
1844 3766 2027 3822 Domi-

436 3868 561 3920 nus,
592 3854 682 3924 qui
720 3854 794 3909 ita
823 3857 1144 3925 temperavit
1173 3872 1238 3911 ac
1272 3858 1539 3927 disposuit
1565 3858 2024 3928 dispensationem

438 3944 829 4001 incarnationis
855 3944 1171 4001 mediatoris
1197 3948 1291 4003 Dei
1317 3957 1372 4002 et
1398 3949 1698 4012 hominum,
1726 3956 1785 4002 ut
1807 3949 2025 4020 superbi

435 4033 636 4102 quique
665 4033 1157 4101 confunderentur,
1188 4046 1244 4091 et
1277 4038 1509 4093 humiles
1540 4039 1766 4094 scientia
1797 4039 1891 4094 Dei
1929 4041 2024 4095 ho-

434 4132 779 4189 norarentur,
819 4134 879 4179 ut
913 4126 1211 4195 prudentes
1236 4136 1292 4183 et
1332 4129 1609 4198 sapientes
1649 4128 1805 4184 istius
1837 4132 2023 4186 mumli

434 4230 542 4267 non
572 4223 830 4282 caperent
866 4215 1190 4284 sapientiam
1232 4217 1503 4283 divinam,
1543 4234 1663 4289 quae
1693 4220 1941 4289 parvulis
1968 4229 2025 4277 et

434 4304 729 4361 humilibus
754 4306 989 4361 revelata
1020 4315 1121 4362 est.
1149 4308 1300 4363 Tune
1337 4309 1391 4362 iu
1431 4312 1773 4368 sermonibus
1801 4313 1917 4383 ejus
1946 4311 2024 4368 fe-

433 4396 657 4474 stinavit
683 4397 808 4462 iter,
835 4399 1090 4470 quoniam
1119 4400 1171 4453 in
1202 4401 1582 4470 praedicatione
1604 4403 1747 4458 sacri
1775 4403 2020 4476 Evange-

430 4493 487 4548 lii
517 4503 815 4566 prteparata
857 4504 941 4551 est
980 4496 1067 4550 via
1095 4495 1315 4562 salutis,
1348 4506 1403 4551 et
1441 4498 1619 4553 aditus
1654 4499 1831 4567 patuit
1869 4499 2019 4569 regni

430 4588 688 4653 cmlestis,
719 4596 780 4642 ut
805 4589 1115 4658 rhomphaea
1150 4589 1242 4643 illa
1273 4589 1428 4661 ignea
1447 4630 1463 4655 ,
1493 4604 1612 4658 quas
1643 4597 1764 4658 post
1800 4588 2022 4657 eiectio-

428 4694 550 4735 nem
589 4678 905 4751 protoplasti
944 4681 1012 4735 de
1040 4679 1294 4748 paradiso
1329 4679 1396 4732 ad
1437 4678 1844 4733 custodiendam
1875 4679 2017 4734 viam

425 4767 557 4837 ligni
583 4767 708 4822 vita:
731 4766 987 4838 deputata
1016 4775 1118 4832 est,
1145 4782 1245 4837 per
1268 4766 1469 4822 Christi
1500 4766 1815 4838 sanguinem
1843 4782 2018 4822 remo-

425 4864 672 4923 veretur,
715 4866 769 4912 et
803 4857 990 4913 electis
1035 4858 1131 4914 Dei
1174 4857 1355 4913 aditus
1400 4858 1499 4912 V'ltE
1544 4857 1799 4926 perennis
1840 4859 2016 4927 aperi-

424 4952 597 5000 retur.

500 5052 520 5086 ‹
566 5034 633 5089 Ει
679 5036 803 5091 luna
848 5038 901 5091 in
944 5039 1195 5094 omnibus
1239 5038 1572 5109 temporibus
1619 5037 1731 5093 suis
1774 5040 2011 5093 ostensio

425 5142 448 5177 α
488 5125 765 5194 temporis,
795 5136 849 5180 et
874 5128 1084 5197 signum
1111 5128 1231 5181 (cvi.
1261 5128 1307 5180 A
1336 5127 1461 5182 luna
1486 5128 1697 5198 signum
1731 5126 1835 5181 diei
1863 5126 2006 5190 festi,

426 5210 747 5275 (luminare
772 5214 914 5283 quod
945 5216 1206 5269 minuitur
1235 5218 1289 5270 in
1312 5216 1780 5271 consummatione
1808 5218 2008 5270 mensis

426 5330 445 5361 ι
484 5307 780 5366 secundum
810 5323 1008 5363 nomen
1038 5309 1154 5378 ejus
1184 5316 1297 5374 est,
1326 5324 1577 5365 crescens
1620 5308 2009 5364 admirabiliter

423 5417 445 5452 ι
482 5401 537 5456 in
574 5399 1058 5456 consummatione.
1096 5400 1201 5455 Vas
1232 5409 1534 5457 castrorum
1562 5402 1615 5456 in
1653 5403 1880 5458 excelsis
1910 5421 1921 5457 :
1953 5404 2005 5458 in

423 5508 444 5541 ι
482 5493 822 5548 tlrmamento
848 5486 978 5547 cteli'
995 5491 1346 5562 resplendens
1367 5492 1624 5564 gloriosa.
1650 5512 1668 5543 ι
1699 5492 1851 5561 Quod
1877 5495 2006 5549 dicit

417 5580 601 5635 lunam
632 5583 997 5639 ostensioncm
1027 5598 1149 5639 esse
1177 5585 1435 5654 temporis
1469 5592 1523 5640 et
1547 5584 1759 5653 signum
1791 5586 1889 5640 εεγὶ
1922 5596 2003 5640 at-

418 5682 521 5738 que
547 5669 651 5724 diei
680 5670 826 5739 festi,
856 5674 1092 5729 ostendit
1120 5675 1262 5744 quod
1302 5675 1413 5744 ipsa
1447 5675 1739 5730 menstruis
1780 5675 2002 5730 defecti-

2132 3228 2287 3291 ptura
2318 3231 2728 3288 commemorat,
2758 3223 2947 3279 dicens
2976 3242 2989 3277 :
3029 3244 3047 3276 ι
3084 3223 3433 3281 Pcrmanebit
3459 3241 3586 3281 cum
3609 3225 3719 3281 sole

2130 3321 2186 3366 et
2213 3320 2339 3367 ante
2364 3312 2546 3367 iuriam
2574 3313 2626 3368 in
2654 3313 2912 3369 saeculum
2946 3314 3129 3370 smculi
3160 3312 3337 3387 (Psal:
3360 3318 3533 3389 ιςιιι).
3574 3338 3593 3370 ι
3625 3315 3719 3371 Sol

2130 3406 2328 3477 quippe
2350 3414 2431 3461 est
2456 3406 2690 3461 Verbum
2715 3405 2911 3469 Patris.
2945 3406 3114 3462 Filius
3139 3406 3255 3471 Dei,
3277 3409 3369 3479 qui
3398 3409 3540 3464 Deus
3561 3410 3721 3465 homo

2131 3510 2270 3551 unus
2299 3510 2366 3551 ex
2397 3495 2605 3551 duabus
2635 3504 2691 3551 et
2712 3496 2763 3551 in
2793 3497 3002 3552 duabus
3030 3498 3242 3553 naturis
3264 3499 3537 3556 distinctis
3559 3510 3722 3571 atque

2128 3584 2387 3655 perfectis
2424 3595 2704 3656 permanet
2750 3586 3032 3654 Christus;
3080 3598 3362 3659 permanet
3399 3606 3532 3646 vero
3565 3591 3726 3646 Chri-

2128 3686 2244 3733 stus
2272 3686 2397 3733 ante
2424 3677 2605 3733 lunam
2624 3718 2638 3742 ,
2667 3678 2720 3733 id
2748 3687 2862 3744 est,
2892 3688 3017 3734 ante
3053 3691 3405 3752 conSpectum
3442 3682 3719 3745 Ecclesiae,

2127 3782 2289 3836 quem
2322 3768 2503 3822 cordis
2520 3782 2735 3839 semper
2755 3767 3047 3823 luminibus
3069 3779 3385 3833 contuetur;
3415 3771 3541 3826 luna
3572 3774 3721 3826 enim

2126 3857 2382 3915 Ecclesia:
2407 3859 2604 3914 merito
2627 3868 2991 3931 comparatur,
3015 3876 3133 3931 quae
3158 3863 3399 3917 nativum
3426 3881 3531 3919 non
3554 3864 3721 3918 habet

2127 3951 2498 4021 Splendorem,
2528 3952 2622 4007 sed
2659 3967 2688 4006 a
2719 3952 2832 4009 sole
2866 3953 3031 4007 certis
3057 3954 3232 4009 modis
3257 3956 3483 4026 suScipit
3511 3956 3720 4019 lumen,

2125 4041 2270 4110 quod
2305 4042 2604 4096 astronomi
2646 4041 2783 4095 inter
2818 4040 2922 4095 alia
2960 4042 3248 4112 diligenter
3287 4052 3591 4112 exponunt;
3639 4044 3722 4097 sie

2125 4147 2254 4202 ergo
2284 4131 2522 4186 Ecclesia
2553 4149 2584 4186 a
2625 4148 2752 4188 vero
2791 4131 2883 4186 illo
2910 4143 3155 4189 creatore
3190 4143 3498 4189 mensurate
3527 4148 3725 4189 susce-

2119 4225 2201 4305 pit
2228 4224 2428 4289 lumen,
2456 4239 2579 4293 qua:
2605 4224 2763 4278 modo
2788 4224 3255 4295 persecutionibus
3286 4223 3498 4278 videtur
3530 4224 3719 4278 immi-

2125 4314 2239 4379 nui,
2265 4314 2567 4383 iterumquc
2595 4314 2984 4384 tranquillitate
3006 4323 3223 4384 recepta
3245 4313 3528 4369 clarissimi
3555 4314 3722 4368 lumi-

2125 4404 2209 4458 nis
2238 4403 2510 4459 hilaritate
2551 4404 2873 4475 completur.
2915 4404 3066 4461 Unde
3103 4404 3302 4460 dicitur
3330 4406 3473 4476 quod
3500 4416 3721 4461 crescat

2125 4492 2446 4547 mirabiliter
2475 4495 2529 4546 in
2561 4493 3039 4549 consunnuatione.
3070 4493 3191 4564 ipsa
3228 4510 3359 4550 sane
3387 4504 3469 4551 cst
3500 4511 3593 4549 vas
3623 4511 3720 4549 ca-

2122 4591 2356 4639 strorum
2385 4586 2439 4639 in
2470 4586 2720 4653 excelsis,
2756 4587 2807 4640 in
2838 4586 3180 4641 firmamento
3207 4588 3334 4642 coeli
3363 4586 3718 4656 rcsplendens

2119 4677 2374 4748 gloriosa,
2396 4679 2522 4747 quia
2543 4678 2657 4748 ipsa
2675 4678 2979 4733 animarum
2999 4678 3237 4734 fidelium
3257 4680 3504 4734 consistit
3529 4682 3711 4742 turba,

2120 4785 2239 4839 qua:
2268 4769 2321 4822 in
2360 4768 2702 4825 {irritamento
2728 4770 2971 4826 veritatis
2998 4778 3054 4825 et
3078 4769 3275 4825 divina:
3302 4770 3711 4840 przedicationis

2119 4874 2216 4931 per
2243 4869 2410 4915 totum
2437 4862 2621 4915 orbem
2653 4862 2882 4932 gloriosa
2914 4862 3239 4933 resplendet.

2194 4971 2211 5000 ε
2248 4952 2469 5020 Species
2495 4952 2616 5005 coeli
2639 4992 2652 5017 ,
2680 4952 2847 5022 gloria
2874 4953 3150 5008 stellarum
3170 4993 3185 5019 ,
3219 4953 3476 5007 mundum
3502 4951 3714 5009 illumi-

2123 5059 2141 5090 ‹
2179 5057 2313 5095 nans
2344 5042 2396 5095 in
2424 5041 2656 5097 excelsis
2691 5041 2964 5096 Dominus.
2998 5041 3066 5096 Et
3099 5043 3152 5096 in
3183 5043 3366 5097 verbis
3393 5042 3559 5097 sancti
3588 5052 3710 5096 sta-

2122 5150 2139 5181 c
2184 5131 2317 5187 bunt
2352 5132 2419 5185 ad
2448 5133 2740 5202 judicium,
2777 5144 2830 5187 et
2870 5149 2976 5188 non
3013 5135 3373 5189 exardescent
3415 5136 3465 5188 in
3501 5134 3709 5203 vigiliis

2120 5242 2138 5273 ‹
2176 5223 2305 5277 suis.
2358 5244 2375 5276 ι
2413 5224 2648 5278 Ornatus
2687 5224 2943 5280 Ecclesia:
2976 5237 3291 5280 sanctorum
3334 5225 3705 5296 pulchritudo,

2115 5302 2249 5385 quos
2296 5316 2554 5370 Dominus
2599 5318 2850 5371 excelsus
2895 5318 3166 5372 ordinavit
3207 5326 3271 5381 ut,
3312 5316 3704 5389 prmdicatioue

2113 5405 2387 5476 Evangelii
2410 5416 2461 5460 et
2484 5406 2741 5460 virtutum
2768 5406 2935 5477 signis
2954 5408 3140 5463 orbem
3167 5406 3702 5463 illustraretunivcr—

2113 5511 2254 5561 sum,
2290 5496 2341 5549 hi
2380 5497 2433 5550 in
2462 5496 2642 5551 verbis
2673 5498 2876 5552 sanctis
2896 5539 2909 5562 ,
2936 5499 3039 5554 hoc
3074 5509 3160 5552 est
3198 5499 3251 5552 in
3279 5498 3513 5553 doctrina
3542 5511 3700 5550 vene

2113 5587 2237 5641 lidci
2275 5598 2657 5656 permanentes
2695 5591 3085 5658 exspectabant
3119 5590 3381 5656 judicium
3419 5587 3536 5649 Dei,
3586 5602 3697 5641 nec

2112 5678 2527 5732 adversitatibns
2576 5681 2730 5735 istius
2772 5680 2948 5733 ssi-culi
2999 5680 3352 5749 franguntur,
3400 5689 3565 5748 neque
3620 5676 3697 5729 ad
