3926 6168
480 333 612 386 ω’ῖῦ

1109 323 1166 375 Β.
1211 319 1459 372 ΒΛΒᾹΝΙ
1503 317 1721 370 MAN“
1776 315 2059 368 \litjlillii‘

2178 313 2433 370 OGUNT.
2477 311 2768 369 OPERUM
2801 313 2982 368 PARS
3020 313 3062 367 ι.

3618 318 3638 370 1
3649 316 3755 372 υτῦ

474 465 604 512 ms;
636 444 729 499 sed
754 451 929 495 tamen
954 453 1090 506 saepe
1118 437 1196 498 lit,
1229 441 1284 486 ut
1313 433 1474 486 iidem
1495 445 1592 500 per
1610 428 2044 498 praedicationem
2076 433 2123 490 Α
2152 442 2502 481 escensurum
2547 425 2600 479 in
2647 423 2842 480 celum
2874 438 3037 493 super
3065 433 3210 478 astra
3241 425 3365 490 Dei,
3395 437 3452 482 et
3485 428 3758 485 exaltattk

474 537 628 592 verbi
649 532 813 588 divini
851 531 1169 583 moveantur
1205 523 1272 577 ad
1311 521 1700 579 correctionem
1732 520 1814 573 sui
1852 519 2051 583 delicti,

475 640 526 684 et
570 627 629 680 tit
667 624 746 679 eis
789 621 876 676 ille
917 628 1094 674 motus
1132 613 1393 678 salubris,
1438 613 1632 682 quibus
1674 611 1914 665 anterior
1955 609 2055 662 fuit

474 711 816 774 danmabilis.
846 711 919 764 De
943 711 1026 762 his
1051 707 1246 777 quippe
1273 701 1545 758 montibus
1566 701 1620 754 in
1644 697 1899 769 psalterio
1922 696 2055 752 scri-

475 821 626 878 pttnn
653 815 734 861 est
769 822 780 857 τ
819 822 838 853 ι
877 801 1082 855 Montes
1108 799 1247 853 sicut
1274 811 1396 850 cera
1424 793 1692 847 fluxerunt
1725 807 1752 844 a
1779 789 1917 843 faeie
1946 788 2054 844 Do-

477 902 639 966 mini,
689 913 718 952 a
765 895 905 950 facie
954 891 1164 947 Domini
1205 889 1423 942 tremuit
1466 886 1643 940 omnis
1691 894 1838 938 terra
1881 880 2053 954 (Paul.

479 990 644 1059 xcvn).
684 1008 702 1040 ι
735 985 856 1040 Istis
882 981 1143 1052 siquidem
1173 975 1477 1041 mentibus,
1506 975 1606 1028 hoc
1632 983 1713 1027 est
1732 1015 1744 1038 ,
1777 972 1931 1027 elatis
1955 971 2055 1026 ho-

479 1083 734 1147 minibus,
763 1079 854 1149 qui
882 1089 935 1133 et
961 1074 1139 1131 szeculi
1170 1072 1328 1140 hujus
1357 1070 1666 1125 altitudines
1697 1075 1976 1137 appetunt,
2007 1075 2061 1120 et

479 1175 750 1226 insensata
789 1165 1173 1237 superstitione
1209 1162 1528 1222 durescunt,
1561 1157 1882 1212 mirabiliter
1913 1170 2061 1210 com-

479 1271 670 1331 parata
704 1269 786 1314 est
827 1271 949 1311 cera
991 1255 1230 1324 liquens,
1272 1251 1527 1323 quoniam
1572 1257 1720 1302 tanto
1761 1247 1967 1301 facilius
2007 1247 2061 1300 in

478 1351 852 1422 paenitentiam
891 1344 1168 1408 defluunt,
1203 1349 1406 1413 quanto
1445 1355 1504 1395 se
1535 1339 1730 1394 duritia
1773 1337 2066 1394 immobilis

479 1457 600 1496 esse
623 1439 985 1501 crediderunt,
1015 1434 1155 1505 quod
1183 1432 1450 1499 hodieque
1482 1429 1596 1483 fieri
1627 1427 2059 1496 comprobamus,

486 1548 607 1587 cum
637 1538 932 1602 putestates
963 1525 1141 1582 saeculi
1171 1524 1251 1578 vel
1281 1522 1470 1592 pagani
1499 1520 1578 1574 vel
1605 1521 1840 1574 hmretici
1866 1519 2064 1583 vocati,

483 1621 807 1676 damnantes
871 1616 1302 1686 superstitiosum
1342 1621 1559 1675 votum,
1605 1611 1842 1663 divinum
1899 1611 2068 1679 magis

482 1711 683 1781 eligunt
713 1709 895 1765 subire
919 1707 1220 1762 servitium.

2159 533 2277 571 rum
2308 517 2500 572 solium
2526 531 2682 570 suum
2711 515 2766 569 in
2795 520 2978 568 monte
3021 513 3349 569 Testamenti
3387 515 3444 570 in
3490 515 3753 574 lateribus

2157 608 2469 678 aquilonis?
2503 606 2672 677 Hujus
2691 621 2822 660 vero
2853 613 3148 674 tempestas
3174 614 3227 660 et
3256 608 3611 678 congregatio
3644 610 3755 678 spl—

2158 702 2294 754 ritus
2315 707 2440 754 sunt
2467 698 2615 751 varia
2645 704 2997 761 tentamenta,
3027 710 3163 765 quas
3184 710 3283 766 per
3307 697 3579 769 malignos
3603 700 3757 770 spiri-

2158 799 2246 847 tus
2274 790 2541 846 mentibus
2572 790 2822 844 humanis
2851 789 2992 844 idem
3025 789 3198 844 hostis
3220 789 3474 859 antiquus
3503 793 3754 861 ingerere

2160 891 2350 945 certat,
2402 889 2461 934 ut
2514 893 2606 934 eas
2644 895 2673 932 a
2715 886 2858 933 statu
2889 886 3048 933 recta:
3077 877 3196 933 fidei
3232 877 3532 945 subvertat,
3567 890 3620 935 et
3651 881 3758 936 fer-

2162 987 2291 1026 vore
2321 970 2623 1025 dilectionis
2670 969 2765 1024 Dei
2804 967 3098 1038 frigescere
3144 967 3339 1035 faciat;
3390 970 3480 1025 hic
3529 979 3756 1042 propter

2162 1064 2448 1119 elationem
2477 1061 2659 1116 cordis
2693 1068 2839 1114 recte
2874 1059 2957 1113 avi
2986 1067 3356 1130 comparatur,
3393 1061 3485 1130 qui
3513 1063 3756 1133 aspargit

2163 1157 2338 1211 nivem
2379 1155 2447 1209 ad
2477 1153 2793 1217 sedendum,
2831 1167 2952 1207 cum
2997 1167 3092 1223 per
3130 1154 3362 1223 rigorem
3391 1154 3627 1220 malitia:
3662 1156 3754 1209 ubi

2165 1246 2382 1311 insidat,
2417 1253 2683 1315 praeparat
2713 1242 2812 1297 sibi
2846 1243 3247 1308 habitaculum;
3281 1243 3396 1312 ipse
3423 1244 3584 1312 quasi
3611 1243 3757 1298 locu-

2165 1347 2246 1393 sta
2279 1351 2503 1393 ascensu
2543 1347 2640 1391 Suo
2689 1337 2971 1406 demergit,
3014 1336 3137 1404 quia
3179 1334 3439 1404 quidquid
3475 1335 3644 1389 viride
3673 1338 3756 1390 vel

2167 1428 2502 1484 fructiferum
2539 1429 2739 1498 reperit
2783 1428 3072 1482 corrodere
3100 1435 3262 1494 atque
3298 1425 3603 1498 exstirpare
3632 1442 3760 1481 con-

2169 1522 2355 1576 tendit.

2247 1633 2263 1664 (
2300 1612 2766 1666 Pulchritudinem
2793 1611 2988 1666 coloris
3020 1612 3135 1681 ejus
3172 1612 3531 1665 admirabitur
3551 1613 3759 1676 oculus,

2179 1726 2195 1755 ι
2232 1715 2284 1759 et
2313 1720 2473 1774 super
2501 1705 2726 1758 imbrem
2756 1706 2872 1773 ejus
2900 1706 3206 1774 expavescit
3239 1722 3351 1758 cor.
3387 1727 3403 1756 ι
3457 1703 3762 1758 Pulchritu—

561 1776 580 1856 ἱ
623 1806 732 1859 Vox
761 1803 980 1858 tonitrui
1007 1802 1122 1870 ejus
1147 1798 1450 1852 verberabit
1474 1807 1689 1850 terram.
1716 1815 1732 1846 ι
1758 1795 1894 1861 Quid
1919 1794 2070 1847 enim
2097 1776 2140 1835 Β
2168 1798 2344 1850 dinem
2380 1809 2507 1849 vero
2534 1795 2656 1863 ejus
2679 1796 2868 1849 oculus
2918 1793 3294 1860 admirahitur,
3341 1809 3463 1848 cum
3509 1810 3568 1849 se
3610 1793 3762 1866 ﬁngit

486 1916 580 1968 per
606 1898 926 1959 tonitruum,
959 1895 1058 1946 nisi
1087 1891 1397 1961 praedicatio
1425 1889 1641 1957 superni
1671 1887 1892 1940 terroris
1919 1887 2060 1937 arci-

486 1988 663 2058 pitur?
691 2002 848 2056 quem
876 1994 1136 2038 terrorem
1164 1981 1287 2035 dum
1318 1981 1619 2049 percipiunt
1649 1980 1878 2031 humana
1904 1979 2067 2031 corda

485 2078 818 2147 quatiuntur.
853 2073 1153 2142 Aliquando
1177 2087 1301 2125 vero
1328 2072 1378 2124 in
1408 2070 1646 2124 tonitruo
1673 2070 1785 2138 ipse
1817 2069 2067 2122 incarna-

486 2179 571 2220 tus
612 2165 869 2219 Dominus
899 2165 1192 2233 figuratur,
1225 2163 1347 2229 quia
1374 2177 1439 2215 ex
1479 2162 1822 2228 antiquorum
1853 2170 2066 2228 patrum

487 2258 842 2312 conveniente
871 2257 1151 2326 prephetia
1182 2256 1246 2308 ad
1275 2255 1518 2307 notitiam
1549 2263 1788 2306 nostram
1820 2254 1972 2322 quasi
2003 2267 2067 2306 ex

489 2350 709 2403 nubium
737 2348 1090 2404 concursione
1121 2346 1362 2416 prolatus
1391 2353 1492 2408 est,
1522 2345 1612 2413 qui
1645 2345 1785 2397 inter
1813 2359 1910 2398 nos
1937 2344 2067 2397 visi-

486 2439 662 2493 biliter
691 2453 981 2507 apparens,
1014 2453 1075 2490 ea
1107 2451 1229 2505 quae
1257 2451 1418 2506 super
1449 2450 1550 2488 nos
1573 2443 1729 2488 erant
1758 2435 2071 2488 terribiliter

487 2532 686 2586 sonuit.
717 2530 869 2586 Unde
893 2539 946 2584 et
972 2531 1072 2600 ipsi
1098 2531 1268 2583 sancti
1299 2528 1523 2599 apostoli
1551 2529 1616 2582 de
1642 2531 1758 2599 ejus
1779 2531 1950 2600 gratia
1981 2545 2070 2601 ge-

491 2621 664 2676 nerati
701 2620 1036 2692 boanerges,
1078 2621 1130 2674 id
1185 2630 1268 2673 est
1307 2620 1414 2674 lilii.
1451 2619 1672 2675 tonitrui
1722 2630 1849 2674 sunt
1895 2623 2070 2676 vocati

489 2711 681 2782 (Marc.
727 2712 832 2782 ιιι).
864 2713 1166 2782 Aliquando
1197 2723 1375 2767 autem
1396 2755 1409 2778 ,
1444 2713 1579 2767 sicut
1616 2713 1818 2768 dictum
1849 2724 1961 2779 est,
1993 2723 2072 2769 to-

490 2802 702 2856 nitruus
751 2817 849 2873 pro
897 2803 1009 2873 ipsa
1058 2803 1172 2872 ejus
1217 2803 1599 2873 prmdicatioue
1644 2805 1926 2874 accipitur,
1978 2823 2074 2877 per

488 2907 650 2961 quam
693 2907 1050 2964 supernorum
1091 2892 1418 2961 judiciorum
1468 2903 1646 2949 terror
1681 2894 1915 2949 auditur.
1957 2895 2071 2951 Vox

488 2985 704 3054 quidem
736 2985 962 3038 tonitrui
989 2985 1280 3054 exprobrat
1308 2992 1509 3038 terram
1530 3027 1542 3051 ,
1575 2987 1796 3055 quando
1815 2988 2073 3056 praedica-

490 3081 565 3128 tio
597 3075 774 3130 divina
806 3076 1117 3130 carnalibus
1148 3075 1257 3144 (qui
1289 3083 1445 3130 terrae
1473 3078 1690 3130 nomine
1724 3078 1823 3130 rite
1850 3087 2073 3132 cenaen-

492 3168 599 3235 tur)
633 3165 960 3234 increpando
989 3164 1277 3219 innotescit
1303 3180 1399 3218 sua
1426 3165 1578 3226 vitia,
1609 3176 1666 3219 ut
1703 3167 1787 3221 his
1817 3169 2073 3237 depositis

490 3272 547 3310 se
575 3267 875 3326 praeparent
900 3259 965 3310 ad
996 3256 1316 3310 audiendum
1344 3262 1615 3326 praecepta
1645 3259 1841 3311 divina.
1869 3259 1944 3312 De
1970 3259 2072 3314 hoc

490 3361 704 3414 quoque
734 3346 972 3398 tonitruo
999 3345 1257 3414 scriptum
1292 3355 1375 3399 est
1404 3359 1417 3398 :
1451 3364 1469 3396 ι
1512 3346 1623 3400 Vox
1655 3348 1880 3401 tonitrui
1913 3351 1985 3402 tui
2020 3350 2073 3403 in

495 3443 610 3487 rota
631 3474 645 3499 ,
671 3433 962 3488 illuxerunt
990 3436 1396 3490 coruscatioues
1423 3443 1527 3490 tua:
1553 3437 1669 3490 orbi
1703 3447 1861 3491 terrte
1878 3477 1890 3500 ,
1923 3453 2071 3492 com-

494 3536 640 3581 mota
667 3535 748 3584 est
773 3537 828 3580 ct
857 3527 1180 3582 contremuit
1207 3522 1373 3582 terra.
1413 3547 1430 3580 ι
1466 3526 1528 3580 Ει
1553 3528 1654 3581 hoc
1687 3541 1899 3598 quoque
1927 3543 2076 3582 com-

492 3619 731 3688 parative
774 3619 1000 3685 dicitur,
1042 3620 1169 3689 quia
1216 3621 1433 3674 tonitrui
1487 3637 1588 3673 vox
1634 3621 1706 3674 ita
1758 3622 2072 3685 revolvitur,

491 3710 643 3778 quasi
680 3703 744 3764 de
780 3709 916 3764 rotis
952 3710 1136 3764 venire
1176 3713 1638 3780 perStrepcntibus
1673 3713 1953 3776 audiatur;
1995 3712 2073 3766 sic

493 3800 635 3853 enim
665 3815 786 3852 cum
817 3799 882 3853 de
908 3815 1118 3854 summo
1153 3799 1410 3866 funditur,
1441 3805 1612 3871 spatia
1641 3803 1897 3856 cmloruut
1927 3803 2074 3857 volu-

491 3889 581 3942 bili
613 3891 1038 3943 murmuratione
1063 3899 1463 3960 pertranseunt,
1492 3901 1548 3944 ut
1576 3901 1787 3946 rotatas
1815 3905 1976 3963 atque
2002 3895 2072 3948 si-

493 3993 693 4034 nuosus
739 3981 852 4050 ipse
900 3983 1108 4036 sonitus
1147 3985 1444 4048 sentiatur;
1488 3987 1600 4038 sive
1642 3987 1809 4054 magis
1855 3987 1904 4040 in
1956 3998 2071 4041 rota

489 4069 677 4123 urbem
725 4077 994 4124 terrarum
1027 4072 1283 4127 debemus
1323 4075 1566 4142 accipere
1587 4117 1599 4139 ,
1633 4077 1723 4144 qui
1758 4079 1810 4129 in
1839 4080 2071 4146 speciem

496 4173 626 4218 rotae
655 4164 896 4219 absoluta
938 4167 1262 4220 rotunditate
1290 4169 1645 4223 concluditur.
1683 4169 1736 4223 lu
1776 4179 1890 4224 rota
1919 4188 2069 4242 ergo,

493 4258 544 4311 id
570 4267 674 4323 est,
700 4258 754 4310 in
784 4258 982 4312 nmudo
1008 4273 1106 4311 vox
1139 4259 1358 4313 tonitrui
1389 4255 1504 4327 ejus
1529 4273 1744 4330 egressa
1775 4273 1877 4327 est,
1906 4279 2072 4332 quan-

492 4352 560 4404 do
585 4350 969 4422 praedicatores
991 4350 1193 4404 Christi
1224 4351 1481 4405 circulum
1522 4355 1684 4407 totius
1723 4356 1869 4409 orbis
1898 4357 2072 4411 verbis

2171 1890 2472 1943 ministrmn
2503 1904 2622 1942 esse
2654 1888 2872 1942 luminis
2902 1897 2955 1941 et
2990 1888 3221 1959 legatum
3255 1890 3434 1957 pacis;
3477 1889 3569 1941 sed
3603 1904 3764 1958 super

2172 1981 2397 2035 imbrem
2441 1980 2556 2050 ejus
2603 1981 2912 2051 expavescit
2943 1997 3057 2044 cor,
3091 1980 3304 2049 quando
3330 1989 3548 2050 apertas
3585 1995 3763 2048 perse-

2170 2071 2442 2125 cutionum
2474 2070 2731 2140 procellas
2758 2079 2956 2135 movet,
2994 2079 3050 2123 ut
3079 2086 3212 2139 quos
3239 2086 3343 2122 non
3369 2071 3544 2138 potuit
3569 2069 3759 2122 blanda

2173 2161 2409 2222 fictione,
2455 2161 2552 2214 hos
2605 2159 2828 2214 sedarat
2879 2161 3129 2215 tormenti
3172 2161 3563 2231 magnitudine.
3608 2160 3760 2213 Aliud

2171 2253 2366 2323 quippe
2412 2253 2556 2306 idem
2597 2242 2706 2306 doli
2735 2251 2927 2305 artifex
2959 2253 3284 2307 intrinsecus
3315 2253 3477 2322 gerit,
3512 2251 3655 2304 aliud
3681 2265 3753 2304 ex-

2173 2346 2436 2398 trinsecus
2468 2346 2734 2408 ostendit;
2772 2344 3118 2415 transﬁgurat
3164 2345 3306 2398 enim
3339 2360 3395 2398 se
3426 2343 3575 2398 velut
3605 2358 3759 2413 auge-

2171 2438 2278 2490 lum
2311 2439 2464 2500 lucis,
2496 2449 2549 2492 et
2571 2439 2763 2493 callida
2793 2438 3122 2508 deceptionis
3159 2448 3274 2491 arte
3304 2438 3626 2507 plerumque
3649 2452 3760 2506 pro-

2172 2530 2322 2598 ponit
2370 2527 2682 2593 laudabilia,
2722 2539 2778 2581 ut
2828 2528 2896 2582 ad
2947 2525 3126 2581 illicita
3171 2527 3494 2598 pertrahat;
3534 2537 3760 2582 ostentat

2174 2619 2305 2674 foris
2337 2620 2452 2672 visu
2484 2620 2735 2688 gloriosa,
2766 2628 2822 2673 ut
2860 2619 3157 2673 abscondat
3192 2634 3311 2687 qua:
3345 2619 3493 2673 intus
3526 2619 3581 2672 in
3609 2619 3761 2672 corde

2173 2722 2344 2784 gestat
2375 2713 2570 2782 turpia,
2602 2713 2695 2766 sed
2727 2728 2848 2765 cum
2885 2712 2935 2764 in
2966 2711 3066 2764 hoc
3097 2727 3154 2764 se
3181 2710 3435 2765 frustrari
3479 2713 3759 2781 conspicit,

2175 2818 2295 2858 mox
2349 2804 2400 2856 in
2442 2813 2684 2873 apertam
2732 2805 2997 2858 saevitiam
3030 2807 3285 2873 erumpit,
3333 2815 3393 2859 ut
3433 2807 3538 2860 hoc
3579 2804 3757 2859 efﬁciat

2173 2909 2271 2963 per
2318 2902 2599 2948 tormenta-
2637 2894 2778 2963 quod
2829 2910 2934 2946 non
2986 2895 3154 2964 potuit
3197 2894 3375 2951 facere
3437 2913 3538 2965 per
3567 2896 3761 2951 blandi-

2175 2994 2372 3039 menta.

2252 3095 2269 3124 ι
2303 3074 2434 3128 Gelu
2463 3074 2604 3127 sicut
2632 3074 2798 3128 salem
2825 3074 3058 3129 effundet
3093 3093 3256 3146 super
3288 3087 3511 3143 terram,
3550 3088 3610 3131 et
3642 3078 3762 3132 dum

2184 3182 2199 3212 ι
2238 3163 2444 3217 ﬂaverit
2471 3161 2562 3217 flet
2589 3173 2845 3233 tanquam
2878 3168 3124 3219 acumina
3151 3167 3355 3220 tribuli.
3389 3189 3407 3219 ι
3449 3167 3504 3221 ιω
3537 3169 3655 3239 gela
3679 3168 3766 3222 fri-

2176 3271 2274 3324 gus
2306 3255 2637 3310 infidelitatis
2679 3252 2970 3328 figuratur;
3017 3260 3066 3312 in
3108 3259 3216 3314 Sale
3248 3276 3376 3314 vero
3411 3261 3759 3317 iufccnnditas

2175 3347 2433 3415 germinis
2467 3368 2476 3400 :
2507 3348 2630 3417 quia
2679 3349 2986 3419 ubicunque
3031 3352 3109 3404 sal
3143 3353 3193 3404 in
3238 3361 3437 3405 terram
3479 3354 3768 3423 spargitur,

2176 3439 2229 3491 in
2259 3439 2597 3494 sterilitatem
2638 3441 2887 3508 protinus
2911 3444 3158 3506 vertitur,
3190 3444 3329 3497 unde
3357 3447 3618 3514 scriptum
3649 3457 3757 3500 est:

2182 3547 2198 3578 ι
2235 3519 2457 3584 Terram
2487 3531 2818 3588 fructiferam
2849 3536 2901 3587 in
2934 3535 3264 3604 salsuginem
3302 3554 3332 3590 a
3366 3539 3571 3593 malitia
3621 3541 3766 3593 inhc-

2174 3619 2460 3673 bitautium
2517 3621 2569 3674 in
2615 3638 2711 3687 ea;
2742 3644 2760 3674 ›
2811 3633 2863 3676 et
2902 3627 3162 3693 quasdam
3217 3628 3379 3680 urbes
3418 3627 3648 3698 legimus
3689 3630 3758 3683 in

2174 3709 2437 3762 victorum
2490 3711 2600 3765 sale
2644 3713 2961 3779 scminatas,
3008 3726 3068 3768 ut
3107 3715 3307 3770 nullum
3344 3721 3400 3771 in
3436 3719 3523 3772 eis
3548 3735 3760 3788 germen

2175 3801 2427 3853 oriretur.
2459 3800 2591 3856 Gelu
2613 3819 2741 3872 ergo
2765 3804 2901 3858 sicut
2933 3806 3099 3860 salem
3128 3810 3385 3878 antiquus
3407 3809 3584 3864 hostis
3609 3827 3761 3881 super

2175 3901 2375 3946 terram
2401 3891 2655 3958 emindct,
2685 3913 2805 3951 cum
2840 3912 2935 3968 per
2962 3899 3131 3970 frigus
3164 3900 3504 3958 infidelitatis
3533 3913 3759 3959 terreno-

2176 3997 2293 4034 rum
2347 3983 2623 4038 hominum
2671 3988 2832 4042 corda
2877 3990 2944 4042 ad
2998 3988 3202 4046 fructus
3241 3993 3508 4048 bonorum
3538 4012 3761 4067 opemm

2176 4073 2432 4128 inhabilia
2464 4075 2670 4141 reddet,
2702 4087 2755 4130 et
2790 4079 2916 4132 dum
2949 4083 3302 4136 tentationum
3337 4086 3577 4154 procella
3609 4087 3763 4142 flave-

2175 4163 2264 4225 rit,
2300 4164 2422 4218 facit
2461 4183 2521 4220 ea
2566 4176 2819 4238 tanquam
2857 4170 3034 4224 tribuli
3073 4175 3342 4236 acumina,
3375 4175 3479 4232 hoc
3510 4188 3620 4244 est,
3655 4181 3760 4248 spi-

2176 4255 2258 4307 nis
2285 4256 2534 4310 vitiormn
2564 4260 2877 4328 aSperrima.
2932 4257 3006 4314 De
3027 4278 3133 4330 quo
3158 4275 3213 4318 et
3241 4265 3495 4320 subditur
3523 4283 3537 4320 :

2254 4367 2268 4395 ι
2309 4346 2556 4416 Frigidus
2588 4359 2783 4402 ventus
2821 4351 2999 4420 aquilo
3026 4352 3190 4414 flavit,
3226 4364 3281 4408 et
3309 4356 3511 4426 gelavit
3538 4361 3761 4430 crystal-

494 4440 804 4495 tonantibus
836 4440 1211 4509 impleverunt.
1247 4437 1352 4493 Sed
1378 4441 1493 4494 illas
1522 4443 1688 4497 nubes
1711 4445 1904 4514 illaque.
1935 4447 2067 4499 tuni-

2183 4456 2196 4486 ι
2232 4438 2313 4491 lus
2339 4439 2406 4491 ab
2436 4454 2593 4507 aqua.
2626 4461 2642 4492 ι
2701 4440 2996 4512 Crystallus
3037 4461 3165 4499 vero
3195 4456 3276 4501 est
3303 4449 3353 4500 in
3379 4451 3601 4504 modum
3643 4455 3759 4506 vitri

492 4543 609 4585 t-rua
640 4541 938 4601 sequuntur
969 4535 1374 4586 coruscationes
1415 4533 1781 4589 illucescentes
1812 4535 1930 4590 orbi
1959 4549 2068 4591 ter—

491 4638 581 4674 rze.
615 4620 1064 4686 Coruscationes,
1103 4622 1280 4674 divina
1325 4635 1590 4695 praecepta
1630 4627 1790 4688 dicit,
1831 4629 2070 4682 veritatis

491 4711 692 4767 lumine
722 4711 1007 4775 radiantia,
1038 4726 1156 4780 quae
1187 4712 1437 4764 tenebras
1467 4711 1744 4766 hominum
1775 4730 1866 4781 per
1901 4724 2069 4769 totum

491 4801 748 4855 mundum
809 4799 1034 4854 salutari
1091 4797 1481 4854 illuminatione
1532 4801 1869 4872 fugaverunt.
1935 4805 2071 4858 Dicit

487 4890 632 4942 enim
663 4893 900 4943 tonitrua
925 4899 980 4944 et
1008 4891 1412 4945 coruscationes
1448 4891 1562 4945 istm
1593 4893 1720 4962 quid
1749 4895 1977 4961 egerint,
2015 4905 2070 4949 ut

493 4989 669 5037 terra,
713 4980 768 5032 id
817 4989 928 5041 est,
985 4995 1212 5050 corpora
1267 4990 1451 5034 nostra
1498 4993 1968 5038 counnovercntur
2012 4995 2066 5038 et

493 5070 989 5122 contremiscerent.
1036 5071 1236 5131 Audito
1281 5079 1428 5125 tanto
1474 5073 1734 5128 miraculo
1772 5085 2067 5129 commotos

490 5158 687 5226 quippe
722 5168 777 5210 et
817 5159 1163 5214 tremefactus
1202 5161 1320 5215 illos
1357 5161 1517 5226 dicit,
1565 5164 1656 5231 qui
1710 5158 1930 5216 verbum
1975 5165 2066 5218 Dei

490 5249 723 5304 tideliter
747 5249 1030 5304 audientes
1059 5252 1126 5305 ad
1149 5253 1574 5306 conversationis
1597 5241 1836 5308 Studium
1866 5253 2076 5312 Christi

489 5357 714 5398 nutriere
737 5350 1120 5411 Pﬂ'VBDEl‘UhL

565 5457 583 5489 ι
613 5434 928 5505 Tempestas
964 5431 1227 5503 aquilonis
1264 5446 1317 5490 et
1354 5437 1696 5507 congregatio
1733 5438 1971 5506 spiritus.
2016 5449 2067 5492 et

495 5545 516 5579 ι
542 5527 679 5582 sicut
709 5527 822 5582 avis
863 5527 1134 5597 deponens
1171 5527 1240 5582 ad
1279 5524 1568 5583 sedendum
1600 5530 1837 5597 aspargit
1868 5530 2064 5590 nivem,

495 5637 514 5670 ι
539 5629 594 5676 et
627 5622 767 5676 sicut
798 5620 1008 5675 locusta
1039 5621 1356 5690 demergens
1387 5618 1673 5675 descensus
1703 5617 1834 5686 ejus.
1869 5638 1886 5670 ι
1932 5620 2065 5686 Quid

493 5720 588 5768 per
621 5711 922 5781 aquilonem
955 5713 1056 5766 nisi
1085 5712 1170 5766 ille
1201 5711 1539 5780 exprimitur.
1578 5709 1665 5778 qui
1697 5725 1752 5761 se
1781 5709 2066 5780 plaudebat

2180 4541 2274 4596 per
2299 4544 2611 4583 nmncrosas
2634 4547 2878 4602 gemmas
2907 4533 3105 4603 glacies
3137 4537 3458 4602 condurata,
3491 4551 3546 4594 et
3590 4542 3646 4596 in
3675 4543 3760 4596 du-

2183 4623 2357 4674 ritiam
2387 4625 2499 4677 saxi
2537 4623 2744 4692 liquens
2788 4626 3072 4681 admodum
3113 4631 3372 4699 perducta
3419 4633 3752 4699 substantia;

2180 4711 2263 4764 cui
2301 4713 2554 4766 obstinati
2584 4724 2897 4784 peccatores
2927 4718 3120 4771 merito
3151 4732 3567 4790 comparantur,
3601 4727 3693 4794 qui
3729 4742 3755 4778 a

2180 4803 2355 4870 rigore
2385 4804 2620 4871 perfidia}
2651 4808 2931 4861 constricti
2961 4825 3054 4878 per
3086 4810 3203 4864 dies
3234 4813 3476 4883 singulos
3513 4817 3757 4888 congela-

2181 4907 2355 4948 scunt.
2408 4895 2651 4950 lucitatio
2677 4913 2806 4968 ergo
2833 4899 3028 4954 diaboli
3058 4901 3306 4958 homines
3335 4913 3532 4960 natura
3562 4895 3756 4964 inullis-

2180 4987 2345 5040 simos
2371 4986 2527 5040 etlirit
2559 4989 2761 5057 lapides
2784 4991 3004 5057 solidos,
3034 4995 3158 5062 quia
3189 4993 3390 5065 frigore
3416 4997 3665 5066 perfidia:
3690 4999 3757 5052 fa-

2179 5079 2253 5130 cit
2302 5078 2418 5131 illos
2465 5095 2584 5131 esse
2629 5080 2962 5136 durissimos.
3015 5083 3088 5136 De
3127 5099 3236 5153 quo
3275 5087 3330 5139 in
3357 5084 3463 5143 Job
3497 5100 3755 5160 scnme

2176 5179 2256 5220 cst
2290 5187 2300 5220 :
2339 5187 2355 5217 ι
2386 5165 2459 5221 De
2486 5167 2640 5237 cujus
2663 5179 2818 5224 utero
2846 5185 3058 5248 egressa
3088 5183 3172 5227 est
3205 5175 3428 5246 glacies,
3462 5187 3519 5232 et
3539 5178 3668 5250 τεὴ
3693 5179 3755 5232 de

2177 5260 2312 5313 ccelo
2335 5261 2455 5328 quis
2482 5261 2707 5332 genuit?
2740 5262 2794 5339 In
2823 5263 3222 5320 similitudinem
3254 5265 3448 5336 lapidis
3475 5281 3632 5339 aqua
3655 5269 3752 5323 du-

2177 5359 2410 5413 rantur,
2471 5360 2522 5402 et
2576 5338 2887 5421 superficies
2938 5353 3115 5426 abyssi
3169 5338 3560 5428 constringitur
3607 5358 3749 5430 (Job.

2180 5442 2426 5512 xxxviii).
2461 5463 2477 5493 ›
2523 5442 2760 5498 Glaciem
2802 5453 2856 5498 et
2892 5444 3012 5516 gelu
3048 5445 3330 5514 perﬁdiam
3361 5447 3561 5504 diaboli
3592 5450 3755 5519 signi—

2178 5534 2338 5588 iicare
2359 5533 2470 5600 jam
2501 5534 2755 5600 diximus,
2792 5545 2846 5589 et
2879 5552 3049 5604 aquas
3088 5538 3313 5606 populos
3351 5541 3516 5594 etiam
3555 5542 3758 5610 saepius

2177 5625 2474 5679 docuimus.
2534 5627 2697 5679 Satan
2732 5627 2929 5697 quippe
2968 5629 3122 5697 quasi
3156 5629 3222 5683 de
3248 5629 3342 5684 Dei
3370 5631 3754 5702 uteroglacies

2177 5717 2453 5782 processit,
2480 5718 2602 5791 quia
2626 5732 2659 5775 a.
2681 5717 2859 5772 calore
2885 5727 3219 5774 secretorum
3251 5720 3366 5792 ejus
3391 5721 3610 5777 malitia:
3636 5731 3750 5776 tor-
