3926 6168
340 310 483 365 M77

1212 304 1568 366 COMMENT.
1609 306 1677 363 IN
1719 304 2327 363 ECCLESMSTICCII.
2369 340 2426 350 -
2475 308 2600 365 LIB.

3492 320 3625 375 i073

328 440 465 495 pore
495 422 742 495 frigidus,
776 422 1034 494 magister
1077 421 1384 494 iniquitatis
1421 423 1620 485 exivit;
1656 424 1772 492 ipse
1807 420 1925 491 gelu
1957 420 2006 478 Α
2035 419 2141 473 ctio
2172 418 2366 475 diaboli
2399 423 2677 493 accipitur,
2706 424 2844 479 sicut
2867 424 2930 478 de
2959 424 3052 480 illo
3080 442 3109 480 a
3135 426 3363 483 Domino
3391 428 3621 486 dicitur:

326 518 396 571 de
426 516 567 572 coelo
588 523 671 570 est
696 513 931 585 genitus,
963 513 1088 583 quia
1113 516 1509 571 constricturus
1530 515 1693 569 corda
1729 529 1757 567 a
1787 528 1928 568 sum-
1966 519 1995 530 "

327 612 434 667 mis
460 611 658 667 cadere
679 616 763 664 est
785 608 854 663 ad
883 608 989 665 ima
1019 609 1354 677 permissus;
1385 608 1477 678 qui
1504 608 1641 663 bene
1675 606 1729 660 in
1763 603 1927 661 coele—

325 703 504 758 stibus
543 700 822 766 exauditus,
856 700 909 754 in
946 699 1116 771 culpat
1138 698 1341 773 frigore
1370 711 1578 757 mentes
1611 698 1923 770 sequacium

324 793 481 862 quasi
504 791 624 862 gelu
651 792 780 846 dum
814 788 1305 857 ceciditastrmsit,
1343 791 1436 862 qui
1483 790 1548 845 ad
1595 799 1795 849 terram
1838 806 1925 845 ve-

325 886 508 948 niens,
542 883 671 954 quid
699 884 752 938 in
782 882 1094 939 hominibus
1124 885 1294 956 egerit
1319 884 1564 954 expletur
1592 899 1713 939 cum
1746 883 1925 939 subdi-

325 982 419 1028 tur
448 993 461 1027 :
496 993 514 1025 ‹
543 973 601 1030 lu
628 973 1037 1030 similitudinem
1058 973 1250 1043 lapidis
1279 990 1433 1047 aqua:
1462 974 1744 1033 durantur.
1776 993 1797 1029 ι
1832 973 1924 1033 illo

326 1064 495 1131 igitur
524 1063 591 1118 ad
623 1065 732 1119 ima
761 1065 1012 1119 veniente
1037 1065 1091 1121 in
1123 1063 1526 1120 similitudinem
1554 1065 1749 1135 lapidis
1770 1081 1925 1137 aquae

323 1158 535 1210 duratae
569 1166 715 1220 sunt,
759 1157 883 1227 quia
926 1154 1044 1225 ejus
1097 1156 1355 1211 malitiam
1408 1157 1601 1212 imitati
1649 1158 1920 1223 homines,

324 1247 509 1303 molita
560 1250 770 1305 viscera
813 1249 1094 1305 charitatis
1120 1250 1438 1304 amiserunt.
1478 1245 1653 1319 'Cujus
1704 1248 1923 1311 fraudu-

325 1336 472 1393 lenta
502 1340 751 1406 consilia,
784 1339 911 1409 quia
938 1355 968 1393 a
997 1339 1235 1395 seductis
1258 1339 1566 1394 hominibus
1591 1338 1919 1410 deprehendi

324 1446 433 1484 nun
486 1440 751 1502 possunt,
806 1439 953 1486 recte
1003 1428 1361 1500 subjungitur.
1428 1448 1445 1479 ι
1484 1431 1550 1484 Et
1605 1427 1920 1499 superﬁcies

320 1520 506 1592 abyssi
549 1521 956 1592 constringitur.
993 1541 1011 1574 ι
1046 1521 1238 1593 Abyssi
1287 1537 1415 1593 ergo
1438 1521 1752 1593 superﬁcies
1793 1537 1919 1577 con-

319 1615 631 1685 stringitur,
679 1613 804 1685 quia
854 1612 979 1668 dum
1025 1613 1181 1683 quasi
1220 1613 1360 1668 bona
1396 1614 1762 1684 persuasionis
1802 1613 1918 1684 ejus

319 1704 470 1759 velut
497 1705 665 1760 solida
703 1703 899 1776 glacies
929 1702 1255 1767 ostenditur,
1283 1702 1454 1757 latens
1483 1701 1597 1772 ejus
1621 1711 1675 1756 et
1700 1703 1751 1756 in
1788 1717 1915 1771 pro-

321 1791 548 1849 fundum
572 1795 794 1850 trahens
822 1792 1024 1848 malitia
1052 1807 1160 1848 non
1191 1794 1424 1848 videtur.

399 1906 416 1938 ι
446 1885 619 1957 Super
637 1902 848 1942 omnem
873 1887 1299 1942 contractionem
1320 1901 1581 1958 aquarum
1603 1885 1913 1955 requiescit,

327 1996 347 2028 ι
374 1985 431 2032 et
468 1980 605 2033 sicut
644 1978 872 2035 loricam
903 1978 1078 2041 induit
1105 1992 1165 2034 se
1194 1979 1367 2050 aquis.
1403 2002 1420 2032 ι
1478 1978 1577 2039 Hic
1614 1979 1765 2037 locus
1804 1982 1916 2037 sive

319 2070 452 2125 illud
485 2078 696 2142 tempus
726 2072 1000 2142 exprimit,
1038 2072 1253 2142 quando
1282 2071 1569 2127 inﬁdelitas
1595 2080 1719 2126 ante
1739 2071 1916 2126 incar-

317 2162 595 2215 nationem
643 2160 847 2217 Christi
896 2163 951 2216 in
996 2162 1197 2217 mundo
1234 2163 1467 2217 maxime
1507 2162 1817 2233 praevaluit,
1861 2172 1917 2218 et

314 2247 597 2318 gentilium
626 2249 780 2305 turba
812 2250 1076 2305 idolorum
1106 2250 1332 2305 culturae
1363 2258 1476 2306 toto
1514 2251 1635 2306 nisu
1667 2252 1911 2318 servivit,

315 2354 413 2395 seu
440 2341 760 2407 etiamnum,
787 2357 909 2396 cum
944 2341 1070 2397 licet
1094 2342 1248 2397 multi
1291 2343 1398 2397 sint
1438 2341 1655 2399 Christo
1681 2346 1910 2400 creden-

311 2439 416 2496 tes,
448 2439 507 2486 et
536 2440 717 2487 tamen
752 2433 806 2488 in
853 2432 1085 2505 singulis
1118 2433 1428 2490 nationibus
1469 2435 1610 2490 idem
1658 2436 1914 2506 antiquus

312 2521 490 2578 hostis
520 2537 647 2579 suos
676 2524 968 2580 servitores
988 2524 1174 2590 habet,
1208 2525 1261 2579 in
1294 2525 1489 2595 quibus
1513 2527 1627 2597 ipse
1653 2526 1913 2595 quodam-

309 2615 476 2670 modo
502 2615 812 2685 requiescit,
834 2624 889 2670 et
915 2624 1105 2672 contra
1133 2614 1227 2672 Dei
1259 2615 1478 2682 milites,
1525 2631 1651 2673 suos
1691 2617 1910 2673 bellato-

304 2704 679 2774 resdisponit.
732 2704 936 2762 Contra
983 2719 1120 2775 quos
1165 2705 1396 2775 qualiter
1432 2706 1676 2778 pugnare
1715 2706 1910 2762 debea-

307 2808 453 2859 mus,
476 2788 672 2850 Paulus
694 2796 968 2868 apostolus
991 2796 1364 2861 nosinstituit,
1390 2795 1578 2852 dicens
1604 2816 1615 2850 :
1649 2816 1668 2849 σ
1697 2797 1907 2855 induite

304 2898 407 2939 vos
434 2895 765 2941 armaturam
792 2887 911 2952 Dei,
936 2895 998 2942 ut
1039 2887 1260 2957 possitis
1298 2895 1446 2943 stare
1479 2888 1741 2944 adversus
1778 2889 1910 2944 insi-

305 2973 427 3030 dias
450 2974 671 3041 diaboli,
698 2977 824 3047 quia
846 2990 954 3031 non
986 2985 1071 3033 est
1105 2977 1261 3032 nobis
1291 2976 1602 3033 colluctatio
1646 2976 1906 3033 adversus

2039 528 2056 559 σ
2083 509 2219 564 Huic
2262 521 2472 568 montes
2519 511 2715 568 herbas
2754 512 2953 580 ferunt,
2985 535 3001 567 ι
3050 531 3114 570 ac
3152 517 3194 571 si
3230 519 3430 573 diceret
3469 534 3482 573 :
3515 518 3621 575 Su-

2029 601 2181 670 perbi
2207 616 2271 656 ac
2312 603 2500 658 tumidi
2540 603 2664 659 dum
2699 620 2755 660 se
2791 605 2991 661 illicitis
3013 608 3430 678 cogitationibus
3462 610 3626 683 atque

2030 690 2332 747 actionibus
2386 692 2652 761 efferunt,
2717 697 2828 751 suis
2882 697 3032 753 illum
3092 699 3469 771 iniquitatibus
3527 717 3626 777 pa-

2029 793 2230 848 scunt;
2285 786 2380 840 sed
2423 788 2551 858 quid
2598 787 2757 858 hujus
2806 790 2978 847 hostis
3033 792 3349 862 nequissimi
3399 794 3622 852 malitia:

2027 874 2256 931 obsistat
2303 878 2355 931 in
2412 882 2763 948 sequentibus
2816 882 3239 943 demonstratur.

2104 987 2120 1018 ‹
2148 967 2410 1024 Medicina
2441 972 2679 1028 omnium
2712 973 2763 1028 iu
2793 972 3159 1042 festinatione,
3190 972 3423 1045 nebulae,
3444 988 3500 1036 et
3528 995 3618 1036 res

2033 1077 2051 1109 ς
2085 1059 2309 1117 obvians
2357 1063 2536 1119 ardori
2584 1066 2821 1121 venienti
2872 1067 3127 1125 humilem
3172 1068 3365 1125 eﬁiciet
3413 1088 3558 1143 cum.
3592 1094 3611 1127 ι

2025 1149 2163 1219 Quid
2188 1168 2283 1223 per
2308 1154 2503 1211 nubem
2530 1155 2610 1210 vel
2639 1156 2910 1224 nebulam,
2936 1159 3036 1213 nisi
3061 1159 3360 1222 incarnatio
3381 1159 3613 1218 Redem-

2024 1243 2198 1312 ptoris
2226 1247 2394 1300 nostri
2422 1254 2477 1301 et
2505 1247 2745 1303 doctrina
2787 1248 2905 1319 ejus
2935 1249 3293 1321 designatur?
3322 1265 3418 1322 per
3450 1267 3612 1327 quam

2024 1336 2205 1393 divina
2248 1338 2420 1407 pietas
2459 1337 2695 1395 humano
2735 1340 2918 1411 generi
2964 1341 3254 1407 consuluit,
3288 1348 3342 1397 et
3373 1358 3495 1397 rore
3524 1360 3613 1398 su-

2021 1441 2203 1496 pernae
2234 1429 2421 1500 gratiae
2449 1428 2675 1485 obvians
2708 1431 3170 1502 persecutionibus
3204 1432 3375 1488 hostis
3403 1435 3612 1505 antiqui

2022 1535 2143 1574 cum
2192 1521 2389 1575 virtute
2432 1523 2683 1592 potentiae
2731 1539 2841 1578 sua:
2883 1524 3155 1589 contrivit,
3196 1532 3248 1577 et
3279 1524 3514 1593 prmdam
3542 1526 3611 1580 ah

2021 1626 2115 1665 ore
2144 1609 2260 1679 ejus
2299 1611 2517 1681 eripuit.
2574 1612 2649 1667 De
2696 1614 2797 1668 hoc
2836 1614 2997 1667 etiam
3044 1613 3211 1669 lsaias
3252 1612 3514 1685 propheta
3556 1616 3607 1669 in

2023 1717 2189 1756 onere
2214 1700 2431 1772 Egypti
2461 1712 2688 1763 testatus
2723 1713 2823 1763 est.
2868 1705 3053 1763 dicens
3080 1723 3091 1758 :
3122 1725 3138 1754 ς
3170 1705 3308 1760 Ecce
3350 1705 3608 1760 Dominus

1948 1764 1988 1821 Β
2020 1794 2275 1849 ascendet
2304 1808 2465 1863 super
2494 1794 2691 1849 nubem
2735 1794 2929 1859 levem,
2974 1804 3028 1849 ct
3070 1796 3401 1865 ingredietur
3442 1797 3610 1868 A‘Igy-

2019 1892 2193 1954 ptum,
2221 1893 2277 1939 et
2301 1885 2657 1943 movebuntur
2687 1885 2975 1941 simulacra
3006 1886 3221 1959 Aigypti
3253 1903 3282 1947 a
3313 1887 3448 1944 facie
3471 1889 3605 1958 ejus,

2016 1979 2072 2026 et
2114 1986 2209 2027 cor
2255 1968 2475 2042 Aigypti
2521 1970 2763 2028 tabescet
2795 1973 2847 2027 in
2882 1973 3060 2033 medio
3098 1975 3215 2045 ejus
3248 1974 3382 2048 (Isa.
3419 1977 3551 2053 six).
3585 1998 3601 2029 ι

1957 2064 1968 2076 ⁸
2023 2081 2041 2113 ι
2062 2063 2599 2119 AscendetDomiuus
2611 2079 2772 2134 super
2788 2066 2981 2120 unhcm
3006 2066 3192 2130 levem,
3218 2087 3236 2121 ›
3263 2084 3457 2138 corpus
3480 2086 3605 2125 sau-

2017 2163 2116 2209 cta:
2143 2154 2366 2226 virginis
2397 2154 2595 2220 Maria),
2620 2158 2762 2225 quod
2790 2157 2934 2210 nullo
2963 2158 3181 2213 humani
3212 2162 3436 2214 seminis
3473 2177 3605 2230 pou-

2013 2248 2142 2302 dere
2169 2256 2563 2319 puegravatum
2585 2254 2687 2314 est,
2718 2247 2801 2303 vel
2837 2257 2983 2304 certe
3014 2263 3210 2320 corpus
3240 2264 3419 2316 suum,
3452 2251 3596 2321 quod

2014 2336 2080 2391 de
2125 2334 2326 2406 Spiritu
2378 2344 2565 2391 sancto
2607 2345 2924 2408 conceptum
2970 2346 3085 2403 est;
3127 2347 3180 2392 ct
3219 2337 3491 2409 ingressus
3520 2347 3604 2394 est

2013 2423 2311 2498 AZgyptum
2336 2425 2497 2497 hujus
2523 2427 2727 2493 mundi,
2760 2428 3052 2498 statimque
3075 2428 3255 2483 omnia
3281 2427 3500 2502 JEgypti
3530 2430 3603 2484 si-

2013 2516 2252 2571 mulacra
2292 2527 2561 2573 commota
2607 2525 2751 2582 sunt,
2798 2518 2869 2573 ita
2907 2528 2964 2573 ut
2998 2519 3365 2581 divinationes
3393 2529 3448 2575 et
3466 2522 3599 2597 ‘uni-

2011 2623 2166 2663 versa
2196 2605 2344 2664 fraus
2372 2608 2707 2676 idololatriae,
2751 2625 2872 2680 qua:
2917 2620 3130 2681 captum
3163 2612 3473 2683 possidebat
3502 2627 3592 2667 or-

2009 2697 2155 2765 hem,
2186 2715 2243 2754 se
2267 2698 2494 2755 fractam
2525 2715 2644 2773 esse
2678 2703 2925 2769 sentiret,
2954 2703 3005 2758 in
3036 2711 3245 2759 tantum
3282 2713 3338 2761 ut
3366 2704 3504 2778 Magi
3529 2707 3598 2761 ab

2008 2789 2217 2865 oriente
2263 2789 2406 2846 docti
2451 2805 2483 2851 a
2528 2778 2884 2857 daemonibus,
2932 2793 3014 2849 vel
3055 2793 3211 2862 juxta
3260 2796 3596 2871 prophetiam

2006 2877 2225 2937 Balaam
2251 2879 2612 2958 intelligentcs
2636 2890 2820 2953 natum
2850 2880 3046 2943 Filium
3091 2885 3209 2952 Dei,
3251 2886 3342 2956 qui
3378 2901 3594 2951 omnium

2007 2971 2142 3026 artis
2185 2986 2372 3027 eorum
2431 2971 2734 3030 destrueret
2776 2981 3095 3045 potestatem
3121 3016 3135 3039 ,
3188 2976 3437 3033 venirent
3493 2974 3596 3031 Be-

301 3080 530 3121 carnem
554 3074 612 3123 et
638 3068 980 3147 sanguinem,
1006 3067 1102 3124 sed
1127 3068 1391 3124 adversus
1419 3068 1695 3141 principes
1716 3077 1773 3125 et
1801 3083 1900 3140 po.
1930 3061 2229 3174 Clitiileem,
2286 3072 2340 3118 et
2384 3063 2700 3123 ostendente
2738 3065 2890 3120 stella
2946 3067 3294 3174 adqraverint
3341 3083 3591 3139 puerum.

300 3157 550 3221 testatos,
574 3156 832 3212 adversus
853 3157 1039 3213 mundi
1058 3164 1298 3213 rectores
1320 3158 1667 3214 tenebrarum
1685 3156 1899 3224 harum,

294 3254 495 3301 contra
530 3245 792 3316 spiritalia
833 3245 1089 3318 nequitiae
1127 3246 1183 3303 in
1229 3247 1562 3305 coelestibus.
1608 3249 1902 3321 Propterea

300 3336 537 3406 accipite
575 3346 911 3394 armaturam
948 3338 1065 3405 Dei,
1107 3348 1166 3395 ut
1199 3339 1421 3410 possitis
1456 3339 1710 3396 resistere
1732 3341 1787 3395 in
1814 3340 1901 3397 die

300 3429 471 3495 male,
503 3438 560 3486 et
593 3431 647 3486 in
686 3431 938 3488 omnibus
960 3430 1189 3504 perfecti
1217 3441 1383 3488 stare.
1436 3431 1586 3489 State
1619 3446 1750 3504 ergo
1778 3448 1901 3489 suc-

300 3524 471 3580 cincti
507 3525 720 3581 lumbos
752 3536 970 3582 vestros
996 3525 1053 3580 in
1087 3525 1336 3591 veritate,
1367 3534 1423 3581 et
1450 3526 1655 3582 induite
1677 3526 1897 3582 loricam

293 3616 543 3688 iustitiae,
581 3626 635 3674 et
672 3618 897 3674 caiceati
926 3619 1092 3690 pedes
1120 3618 1174 3673 in
1202 3616 1596 3689 prmparatione
1622 3617 1897 3690 Evangelii

298 3711 454 3783 pacis
483 3730 498 3764 :
525 3711 579 3765 in
619 3710 870 3776 omnibus
907 3717 1185 3767 sumentes
1233 3720 1445 3766 scutum
1491 3707 1637 3774 ﬁdei,
1690 3710 1743 3764 in
1790 3726 1897 3781 quo

294 3802 517 3873 possitis
543 3804 724 3859 omnia
753 3803 856 3859 tela
890 3804 1209 3873 nequissimi
1251 3804 1403 3875 ignea
1437 3802 1799 3874 exstinguere,
1842 3814 1898 3859 et

296 3893 504 3965 galeam
543 3894 735 3949 salutis
773 3894 1051 3961 assumite,
1087 3905 1141 3950 et
1178 3894 1416 3963 gladium
1465 3894 1703 3965 spiritus,
1752 3894 1895 3965 quod

293 3989 383 4038 est
410 3982 631 4038 verbum
658 3982 752 4038 Dei
779 3982 993 4056 (Ephes.
1027 3981 1122 4056 vi).
1154 4002 1173 4036 ι

377 4090 396 4124 ο
417 4072 704 4129 Devorabit
728 4082 957 4138 montes,
983 4082 1175 4130 exuret
1200 4074 1493 4137 desertum,
1518 4080 1573 4127 et
1588 4074 1895 4144 exstingue-

300 4181 321 4215 ε
354 4172 445 4217 tur
479 4164 651 4218 viride
684 4164 835 4220 sicut
871 4165 1012 4234 igne.
1045 4184 1063 4217 ι
1119 4164 1257 4232 Quid
1287 4180 1383 4234 per
1413 4171 1641 4229 montes,
1675 4165 1775 4220 nisi
1804 4181 1893 4221 su-

289 4253 447 4323 perbi
479 4262 532 4308 ct
561 4252 685 4309 elati
710 4255 1003 4310 itumiues?
1040 4262 1094 4311 et
1131 4255 1259 4325 quid
1302 4269 1400 4326 per
1446 4256 1739 4323 desertum,
1772 4257 1890 4313 nisi

289 4344 600 4400 desertores
631 4345 878 4401 veritatis
901 4346 1195 4416 et‘justitice
1224 4347 1610 4402 insinuantur?
1655 4347 1890 4404 Devorat

2006 3149 2088 3208 De
2135 3153 2237 3208 hoc
2282 3169 2404 3208 rore
2447 3154 2609 3215 etiam
2639 3155 2898 3212 Dominus
2928 3155 2995 3211 ad
3025 3154 3126 3213 Job
3156 3158 3232 3221 ait
3258 3176 3273 3214 :
3304 3178 3322 3211 ι
3353 3159 3485 3229 Quis
3508 3169 3593 3218 est

2001 3243 2195 3317 pluviae
2244 3254 2417 3315 pater,
2472 3244 2555 3300 vel
2604 3248 2725 3316 quis
2777 3249 2963 3319 genuit
3006 3249 3179 3307 stillas
3224 3251 3406 3313 roris?
3443 3250 3587 3325 (Job.

2002 3335 2253 3409 xxxviii.)
2285 3359 2302 3389 ι
2341 3353 2405 3393 ac
2433 3338 2477 3392 si
2507 3338 2711 3394 diceret
2736 3358 2748 3394 :
2774 3338 2887 3395 Nisi
2914 3355 3012 3415 ego
3039 3382 3054 3409 ,
3091 3343 3214 3412 quis
3243 3343 3447 3401 siccam
3475 3353 3587 3401 tero

2000 3443 2116 3482 ram
2148 3428 2369 3484 humani
2401 3430 2580 3485 cordis
2610 3432 2776 3502 guttis
2805 3430 3046 3502 scientiae
3070 3436 3306 3509 gratuito
3333 3438 3586 3517 aspergit.

1999 3514 2076 3574 De
2099 3518 2201 3573 hac
2227 3520 2369 3576 enim
2393 3519 2571 3590 pluvia
2596 3521 2732 3576 alias
2757 3522 2956 3578 dicitur
2982 3543 2995 3578 :
3026 3542 3045 3575 ι
3072 3524 3315 3581 Pluviam
3343 3514 3590 3582 volunta-

1999 3609 2137 3666 riam
2160 3613 2470 3681 segregabis
2498 3612 2641 3668 Deus
2663 3613 2967 3668 hmreditati
2995 3622 3097 3669 ture
3119 3615 3304 3686 '(Psal.
3335 3619 3525 3691 vau).
3558 3639 3578 3672 ι

1996 3702 2369 3758 Voluntariain
2409 3708 2604 3775 quippe
2629 3704 2867 3773 pluviam
2893 3702 3226 3765 hazreditatis
3264 3721 3375 3769 sua:
3403 3708 3586 3771 Domi-

1996 3808 2098 3847 nus
2125 3802 2391 3865 segregat,
2420 3792 2543 3862 quia
2571 3808 2676 3847 non
2709 3808 2828 3848 eam
2865 3792 3021 3850 nobis
3050 3809 3151 3867 pro
3188 3795 3390 3855 nostris
3415 3798 3581 3859 meri-

1997 3884 2084 3950 tis,
2119 3885 2210 3939 sed
2240 3900 2335 3954 pro
2365 3900 2475 3943 sua:
2507 3900 2731 3941 munere
2764 3886 3109 3956 benignitatis
3132 3896 3384 3959 praestat;
3412 3898 3469 3945 et
3496 3890 3579 3951 id.

1994 3975 2140 4029 circo
2171 3974 2273 4029 hoc
2296 3973 2412 4029 loco
2440 3983 2593 4046 pater
2620 3974 2810 4045 pluviae
2835 3975 3047 4042 dicitur,
3077 3978 3203 4048 quia
3225 3992 3456 4050 superna
3483 3994 3581 4041 n0-

1994 4064 2077 4119 bis
2103 4063 2413 4135 praedicatio
2445 4080 2546 4120 non
2578 4065 2644 4121 de
2674 4058 2857 4123 nostro
2887 4067 3078 4121 merito
3101 4068 3193 4124 sed
3218 4069 3284 4127 de
3309 4066 3426 4138 ejus
3448 4085 3576 4149 gra-

1995 4155 2065 4208 tia
2091 4161 2399 4226 generatur.
2459 4154 2625 4210 Stillw
2649 4156 2791 4210 enim
2819 4156 2958 4211 roris
2980 4156 3081 4227 ipsi
3113 4158 3283 4215 sancti
3313 4159 3578 4231 pradica-

1995 4253 2140 4304 tores
2175 4253 2323 4309 sunt,
2356 4245 2446 4315 qui
2489 4261 2615 4300 arva
2645 4247 2879 4314 pectoris
2910 4248 3076 4304 nostri
3105 4248 3259 4311 inter-
3280 4248 3418 4305 mala
3453 4251 3576 4307 vita:

1990 4339 2294 4409 praesentis,
2327 4338 2480 4408 quasi
2508 4338 2650 4393 inter
2676 4339 2929 4394 tenebras
2957 4338 3116 4397 siccae
3143 4342 3319 4397 noctis
3338 4342 3570 4407 arentia,

286 4451 422 4507 ergo
447 4437 693 4494 diabolus
720 4448 931 4494 montes
955 4448 1011 4494 et
1032 4440 1212 4494 exurit
1233 4438 1526 4505 desertum,
1552 4442 1767 4511 quando
1790 4458 1882 4497 su-
1909 4466 1964 4526 ο
1991 4428 2163 4526 Brulla
2194 4442 2450 4526 δυρθτηαξ
2468 4428 2734 4526 Ῑίξτῧῖξξηξδ
2761 4427 3076 4526 -ῖιιῗίιηίξυηίσ
3131 4427 3228 4489 Hic
3247 4431 3311 4526 _5i
3354 4431 3569 4511 (ξυίάθω

282 4528 486 4597 perbos
512 4542 755 4599 quosque
780 4539 836 4584 et
863 4530 1075 4599 iniquos
1100 4530 1344 4586 homines
1364 4531 1574 4586 cunctis
1596 4531 1882 4589 virtutibus

286 4619 548 4691 Spoliatus
575 4623 629 4676 in
662 4637 817 4677 suum
850 4631 1062 4692 pastum
1086 4622 1301 4692 redigit,
1333 4632 1387 4677 et
1414 4623 1536 4694 igne
1568 4624 1880 4693 cupiditatis

284 4714 445 4784 quasi
477 4716 746 4770 desertum
774 4715 1009 4771 incendit
1040 4733 1053 4768 :
1083 4714 1172 4770 ubi
1214 4715 1258 4769 si
1298 4714 1427 4785 quid
1469 4715 1684 4769 virtutis
1715 4723 1877 4785 atque

282 4805 530 4860 scientim
574 4808 813 4878 germine
853 4806 1038 4871 viruit,
1084 4820 1183 4876 per
1223 4805 1398 4876 ignem
1440 4806 1660 4860 malitia:
1703 4814 1875 4861 totum

278 4898 531 4966 protinus
549 4898 841 4969 exstinguit
858 4916 870 4950 :
890 4898 941 4952 in
954 4897 1234 4968 Scriptura
1251 4896 1393 4951 enim
1416 4911 1569 4951 sacra
1587 4895 1875 4967 aliquando

280 5002 384 5059 per
408 4989 628 5043 herbam
656 4990 804 5044 viror
830 4989 1014 5060 gloriae
1046 4988 1357 5059 temporalis
1389 4985 1743 5058 signiﬁcatur,
1771 4988 1871 5043 ali-

277 5082 504 5150 quando
530 5080 751 5136 rei‘ectio
778 5080 995 5146 diaboli,
1024 5078 1311 5149 aliquando
1332 5078 1656 5133 sustentatio
1681 5078 1874 5149 praedi—

273 5177 550 5233 catorum,
575 5169 861 5240 aliquando
885 5169 1025 5224 bona
1050 5168 1315 5238 Operatio,
1341 5165 1630 5237 aliquando
1657 5175 1874 5223 aeternae

276 5262 408 5314 vitro
439 5260 660 5314 scientia
706 5269 868 5331 atque
898 5259 1163 5314 doctrina.
1212 5256 1375 5312 V‘iror
1416 5266 1648 5329 namque
1688 5258 1871 5331 gloriae

277 5351 594 5420 temporalis
638 5351 934 5421 accipitur,
996 5350 1135 5406 sicut
1190 5349 1461 5418 Propheta
1509 5349 1628 5405 ait:
1670 5366 1687 5399 ι
1714 5340 1872 5411 Mane

273 5444 424 5497 sicut
468 5442 631 5496 herba
689 5450 949 5509 transeat,
996 5455 1156 5496 mane
1197 5439 1386 5494 ﬂoreat
1433 5449 1488 5494 ct
1533 5447 1873 5510 pertranseat

276 5532 452 5601 (Paul.
486 5532 733 5605 Lxxxtx).
765 5552 784 5587 ›
845 5533 1000 5589 Mane
1033 5547 1267 5604 namque
1306 5532 1445 5587 sicut
1485 5533 1651 5587 herba
1676 5531 1869 5589 ﬂorere

272 5632 446 5690 atque
477 5623 729 5689 transire,
763 5631 847 5678 est
875 5623 928 5678 in
956 5623 1313 5695 prosperitate
1335 5622 1496 5693 hujus
1523 5621 1699 5678 saeculi
1730 5632 1867 5677 tem-

272 5713 483 5783 poralis
512 5713 693 5785 gloriae
716 5716 969 5772 velociter
997 5716 1162 5773 decus
1195 5731 1463 5772 arescere.
1520 5713 1697 5771 Herba
1732 5715 1866 5772 reie-

1988 4533 2078 4573 ros
2122 4519 2378 4572 humilem
2424 4517 2552 4574 fecit
2597 4519 2890 4584 diabolum,
2942 4518 3043 4574 hoc
3084 4528 3186 4587 est,
3230 4520 3568 4593 despectum,

1985 4611 2110 4681 quia
2138 4610 2379 4667 occultas
2405 4610 2630 4683 insidias.
2653 4611 2769 4681 ejus
2797 4611 2942 4669 claro
2965 4626 3214 4671 sermone
3239 4613 3493 4684 produxit
3513 4612 3568 4669 in

1984 4703 2351 4770 manifestum,
2394 4711 2447 4756 ut
2477 4703 2588 4773 jam
2629 4704 2859 4758 mundus
2880 4704 2948 4759 ab
2973 4704 3273 4765 idololatria
3302 4713 3357 4768 et
3384 4720 3570 4776 perse-

1981 4797 2212 4852 cutionis
2256 4804 2573 4865 tempestate
2612 4803 2869 4862 cessaret,
2907 4796 2999 4865 qui
3030 4812 3088 4855 se
3121 4796 3211 4853 diu
3254 4796 3471 4853 illusum
3497 4797 3567 4859 ab

1980 4887 2201 4957 antiquo
2235 4888 2392 4942 hoste
2419 4886 2662 4940 sentiret.
2702 4884 2851 4945 Unde
2879 4894 2930 4940 et
2954 4885 3203 4942 subditur
3229 4905 3240 4940 :

2053 5014 2069 5046 ι
2102 4996 2159 5049 1n
2194 5009 2443 5053 sermone
2489 4992 2630 5050 illius
2668 4994 2819 5057 siluit
2848 5003 3058 5062 ventus,
3106 4995 3437 5068 cogitatione
3463 5013 3561 5054 sua

1982 5105 1999 5139 ι
2030 5086 2258 5159 placavit
2282 5086 2569 5159 abyssum,
2592 5094 2648 5141 et
2672 5085 2935 5156 plantavit
2964 5087 3020 5142 in
3052 5086 3141 5141 illa
3180 5086 3443 5149 Dominus
3476 5090 3562 5144 in-

1979 5196 1997 5230 ι
2026 5178 2190 5241 sulas.
2220 5199 2240 5230 r
2282 5176 2353 5239 in
2373 5192 2626 5237 sermone
2644 5192 2775 5249 ergo
2802 5177 3115 5257 evangeliea
3140 5194 3169 5233 a
3198 5180 3411 5237 turbine
3434 5192 3560 5247 pcr-

1972 5270 2308 5343 seeutiomlm
2356 5267 2635 5341 mitigatus
2681 5277 2767 5323 est
2817 5269 3076 5335 mundus,
3120 5269 3246 5338 quia
3297 5266 3562 5343 sapientia

1975 5359 2325 5433 diuinaaquze
2344 5358 2550 5421 ereavit
2567 5359 2753 5421 urbem
2776 5366 3067 5425 terrarum,
3099 5358 3273 5428 ipsam
3299 5368 3397 5409 suo
3425 5361 3561 5411 nutu

1973 5455 2299 5505 contractum
2331 5445 2565 5515 placavit
2590 5448 2877 5521 abyssum;
2903 5448 3129 5521 abyssus
3168 5443 3315 5499 enim
3358 5441 3560 5499 dicitur

1970 5550 2233 5607 aquarum
2269 5534 2640 5605 copiosissima
2674 5536 2978 5599 multitudo,
3010 5548 3131 5604 quae
3158 5542 3213 5588 et
3242 5532 3299 5593 in
3327 5532 3469 5593 bono
3502 5539 3558 5589 et
3652 5586 3653 5589 η

1968 5624 2022 5679 in
2054 5624 2194 5679 malo
2217 5624 2537 5695 plerumque
2559 5626 2796 5693 ponitur.
2843 5624 2968 5685 Haec
2998 5622 3195 5681 merito
3238 5621 3327 5683 hic
3358 5634 3554 5697 super-

1967 5716 2191 5774 stitiosis
2238 5724 2399 5786 atque
2434 5717 2871 5786 persecutoribus
2904 5721 3268 5784 comparatur.
3317 5712 3385 5769 Et
3422 5721 3554 5768 nota
