3926 6168
410 237 549 293 £079

1047 232 1106 285 Β.
1151 226 1407 283 RABANI
1442 224 1662 282 MAUR!
1697 221 2007 278 ARClllEP.
2060 218 2368 275 MOGL'XT.
2410 218 2703 277 OPEilUM
2735 215 2915 275 PARS
2953 206 2995 270 Ῐξ

3539 204 3683 275 ιαδο

401 341 550 415 quod
581 339 782 395 dicitur
806 342 1097 394 Domtnum
1124 333 1308 390 Iesum
1343 333 1621 404 plantasse
1655 340 1710 387 et
1750 331 1989 401 placasse
2018 343 2064 391 Α
2094 329 2295 400 pestati
2332 337 2391 383 ut
2428 329 2691 399 quiescat,
2726 337 2783 383 et
2808 327 3058 398 quiescit.
3121 323 3429 415 Sequitur;
3459 342 3481 376 ε
3508 323 3693 383 Draco

399 436 677 503 abyssum,
705 429 829 498 quia
853 428 971 497 ipse
1002 435 1192 481 auctor
1213 433 1297 480 est
1320 426 1560 480 omnium
1596 438 1799 489 rerum,
1833 443 1851 473 ι
1886 438 1983 493 per

400 540 559 596 quem
590 523 767 578 omnia
803 519 942 574 facta
967 528 1111 585 sunt,
1146 528 1201 573 et
1227 519 1344 574 sine
1367 518 1490 588 ipso
1509 516 1711 571 factum
1739 525 1822 571 est
1850 515 1983 569 nihil

403 614 589 680 (Joan.
616 610 676 683 t)_.
711 630 729 662 ι
767 608 909 664 Idem
937 624 1066 678 ergo
1089 617 1303 677 quantm
1324 605 1607 676 potestatis
1635 614 1779 660 esset
1802 612 1985 660 osten-

399 704 498 768 dit,
527 698 745 771 quando
784 698 838 752 in
869 698 1111 753 navicula
1140 713 1237 767 per
1274 696 1565 767 discipulos
1595 711 1623 749 a
1652 710 1840 751 somno
1868 709 1986 749 sus-

403 792 600 845 citatus
639 788 895 847 surrexit,
951 796 1006 841 et
1037 805 1053 836 ι
1086 786 1368 856 imperavit
1408 786 1585 839 ventis
1626 794 1681 839 et
1725 784 1887 850 mari,
1932 792 1988 837 et

403 880 544 935 facta
592 886 677 934 est
721 875 1082 945 tranquillitas
1130 890 1319 946 magna
1370 872 1584 943 (Matth.
1634 874 1827 944 vni).s
1884 871 1985 928 Ubi

400 970 551 1039 juxta
581 969 820 1025 litteram
860 966 1154 1020 notandum
1181 963 1323 1034 quod
1352 979 1539 1019 omnes
1569 972 1831 1018 creatune
1861 977 1986 1016 seu—

406 1064 549 1119 tiaut.
568 1070 870 1117 creatorem
888 1076 911 1115 ι
937 1058 1133 1131 quibus
1156 1057 1300 1113 enim
1327 1057 1636 1126 increpatur
1666 1064 1722 1109 et
1753 1053 1986 1122 impera-

403 1162 516 1218 tur,
561 1151 802 1207 sentiunt
832 1150 1210 1218 imperantem,
1240 1162 1347 1202 non
1372 1162 1557 1201 errore
1588 1146 1989 1208 hereticorum,

407 1244 497 1313 qui
533 1241 712 1297 omnia
752 1249 940 1315 putant
966 1239 1283 1303 animantia,
1316 1238 1409 1294 sed
1439 1237 1717 1306 majestate
1747 1238 1993 1293 condito-

408 1334 505 1397 ris,
534 1346 654 1401 quac
688 1330 827 1400 apud
877 1344 973 1384 nos
1015 1328 1366 1393 insensibilia,
1414 1327 1488 1383 illi
1534 1328 1809 1384 seusibilia
1846 1336 1989 1382 sunt.

408 1421 632 1492 Mystice
660 1429 839 1474 autem
871 1428 1089 1473 ventum
1123 1419 1379 1473 Dominus
1407 1433 1633 1488 surgens
1671 1416 1991 1489 increpavit,

409 1513 532 1586 quia
557 1510 952 1566 resurrectione
977 1509 1251 1565 celebrata
1279 1507 1474 1564 diaboli
1515 1507 1819 1581 superbiam
1857 1516 1994 1563 stra-

408 1601 504 1665 vit,
558 1600 683 1659 dum
732 1613 827 1670 per
871 1608 1099 1654 mortem
1139 1598 1412 1653 destruxit
1451 1598 1595 1663 eum’,
1639 1599 1729 1668 qui
1765 1598 1998 1655 habebat

413 1692 601 1749 mortis
640 1692 958 1760 imperium;
1009 1699 1384 1759 tempestatem
1429 1704 1643 1759 quoque
1679 1703 1831 1758 aqua:
1876 1703 1998 1743 sur-
2026 1668 2072 1725 Β

411 1797 544 1854 gens
567 1780 958 1844 cessat-eiecit,
990 1779 1114 1848 quia
1147 1793 1398 1833 vesanam
1428 1776 1737 1833 Iudaeorum
1767 1777 1995 1843 rabiem,

413 1887 534 1945 qua:
559 1878 722 1947 caput
750 1869 998 1939 quatiens
1028 1869 1377 1934 clamaverat,
1411 1888 1429 1919 ι
1455 1867 1513 1923 Si
1539 1867 1707 1924 Filius
1756 1868 1851 1924 Dei
1892 1878 1996 1935 εει,

413 1963 719 2019 descendat
759 1974 900 2013 nunc
946 1959 1012 2013 de
1059 1973 1243 2023 cruce,
1293 1966 1346 2012 et
1395 1958 1667 2013 credimus
1701 1958 1751 2013 ei
1782 1957 1996 2030 (Matth.

415 2052 572 2121 χιιι),
605 2073 623 2100 ι
679 2051 747 2104 de
801 2047 1049 2119 sepulcro
1092 2048 1361 2119 surgendo
1412 2046 1681 2103 labefecit.

491 2164 510 2196 ι
539 2145 640 2213 Qui
672 2145 927 2213 navigant
955 2157 1129 2207 mare,
1161 2149 1419 2197 enarrant
1447 2140 1744 2212 periculum
1771 2141 1922 2211 ejus:
1949 2149 2005 2194 et

422 2258 439 2288 ι
471 2236 751 2292 audientes
792 2233 1015 2289 auribus
1062 2234 1283 2298 nostris,
1334 2234 1687 2296 admiramur,
1720 2231 1826 2287 illic
1862 2248 2003 2302 pra:-

422 2349 451 2381 ι.
471 2327 616 2383 clara
644 2337 701 2382 et
729 2325 995 2381 mirabilia
1029 2339 1214 2395 opera,
1250 2325 1397 2380 varia
1442 2338 1661 2399 genera.
1686 2323 2003 2389 bestiarum,

424 2428 528 2475 tet
586 2419 826 2479 omnium
881 2417 1170 2490 pecudum,
1222 2426 1278 2472 et
1324 2427 1572 2472 creatura
1630 2415 1947 2471 bellnarum.
1983 2437 2000 2468 ι

421 2510 569 2569 Mare
595 2509 911 2565 historicum
941 2515 1141 2579 quanta
1179 2506 1413 2578 pericula
1435 2516 1490 2561 et
1510 2504 1783 2561 obstacula
1811 2505 2009 2560 habeat

421 2598 712 2671 navigandi
740 2600 797 2653 in
817 2597 1073 2668 scopulis,
1101 2597 1157 2651 in
1170 2593 1438 2668 Charybdi
1468 2606 1523 2651 et
1545 2597 1599 2650 in
1627 2595 1885 2667 syrtibus,
1915 2611 2003 2650 no-

422 2695 550 2742 runt
569 2685 741 2757 quiin
771 2685 864 2741 illo
895 2685 1208 2755 frequenter
1234 2694 1462 2758 pergunt
1497 2704 1509 2739 :
1544 2686 1634 2740 ubi
1662 2694 1716 2741 et
1742 2684 2012 2740 mirabilia

424 2774 519 2833 Dei
543 2783 914 2833 monstrantur
936 2789 1123 2845 opera,
1149 2776 1205 2830 in
1230 2776 1393 2830 variis
1412 2774 1699 2846 generibus
1719 2775 2011 2830 bestiarum

421 2877 477 2921 et
505 2866 790 2937 pecudum,
817 2874 873 2922 et
895 2874 1145 2922 creatura
1172 2863 1492 2931 belluarum,
1522 2866 1661 2921 sicut
1686 2862 2013 2920 naturalium

423 2971 606 3013 rerum
649 2957 939 3027 scriptores
973 2958 1027 3011 in
1057 2957 1171 3012 suis
1207 2955 1363 3012 libris
1387 2955 1640 3027 produnt,
1665 2965 1719 3012 et
1742 2955 2011 3029 Propheta

424 3056 481 3109 in
508 3051 773 3109 Psalterio
796 3061 1205 3118 commemorat,
1238 3050 1425 3107 dicens
1458 3070 1471 3104 :
1511 3071 1532 3103 ι
1558 3054 1662 3108 hoc
1700 3067 1852 3107 mare
1898 3066 2016 3106 ma-

424 3159 591 3217 gnum
614 3152 670 3199 et
696 3144 1012 3217 spatiosum,
1039 3140 1147 3195 illic
1177 3139 1387 3211 reptilia
1417 3155 1644 3210 quorum
1673 3156 1781 3196 non
1805 3149 1889 3196 est
1915 3155 2016 3196 nu-

432 3252 612 3293 merus
646 3255 659 3290 :
689 3234 941 3290 animalia
969 3231 1165 3309 pusilla
1192 3241 1248 3286 et
1286 3247 1498 3303 magna,
1547 3232 1655 3287 illic
1699 3247 1863 3287 naves
1894 3247 2016 3303 per-

432 3326 755 3387 transibunt,
788 3323 955 3380 draco
981 3323 1102 3388 iste,
1130 3337 1290 3393 quem
1315 3320 1555 3377 formasti
1588 3322 1654 3376 ad
1689 3321 2018 3378 illudendum

429 3421 479 3471 et
507 3412 679 3488 (Paal.
706 3415 856 3489 ειιι).,
877 3435 898 3469 ι
960 3413 1066 3471 Sed
1093 3416 1339 3491 quamvis
1368 3417 1421 3469 in
1447 3416 1622 3486 capite
1649 3415 1807 3487 hujus
1832 3431 2020 3472 versus

432 3512 501 3569 de
528 3511 659 3564 mari
684 3509 1176 3579 navigabili'dicerc
1207 3509 1468 3574 videatur,
1498 3519 1677 3565 tamen
1704 3509 1770 3565 de
1793 3511 1892 3566 hoc
1918 3526 2017 3565 sae-

426 3600 555 3656 culo
580 3612 941 3672 congruenter
984 3602 1266 3673 accipitur,
1307 3602 1397 3657 ubi
1442 3601 1721 3657 diabolicae
1760 3603 1877 3658 sine
1914 3621 2012 3657 nu-

430 3706 583 3747 mero
620 3705 837 3762 serpere
874 3691 1171 3761 probantur
1212 3692 1441 3759 insidiae,
1483 3691 1791 3764 malitiaque
1820 3694 2017 3749 daemo—

428 3795 586 3849 num,
611 3779 757 3836 velut
779 3781 1101 3851 quibusdam
1135 3780 1385 3837 fluctibus
1422 3783 1727 3837 animarum
1772 3783 2017 3839 voluntas

432 3870 703 3926 instabilis
740 3880 1129 3926 commovetur.
1189 3870 1335 3929 Mare
1380 3873 1524 3928 enim
1575 3874 1704 3945 ipsae
1752 3874 2015 3941 reddunt,

428 3963 559 4015 dum
593 3959 914 4035 naufragare
954 3962 1300 4032 compellunt,
1353 3962 1479 4032 quia
1522 3962 1743 4019 dubium
1787 3980 1893 4019 non
1934 3974 2018 4021 est

426 4054 580 4109 illum
604 4053 774 4108 undas
802 4054 1220 4110 immanissimas
1246 4055 1378 4125 pati,
1409 4056 1501 4126 qui
1526 4057 1786 4127 mergitur
1806 4058 2017 4129 gurgite

431 4152 799 4218 peccatorum.
860 4145 1008 4201 Mare
1062 4147 1260 4218 quippe
1300 4163 1329 4201 a
1377 4150 1609 4205 meando
1660 4148 1861 4204 dictum
1911 4160 2015 4217 est,

432 4238 578 4311 quod
609 4251 824 4309 semper
849 4247 939 4294 eat
968 4252 1033 4294 ac
1069 4238 1272 4294 redeat.
1323 4239 1430 4296 Sed
1475 4241 1563 4296 isti
1606 4242 1827 4311 spiritus
1862 4243 2018 4298 innu-

2096 418 2196 473 iste
2229 433 2388 488 quem
2432 417 2677 473 formasti
2715 416 2796 471 ad‘
2829 416 3156 471 illudendum
3204 415 3276 470 ei.
3300 434 3319 466 ι
3363 412 3467 470 Bic
3498 423 3690 485 aperte

2094 510 2365 564 diabolum
2409 507 2697 580 signiﬁcat,
2735 507 2826 578 qui
2859 522 2987 561 vere
3017 507 3181 562 draco
3214 506 3432 570 dicitur,
3465 514 3684 577 propter

2095 616 2360 655 venenum
2392 600 2535 670 quod
2565 599 2689 654 Eva:
2715 598 2905 670 prima:
2930 596 3142 652 mulieri
3170 594 3445 669 pestiferis
3478 595 3690 650 suasio-

2095 691 2254 746 nibus
2282 690 2596 760 inspiravit;
2623 689 2725 744 iste
2747 698 2964 743 creatus
2995 689 3167 743 bonus
3194 696 3296 754 est,
3328 687 3469 742 sicut
3499 687 3559 742 in
3584 683 3695 742 Ge-

2097 782 2209 836 nesi
2258 780 2454 852 legitur
2491 799 2505 835 :
2543 779 2743 835 «Fecit
2789 778 3051 835 Dominus
3104 781 3284 834 omnia
3333 778 3487 834 valde
3546 780 3693 837 bona

2098 868 2250 944 (Gen.
2281 871 2342 944 ι).
2373 892 2391 925 ι
2439 870 2546 926 Sed
2583 878 2870 941 postquam
2913 886 3008 924 sua
3047 869 3321 925 voluntate
3350 869 3622 941 peccavit,
3657 883 3693 925 a

2098 966 2208 1021 Deo
2252 967 2324 1020 ita
2372 964 2636 1021 formatus
2673 974 2777 1030 est,
2819 974 2879 1020 ut
2921 965 2973 1021 ei
3023 965 3339 1022 illuderetur
3364 966 3433 1020 ab
3461 964 3694 1037 angelis,

2098 1058 2315 1128 quando
2350 1067 2571 1128 propter
2612 1056 3001 1114 exsecrabilem
3052 1058 3461 1128 perversitatem
3508 1058 3694 1111 nativa

2100 1153 2359 1224 dignitate
2381 1153 2623 1223 privatus
2647 1161 2750 1219 est,
2776 1153 2917 1208 sicut
2935 1153 3078 1207 enim
3104 1152 3237 1208 dicit
3264 1151 3530 1207 Dominus
3548 1152 3603 1207 in
3630 1150 3697 1205 li-

2100 1244 2197 1299 bro
2217 1241 2316 1299 Job
2343 1262 2356 1298 :
2390 1262 2408 1293 ι
2438 1242 2554 1298 Non
2584 1254 2666 1299 est
2689 1244 2982 1314 quidquam
3008 1244 3184 1299 simile
3212 1243 3263 1298 ei
3293 1241 3497 1298 factum
3532 1257 3703 1313 super

2102 1344 2322 1401 terram,
2374 1336 2440 1392 ad
2480 1334 2807 1392 llludendum
2851 1337 2919 1391 ab
2958 1335 3163 1407 angelis
3200 1333 3355 1391 meis.
3387 1355 3405 1387 ι
3447 1333 3700 1389 lllnditnr

2104 1426 2252 1489 enim
2271 1426 2322 1482 ei
2352 1426 2421 1482 ab
2446 1425 2650 1497 angelis
2680 1425 2795 1493 Dei,
2824 1426 2939 1481 sive
2964 1441 3060 1497 per
3082 1426 3415 1495 justissimas
3451 1424 3700 1494 increpa-

2104 1521 2297 1585 tiones,
2326 1528 2385 1573 ut
2413 1520 2503 1590 qui
2539 1527 2755 1575 creatus
2783 1528 2866 1575 est
2899 1518 2967 1574 ad
2988 1519 3305 1589 obsequium
3333 1517 3571 1581 Domini,
3596 1514 3700 1570 ίω.

2105 1611 2190 1666 dis
2236 1611 2483 1666 videatur
2519 1611 2963 1681 perversitatibus
3010 1609 3308 1681 implicari,
3364 1609 3482 1664 sive
3529 1607 3708 1677 magis

2101 1700 2341 1759 illuditur
2384 1702 2605 1773 quando
2630 1702 2683 1759 ei
2713 1703 2907 1757 animte
2951 1701 3321 1757 conﬁtentium
3352 1699 3583 1769 imperio
3614 1714 3705 1753 su-

2098 1808 2273 1863 perno
2323 1792 2391 1847 de
2442 1792 2744 1862 perniciosa
2797 1800 3065 1862 potestate
3113 1790 3412 1857 tolluntur;
3460 1788 3710 1844 illuditur

2101 1883 2265 1937 etiam
2301 1893 2357 1939 et
2395 1898 2426 1937 a
2462 1882 2708 1938 ﬁdelibus
2754 1880 2906 1947 viris,
2951 1882 3079 1938 dum
3122 1881 3396 1938 incentiva
3445 1880 3707 1934 vitiorum

2103 1971 2221 2040 ejus
2247 1971 2554 2028 detestabili
2582 1987 2771 2028 errore
2800 1972 3072 2042 rejieiunt.

2181 2099 2198 2132 ι
2225 2077 2454 2150 Propter
2478 2080 2653 2150 ipsum
2678 2078 3033 2135 conﬁrmatus
3052 2088 3141 2135 est
3163 2078 3377 2135 itineris
3394 2077 3542 2141 ﬁnis,
3570 2067 3629 2131 et
3651 2076 3705 2130 in

2112 2192 2129 2222 ε
2159 2184 2407 2226 sermone
2450 2168 2567 2238 ejus
2618 2169 2919 2241 composita
2969 2177 3095 2225 sunt
3144 2169 3348 2225 omnia.
3387 2187 3408 2221 ι
3475 2166 3704 2236 Propter

2109 2266 2305 2334 ipsum,
2336 2261 2529 2333 inquit,
2565 2263 2668 2319 hoc
2709 2271 2793 2319 est
2826 2261 3023 2318 Filium
3063 2261 3182 2328 Dei,
3230 2260 3591 2317 continuatus
3624 2267 3709 2314 est

2108 2354 2242 2412 ordo
2282 2354 2677 2409 transeuntium
2730 2368 2937 2419 rerum,
2972 2361 3028 2408 et
3071 2352 3336 2407 terminus
3379 2348 3711 2406 constitutus

2109 2456 2193 2504 est
2215 2444 2418 2511 seculi,
2453 2444 2579 2515 quia
2602 2444 2745 2499 sicut
2768 2443 2838 2500 ab
2859 2444 2977 2515 ipso
2994 2442 3163 2499 verbo
3187 2440 3285 2497 Dei
3307 2440 3567 2497 universa
3596 2437 3709 2493 ori.

2111 2538 2289 2609 ginem
2309 2542 2652 2604 acceperunt,
2677 2535 2759 2590 sic
2783 2542 2837 2589 et
2864 2534 2916 2589 in
2948 2534 3066 2606 ipso
3094 2530 3377 2588 ﬁniuntur.
3414 2529 3539 2601 ipse
3563 2529 3711 2584 etaim

2113 2629 2169 2683 in
2206 2622 2530 2696 Apocalypsi
2565 2623 2679 2680 ait:
2714 2643 2733 2674 ι
2758 2621 2870 2694 Ego
2896 2637 3017 2679 sum
3049 2645 3086 2680 α
3114 2630 3170 2678 ει
3202 2644 3266 2688 ω,
3294 2620 3631 2693 principium
3651 2625 3706 2674 et

2116 2718 2257 2775 ﬁnis.
2289 2737 2310 2771 ι

2192 2832 2210 2863 ι
2244 2811 2409 2867 Multa
2445 2810 2675 2867 dicimus
2715 2818 2773 2864 et
2808 2822 3030 2881 egemus
3068 2805 3270 2871 verbis,
3308 2801 3710 2860 consummatio

2123 2922 2141 2953 ι
2174 2911 2357 2958 autem
2385 2914 2697 2957 sermonum
2724 2898 2844 2970 ipse
2866 2906 2971 2953 est.
3003 2916 3021 2948 ι
3077 2895 3267 2952 Omnis
3307 2893 3519 2950 locutio
3540 2904 3708 2963 parra

2038 3021 2084 3080 ρ
2115 3002 2200 3049 est
2250 2992 2305 3049 in
2351 2989 2775 3080 comparatione
2785 2986 2983 3080 gloriati
3012 2986 3131 3057 ejus
3157 3026 3174 3052 ,
3202 2994 3273 3080 et
3530 2982 3708 3055 lingua

2118 3098 2286 3153 egena
2315 3081 2518 3148 verbis,
2560 3094 2660 3137 nec
2687 3077 2883 3135 suﬁicit
2922 3079 2989 3135 ad
3031 3074 3425 3134 enuntiandum
3448 3074 3706 3130 virtutem

2115 3178 2266 3248 ejus;
2316 3175 2443 3247 quia
2496 3171 2899 3229 intestitnabilis.
2935 3179 2995 3226 et
3031 3167 3319 3227 ineffabilia
3348 3165 3617 3226 aestimari
3655 3170 3709 3220 et

2117 3264 2269 3320 effari
2320 3280 2351 3318 a
2398 3277 2671 3334 quoquam
2692 3276 2825 3347 [non
2871 3270 3073 3332 potest.
3137 3259 3259 3330 Ipse
3310 3255 3711 3315 consummatio

2119 3368 2430 3411 sermonum
2460 3360 2774 3409 nostrorum
2810 3361 2916 3418 est,
2949 3352 3092 3408 sicut
3129 3358 3187 3406 et
3223 3348 3477 3406 conditor
3503 3356 3713 3403 natura

2118 3457 2340 3503 ηοειηπε.

2194 3556 2211 3587 ι
2243 3536 2299 3591 1η
2340 3536 2592 3592 omnibus
2630 3534 2927 3604 gloriantes
2958 3533 3028 3589 ad
3064 3530 3195 3603 quid
3231 3529 3575 3587 valebimus?
3598 3530 3712 3600 ipse

2125 3646 2144 3678 ι
2177 3627 2322 3681 enim
2369 3625 2711 3696 omnipotens
2748 3639 2909 3695 super
2944 3624 3126 3680 omnia
3167 3636 3341 3694 opera
3358 3636 3479 3678 sua.
3512 3642 3533 3676 ι
3573 3620 3717 3691 Quid

2118 3717 2263 3771 enim
2292 3715 2433 3772 valet
2465 3714 2836 3787 corruptibilis
2868 3723 3119 3770 creatura
3147 3713 3214 3770 de
3241 3711 3711 3785 incomprehensi-

2117 3806 2213 3863 bili
2240 3807 2337 3863 Dei
2354 3808 2631 3879 disputare
2651 3807 2908 3873 essentia,
2928 3822 3089 3876 quem
3111 3820 3273 3863 nemo
3290 3805 3429 3861 vidit
3446 3820 3709 3874 unquam,

2119 3913 2219 3952 nec
2270 3916 2289 3948 ι
2322 3897 2486 3953 homo
2529 3897 2718 3952 vivens
2763 3911 2925 3967 super
2966 3905 3166 3953 terram
3212 3895 3401 3951 videre
3445 3892 3667 3965 potest?
3688 3912 3706 3943 ι

2117 3992 2235 4059 ipse
2261 3989 2405 4044 enim
2430 3996 2515 4044 est
2540 3986 2883 4057 omnipotens
2909 4000 3072 4057 super
3101 3985 3287 4041 omnia
3315 3998 3484 4056 opera
3509 3997 3631 4047 sua,
3660 3991 3715 4036 et

2117 4078 2369 4133 universa
2401 4077 2502 4132 sub
2526 4085 2796 4148 potestate
2824 4078 2943 4148 ejus
2966 4077 3293 4134 consistunt.

2193 4188 2211 4220 ι
2249 4167 2533 4224 Terribilis
2577 4166 2839 4225 Dominus
2885 4175 2941 4223 et
2992 4181 3221 4237 magnus
3255 4165 3635 4230 vehementer,
3661 4175 3715 4219 et

2125 4278 2143 4310 ι
2180 4256 2444 4314 mirabilis
2475 4259 2718 4329 potentia
2748 4258 2918 4330 ipsius
2950 4277 2963 4312 :
2994 4256 3373 4314 Gloriﬁcantes
3398 4255 3712 4321 Dominum,

430 4328 728 4431 merabiles
776 4331 932 4431 nobis
957 4330 1067 4387 Deo
1093 4330 1468 4403 comprehensi
1495 4344 1638 4397 sunt,
1671 4335 1765 4405 qui
1794 4350 2015 4431 arenam
2044 4371 2096 4431 D
2128 4367 2146 4399 ι
2184 4328 2661 4420 quantumcunque
2687 4328 2995 4419 ροίυει-ίιίε,
3022 4346 3393 4419 “venalem;
3413 4346 3591 4403 adhuc
3621 4347 3713 4401 ad.

435 4419 621 4485 maris,
658 4430 712 4474 et
748 4419 1046 4489 pluviarum
1077 4429 1257 4492 guttas
1277 4432 1592 4490 enumerat;
1623 4431 1679 4480 et
1706 4440 1774 4480 ne
1798 4425 2023 4481 omnino

434 4509 1007 4585 incomprehens'ibiles
1061 4509 1437 4583 linquerentur
1467 4554 1482 4579 ,
1548 4515 1847 4586 quantitate
1912 4531 2019 4571 non

433 4603 696 4675 qualitate
724 4618 788 4658 ea
822 4599 1081 4660 deﬁnivit.
1115 4601 1355 4679 Denique
1379 4604 1446 4659 de
1468 4608 1548 4659 eis
1574 4605 1774 4661 dicitur
1799 4625 1810 4658 :
1846 4626 1864 4657 ι
1888 4607 2017 4661 Ani-

434 4691 597 4747 malia
628 4691 816 4764 pusilla
836 4700 891 4748 et
912 4706 1124 4762 magna,
1158 4711 1179 4745 ι
1215 4693 1468 4763 quoniam
1494 4694 1637 4750 inter
1664 4695 1808 4765 ipsos
1835 4705 1887 4751 et
1910 4711 2022 4751 ma-

428 4781 579 4852 j‘ores
612 4797 733 4839 esse
773 4782 1031 4856 nequitiae
1063 4782 1362 4855 probantur
1402 4785 1727 4843 omnimodis
1765 4796 1820 4842 et
1855 4787 2024 4841 mino-

436 4887 545 4928 res.
607 4871 765 4939 Illuc,
826 4874 1038 4944 inquit,
1090 4886 1257 4929 naves
1303 4875 1743 4944 pertransibunt,
1798 4875 1929 4943 illic,
1971 4876 2025 4930 in

436 4965 653 5020 mundo.
691 4966 899 5021 scilicet
926 5005 943 5033 ,
1003 4978 1166 5034 quem
1211 4965 1458 5035 superius
1508 4964 1644 5020 dixit
1690 4981 1869 5028 mare.
1925 4964 2029 5020 Per

438 5070 606 5111 naves
650 5063 829 5109 autem
882 5054 1219 5124 signiﬁcatur
1270 5054 1539 5122 Ecclesia,
1593 5070 1718 5127 qua:
1764 5056 2027 5128 periculo-

440 5162 532 5201 sos
571 5145 768 5199 ﬂuctus
805 5144 989 5199 mundi
1026 5161 1126 5216 per
1163 5144 1366 5218 lignum
1409 5144 1664 5217 gloriosae
1685 5148 1868 5203 crucis
1903 5162 2027 5203 eva-

440 5244 565 5305 dit,‘
607 5247 835 5310 portans
879 5237 1102 5309 populos
1149 5239 1244 5309 qui
1287 5238 1449 5309 signo
1492 5236 1617 5294 ﬁdei
1661 5239 2023 5296 crediderunt.

439 5332 629 5391 ﬂata:
682 5338 863 5388 autem
910 5339 967 5386 et
1021 5331 1253 5399 remiges
1300 5330 1683 5407 praedicatores
1733 5340 1859 5389 sunt
1906 5346 2025 5388 san-

437 5428 532 5493 cti,
575 5426 666 5497 qui
710 5423 1008 5480 Ecclesium
1061 5430 1253 5493 regunt
1308 5423 1451 5479 inter
1484 5421 1680 5480 fluctus
1717 5423 1877 5495 hujus
1926 5439 2024 5479 sae-

434 5519 567 5577 culi.
626 5518 684 5573 ln
717 5517 804 5573 his
854 5517 1053 5589 quippe
1087 5514 1317 5572 navibus
1366 5517 1573 5572 habitat
1614 5516 1881 5582 Christus,
1932 5517 2025 5587 qui

439 5609 488 5667 is
526 5627 556 5667 a
583 5611 927 5670 credentibus
967 5613 1255 5682 excitetur,
1287 5614 1414 5669 dicit
1451 5613 1854 5669 immanissima:
1885 5621 2022 5668 tem-

2131 4459 2150 4492 ι
2184 4439 2451 4496 mirabilis
2486 4437 2885 4511 magniﬁcentia
2915 4437 3051 4509 ejus.
3082 4459 3109 4493 ι
3162 4438 3300 4497 Huic
3324 4438 3447 4495 loco
3471 4438 3711 4494 concinit

2125 4530 2267 4602 quod
2300 4530 2589 4587 Psalmista
2634 4546 2942 4586 convocans
2963 4545 3155 4586 omnes
3181 4537 3371 4602 gentes
3391 4528 3464 4584 ad
3486 4527 3711 4584 laudan-

2126 4625 2253 4678 dum
2282 4622 2450 4679 Deum
2481 4623 2594 4677 ait:
2634 4640 2651 4673 ‹
2686 4620 2887 4677 Omnes
2935 4630 3127 4691 gentes
3162 4620 3405 4691 plaudite
3437 4618 3708 4681 manibus,

2120 4714 2347 4786 jubilate
2387 4715 2495 4770 Deo
2540 4714 2594 4769 in
2644 4730 2775 4770 voce
2815 4713 3226 4780 exsultationis,
3261 4713 3524 4785 quoniam
3575 4711 3712 4769 Deus

2130 4821 2372 4862 summus
2403 4806 2662 4861 terribilis
2697 4815 2752 4861 et
2782 4821 2877 4861 rex
2920 4820 3150 4876 magnus
3175 4820 3339 4876 super
3364 4819 3560 4861 omnes
3587 4804 3713 4861 deos

2134 4895 2305 4968 (Paul.
2335 4896 2502 4966 xui).
2541 4917 2558 4948 ι
2617 4895 2681 4951 Et
2709 4898 2837 4951 item
2868 4913 2883 4950 :
2918 4916 2935 4947 ι
2966 4897 3319 4963 Annuntiate,
3347 4896 3550 4967 inquit,
3575 4896 3712 4951 inter

2133 4994 2316 5055 gentes
2350 4984 2576 5055 gloriam
2609 4986 2741 5055 ejus,
2796 4986 2850 5040 in
2897 4984 3151 5041 omnibus
3187 4984 3403 5057 p0pulis
3448 4985 3713 5041 mirabilia

2134 5076 2270 5145 ejus,
2302 5076 2557 5145 quoniam
2585 5090 2811 5144 magnus
2836 5072 3100 5129 Dominus
3119 5084 3174 5129 et
3207 5072 3495 5130 laudabilis
3532 5074 3707 5135 nimis,

2134 5178 2189 5220 et
2235 5163 2495 5222 terribilis
2539 5174 2624 5219 est
2674 5178 2836 5235 super
2888 5180 3081 5220 ornnes
3127 5162 3261 5220 deos
3308 5162 3483 5238 (Paul.
3514 5164 3656 5237 xcv).
3685 5181 3705 5216 ι

2135 5247 2329 5319 Reddit
2366 5268 2560 5312 causas
2587 5268 2758 5323 quare
2785 5249 3015 5310 Domino
3041 5264 3097 5309 et
3119 5252 3303 5325 plaudi
3327 5253 3523 5310 debeat
3550 5262 3603 5308 et
3622 5252 3707 5323 ju-

2126 5343 2306 5402 Lilari.
2350 5339 2587 5399 Primum
2631 5343 2759 5414 quia
2802 5359 3044 5399 summus
3082 5355 3164 5399 est
3205 5340 3349 5401 Deus
3375 5385 3391 5410 ι
3435 5341 3707 5405 terribilis,

2130 5436 2255 5513 quia
2282 5435 2393 5504 ipse
2409 5433 2749 5504 judicaturus
2775 5443 2858 5488 est
2878 5433 3165 5499 mundum;
3194 5450 3288 5489 rex
3316 5449 3559 5502 magnus.
3582 5448 3702 5505 quo-

2130 5525 2275 5577 niam
2307 5539 2398 5577 rex
2432 5539 2618 5595 regum
2647 5534 2699 5578 et
2732 5522 2992 5578 Dominus
3018 5534 3099 5578 est
3128 5525 3520 5581 dominantium
3553 5544 3566 5579 :
3599 5538 3692 5579 ωει-

2129 5628 2266 5685 gnus
2302 5611 2368 5667 ad
2406 5622 2725 5691 potestatem
2757 5612 3012 5691 pertinet,
3052 5614 3177 5686 quia
3212 5631 3376 5686 snper
3402 5623 3590 5669 cuncta
3613 5626 3701 5683 po-
