3902 6162
233 354 415 421 κεῖ

1125 355 1477 413 COMMENT.
1522 357 1586 412 IN
1628 358 2238 415 ECCLESlASTlClFM.
2280 387 2349 402 -ο
2387 360 2517 415 LlD.
2561 360 2628 416 Χ.

3368 371 3507 431 1083

232 474 433 533 lentior
467 480 579 532 est:
630 471 918 528 laudabilis
964 472 1030 526 ad
1068 472 1347 540 pietatem,
1394 470 1648 539 quoniam
1685 470 1809 525 dum
1838 472 1888 531 Λ
1920 488 1940 520 ι
1986 469 2103 524 Non
2132 472 2276 527 enim
2303 472 2602 528 habebitis:
2628 474 2749 543 quis
2780 474 2924 530 videt
2962 491 3083 532 eum
3117 485 3171 533 et
3203 482 3501 549 :narrabit,

229 578 476 621 essemus
499 562 723 634 captivi,
748 564 987 633 pretioso
1018 563 1278 633 sanguine
1309 578 1407 618 nos
1441 562 1704 627 redemit;
1734 562 1817 616 ni-

230 656 338 712 mis
362 663 542 710 autem
567 655 817 725 congruit
836 654 904 708 ad
927 664 1235 724 utrumque,
1268 656 1392 725 quia
1422 670 1523 710 nec
1551 662 1812 725 quantum

230 761 479 815 magnus,
506 760 607 800 nec
625 744 1180 815 quantumlaudabiiis
1197 746 1264 801 sit
1284 754 1491 816 poterat
1508 746 1810 816 explicare;

229 838 324 891 sed
355 836 608 905 quoniam
637 834 999 891 consideranti
1034 837 1322 893 :estimatio
1348 836 1562 899 deiecit.
1590 837 1814 906 pulchre

230 926 437 980 addidit
465 926 656 990 nimis;
693 925 766 979 ita
810 941 914 980 non
946 927 1263 995 exponendo
1297 928 1440 997 quod
1479 928 1812 992 intendebat,

231 1016 504 1071 uberrime
532 1016 879 1087 signiﬁcavit,
906 1027 960 1071 et
990 1019 1280 1073 declaravit
1319 1035 1424 1074 non
1464 1021 1815 1089 comprehen-

228 1105 407 1161 dendo
444 1105 585 1176 quod
627 1108 816 1161 voluit.
853 1106 987 1161 Nam
1032 1108 1171 1162 idem
1211 1107 1480 1179 Propheta
1527 1110 1654 1165 alibi
1689 1112 1765 1164 ait
1798 1128 1810 1164 :

235 1215 253 1246 ι
292 1196 516 1267 Magnus
542 1194 801 1251 Dominus
830 1205 885 1251 et
913 1196 1193 1251 laudabilis
1222 1198 1404 1262 nimis,
1446 1207 1501 1253 et
1547 1201 1814 1270 magnitu-

230 1286 375 1340 dinis
415 1285 532 1354 ejus
569 1301 674 1341 non
718 1292 801 1341 est
841 1285 964 1340 ﬁnis
999 1286 1172 1357 (Psal.
1206 1303 1369 1352 aLvn,
1403 1304 1524 1354 xcv,
1561 1289 1761 1361 exuv).
1788 1310 1807 1341 ι

230 1377 472 1432 Miranda
504 1376 830 1446 complexio,
866 1392 993 1432 vera
1018 1377 1329 1447 praedicatio
1358 1379 1437 1434 sic
1466 1380 1686 1435 laudare
1711 1382 1814 1436 Do-

228 1468 459 1532 minum,
490 1475 550 1521 ut
576 1475 835 1537 quantum
857 1474 940 1522 est
983 1482 1210 1538 magnus
1238 1484 1344 1523 non
1373 1470 1612 1526 :estimes
1640 1471 1814 1540 expli—

227 1558 493 1624 cundum;
521 1572 714 1612 sensus
744 1558 889 1612 enim
917 1558 1082 1613 totius
1109 1569 1375 1615 creatura:
1409 1561 1611 1626 deﬁcit,
1655 1572 1710 1617 et
1747 1562 1813 1617 ad

229 1648 318 1702 i?ia
350 1648 605 1703 retractio
637 1662 850 1717 semper
874 1651 1158 1705 excrescit.
1194 1650 1334 1705 Nam
1358 1652 1500 1706 sicut
1530 1652 1674 1707 nullo
1698 1652 1814 1709 loco

1924 579 1942 611 ι
1986 569 2042 615 et
2079 562 2202 631 quis
2247 562 2615 634 magniﬁcabit
2657 580 2782 619 cum
2822 566 2963 622 sicut
3006 577 3091 624 est
3134 569 3202 623 ab
3247 570 3447 628 initio?
3479 592 3501 627 ι

1918 650 2085 706 Valde
2118 653 2265 707 enim
2299 654 2603 725 indigemus
2649 656 2817 725 ipsius
2855 673 2980 729 ope,
3020 667 3079 713 ut
3112 660 3179 714 ad
3217 676 3340 716 eum
3386 663 3506 718 ian-

1917 740 2150 795 dandum
2202 742 2320 812 ejus
2361 744 2667 813 repleamur
2701 747 2922 802 virtute.
2974 747 3127 815 Quod
3168 750 3311 804 enim
3342 751 3502 808 dicit;

1922 849 1940 881 ι
1989 831 2065 884 Ne
2093 831 2370 898 laborelis,
2402 850 2506 889 non
2539 836 2683 890 enim
2710 837 3008 903 habebitis,
3045 857 3063 890 ι
3098 839 3339 893 ostendit
3362 838 3506 909 quod

1918 924 2096 978 divina
2147 936 2378 991 secreza,
2422 942 2543 996 qua:
2595 928 2737 983 ultra
2793 937 3036 984 nostrum
3084 931 3301 986 modum
3356 941 3504 998 sunt,

1916 1014 2147 1068 scrutari
2196 1030 2303 1069 non
2336 1016 2627 1072 debeamus
2658 1018 2819 1086 :quia
2872 1019 2989 1089 ejus
3036 1020 3247 1074 occulta
3300 1018 3505 1088 judicia

1914 1105 2138 1159 omnino
2188 1114 2473 1174 penetrare
2522 1123 2629 1162 non
2680 1124 2986 1178 possumus.
3049 1109 3200 1165 Unde
3241 1110 3504 1180 scriptum

1915 1202 2002 1249 est
2028 1215 2035 1245 :
2070 1214 2089 1246 ι
2127 1196 2202 1250 Nc
2226 1213 2436 1266 qumras
2462 1213 2592 1267 opes
2621 1199 2687 1253 ad
2719 1216 2856 1269 quas
2881 1202 3186 1273 pertingere
3228 1220 3333 1259 non
3379 1221 3505 1276 pos-

1923 1305 1941 1338 ‹
1985 1287 2060 1341 sis
2085 1285 2266 1353 (Prov.
2292 1289 2471 1360 χχιιι).
2507 1309 2524 1341 ι
2560 1290 2624 1344 Ει
2651 1291 3009 1348 Ecclesiastes
3035 1312 3047 1345 :
3077 1314 3095 1343 ι
3134 1295 3277 1359 Dixi,
3307 1296 3500 1367 inquit,

1916 1376 2134 1445 sapiens
2161 1375 2385 1441 eiiiciar,
2418 1386 2472 1431 et
2498 1377 2612 1448 ipsa
2637 1378 2849 1448 longius
2878 1381 3104 1436 recessit
3141 1397 3171 1435 a
3204 1398 3307 1437 me.
3340 1383 3504 1438 Multo

1916 1465 2088 1535 magis
2116 1481 2278 1535 quam
2307 1475 2445 1531 erat,
2474 1474 2529 1521 et
2554 1468 2662 1521 alta
2694 1469 3051 1539 profunditas,
3094 1472 3216 1541 quis
3265 1472 3504 1527 inveniet

1917 1556 2072 1611 eam?
2096 1556 2294 1628 (lfcclc.
2324 1559 2442 1631 ru.)
2476 1580 2495 1613 ι
2906 1616 2915 1623 ,

1994 1667 2011 1698 ι
2059 1647 2219 1701 Multa
2252 1649 2566 1704 abscondita
2605 1659 2733 1705 sunt
2764 1651 2967 1721 majora
2998 1652 3112 1715 his;
3157 1668 3327 1721 pauca
3356 1654 3501 1709 enim

227 1740 521 1805 clauditur,
564 1740 640 1794 ita
687 1755 789 1796 nec
833 1740 1140 1811 eloquentia
1185 1742 1434 1813 quamvis
1479 1743 1811 1813 amplissima
1844 1812 1859 1813 ί
1925 1756 1943 1788 ι
1989 1738 2223 1792 Vidimus
2254 1754 2416 1808 090m
2448 1738 2601 1807 (Ἱππεῖ
2636 1742 2815 1795 omnia
2846 1751 3028 1796 ειυῑθιιί
3057 1741 3318 1809 Dominus
3354 1743 3498 1809 [θεῖεν

226 1834 350 1903 ejus
381 1843 607 1905 mssunt
638 1834 907 1905 praeconia
949 1812 1227 1890 terminari
1255 1853 1267 1889 :
1301 1836 1475 1891 virtus
1514 1812 1810 1906 inexpiiea-
1843 1812 1885 1869 Β
1919 1852 1937 1882 ί
1984 1839 2040 1886 et
2065 1831 2151 1901 pie
2183 1831 2467 1901 agentibus
2498 1832 2645 1886 dedit
2670 1833 3011 1900 sapientiam.
3046 1854 3064 1884 ι
3100 1833 3156 1888 Si
3183 1835 3252 1888 ad
3281 1836 3502 1889 univer-

228 1926 372 1990 bilis,
405 1926 578 1995 pietas
606 1925 1187 1996 incomprehensibilis,
1208 1926 1471 1995 sapientia
1496 1926 1807 1991 ineii‘abilis;

230 2016 385 2087 cujus
405 2031 530 2072 vera
552 2016 794 2073 deﬁnitio
814 2026 900 2074 est
921 2016 1082 2074 ﬁnem
1114 2018 1168 2073 in
1196 2018 1399 2073 sanctis
1427 2018 1675 2073 laudibus
1704 2034 1811 2073 non

227 2104 451 2160 habere.
501 2106 568 2161 Et
595 2115 720 2162 nota
751 2108 878 2178 quia
906 2108 1033 2164 dum
1061 2108 1258 2165 dicitur
1280 2109 1667 2179 magnitudinis
1696 2108 1812 2178 ejus

227 2192 395 2250 ﬁnem
419 2210 523 2251 non
549 2212 693 2264 esse,
720 2213 995 2268 nunquam
1028 2208 1079 2255 te
1109 2200 1350 2271 praecipit
1377 2202 1447 2256 ab
1474 2199 1592 2270 ejus
1618 2201 1814 2272 pradi-

239 2274 459 2328 eatione
478 2286 741 2340 cessare;
768 2290 893 2329 nam
914 2283 971 2331 et
1000 2277 1148 2333 taciti
1181 2279 1389 2348 gratias
1417 2285 1654 2351 agimus,
1680 2299 1804 2341 eum

233 2377 338 2418 nos
358 2363 621 2433 probabili
645 2366 1062 2422 conversatione
1080 2376 1410 2436 tractamus;
1434 2372 1527 2441 qui
1547 2387 1669 2428 cum
1696 2374 1819 2430 nui-

233 2451 303 2507 lis
329 2454 506 2523 possit
525 2455 780 2511 laudibus
799 2456 1209 2525 comprehendi,
1237 2458 1473 2529 singulis
1495 2472 1674 2520 tamen
1704 2480 1820 2521 ser-

235 2543 493 2601 monibus
520 2544 816 2613 iudicatur,
846 2561 972 2604 eum
1005 2549 1208 2606 dicitur
1235 2568 1250 2605 :
1284 2569 1304 2603 ι
1330 2551 1557 2623 Magnus
1582 2555 1767 2615 nimis.
1791 2576 1813 2612 s

231 2634 301 2691 Et
328 2638 526 2694 iterum
560 2659 574 2694 :
614 2658 634 2692 ι
663 2638 1054 2712 Magnitudinis
1075 2643 1196 2714 ejus
1218 2659 1325 2700 non
1357 2658 1439 2704 est
1470 2648 1618 2707 linis.
1649 2668 1670 2703 ι

310 2746 332 2782 s
355 2730 751 2790 Beuedieentes
788 2733 1078 2792 Dominum
1115 2739 1350 2794 unitate
1372 2738 1522 2796 illum
1549 2751 1815 2812 quantum

246 2839 265 2873 s
290 2825 562 2892 potestis:
594 2826 770 2897 major
791 2834 877 2883 est
900 2827 1045 2883 enim
1067 2828 1215 2883 omni
1236 2830 1416 2887 laude.
1446 2849 1466 2885 ι
1493 2831 1690 2889 incitat
1710 2850 1815 2891 nos

243 2911 523 2986 Sapientia
552 2915 621 2973 ad
650 2917 1082 2975 benedicendum
1116 2919 1311 2987 Deum.
1345 2933 1404 2979 ut
1454 2934 1718 2993 quantum
1754 2926 1811 2983 in

234 3007 401 3064 nobis
425 3009 522 3076 sit,
545 3018 601 3064 et
621 3020 886 3081 quantum
913 3027 1017 3069 nos
1042 3012 1134 3070 ille
1148 3028 1312 3085 posse
1341 3018 1642 3085 concessit,
1667 3032 1816 3075 sem-

234 3112 337 3170 per
361 3098 648 3158 laudemus
669 3101 823 3158 illum
849 3119 867 3171 ;
900 3110 1145 3161 attamen
1167 3106 1317 3162 omni
1350 3107 1516 3166 modo
1547 3109 1810 3179 scientes,

1913 1921 2129 1978 sitatcm
2161 1922 2485 1977 mirabilium
2510 1922 2601 1976 Dei
2634 1923 2981 1989 attendimus,
3009 1924 3331 1993 paucissima
3377 1932 3504 1979 sunt

1912 2011 1979 2066 de
2022 2012 2219 2082 quibus
2264 2012 2510 2067 notitiam
2558 2012 2859 2067 habemus:
2906 2014 2998 2082 qui
3049 2023 3227 2069 tamen
3268 2030 3400 2070 sana
3448 2025 3504 2070 et

1911 2101 2067 2172 plena
2098 2100 2200 2156 ﬁde
2228 2101 2500 2157 credimus
2534 2111 2589 2159 et
2623 2103 2973 2169 conﬁtemur,
3017 2104 3161 2174 quod
3191 2121 3330 2159 unus
3356 2104 3501 2160 Deus
3573 2096 3585 2112 ⁸

1912 2194 2254 2263 omnipotens
2304 2192 2468 2249 Paier
2526 2203 2581 2251 et
2638 2195 2806 2251 Filius
2862 2205 2918 2250 et
2970 2196 3206 2266 Spiritus
3275 2206 3507 2252 sanctus

1914 2286 2155 2341 omnium
2182 2284 2473 2341 visibilium
2497 2295 2554 2343 et
2577 2287 2922 2344 iuvisibilium
2953 2298 3170 2345 creator
3193 2297 3298 2356 est,
3327 2297 3383 2345 et
3410 2288 3498 2360 pie

1915 2376 2219 2449 agentibus,
2250 2377 2356 2433 hoc
2386 2385 2492 2445 est,
2519 2378 2769 2451 religiose
2797 2380 3099 2437 viventibus
3143 2389 3198 2436 et
3223 2381 3504 2437 humiliter

1913 2468 2282 2538 qnmrentibus
2329 2470 2421 2526 dat
2478 2470 2810 2540 agnitionem
2859 2488 3048 2539 suam,
3099 2482 3361 2544 quantum
3412 2472 3506 2529 ille

1914 2560 2128 2617 noverit
2169 2561 2251 2616 eis
2292 2562 2569 2633 prodesse.
2622 2563 2890 2620 Cancrum
2934 2565 3003 2620 de
3040 2564 3157 2635 ejus
3201 2564 3503 2636 majestatis

1915 2653 2248 2710 scrutatione
2295 2653 2550 2711 cohibere
2596 2670 2695 2712 nos
2730 2655 3015 2724 debemus,
3060 2667 3117 2714 et
3160 2659 3340 2715 dicere
3377 2677 3501 2716 eum

1914 2742 2083 2800 Paulo
2128 2745 2412 2816 apostolo:
2446 2765 2463 2798 ι
2499 2746 2544 2802 0
2581 2736 2817 2804 altitudo
2869 2748 3182 2806 divitiarum
3226 2751 3503 2821 sapientia:

1914 2844 1971 2892 et
1999 2837 2242 2893 scientia:
2274 2837 2392 2905 Dei,
2424 2853 2589 2910 quam
2639 2840 3208 2912 incomprehensibilia
3253 2852 3380 2899 sunt
3414 2841 3505 2912 jn-

1915 2927 2057 2983 dicia
2103 2926 2251 2999 ejus,
2302 2936 2357 2984 et
2405 2929 2805 3002 investigabiles
2841 2932 2941 2987 via:
2975 2932 3132 3003 ejus!
3178 2933 3312 3001 Quis
3358 2934 3501 2989 enim

1915 3019 2170 3089 cognovit
2210 3034 2433 3076 sensum
2460 3020 2695 3087 Domini,
2739 3030 2834 3078 aut
2857 3023 2982 3093 quis
3008 3023 3351 3080 consiliarius
3386 3024 3505 3095 ejus

1916 3109 2047 3178 fuit,
2083 3119 2178 3167 aut
2220 3113 2345 3183 quis
2389 3111 2542 3184 prior
2581 3114 2733 3170 dedit
2773 3114 2886 3181 illi,
2933 3124 2992 3172 et
3038 3117 3372 3173 retribuetur
3418 3117 3505 3172 ei?

235 3190 384 3260 Quod
411 3192 677 3265 condigne
700 3209 827 3251 eum
847 3195 1070 3253 laudare
1094 3212 1207 3255 non
1223 3214 1545 3271 possumus,
1578 3202 1709 3275 quia
1735 3204 1805 3261 ad
1841 3190 1886 3223 υ
1918 3202 2174 3273 quoniam
2221 3218 2290 3259 ex
2337 3204 2473 3275 ipso,
2523 3212 2581 3259 et
2616 3220 2716 3277 per
2760 3206 2968 3277 ipsum,
3014 3216 3073 3264 et
3118 3208 3175 3264 in
3215 3209 3334 3280 ipso
3378 3218 3502 3265 sunt

225 3281 615 3342 celsitudinem
642 3289 1036 3358 magnitudinis
1055 3289 1176 3361 ejus
1202 3291 1512 3362 pertingere
1529 3307 1639 3350 non
1658 3294 1805 3351 vale-

226 3388 353 3429 mus
380 3390 398 3442 ;
419 3374 542 3445 ejus
561 3385 645 3434 est
669 3378 818 3434 enim
840 3380 1038 3452 gratia,
1060 3382 1327 3455 quidquid
1345 3384 1453 3442 rite
1474 3385 1530 3440 in
1550 3385 1806 3445 laudibus

224 3464 354 3534 ejus
372 3465 725 3536 proferimus.
758 3469 835 3528 De
861 3486 974 3543 quo
993 3474 1263 3545 scriptum
1304 3484 1435 3532 est:
1481 3495 1502 3530 ι
1544 3475 1807 3534 Dominus

225 3557 491 3612 virtutem
513 3561 714 3631 popqu
740 3576 843 3618 suo
866 3563 1040 3633 dabit,
1076 3583 1098 3619 ι
1121 3578 1179 3623 et
1208 3566 1529 3625 «Benedicet
1544 3568 1805 3640 populum

228 3653 394 3699 suum
422 3639 476 3694 in
498 3655 632 3710 pace
668 3640 840 3712 (Psal.
872 3645 1087 3716 smn).
1122 3665 1143 3700 ι

312 3746 330 3779 ι
378 3727 693 3786 Exsultantes
724 3747 848 3787 eum
876 3733 1159 3805 repiemini
1183 3737 1398 3802 virtute,
1444 3755 1514 3795 re
1540 3739 1813 3797 iaboretis.

1914 3292 2137 3349 omnia:
2174 3293 2277 3365 ipsi
2321 3293 2501 3350 honor
2535 3301 2591 3350 et
2633 3294 2809 3365 gloria
2851 3296 2907 3350 in
2948 3296 3146 3352 sicaris
3181 3298 3504 3356 saeculorum

1915 3378 2090 3451 (Rom.
2119 3381 2221 3454 ιι).
2260 3401 2280 3436 ι
2322 3382 2430 3439 Sed
2458 3385 2586 3456 quia
2602 3382 2720 3453 jam
2743 3385 2975 3456 plurima
3004 3387 3284 3443 moraliter
3324 3389 3508 3461 dispu-

1912 3474 2077 3529 tando
2096 3473 2409 3545 allegoriam
2435 3484 2495 3531 et
2523 3491 2803 3548 anagogen
2850 3478 2905 3533 in
2936 3477 3210 3549 plerisque
3237 3480 3506 3549 tangendo

1917 3568 2172 3637 mysteria
2217 3570 2548 3625 sacramenti
2578 3569 2745 3625 divini
2776 3572 3027 3642 superius
3068 3572 3329 3627 ediderat.
3361 3584 3513 3627 anne

1917 3656 1985 3712 de
2026 3659 2228 3714 sanctis
2264 3658 2518 3715 Patribus
2564 3670 2621 3716 et
2646 3660 2910 3716 virtutum
2968 3662 3100 3716 viris
3142 3662 3329 3732 incipit
3380 3679 3506 3717 nar-

1920 3763 2064 3804 rare.

368 3899 3488 3935 —-——________________._~_____________._________________

1456 4055 1753 4133 LlBER
1828 4056 2308 4137 DECIMUS.

1645 4211 2040 4230 ——.~——_—.

746 4291 973 4349 CAPUT
1006 4290 1295 4349 PRIMUM.

234 4407 379 4462 Laus
416 4415 664 4479 patrum,
719 4405 776 4459 td
820 4413 897 4459 est
943 4405 1395 4479 patriarcharum.
1417 4408 1811 4479 prophetarum,

1922 4297 2048 4353 vina
2074 4298 2150 4352 uti
2173 4297 2443 4354 locutione
2466 4298 2628 4354 simul
2655 4309 2711 4355 et
2737 4301 2973 4368 visione;
3007 4310 3063 4357 et
3096 4304 3372 4374 prophetae
3401 4307 3496 4375 qui

1921 4388 2064 4442 dono
2099 4387 2336 4458 Spiritus
2374 4389 2547 4444 sancti
2594 4390 2780 4461 repleti
2825 4391 2993 4446 multa
3023 4392 3224 4449 Christi
3253 4394 3510 4451 Ecclesia:

302 4458 664 4550 ᾱροὲιριόάᾱ
697 4485 747 4530 et
788 4458 1100 4545 munirent,
1141 4458 1201 4529 in
1220 4458 1683 4546 ﬁnisﬁnis}
1701 4458 1811 4532 De:
1840 4458 1892 4518 Ῐ)
1916 4490 2039 4545 qua:
2062 4476 2243 4532 futura
2274 4478 2531 4550 mysteria
2556 4458 2908 4549 praicinucre.
2977 4481 3045 4539 lii
3080 4486 3423 4543 dominantes
3449 4489 3509 4542 in

306 4544 438 4601 mini
470 4544 675 4603 locutus
695 4555 792 4601 est.

306 4656 463 4728 (Car.
490 4654 664 4727 ιιιν.)
693 4672 715 4707 ι
745 4653 1052 4710 Laudemus
1076 4654 1223 4709 viros
1246 4654 1512 4727 gloriosos
1539 4664 1596 4711 et
1618 4671 1819 4727 paren-

237 4766 261 4803 e
306 4755 392 4803 tes
426 4754 643 4803 nostros
684 4746 738 4801 in
774 4744 1122 4817 generatione
1159 4760 1278 4799 sua.
1331 4743 1552 4800 Multam
1594 4745 1819 4817 gloriam

237 4856 263 4892 s
309 4836 440 4893 iecit
459 4836 718 4891 Dominus
751 4832 1148 4905 magniﬁcentia
1192 4848 1288 4888 sua
1327 4848 1358 4887 a
1385 4834 1599 4889 saeculo.
1633 4834 1820 4890 Domi-

240 4945 267 4983 s
310 4935 505 4984 nantes
528 4926 583 4981 in
606 4923 964 4996 potestatibus
987 4923 1102 4978 suis
1126 4923 1375 4979 homines
1399 4923 1577 4993 magni
1597 4924 1815 4989 virtute,

241 5039 266 5074 s
306 5028 366 5075 et
392 5016 677 5089 prudentia
715 5029 813 5070 sua
839 5012 1072 5085 praediti,
1102 5012 1414 5068 nuntiantes
1458 5014 1513 5068 in
1542 5015 1821 5084 prophetis

242 5132 263 5163 s
306 5109 624 5181 dignitatem
675 5108 1082 5179 prophetarum,
1123 5114 1181 5160 et
1216 5106 1547 5175 imperantes
1586 5107 1639 5161 in
1683 5122 1821 5178 pras-

243 5226 261 5256 ι
308 5202 452 5260 scuti
480 5202 697 5274 populo,
724 5210 778 5256 et
815 5201 1012 5256 virtute
1034 5200 1335 5270 prudentize
1363 5198 1571 5269 populis
1591 5200 1819 5254 sanctis-

245 5316 262 5345 ι
311 5295 451 5349 sima
483 5295 673 5350 verba.
726 5293 783 5347 in
829 5292 1058 5363 pueritia
1107 5307 1202 5347 sua
1251 5291 1591 5361 requirentes
1632 5292 1822 5345 modos

244 5406 263 5437 ι
312 5385 569 5447 musicos,
600 5392 656 5437 et
682 5391 967 5438 narrantes
993 5381 1235 5436 carmina
1263 5379 1684 5450 Scripturarum.
1715 5380 1822 5437 llo-

244 5496 263 5525 α
311 5475 487 5528 mines
529 5472 724 5527 divites
760 5473 817 5527 iri
860 5472 1081 5534 virtute,
1122 5469 1538 5540 pulchritudinis
1583 5471 1818 5525 studium

243 5580 262 5614 ι
316 5563 600 5627 habentes,
623 5561 968 5631 paciﬁcantes
996 5562 1047 5615 in
1074 5561 1321 5615 domibus
1349 5561 1480 5615 suis.
1508 5582 1525 5612 ι
1557 5561 1663 5615 \‘iri
1690 5579 1821 5631 ergo

236 5652 461 5721 gloriosi
495 5652 826 5723 temporibus
854 5652 967 5705 suis
997 5653 1233 5717 fuerunt,
1263 5660 1317 5705 et
1347 5653 1491 5722 digni
1523 5670 1617 5722 per
1640 5656 1819 5707 omnia

226 5743 423 5807 laude,
448 5742 622 5801 sancti
650 5743 849 5799 scilicet
886 5743 1225 5813 patriai-eine
1262 5743 1349 5810 qui
1398 5754 1707 5797 meruerunt
1739 5744 1818 5799 di-

1919 4568 2278 4639 potestatibus
2324 4570 2438 4625 suis
2482 4580 2657 4635 erant,
2700 4574 2826 4643 quia
2866 4574 3050 4646 plures
3100 4576 3310 4633 illorum
3347 4594 3505 4645 reges

1922 4657 2075 4715 fuere
2100 4658 2445 4718 facultatibus
2469 4662 2837 4731 abundantes;
2879 4667 2975 4722 sed
3005 4668 3211 4738 majore
3236 4678 3506 4739 potestate

1921 4748 2243 4819 semetipsos
2272 4750 2551 4824 regebant,
2581 4767 2704 4808 cum
2732 4754 2803 4809 ab
2827 4754 3032 4812 illicitis
3054 4759 3502 4828 concupiscentiis

1921 4854 1981 4894 se
1999 4840 2343 4896 coercebant.
2366 4842 2702 4913 imperantes
2724 4846 2934 4916 populis
2960 4856 3018 4903 et
3044 4848 3242 4904 virtute
3270 4851 3505 4921 pruden-

1921 4930 2011 4984 tia:
2048 4946 2160 4987 sine
2200 4931 2560 5000 instruebant,
2596 4952 2827 5005 quorum
2859 4938 3024 5010 aliqui
3066 4941 3301 4997 musicos
3341 4958 3509 5001 sonos

1924 5021 2293 5090 requirebant,
2325 5033 2387 5079 ut
2414 5025 2604 5092 David,
2631 5036 2687 5083 et
2714 5031 2915 5097 caeteri,
2941 5032 3032 5102 qui
3056 5048 3178 5088 cum
3209 5033 3327 5105 ipso
3355 5035 3503 5107 psal-

1921 5115 2155 5168 modiam
2172 5115 2517 5173 ordinabant.
2546 5120 2652 5175 Alii
2675 5136 2806 5178 vero
2825 5124 3241 5194 pulchritudinis
3269 5130 3503 5186 studium

1923 5204 2209 5270 habentes,
2256 5214 2315 5260 ut
2341 5206 2552 5279 Moyses
2586 5219 2643 5265 et
2669 5210 2946 5280 Salomon,
2977 5217 3068 5287 qui
3097 5217 3500 5274 tabernaculum

1923 5306 2086 5366 atque
2132 5299 2392 5369 templum
2430 5316 2554 5357 cum
2588 5305 2759 5361 variis
2784 5308 2931 5363 vasis
2964 5318 3019 5363 et
3056 5311 3375 5365 utensilibus
3403 5310 3504 5362 Do-

1921 5388 2071 5444 mino
2105 5389 2533 5447 tediﬁcaverunt.

1997 5499 2013 5527 ι
2045 5478 2246 5536 Omnes
2271 5482 2358 5537 isti
2387 5482 2438 5537 in
2464 5484 2899 5553 generationibus
2927 5486 3102 5555 gentis
3141 5501 3251 5539 sum
3274 5485 3501 5554 gloriam

1926 5582 1954 5618 ο
1994 5570 2169 5639 adepti
2210 5580 2356 5634 sunt,
2385 5582 2440 5627 et
2485 5574 2536 5627 in
2582 5574 2769 5629 diebus
2805 5577 2917 5630 suis
2951 5575 3217 5628 habentur
3252 5590 3304 5628 tn
3333 5574 3503 5629 laudi-

1930 5682 1947 5707 ι
1997 5663 2110 5713 ints.
2150 5663 2249 5726 Qui
2301 5664 2366 5715 de
2417 5663 2520 5716 illis
2567 5664 2672 5717 uati
2713 5674 2858 5725 sunt,
2913 5664 3248 5732 reliquerunt
3305 5680 3499 5724 nomen

1934 5778 1947 5799 ι»
1994 5755 2252 5808 narrandi.
2299 5754 2477 5806 laudes
2516 5770 2721 5808 eorum.
2762 5775 2776 5804 ι
2818 5755 3128 5811 Habuerunt
3169 5772 3300 5829 ergo
3327 5750 3507 5813 sancti
