3926 6168
467 352 490 410 l
500 351 605 411 083

1108 352 1168 408 Β.
1209 351 1461 408 MBAN]
1499 352 1719 408 MAClil
1758 351 2074 406 AlllllllEP.
2117 348 2425 403 MOGUNT.
2466 346 2752 403 OPERUM
2793 342 2971 399 PARS
3009 341 3048 399 Ι.

3592 340 3730 399 ιω

463 468 568 524 viri
616 468 671 522 in
722 463 1157 538 generationibus
1212 464 1388 532 gentis
1439 478 1550 517 sua:
1606 464 1865 533 gforiam,
1914 464 2043 531 quia
2074 464 2118 521 Α
2147 460 2286 514 bona
2326 460 2646 529 promeruit.
2691 458 2843 514 Unde
2888 466 2975 511 est
3026 457 3175 522 illud,
3207 457 3349 527 quod
3390 454 3729 527 lloysespro

465 560 659 616 merito
705 555 1004 627 prudentiae
1048 563 1103 608 et
1151 554 1411 609 virtutum
1465 571 1495 607 a
1538 554 1770 608 subditis
1816 555 2044 607 honora-

466 651 682 704 bantur.
743 645 894 701 Unde
942 645 1145 715 posteri
1194 659 1382 698 eorum
1427 644 1520 713 qui
1571 660 1758 698 eorum
1799 652 2045 698 sanctam

464 740 935 795 conversationem
970 740 1167 795 imitati
1211 749 1358 805 sunt,
1393 754 1526 795 voce
1554 738 1712 794 simul
1741 746 1796 792 et
1836 738 2048 791 actione

466 832 652 887 laudes
682 832 897 887 illorum
940 834 1389 888 celebraverunt:
1419 832 1558 901 quod
1586 831 1746 905 etiam
1792 828 1915 883 mali
1949 828 2047 881 lio-

470 924 645 977 mines
686 931 741 977 et
758 917 1016 993 'perversi
1049 922 1291 977 moribus
1320 922 1542 992 adipisci
1576 937 1681 975 non
1713 926 2047 974 meruerunt.

474 1013 549 1067 De
574 1014 770 1083 quibus
800 1012 1089 1069 subditur:

545 1122 565 1156 ι
610 1105 676 1160 Et
720 1114 847 1161 sunt
886 1120 1114 1175 quorum
1160 1119 1267 1158 non
1323 1111 1406 1157 est
1444 1100 1722 1163 memoria,
1773 1100 2051 1171 perierunt

474 1216 493 1247 ‹
539 1196 694 1265 quasi
742 1194 834 1267 qui
884 1210 989 1249 non
1036 1192 1252 1248 fuerint.
1291 1192 1358 1247 Et
1410 1192 1519 1246 nati
1570 1199 1694 1245 sunt
1742 1190 1894 1259 quasi
1945 1203 2049 1242 non

479 1304 497 1337 t
548 1286 681 1350 nati,
712 1295 768 1340 et
814 1284 907 1340 ﬁlii
961 1285 1195 1354 ipsorum
1248 1298 1370 1337 cum
1425 1282 1549 1336 illis.
1586 1300 1603 1332 ι
1664 1279 1780 1333 Non
1834 1278 2052 1332 filerunt

472 1390 603 1447 ergo
655 1373 806 1445 impii
848 1382 903 1430 et
943 1382 1256 1444 peccatores
1300 1371 1445 1442 digni
1486 1371 1741 1425 memoria
1767 1410 1781 1434 ,
1841 1370 1964 1438 quia
2006 1370 2051 1424 si

477 1463 681 1532 aliquid
712 1464 778 1519 de
813 1463 897 1518 his
933 1470 1185 1517 narratur
1216 1462 1270 1516 in
1305 1460 1585 1532 Scriptura
1635 1476 1810 1523 sacra,
1845 1477 1949 1514 non
1987 1460 2053 1514 ad

478 1551 715 1619 laudem,
747 1553 840 1607 sed
874 1552 941 1606 ad
969 1553 1411 1622 vituperationem
1438 1567 1623 1606 eorum
1673 1552 1928 1619 pertinet.
1977 1549 2053 1604 De

476 1642 585 1698 illis
624 1644 768 1698 enim
809 1644 863 1698 in
891 1642 1103 1697 Psalmo
1136 1645 1395 1713 scriptum
1436 1650 1562 1698 est:
1603 1660 1621 1693 ι
1658 1641 1863 1696 Inimici
1910 1640 2055 1696 defe-

478 1741 669 1787 cerunt
700 1730 903 1786 framea
929 1732 983 1785 in
1010 1731 1191 1797 ﬁnem,
1220 1742 1273 1784 et
1300 1731 1545 1786 civitates
1570 1746 1760 1785 eorum
1787 1730 2054 1784 destruxi-

2144 552 2334 608 eodem
2367 551 2561 621 popqu
2604 550 2897 605 lsraelitico
2921 556 3184 621 peccante
3221 563 3405 603 orans.
3451 546 3727 602 Abraham

2144 649 2199 697 et
2222 641 2370 696 Isaac
2407 649 2457 695 et
2482 640 2669 704 Iacob,
2717 640 2915 709 quibus
2961 639 3347 710 promissiones
3391 637 3534 692 data
3582 647 3727 700 sunt,

2145 734 2292 792 ducit
2318 733 2372 786 in
2400 732 2740 796 memoriam,
2768 740 2828 786 ut
2863 746 3053 786 eorum
3083 730 3293 785 meritis
3320 730 3587 785 Dominus
3613 729 3705 800 pla

2145 831 2318 886 catus,
2354 823 2705 891 peccantibus
2748 821 2875 877 ﬁliis
2913 822 3142 876 donaret
3184 820 3601 891 indulgentiam.
3640 819 3734 875 Sic

2146 915 2213 968 ad
2242 914 2407 969 David
2448 915 2726 979 meritum,
2761 913 2900 969 ﬁlios
2936 913 3055 984 ejus
3091 914 3144 968 in
3182 912 3367 968 multis
3404 912 3634 983 adjuvit,
3661 913 3731 967 ob

2150 1008 2299 1077 cujus
2352 1007 2670 1062 memoriam
2733 1006 2898 1060 etiam
2931 1005 3190 1061 Dominus
3236 1002 3362 1060 ﬁliis
3401 1004 3520 1074 ejus
3563 1002 3734 1057 multo

2149 1104 2390 1166 tempore
2423 1111 2647 1166 regnum
2673 1095 2929 1150 servavit.
2962 1093 3071 1150 Sed
3107 1095 3404 1150 sacratiore
3429 1108 3596 1149 sensu
3625 1093 3728 1147 viri

2150 1186 2534 1242 misericordia:
2573 1196 2702 1241 sunt
2730 1186 2956 1256 apostoli
2985 1187 3195 1242 Domini
3225 1186 3395 1242 nostri
3422 1185 3553 1240 Iesu
3575 1183 3729 1240 Chri-

2149 1279 2239 1339 sti,
2267 1277 2714 1347 etjmedicatores
2733 1276 2864 1331 Novi
2881 1275 3230 1340 Testamenti,
3257 1275 3349 1346 qui
3371 1274 3538 1329 verbo
3559 1273 3730 1327 Evan-

2150 1368 2271 1439 gelii
2308 1377 2361 1424 et
2397 1382 2555 1422 sacro
2584 1367 2933 1436 baptismate,
2965 1364 3104 1421 ﬁlios
3141 1366 3234 1421 Dei
3266 1365 3458 1435 dignos
3490 1362 3728 1433 quotidie

2151 1460 2387 1529 pariunt.
2439 1458 2540 1524 Qui
2571 1459 2873 1513 imitatores
2901 1465 3184 1527 parentum
3224 1471 3449 1511 suorum
3490 1453 3647 1518 facti,
3676 1454 3728 1508 in

2156 1548 2258 1603 ﬁde
2304 1555 2359 1602 et
2400 1547 2812 1602 conversatione
2871 1561 3058 1601 eorum
3113 1545 3359 1615 exempla
3407 1551 3728 1615 sequuntur.

2155 1640 2355 1693 Horum
2410 1639 2618 1694 scilicet
2665 1653 2892 1709 corpora
2931 1646 3052 1709 post
3102 1638 3260 1692 ﬁnem
3292 1639 3419 1693 vita:
3447 1637 3733 1707 presentis

2154 1730 2427 1784 dormiunt
2453 1730 2505 1783 in
2519 1744 2615 1800 spe
2643 1729 3469 1799 resurrectiOnis,exspectantes
3496 1728 3729 1783 futuram

479 1821 568 1874 sti.
597 1821 766 1874 Periit
798 1822 1059 1874 memoria
1095 1834 1281 1873 eorum
1323 1836 1445 1874 cum
1495 1820 1716 1875 sonitu:
1746 1838 1764 1870 ι
1798 1818 2052 1888 quoniam
2085 1810 2128 1869 Β
2157 1821 2404 1891 gloriam,
2454 1819 2670 1888 quando
2700 1833 2883 1874 semen
2926 1820 3193 1874 bonorum
3241 1833 3467 1890 operum
3517 1817 3730 1873 illorum

480 1909 677 1964 diaboli
720 1909 918 1980 gaudio
959 1910 1010 1963 in
1054 1911 1517 1965 consummatione
1550 1910 1732 1964 mundi
1766 1908 1839 1963 illi
1866 1908 1958 1977 qui
1987 1908 2053 1961 ad

480 2000 754 2055 civitatem
807 2000 923 2071 ejus
972 2002 1244 2070 pertinere
1314 2010 1611 2055 noscuntur
1662 1999 1953 2062 deﬁcient,
2000 2007 2056 2052 et

480 2104 668 2144 eorum
712 2090 969 2144 memoria
1015 2104 1136 2144 cum
1182 2091 1421 2145 clamore
1462 2089 1755 2143 novissimo
1803 2089 2050 2151 interiet,

477 2180 696 2249 quando
750 2189 1069 2251 merguntur
1118 2182 1172 2235 in
1222 2195 1435 2251 pmnam
1488 2191 1824 2251 perpetuam.
1901 2181 2054 2248 Quod

475 2269 788 2340 exemplum
815 2270 942 2325 inde
970 2279 1201 2327 tractum
1232 2281 1337 2336 est,
1369 2272 1493 2341 quia
1526 2272 1643 2326 ﬁeri
1678 2272 1816 2327 solet
1842 2272 2056 2341 quando

480 2375 571 2417 res
595 2376 868 2433 prosperat
893 2363 1214 2435 gravissimo
1241 2364 1346 2418 line
1378 2363 1718 2426 (innituntur,
1752 2372 1811 2417 ut
1837 2377 1938 2417 nec
1960 2377 2058 2431 po-

478 2457 648 2504 testas
682 2464 871 2505 eorum
901 2452 1148 2507 videatur
1168 2466 1469 2515 remanere,
1498 2467 1597 2507 nee
1617 2467 1813 2508 nomen
1834 2451 2053 2516 iuniori,

478 2538 623 2607 quod
666 2538 800 2594 dicit
842 2540 980 2596 ﬁlios
1029 2556 1218 2597 eorum
1261 2557 1386 2597 eum
1434 2544 1566 2612 ipsis
1606 2544 1803 2613 perire,
1832 2542 2057 2613 mystice

475 2631 755 2700 signiﬁcat
782 2646 944 2703 opera
975 2642 1324 2702 peccatorum
1373 2635 1426 2689 in
1466 2644 1671 2689 ant-ma
1711 2635 2057 2689 daiiinntitmc

476 2721 639 2776 simul
673 2738 795 2778 cum
824 2721 956 2795 ipsis
981 2723 1223 2779 interire.

1102 2811 1331 2869 CAPUT
1367 2812 1429 2867 ll.

691 2900 769 2956 De
798 2911 1042 2973 Μήνα,
1070 2911 1117 2957 et
1136 2902 1454 2971 conlusore,
1480 2910 1529 2954 et
1548 2901 1831 2955 sacerdote.

560 3014 578 3047 ι
623 2994 730 3050 Sed
756 2995 836 3051 illi
854 2996 958 3050 viri
983 2995 1370 3051 misericordiae
1390 3003 1534 3057 sunt,
1565 3008 1799 3065 quorum
1827 2994 2058 3064 pietates

486 3106 508 3141 ι
554 3103 661 3143 non
691 3088 997 3149 defuerunt,
1027 3098 1083 3142 et
1119 3100 1245 3142 eum
1274 3088 1483 3143 semitte
1528 3087 1769 3156 ipsorum
1800 3097 2055 3155 perseve-

2155 1912 2362 1967 coalesti
2390 1912 2640 1965 mercede
2668 1927 2698 1965 a
2730 1925 2960 1981 superno
2983 1909 3164 1979 judice
3194 1918 3583 1966 remuneretur.

2763 2000 2991 2057 CAPUT
3035 2000 3121 2055 Ill.

2792 2090 2866 2144 De
2890 2090 3090 2144 Enoch.

2229 2199 2251 2231 ι
2298 2181 2483 2238 Enocli
2532 2181 2736 2251 placuit
2764 2181 2875 2235 Deo
2902 2188 2962 2234 et
2999 2180 3289 2236 translatus
3312 2190 3399 2237 est
3436 2181 3497 2236 in
3522 2181 3707 2253 par-adi

2160 2290 2180 2321 τ
2225 2287 2364 2336 smn,
2397 2279 2458 2326 ut
2497 2272 2586 2326 det
2631 2272 2880 2342 gentibus
2919 2272 3311 2341 paenitentiam.
3348 2294 3366 2326 ι
3417 2273 3563 2329 Bene
3606 2286 3733 2344 ergo

2154 2379 2264 2418 non
2306 2364 2371 2419 de
2395 2363 2561 2418 Adam
2589 2363 2679 2433 qui
2708 2372 3085 2435 transgressus
3118 2373 3200 2419 est
3234 2364 3474 2419 divinum
3521 2364 3735 2419 manda-

2157 2463 2287 2518 tum,
2321 2464 2376 2509 et
2414 2456 2619 2526 ejectus
2663 2455 2881 2526 reliquit
2929 2455 3261 2525 paradisum,
3294 2455 3486 2526 incipit
3512 2468 3730 2510 enume-

2160 2560 2282 2602 rare
2327 2555 2545 2602 sanctos
2585 2556 2787 2617 patres,
2822 2546 2915 2602 sed
2958 2546 3024 2602 de
3056 2546 3258 2612 Enocb,
3302 2546 3393 2617 qui
3439 2546 3731 2601 ambulavit

2159 2653 2283 2691 cum
2314 2637 2444 2703 Deo,
2488 2644 2547 2691 et
2584 2638 2877 2693 translatus
2919 2646 3002 2693 est
3040 2639 3092 2693 in
3126 2640 3454 2717 paradisum.
3511 2637 3650 2705 Quia
3679 2638 3729 2691 in

2158 2732 2260 2785 hoc
2282 2728 2452 2785 claret
2478 2728 2669 2785 electio
2688 2740 3024 2795 sanctorum,
3049 2732 3197 2801 quod
3219 2730 3285 2786 de
3309 2742 3554 2784 mrumna
3583 2730 3732 2784 isﬁus

2159 2820 2340 2874 saecli
2409 2820 2812 2875 transferuntur
2862 2820 2931 2876 ad
2979 2823 3215 2892 quietem
3273 2821 3513 2877 celestis
3562 2822 3727 2892 regni.

2163 2909 2257 2965 llic
2304 2924 2434 2981 ergo
2478 2911 2716 2965 creditur
2760 2918 3020 2966 venturus
3062 2924 3186 2966 cum
3225 2909 3338 2964 Elia
3374 2910 3529 2980 juxta
3575 2908 3728 2963 ﬁnem

2128 3000 2366 3065 ‘mundi,
2410 3009 2473 3054 ut
2518 3001 2830 3056 hominibus
2881 3000 2972 3057 det
3014 2998 3296 3055 comitium
3337 3015 3367 3054 a
3392 3000 3634 3069 peccatis
3669 2999 3731 3052 ad

2156 3089 2531 3159 pmnltentiam
2574 3088 2950 3154 convertendi,
2980 3094 3036 3143 et
3058 3088 3141 3142 sie
3158 3102 3286 3142 eum
3310 3086 3518 3157 collega
3544 3100 3649 3143 suo
3676 3087 3729 3141 in

487 3197 510 3229 ο
555 3186 679 3232 rant
721 3177 861 3231 bona
885 3215 902 3240 ,
953 3174 1243 3232 hereditas
1287 3183 1474 3229 sancta
1517 3184 1772 3243 nepotum
1821 3171 2053 3230 illorum.
2084 3183 2128 3244 ρ
2158 3180 2537 3249 per-sequium
2566 3176 3079 3236 Anticher
3104 3176 3516 3233 debitum-ictui.

486 3287 506 3320 ι
550 3268 621 3322 Et
648 3267 705 3321 in
732 3265 1069 3320 testamentis
1097 3265 1248 3319 stetit
1286 3274 1472 3319 semen
1496 3277 1710 3325 arum,
1738 3273 1794 3316 et
1824 3261 1919 3315 ﬁlii
1958 3277 2055 3317 eo-

486 3375 508 3409 ε
552 3372 673 3411 rum
705 3362 927 3427 propter
962 3353 1078 3409 illos
1110 3368 1281 3424 usque
1316 3353 1369 3409 in
1394 3362 1659 3409 aeternum
1704 3360 2051 3422 peunanent:

489 3463 510 3496 ι
552 3457 741 3501 semen
778 3456 967 3498 comm
990 3450 1049 3497 et
1075 3442 1252 3512 gloria
1277 3457 1467 3498 eorum
1498 3440 2051 3510 nouoderelinquetur.

486 3556 508 3588 a
552 3536 795 3607 Corpora
834 3537 1072 3607 ipsorum
1106 3538 1167 3591 in
1204 3550 1338 3606 pace
1363 3534 1574 3606 sepulta
1608 3543 1752 3597 sunt,
1778 3542 1836 3588 et
1862 3550 2055 3589 nomen

487 3648 508 3680 ι
552 3643 740 3683 eorum
772 3629 914 3683 vivet
943 3629 997 3682 in
1023 3629 1399 3699 generationes
1423 3636 1481 3681 et
1510 3626 1905 3697 generationes.
1951 3624 2054 3680 Sa-

486 3740 505 3772 ι
554 3720 807 3790 pientin
835 3735 1021 3775 eorum
1058 3726 1281 3774 narrent
1309 3719 1508 3790 populi,
1542 3727 1597 3773 et
1624 3717 1835 3772 laudem
1868 3732 2056 3773 eorum

489 3830 507 3861 ι
556 3812 764 3865 nuntiet
786 3811 1048 3866 Ecclesia.
1087 3833 1103 3863 ι
1139 3810 1217 3865 illi
1244 3811 1442 3881 quippe
1471 3810 1570 3864 viri
1601 3815 1727 3863 sunt
1752 3808 2057 3864 misericor-

472 3888 606 3968 Άίπξ,
639 3902 729 3973 qui
762 3914 905 3958 recta
933 3904 1034 3958 ﬁde
1059 3911 1116 3957 et
1142 3903 1297 3957 bonis
1324 3901 1578 3973 operibus
1633 3900 2056 3956 miscricordiam

485 3992 696 4046 Domini
749 4000 1185 4063 promeruerunt.
1238 3993 1370 4046 Nam
1424 4009 1444 4041 ι
1477 3989 1848 4047 misericordia
1874 3987 1990 4056 ejus
2025 4005 2058 4044 a

483 4083 735 4152 progenie
798 4084 849 4136 in
897 4084 1177 4153 progenies
1234 4083 1544 4137 timentibus
1602 4096 1763 4135 eum:
1797 4100 1814 4131 δ
1865 4080 2058 4134 borum

482 4174 724 4227 actiones
752 4173 903 4228 bona:
939 4190 1042 4228 non
1072 4174 1292 4228 defuere
1325 4174 1377 4226 in
1412 4172 1785 4235 retributione,
1817 4171 1910 4226 sed
1935 4186 2058 4225 cum

482 4264 694 4320 semine
743 4279 953 4325 earum,
990 4264 1093 4319 hoc
1135 4271 1241 4327 est,
1291 4263 1449 4332 hujus
1488 4262 1582 4317 Dei
1616 4261 1932 4319 cultoribus.
1965 4263 2056 4331 qui

470 4359 707 4422 nepotes
740 4360 797 4406 et
831 4352 1072 4406 han-edes
1100 4350 1302 4407 ﬁebant
1334 4352 1417 4413 ri,
1447 4359 1505 4405 et
1532 4349 1796 4419 religiosa:
1836 4363 2059 4405 conver-

484 4443 708 4497 sationis
733 4456 920 4496 eurum
948 4449 1325 4496 testamentum
1368 4439 1499 4510 legis
1525 4439 1617 4496 Dei
1648 4439 1861 4495 ﬁrmum
1885 4441 2056 4495 stetit.

2759 3269 2989 3325 CAPUT
3040 3268 3131 3323 IV.

2822 3361 2898 3417 De
2925 3358 3060 3415 Noe.

2233 3470 2252 3504 ς
2300 3452 2410 3507 Nec
2442 3453 2703 3509 inventus
2740 3462 2828 3510 est
2866 3451 3161 3523 perfectus,
3186 3452 3384 3522 justus,
3419 3460 3477 3506 et
3518 3453 3574 3506 in
3596 3460 3730 3507 temo

2160 3563 2180 3595 ι
2228 3558 2356 3615 pore
2400 3545 2693 3601 iracundias
2743 3544 2917 3600 laenis
2962 3552 3047 3599 est
3094 3542 3487 3608 reconciliatio,
3536 3550 3605 3599 ut
3642 3542 3732 3599 det

2162 3652 2181 3685 σ
2226 3635 2474 3704 gentibus
2520 3635 2913 3705 paenitentiam.
2966 3632 3091 3689 ideo
3140 3633 3427 3689 remissum
3477 3642 3563 3688 est
3611 3632 3735 3688 reli-

2161 3743 2181 3776 c
2224 3737 2389 3794 quum
2418 3733 2574 3780 teme
2595 3740 2717 3780 cum
2747 3724 2946 3780 factum
2963 3724 3735 3789 essetdiluvium,testamenta

2162 3833 2181 3865 ς
2230 3816 2408 3870 δωρειιί
2459 3816 2629 3887 posita
2666 3824 2792 3871 sunt
2824 3816 2964 3885 apud
3012 3814 3183 3882 illum,
3233 3829 3303 3870 ne
3347 3814 3517 3870 deleri
3556 3822 3737 3885 posset

2162 3920 2181 3952 α
2227 3902 2425 3957 diluvio
2449 3903 2624 3957 omnis
2650 3917 2798 3958 caro.
2834 3921 2853 3955 ι
2887 3902 2999 3958 Noe
3030 3918 3156 3958 vero
3199 3904 3269 3959 de
3300 3917 3409 3973 quo
3455 3901 3737 3973 Scriptura

2158 4001 2375 4057 narrat,
2425 3992 2567 4062 quod
2601 3992 2683 4046 vir
2721 3990 2903 4060 justus
2952 3999 3114 4061 atque
3161 3991 3436 4062 perfectus
3479 3991 3648 4046 fuerit
3683 3990 3737 4045 in

2158 4081 2593 4154 generationibus
2618 4082 2751 4146 suis,
2775 4080 3056 4136 ambulans
3076 4096 3199 4136 cum
3221 4081 3352 4147 Deo,
3375 4080 3735 4136 banedicitur.

2160 4175 2216 4229 In
2247 4184 2486 4244 tempore
2531 4173 2824 4229 iracundiae
2871 4154 3045 4228 lactus
3069 4181 3154 4228 est
3187 4171 3581 4237 reconciliatio,
3609 4173 3736 4243 quia

2161 4267 2359 4323 mundo
2405 4274 2667 4335 pereunte
2711 4264 2927 4327 diluvio,
2958 4264 3024 4319 ad
3050 4265 3154 4318 hoc
3178 4270 3493 4319 reservatus
3533 4271 3643 4327 est,
3682 4270 3740 4315 ut

2160 4357 2534 4427 pamitentiam
2584 4355 2835 4426 gentibus
2882 4354 3145 4413 indiceret
3190 4352 3494 4423 agendam,
3539 4360 3599 4406 et
3642 4364 3741 4408 suo

2160 4446 2407 4514 eaanplo
2447 4446 2860 4508 demonstraret,
2900 4443 3044 4513 quod
3074 4444 3169 4513 qui
3213 4442 3325 4498 Deo
3380 4442 3580 4498 devote
3626 4456 3741 4498 ser-

483 4544 540 4587 et
584 4548 820 4603 propago
864 4532 1065 4589 sobolis
1106 4547 1293 4586 eorum
1339 4540 1560 4601 propter
1611 4531 1823 4588 illorum
1867 4531 2056 4587 merita
2085 4527 2135 4586 D
2160 4536 2331 4598 viunt,
2363 4536 2627 4589 immunes
2651 4535 2719 4589 ab
2746 4543 2947 4589 aeterno
2980 4533 3199 4588 interitu
3225 4533 3438 4588 ﬁerent.
3458 4531 3601 4589 Cum
3632 4545 3740 4603 quo

484 4624 642 4701 longo
669 4633 910 4694 tempore
937 4623 1154 4685 mansit,
1182 4637 1283 4679 nec
1310 4622 1476 4691 gloria
1504 4631 1815 4679 sanctorum
1839 4621 2057 4677 Patrum

484 4717 590 4771 ulla
636 4716 907 4771 oblivione
950 4714 1233 4771 delebitur.
1289 4711 1395 4770 Sed
1438 4726 1665 4782 corpora
1710 4714 1948 4783 ipsorum
2003 4714 2057 4769 in

482 4822 618 4878 pace
649 4806 980 4876 quiescentia
1008 4812 1327 4876 exspectant
1353 4806 1765 4861 resurrectionis
1800 4806 1965 4869 diem,
1998 4815 2057 4860 ut

483 4899 751 4968 accipiant
781 4899 1004 4969 gloriam
1045 4898 1462 4968 iucorrnptionis
1483 4912 1499 4951 :
1524 4912 1718 4954 nomen
1749 4907 1932 4953 autem
1962 4912 2055 4953 eo-

486 5004 606 5043 rum
631 4990 844 5046 celebre
871 4990 1014 5060 apud
1041 4999 1287 5061 posteros
1310 5004 1438 5045 suos
1470 5000 1800 5060 perseverat.
1840 4992 1945 5058 Qui
1972 5006 2055 5045 m-

484 5080 742 5150 pientiam
776 5081 1012 5149 ipsorum
1041 5081 1239 5150 ubique
1271 5081 1586 5151 pradicant,
1624 5089 1679 5139 et
1728 5081 2053 5137 laudabilem

484 5171 650 5224 vitam
676 5186 863 5225 eorum
890 5173 1131 5239 quotidie
1159 5174 1211 5227 in
1238 5173 1476 5229 Ecclesia
1502 5182 1819 5229 sanctorum
1844 5172 2057 5245 magnis

483 5258 733 5313 laudibus
773 5258 1034 5313 exaltant.
1082 5260 1207 5315 llaec
1229 5260 1445 5328 quidem
1481 5259 1939 5329 juxta'historiam
1986 5263 2089 5318 ad~

484 5350 827 5421 patriarchas
856 5358 909 5403 et
936 5351 1222 5420 prophetas
1238 5351 1513 5419 pertinere
1532 5351 1799 5414 videntur,
1826 5367 2057 5421 quonam

486 5457 704 5506 semen,
730 5441 833 5496 hoc
857 5448 942 5496 est
967 5438 1239 5504 lsraelitae,
1277 5452 1497 5511 propter
1535 5455 1724 5497 eorum
1771 5442 1960 5499 merita
2007 5450 2062 5495 et

484 5531 888 5601 promissioues,
922 5545 1041 5599 quae
1073 5530 1138 5585 ad
1170 5530 1315 5600 ipsos
1349 5530 1507 5585 factae
1541 5539 1670 5585 sunt
1702 5546 1843 5600 smpe
1875 5532 1940 5584 de
1965 5546 2058 5584 an-

487 5621 679 5689 gtstiis
721 5622 1004 5677 liberatum
1051 5629 1164 5684 est;
1204 5629 1261 5674 et
1304 5622 1515 5674 veniam
1561 5629 1902 5689 peccatorum
1953 5636 2059 5673 non

492 5726 586 5763 sua
626 5706 860 5778 iustitia,
890 5710 987 5767 sed
1026 5721 1308 5781 parentum
1360 5726 1578 5764 suorum
1617 5708 1719 5762 ﬁle
1758 5719 1813 5762 et
1849 5711 2060 5762 artiore

2161 4624 2326 4679 etiam
2351 4624 2609 4679 Dominus
2636 4633 2851 4693 paetum
2886 4623 3082 4679 sumit
3100 4633 3158 4679 et
3176 4622 3360 4683 {mlius
3403 4623 3635 4695 pepigit,
3673 4640 3738 4679 ne

2161 4717 2301 4771 ultra
2350 4716 2508 4786 aquis
2536 4715 2722 4771 diluvii
2749 4715 2955 4771 deleret
2991 4723 3215 4778 turam,
3254 4714 3528 4786 signifex
3552 4723 3739 4771 autem

2158 4814 2402 4861 rectores
2444 4806 2622 4875 populi
2650 4807 2767 4871 Dei,
2801 4806 2894 4875 qui
2943 4806 3085 4861 inter
3110 4805 3307 4861 ﬂuctus
3349 4806 3507 4861 istius
3555 4805 3740 4863 loculi

2157 4910 2253 4950 are
2288 4911 2341 4948 m
2391 4904 2585 4965 regunt
2630 4895 2889 4950 Ecclesia
2933 4894 3166 4958 Christi,
3220 4895 3524 4965 pradicant
3563 4895 3741 4967 bapti-

2161 5002 2336 5041 smum
2361 4987 2709 5055 pmnitentite,
2740 4995 2796 5041 et
2820 4987 3161 5043 orationibus
3182 4995 3348 5057 atque
3384 4987 3561 5047 sacris
3588 4986 3741 5044 obh—

2159 5078 2399 5133 tionibus
2433 5078 2695 5145 placatam
2732 5078 2963 5134 reddunt
3000 5081 3237 5137 humano
3264 5081 3457 5149 generi
3501 5079 3739 5136 divinam

2163 5168 2519 5239 maiestatem.

2785 5257 3012 5316 CAPUT
3049 5257 3114 5313 V.

2749 5349 2824 5403 De
2868 5350 3152 5404 Abraham.

2240 5459 2260 5492 ι
2304 5441 2573 5495 Abraham
2607 5454 2832 5508 magn
2874 5450 3029 5510 pater
3064 5439 3427 5496 nmititudinis
3476 5439 3737 5511 gentium.

2172 5552 2191 5583 ε
2236 5531 2303 5584 Et
2354 5546 2460 5584 non
2504 5538 2588 5584 est
2628 5529 2880 5584 inventus
2923 5528 3115 5584 similis
3162 5528 3241 5583 illi
3288 5529 3345 5584 in
3394 5528 3584 5599 gloria.
3639 5528 3741 5595 Qui

2174 5638 2190 5668 ι
2236 5619 2574 5673 conservavit
2607 5617 2777 5688 legem
2806 5618 3039 5681 Excelsi,
3083 5626 3145 5675 et
3182 5618 3284 5674 fuit
3322 5619 3379 5674 in
3421 5626 3743 5675 testamento

2172 5730 2189 5760 ι
2239 5727 2358 5762 cum
2402 5710 2509 5771 illo,
2545 5709 2595 5761 in
2628 5724 2794 5764 carne
2828 5709 2946 5777 ejus
2983 5718 3128 5763 stare
3166 5710 3287 5764 fecit
3331 5717 3741 5767 testamentum.
