3902 6162
295 295 431 355 1085

299 432 320 467 ς
366 420 423 468 et
460 412 518 464 in
559 404 859 462 tentationc
897 399 1146 454 inventus
1184 402 1269 451 est
1298 393 1489 450 ﬁdelis.
1514 392 1639 449 Ileo
1665 388 1870 462 jureju-
1898 393 1948 452 Α

299 521 321 556 t
371 501 538 556 rando
585 496 735 552 dedit
780 491 856 548 illi
896 490 1122 563 gloriam
1167 488 1220 542 in
1256 494 1420 559 gente
1457 500 1590 546 sua,
1624 496 1874 539 crescere

300 612 321 646 ι
364 590 510 646 illum
531 585 695 670 quasi
737 592 896 637 terra:
923 578 1216 636 cumulum.
1245 586 1300 631 et
1329 583 1390 630 ut
1416 573 1601 629 stellas
1634 571 1875 627 exaltare

302 701 321 734 ι
368 660 548 736 semen
586 675 721 745 ejus,
759 681 814 729 et
848 668 1152 727 bzermlituri
1197 667 1316 722 illos
1353 682 1384 720 a
1424 665 1557 721 mari
1596 678 1767 733 usque
1807 660 1875 715 ad

304 790 322 823 ι
367 783 547 832 hiate,
605 774 662 820 et
708 780 738 818 a
780 760 999 816 ﬂumine
1062 771 1230 827 usque
1288 754 1355 809 ad
1414 751 1671 807 terminos
1726 748 1917 805 orbis.

304 880 321 914 t
370 869 548 914 terra-
588 875 608 909 ι
666 850 938 908 Abraham
972 849 1128 920 juxta
1160 845 1394 900 nominis
1429 844 1510 898 sui
1551 843 1873 911 interpreta-

298 951 497 1005 tionem
525 955 674 1018 pater
697 953 771 997 est
816 939 1134 1002 multarum,
1180 936 1419 991 omnium
1466 931 1713 987 videlicet
1753 946 1877 999 gen-

297 1044 429 1097 tium
468 1041 522 1094 in
560 1037 777 1093 Christo
822 1030 1190 1093 credentium;
1224 1026 1347 1097 quia
1374 1025 1472 1080 soli
1504 1020 1686 1077 ﬁdeles
1728 1021 1875 1075 testi-

298 1140 516 1188 niantur
544 1130 597 1182 iu
624 1125 850 1185 semine,
883 1121 1136 1193 quoniam
1169 1134 1274 1171 non
1306 1115 1396 1186 qui
1426 1113 1517 1168 ﬁlii
1552 1113 1756 1177 carnis,
1782 1109 1876 1166 sed

298 1221 391 1291 qui
424 1220 515 1275 ﬁlii
556 1225 681 1272 sunt
712 1213 854 1276 ﬁdei,
895 1211 996 1281 ipsi
1037 1224 1219 1263 semen
1263 1212 1389 1261 sunt
1420 1203 1673 1259 Abrahae.
1726 1222 1743 1254 (
1779 1200 1874 1256 Cui

301 1329 407 1370 non
433 1310 533 1364 fuit
561 1305 758 1363 similis
787 1303 1037 1358 inventus
1063 1299 1116 1353 in
1147 1297 1334 1369 gloria,
1376 1316 1394 1348 ι
1429 1295 1556 1366 quia
1586 1295 1697 1348 suis
1741 1302 1878 1348 tem-

300 1402 521 1475 poribus
569 1395 1054 1454 excellentissimus
1097 1400 1249 1458 erat,
1307 1399 1360 1445 et
1408 1389 1749 1445 ﬁdelissimus
1796 1388 1879 1443 in-

299 1502 493 1546 ventus
524 1496 621 1543 est.
661 1487 759 1542 llic
789 1484 890 1539 fuit
930 1484 982 1537 in
1015 1490 1335 1537 testamento
1370 1495 1490 1535 cum
1521 1477 1634 1543 illo,
1665 1476 1878 1547 quando

301 1583 350 1638 ei
388 1584 713 1652 promissum
743 1584 828 1631 est
864 1574 1007 1644 quod
1049 1572 1101 1626 in
1140 1571 1344 1627 semine
1388 1569 1558 1638 ipsius
1593 1564 1880 1621 benedice-

303 1681 495 1728 rentur
540 1683 728 1725 omnes
777 1663 1129 1736 cognationes
1175 1670 1350 1715 terrae.
1406 1657 1464 1713 In
1510 1656 1663 1726 cujus
1713 1665 1877 1708 carne

1185 268 1537 339 ΕΟΜΜΕΝῙΧ
1576 279 1641 334 IN
1676 273 2283 335 ECCLESIASTICUM.
2344 307 2393 316 ο-
2432 274 2558 331 L18.
2601 273 2670 332 Χ.

3414 272 3554 338 1086

2573 386 2799 444 CAPUT
2839 384 2945 444 VII.

2620 478 2697 534 De
2715 479 2901 535 Jacob.

2049 590 2067 622 ι
2113 569 2179 625 Et
2208 579 2585 625 testamentum
2614 568 2959 626 conﬁrmavit
2987 584 3149 642 super
3183 578 3345 642 caput
3364 569 3551 637 Iacob,

1980 678 1998 711 ι
2046 659 2260 732 agnovit
2291 676 2412 715 eum
2462 660 2515 715 in
2559 658 3025 715 benedictionibus
3052 661 3184 726 suis,
3214 671 3270 716 et
3301 661 3446 717 dedit
3478 660 3557 718 illi

1981 767 2000 798 ι
2044 749 2436 809 ιιεει·θιῒῐῑίιιειιι,
2492 756 2547 801 et
2593 747 2774 804 divisit
2832 747 2882 801 ei
2949 755 3159 819 partem
3205 750 3257 803 in
3308 750 3559 806 tribubus

1981 857 2000 889 ε
2044 837 2359 903 duodecim;
2395 838 2450 892 et
2491 838 2833 893 conservavit
2869 837 2943 891 illi
2970 838 3220 893 homines
3249 838 3558 894 miscricor-

1975 932 2074 985 dia:
2115 931 2449 985 invenientes
2496 929 2722 1000 gratiam
2772 928 2826 982 in
2856 928 3025 985 oculis
3072 929 3249 984 omnis
3295 930 3496 985 carnis.
3531 949 3552 983 ι

1975 1020 2363 1077 Conﬁrmatutn
2422 1026 2505 1075 est
2551 1020 2695 1076 enim
2759 1025 3142 1074 testamentum
3191 1034 3353 1089 super
3397 1028 3557 1090 caput

1974 1106 2160 1175 Iacob,
2212 1112 2319 1165 hoc
2365 1118 2470 1171 est,
2518 1108 2735 1180 gentilis
2782 1110 2985 1179 populi,
3036 1110 3125 1179 qui
3177 1109 3445 1180 posterior
3492 1106 3561 1164 ad

1976 1203 2206 1274 gratiam
2231 1200 2351 1256 ﬁdei
2371 1209 2426 1254 et
2450 1199 2788 1270 baptismatis
2813 1201 3272 1269 regenerationem
3298 1201 3552 1256 accessit.

1977 1290 2072 1345 Cui
2102 1300 2279 1345 tamen
2304 1290 2576 1361 plenitudo
2601 1290 2991 1344 benedictionis
3011 1298 3255 1359 paternae
3278 1290 3559 1360 provenit:

1984 1394 2001 1432 α
2047 1392 2101 1436 et
2125 1381 2271 1437 dedit
2295 1381 2372 1434 illl
2402 1381 2792 1444 hmreditatem,
2831 1396 2850 1432 ι
2899 1394 3146 1448 superna:
3174 1381 3426 1435 videlicet
3464 1395 3559 1449 pa-

1981 1471 2116 1535 triar,
2153 1491 2171 1523 ‹
2208 1479 2267 1526 et
2288 1472 2469 1526 divisit
2496 1473 2543 1526 ei
2572 1478 2779 1540 partem
2812 1471 2867 1525 in
2899 1472 3145 1525 tribubus
3196 1470 3497 1525 duodecim.
3537 1489 3557 1522 ι

1980 1561 2050 1617 Ut
2099 1576 2196 1632 per
2238 1562 2516 1617 duodecim
2565 1562 2835 1630 apostolos
2882 1564 3104 1616 edoctus
3132 1602 3146 1625 ,
3218 1560 3377 1616 simul
3427 1575 3548 1616 cum

1980 1651 2086 1706 illis
2120 1664 2349 1721 regnum
2377 1652 2471 1706 Dei
2501 1652 2801 1720 possideret
2836 1660 3096 1705 :eternum
3130 1667 3142 1702 :
3173 1650 3300 1705 huic
3338 1665 3560 1704 conser—

304 1770 446 1816 stare
471 1759 600 1815 fecit
628 1764 1009 1811 testamentum
1039 1749 1488 1811 circumcisionis,
1516 1753 1575 1800 ut
1602 1744 1880 1816 signiﬁca-
1909 1733 1955 1793 Β
1982 1744 2127 1796 vavit
2156 1743 2413 1797 Dominus
2442 1742 2873 1798 misericordiam
2902 1757 3074 1806 suam,
3106 1752 3164 1797 ut
3194 1743 3417 1796 haberet
3444 1757 3565 1814 gra-

303 1860 454 1907 retur
474 1857 733 1911 renovata
759 1853 951 1900 natura
980 1851 1162 1898 nostra
1190 1856 1285 1912 per
1308 1839 1632 1911 baptismum
1656 1834 1876 1896 Christi,

302 1954 426 2016 post
460 1940 905 2012 exspoliationem
935 1936 1134 1993 veteris
1163 1935 1398 1990 hominis
1431 1941 1486 1989 et
1525 1931 1881 1987 induitionem

305 2035 449 2097 novi,
478 2032 570 2102 qui
608 2030 904 2087 secundum
928 2029 1098 2083 Deum
1138 2036 1354 2081 creatus
1381 2032 1466 2080 est
1501 2022 1553 2078 in
1589 2022 1800 2093 justitia
1829 2030 1883 2076 et

304 2127 587 2183 sanctitate
632 2122 896 2178 veritatis.
954 2120 1053 2175 Hic
1092 2134 1220 2173 vero
1260 2116 1570 2188 patriarcha
1611 2114 1667 2168 in
1708 2121 1884 2170 tenta-

306 2218 454 2273 tione
480 2218 728 2272 inventus
756 2220 844 2269 est
874 2211 1046 2267 ﬁdelis
1069 2210 1287 2280 quando
1336 2208 1388 2262 in
1418 2207 1647 2277 ﬁguram
1672 2204 1884 2276 passio-

304 2312 389 2365 nis
416 2308 699 2364 dominicae
729 2308 878 2361 visus
916 2312 1010 2360 est.
1041 2303 1321 2359 immolare
1361 2300 1529 2357 ﬁlium
1562 2315 1719 2355 suum
1768 2296 1888 2352 uui-

303 2401 561 2470 genitum.
591 2398 714 2453 Ideo
731 2393 1084 2468 jurejurando
1113 2392 1261 2448 dedit
1306 2390 1384 2446 illi
1407 2390 1666 2446 Dominus
1698 2402 1885 2443 semen

306 2493 360 2547 in
399 2500 561 2563 gente
599 2504 720 2554 sua,
751 2500 999 2542 crescere
1049 2484 1197 2539 illum
1246 2483 1301 2536 in
1347 2480 1553 2537 semine
1597 2495 1696 2534 suo
1739 2475 1887 2533 velut

304 2600 467 2640 arena
489 2582 674 2646 maris,
693 2588 751 2635 et
771 2580 910 2635 sicut
925 2570 1108 2633 stellas
1122 2573 1244 2631 (ιωιί
1257 2589 1376 2644 qua:
1389 2588 1499 2642 pra:
1519 2570 1883 2634 multitudine,

304 2671 580 2731 numerari
610 2686 718 2725 non
743 2675 991 2738 possunt.
1042 2665 1248 2736 Duplex
1302 2678 1431 2733 ergo
1469 2662 1529 2716 ﬁt
1564 2659 1730 2731 ﬁgura
1755 2674 1886 2730 pro-

306 2764 458 2822 missi
505 2760 728 2818 seminis
766 2757 905 2827 ejus,
946 2757 998 2812 id
1040 2764 1143 2822 est,
1182 2756 1236 2811 in
1266 2752 1671 2810 similitudinem
1709 2767 1887 2808 arente

307 2854 499 2918 maris,
527 2854 583 2908 in
610 2867 718 2922 quo
750 2850 1127 2921 exprimuntur
1158 2845 1328 2903 ιιιόωί
1369 2844 1612 2911 steriles;
1648 2852 1703 2899 et
1732 2844 1785 2898 in
1815 2844 1889 2899 si-

308 2944 665 3001 militudinem
710 2941 985 2997 stellarum
1029 2938 1176 3004 caeli,
1218 2939 1271 2993 in
1299 2952 1405 3008 quo
1447 2934 1890 2991 demonstrantur

1983 1834 2114 1888 tiam
2164 1834 2220 1888 in
2264 1833 2433 1889 oculis
2478 1835 2656 1889 omnis
2695 1834 2894 1898 carnis,
2942 1834 3068 1903 quia
3098 1833 3333 1887 Ecclesia
3358 1831 3565 1888 Christi

1984 1925 2051 1979 ab
2077 1925 2326 1979 omnibus
2354 1923 2603 1995 gentibus
2635 1926 2948 1988 honoratur,
2976 1932 3030 1977 et
3059 1924 3218 1995 digna
3254 1923 3413 1977 laude
3441 1938 3567 1993 pro-

1982 2025 2105 2085 pter
2133 2011 2399 2068 culturam
2431 2012 2543 2069 veri
2572 2013 2664 2067 Dei
2703 2014 2768 2067 ab
2797 2013 3051 2067 universo
3078 2012 3282 2066 mundo
3310 2012 3570 2080 przcdica-

1984 2111 2091 2157 tur.
2121 2102 2220 2157 (hii
2250 2102 2412 2156 etiam
2441 2117 2539 2172 per
2564 2102 2755 2156 Isaiam
2802 2102 2920 2172 ipse
2944 2101 3204 2155 Dominus
3231 2101 3306 2155 ait
3332 2118 3344 2154 :
3380 2120 3398 2152 ι
3430 2102 3570 2158 Ecce

1983 2191 2103 2246 levo
2128 2191 2191 2245 ad
2218 2200 2408 2263 gentes
2433 2206 2650 2246 manum
2678 2206 2873 2255 meam,
2899 2199 2955 2244 et
2979 2189 3043 2244 ad
3070 2188 3295 2260 populos
3320 2190 3572 2246 exaltabo

1985 2282 2199 2351 signum
2249 2296 2462 2345 meum,
2503 2287 2560 2333 et
2602 2270 2832 2333 aﬁ‘erent
2874 2277 3017 2335 ﬁlios
3058 2288 3178 2333 tuos
3209 2277 3263 2333 in
3307 2277 3483 2341 ulnis,
3515 2284 3571 2331 et

1984 2371 2121 2426 ﬁlias
2160 2381 2281 2425 tuas
2321 2386 2482 2439 super
2506 2370 2762 2424 humeros
2787 2370 3102 2440 portabunt,
3140 2376 3196 2424 et
3225 2378 3386 2423 erunt
3416 2382 3569 2438 reges

1986 2462 2195 2516 uutritii
2251 2461 2347 2527 tui,
2381 2470 2435 2516 et
2464 2461 2664 2531 regina:
2713 2460 2957 2518 nutrices
2986 2468 3124 2526 tute;
3180 2461 3330 2515 vultu
3370 2460 3426 2514 in
3458 2469 3572 2514 ter—

1989 2568 2102 2606 ram
2130 2552 2367 2607 demisso
2395 2552 2701 2607 adorabunt
2726 2560 2801 2615 te,
2831 2560 2886 2608 et
2909 2551 3186 2622 pulverem
3214 2550 3417 2622 pedum
3447 2559 3571 2605 tuo-

1985 2660 2107 2700 rum
2136 2644 2372 2715 lingent;
2411 2653 2466 2699 et
2497 2645 2635 2700 scies
2663 2646 2789 2716 quia
2836 2659 2936 2716 ego
2965 2644 3249 2710 Dominus,
3280 2659 3441 2715 super
3468 2656 3576 2714 quo

1986 2751 2093 2793 non
2119 2735 2537 2803 eonfundentur,
2572 2736 2662 2807 qui
2691 2743 3010 2806 eXSpeCtant
3032 2752 3155 2791 eum
3182 2735 3319 2807 (lca.
3341 2735 3512 2808 XLIX).
3553 2752 3572 2789 ι

2572 2846 2800 2905 CAPUT
2840 2844 2973 2904 VIII.

2631 2936 2710 2993 De
2738 2932 2939 3010 Moyse.

308 3051 499 3093 omnes
528 3040 715 3104 gentes
742 3033 796 3088 in
820 3031 1036 3087 Christo
1060 3030 1363 3096 credentes,
1391 3026 1481 3098 qui
1525 3026 1884 3082 resurrectio-
1913 3072 1958 3136 α
2060 3029 2210 3104 (ΟΜ).
2243 3028 2390 3103 ην.)
2438 3048 2456 3080 ι
2482 3026 2725 3085 Dilectus
2746 3044 2776 3082 a
2800 3029 2913 3083 Deo
2933 3035 2990 3083 et
3008 3026 3319 3084 hominibus
3341 3025 3579 3103 Moyses,

308 3131 397 3185 nis
442 3127 646 3183 lumine
690 3126 743 3181 in
791 3124 975 3180 futuro
1022 3129 1311 3178 coruscant
1349 3119 1489 3176 sicut
1529 3127 1674 3174 astra
1726 3117 1881 3173 caeli.

316 3243 333 3276 ι
363 3220 530 3278 Stella
553 3219 696 3275 enim
725 3217 791 3272 ab
818 3214 971 3272 stella
999 3212 1176 3270 diﬁ‘ert
1204 3214 1258 3267 in
1283 3211 1532 3267 claritate
1557 3227 1569 3263 :
1597 3209 1675 3264 sic
1701 3207 1806 3263 erit
1836 3214 1891 3261 et

309 3311 636 3371 resurrectio
674 3316 1028 3365 mortuorum.
1082 3326 1100 3357 ι
1135 3303 1485 3360 Haereditavit.
1531 3314 1885 3372 crgosemcn

309 3406 429 3474 ejus
457 3419 488 3458 a
519 3403 655 3459 mari
690 3416 862 3472 usque
900 3400 968 3454 ad
999 3412 1167 3464 mare,
1200 3406 1254 3454 et
1293 3412 1323 3451 a
1361 3395 1580 3475 [lumine
1615 3409 1784 3463 usque
1819 3390 1886 3446 ad

307 3496 569 3553 terminos
599 3494 746 3551 orbis
801 3502 978 3547 terrae.
1016 3511 1035 3543 ι
1083 3490 1219 3559 Quia
1272 3488 1520 3545 Christus
1564 3504 1630 3543 ex
1684 3486 1888 3541 semine

306 3588 591 3645 Abraham
612 3591 767 3641 ortus
808 3582 1118 3637 dominatur
1163 3595 1194 3633 a
1225 3578 1361 3633 mari
1394 3592 1562 3647 usque
1604 3577 1670 3632 ad
1719 3590 1885 3643 mare,

306 3685 364 3731 et
406 3690 436 3729 a
469 3673 691 3728 ﬂumine
723 3685 893 3739 usque
924 3669 991 3723 ad
1022 3669 1280 3724 terminos
1320 3666 1469 3721 orbis
1501 3674 1676 3730 terrae,
1708 3672 1761 3718 et
1786 3662 1889 3717 Ec-

308 3766 476 3822 clesia
501 3764 636 3834 ejus,
666 3763 770 3817 hoc
797 3768 903 3826 est,
933 3774 1131 3831 corpus
1159 3758 1326 3828 ipsius
1354 3756 1639 3811 universos
1699 3753 1885 3809 termi-

308 3870 410 3912 nos
430 3860 657 3922 occupat
682 3851 884 3907 mundi.
910 3847 1220 3903 Notandum
1236 3846 1433 3917 quippe
1454 3845 1594 3916 quod
1617 3842 1891 3898 Abraham

310 3945 580 4016 triplicem
611 3942 775 3998 habet
804 3942 1027 4010 ﬁguram
1057 3939 1110 3992 in
1139 3938 1433 4006 semetipso
1459 3953 1471 3988 :
1501 3934 1677 4006 primo
1703 3933 1891 3989 Salva-

311 4038 472 4103 toris,
499 4035 714 4104 quando
758 4031 947 4086 relicta
983 4027 1302 4100 cognatione
1346 4044 1441 4082 sua
1478 4026 1623 4081 venit
1664 4025 1715 4079 in
1751 4025 1893 4079 hunc

309 4125 570 4184 mundum
594 4141 608 4188 ;
641 4120 875 4177 secundo
897 4119 1087 4189 patris,
1111 4116 1325 4186 quando
1355 4112 1653 4168 immolavit
1676 4112 1892 4165 unicum

312 4217 517 4280 ﬁlium;
549 4212 709 4268 tertio
732 4225 860 4265 vero
886 4211 939 4264 in
968 4208 1071 4267 hoc
1102 4207 1242 4277 quod
1273 4214 1383 4259 tres
1410 4205 1554 4258 viros
1592 4201 1895 4270 suscipiens

312 4323 482 4361 unum
515 4304 778 4367 adoravit,
814 4300 1036 4369 ﬁguram
1068 4297 1294 4370 gestavit
1318 4302 1650 4355 sanctorum,
1681 4291 1771 4362 qui
1802 4292 1895 4346 ad-

312 4404 536 4451 ventum
565 4393 767 4449 Christi
816 4392 867 4446 in
898 4405 1062 4444 carne
1107 4403 1230 4442 cum
1272 4385 1467 4457 gaudio
1519 4390 1891 4452 susceperunt.

314 4483 482 4553 Cujus
512 4483 895 4538 incarnationis
917 4486 1314 4537 sacramentum
1339 4484 1448 4530 tota
1463 4483 1644 4530 sancta
1658 4470 1897 4528 Trinitas

315 4581 468 4643 fecit,
498 4578 589 4634 sed
619 4578 767 4633 solus
796 4574 961 4630 Filius
994 4573 1230 4643 suscepit
1257 4590 1270 4624 :
1295 4590 1312 4622 ι
1339 4569 1570 4626 Verbum
1598 4570 1743 4624 enim
1768 4582 1896 4623 caro

315 4676 523 4730 factum
552 4682 653 4737 cst,
682 4679 734 4725 et
764 4668 1027 4725 habitavit
1056 4668 1107 4721 in
1140 4667 1314 4721 nobis.
1353 4683 1372 4717 ι

936 4756 1161 4816 CAPUT
1198 4756 1285 4812 VI.

971 4848 1048 4906 De
1075 4848 1253 4905 Isaac.

402 4968 421 5001 ι
454 4948 522 5004 Et
549 4948 601 5001 in
632 4947 782 5002 Isaac
808 4940 998 5000 eodem
1023 4937 1152 4996 fecit
1180 4938 1357 5005 modo,
1382 4945 1604 5009 propter
1622 4935 1897 4993 Abraham

326 5061 348 5095 ι
396 5049 606 5112 patrem
659 5037 830 5107 ipsius
882 5028 1310 5091 benedictionem
1362 5029 1601 5085 omnium
1653 5026 1899 5098 gentium

324 5151 347 5184 ε
396 5118 547 5185 dedit
580 5124 676 5183 illi.
713 5147 731 5180 ι
766 5125 921 5180 Dedit
953 5139 1082 5194 ergo
1103 5118 1361 5177 Dominus
1392 5114 1542 5176 Isaac
1569 5119 1902 5175 benedictio-

316 5222 451 5283 nem
492 5221 730 5277 «uitium
766 5216 1010 5290 gentium
1050 5221 1271 5286 propter
1307 5211 1706 5282 jusjurandum,
1758 5210 1901 5281 quod

272 5323 277 5327 ’
310 5313 525 5388 juravit
549 5309 692 5383 patri
729 5308 920 5381 ipsius,
956 5324 974 5358 ς
1012 5314 1073 5360 ut
1105 5305 1159 5360 in
1189 5305 1393 5360 semine
1418 5302 1564 5372 ‘cjus,
1602 5323 1619 5355 ›
1666 5304 1771 5357 hoc
1797 5311 1898 5368 est,

319 5403 542 5460 Christo
569 5420 583 5452 ι
619 5399 1062 5454 benedicerertur
1081 5411 1269 5453 omnes
1295 5397 1647 5469 cogitationes
1669 5408 1846 5455 terrm.
1875 5414 1895 5451 ι

320 5499 428 5556 Cui
469 5497 635 5555 Pater
675 5496 730 5552 ii:
759 5496 974 5567 psalnm
998 5495 1115 5551 ait:
1154 5511 1171 5544 ι
1203 5492 1421 5549 Postula
1478 5510 1508 5547 a
1538 5511 1625 5551 me
1659 5507 1716 5550 et
1763 5496 1903 5550 dabo

321 5590 427 5645 tibi
467 5596 655 5659 gentes
675 5585 1047 5643 hereditatem
1078 5592 1222 5641 tuam
1248 5593 1302 5640 et
1328 5586 1722 5659 possessionem
1757 5596 1905 5648 tuam

323 5673 594 5739 κακίω-ε
634 5690 810 5735 terrae.
850 5695 870 5734 ι
1741 5676 1744 5680 “

1999 3144 2019 3177 ς
2051 3125 2204 3194 cujus
2243 3125 2507 3181 memoria
2542 3121 2595 3177 in
2620 3119 3001 3177 benedictione
3026 3129 3129 3176 est.
3163 3116 3408 3176 Similem
3431 3120 3582 3176 illum

2003 3237 2022 3269 ι
2063 3217 2194 3273 fecit
2221 3217 2275 3272 in
2306 3214 2476 3289 gloria
2506 3222 2843 3279 sanctorum,
2882 3222 2939 3267 et
2967 3210 3336 3283 magniﬁcavit
3369 3227 3493 3266 eum
3518 3208 3572 3263 in

1998 3325 2018 3359 ι
2048 3307 2242 3361 timore
2289 3303 2668 3369 inimicorum,
2730 3310 2787 3357 et
2837 3302 2890 3357 in
2948 3301 3130 3356 verbis
3178 3300 3292 3356 suis
3340 3309 3585 3357 monstra

2002 3418 2020 3451 ι
2048 3399 2300 3470 placavit.
2325 3395 2664 3453 Gloriﬁcavit
2694 3393 2843 3453 illum
2873 3393 2925 3447 in
2960 3399 3255 3463 conspectu
3282 3407 3496 3464 regum,
3525 3399 3585 3446 et

2003 3511 2021 3544 ι
2047 3490 2213 3563 jussit
2240 3490 2317 3544 illi
2348 3504 2531 3544 coram
2578 3485 2781 3557 populo
2827 3500 2947 3549 suo,
2972 3493 3029 3538 et
3070 3483 3313 3538 ostendit
3351 3482 3426 3537 illi
3473 3482 3589 3554 glo-

2002 3600 2021 3633 ι
2054 3583 2188 3637 riam
2219 3595 2392 3637 suam.
2419 3578 2476 3632 In
2513 3576 2697 3653 ﬁdeet
2725 3573 2953 3630 lenitate
2984 3573 3154 3644 ipsius
3177 3580 3425 3628 sanctum
3456 3571 3586 3626 fecit

2002 3692 2019 3723 ε
2050 3671 2221 3736 illum,
2249 3678 2306 3725 et
2332 3668 2498 3738 elegit
2527 3666 2671 3721 illum
2704 3666 2773 3720 de
2809 3663 2954 3719 omni
2991 3672 3181 3717 carne.
3214 3658 3466 3716 Auditum
3492 3660 3574 3714 fe-

2003 3784 2020 3816 ‹
2053 3763 2129 3819 cit
2157 3761 2229 3815 illi
2267 3774 2457 3814 vocem
2499 3773 2677 3825 suam,
2717 3765 2773 3811 et
2803 3755 3015 3810 induxit
3044 3752 3195 3807 illum
3227 3753 3282 3807 in
3321 3752 3492 3815 nube;
3527 3759 3585 3806 et

2004 3875 2023 3908 ι
2054 3854 2202 3910 dedit
2248 3852 2326 3907 illi
2364 3858 2635 3922 praecepta
2684 3858 2739 3902 et
2780 3844 2959 3919 legem
3005 3846 3149 3910 vilic,
3201 3854 3257 3901 et
3285 3842 3584 3920 disciplinae

2004 3965 2023 3997 ς
2054 3946 2252 4001 docere
2279 3942 2449 3998 Jacob
2482 3947 2890 4005 testamentum,
2920 3946 2977 3993 et
2996 3935 3201 4006 judicia
3232 3952 3328 3992 sua
3353 3935 3587 3995 Israels

1998 4034 2241 4091 Dilectus
2277 4034 2424 4089 enim
2466 4026 2578 4087 Deo
2614 4038 2671 4085 et
2701 4029 3011 4084 hominibus
3049 4021 3263 4099 Moyses
3292 4026 3414 4094 fuit,
3455 4027 3592 4100 quia.

1998 4127 2162 4182 homo
2212 4132 2331 4179 erat
2377 4121 2558 4177 suavis
2592 4128 2649 4174 et
2689 4118 3033 4183 mitissimus,
3064 4126 3122 4173 ut
3155 4114 3433 4186 Scriptura
3463 4131 3594 4175 ηδε-ι.

2000 4222 2084 4269 rat
2122 4211 2311 4287 (Num.
2356 4212 2478 4287 xu).
2510 4210 2677 4282 Cujus
2706 4213 2965 4268 memoria
2994 4210 3046 4265 in
3082 4209 3457 4268 benedictione
3476 4219 3596 4279 est,

2002 4302 2256 4381 quoniam
2304 4318 2413 4356 non
2457 4302 2684 4358 minoris
2737 4302 2921 4371 gloriae
2967 4314 3128 4371 quam
3177 4301 3359 4355 cmteri
3410 4302 3595 4359 sancti.

2000 4391 2188 4447 Patres
2235 4390 2422 4457 fuere,
2489 4390 2581 4445 sed
2635 4391 2856 4463 perenni
2904 4391 3096 4461 dignus
3140 4398 3225 4446 cst
3275 4402 3373 4465 per
3401 4391 3590 4449 omnia

2004 4480 2177 4534 laude.
2218 4478 2317 4534 llic
2357 4478 2731 4551 magniﬁcatus
2777 4486 2861 4533 est
2900 4478 2955 4535 in
2987 4479 3181 4535 timore
3212 4480 3581 4547 inimicorum,

2005 4573 2130 4627 dum
2165 4580 2411 4643 portenta
2442 4571 2610 4626 multa
2651 4570 2779 4625 fecit
2806 4588 2987 4627 coram
3018 4570 3301 4627 Pharaone
3330 4582 3384 4628 et
3413 4574 3591 4631 servis

2005 4669 2123 4738 ejus
2149 4709 2163 4735 ,
2222 4677 2275 4723 et
2312 4666 2457 4739 ipsas
2501 4667 2688 4738 plagas
2733 4666 2951 4736 quando
3004 4665 3172 4721 voluit
3224 4668 3584 4738 temperavit;

2007 4760 2149 4816 unde
2194 4759 2422 4831 gloriam
2451 4759 2506 4814 in
2552 4765 2840 4828 conspectu
2872 4772 3057 4828 regum
3104 4758 3429 4813 consecutus
3475 4768 3580 4817 est.

2007 4851 2176 4908 Jussit
2220 4851 2293 4906 illi
2339 4851 2596 4907 Dominus
2641 4864 2822 4906 coram
2860 4847 3054 4920 popqu
3094 4862 3217 4915 suo,
3248 4848 3304 4904 et
3348 4851 3586 4908 ostendit

2004 4945 2081 5000 illi
2109 4943 2338 5014 gloriam
2363 4957 2535 5008 suam,
2563 4941 2779 5012 quando
2819 4940 2900 4999 sui
2928 4940 3122 4996 secreti
3152 4956 3277 4996 eum
3302 4938 3430 4997 fecit
3464 4957 3587 4998 esse

2002 5033 2342 5106 participem,
2395 5041 2450 5088 et
2496 5030 2793 5087 voluntatis
2829 5047 2942 5087 sua:
2988 5031 3311 5104 agnitorem.
3358 5031 3434 5089 De
3478 5048 3589 5104 quo

2005 5128 2266 5198 scriptum
2314 5134 2436 5181 est:
2470 5120 2764 5197 «Ingresso
2808 5128 2989 5179 autem
3038 5122 3129 5179 illo
3176 5120 3586 5180 tabernaculum

2004 5218 2244 5284 hederis,
2274 5214 2635 5273 descendebat
2676 5214 2931 5271 columna
2978 5215 3159 5280 nubis,
3190 5221 3246 5269 et
3292 5214 3469 5269 stabat
3516 5212 3587 5266 ad

2008 5311 2225 5376 ostium,
2249 5310 2676 5382 loquebaturque
2706 5324 2828 5364 cum
2857 5300 3059 5380 Moyse,
3091 5303 3436 5362 cernentibus
3465 5303 3586 5358 uni~

2009 5403 2182 5457 versis
2200 5401 2345 5472 quod
2364 5400 2618 5457 columna
2648 5400 2807 5456 nubis
2833 5408 3004 5455 staret
3024 5398 3089 5453 ad
3113 5396 3311 5453 ostium
3335 5393 3586 5449 taberna-

2010 5492 2136 5559 culi,
2168 5492 2489 5561 stabantque
2525 5490 2623 5561 ipsi
2668 5500 2723 5545 et
2761 5488 3059 5544 adorabunt
3085 5500 3183 5555 per
3226 5481 3372 5539 fores
3411 5482 3587 5539 tabet'L

2010 5580 2329 5646 naculorum
2364 5595 2603 5635 suorum.
2633 5578 2978 5648 Loqttcbatur
3006 5582 3183 5629 autem
3224 5573 3488 5629 Dominus
3520 5572 3588 5628 ad

2015 5672 2229 5744 Moysen
2280 5671 2414 5729 facie
2453 5671 2518 5725 ad
2554 5670 2768 5733 faciem,
2796 5668 2934 5722 sicut
2978 5665 3120 5738 loqui
3163 5665 3299 5722 solet
3326 5666 3491 5723 homo
3520 5661 3587 5722 ad
