3926 6168
423 368 558 428 1087

1064 372 1125 427 Β.
1167 370 1421 427 BADA)“
1460 371 1676 427 MAURl
1714 371 2039 427 ARCHIEP.
2080 368 2391 428 MOGUNT.
2434 364 2717 428 OPERUM
2752 372 2935 429 PARS
2972 374 3013 428 Ι.

3547 378 3685 436 ιον-ε

418 487 654 542 amicum
692 499 884 539 suum:
915 481 967 538 in
1002 482 1105 538 ﬁde
1134 492 1190 538 et
1216 483 1436 538 lenitate
1461 484 1629 553 ipsaus
1652 490 1894 537 sanctum
1923 481 2001 536 τιε-
2028 487 2073 547 Α
2102 481 2411 536 ostendunt.
2444 481 2575 547 Quze
2595 491 2773 538 autem
2806 492 2933 538 sunt
2963 483 3091 553 ipsa:
3124 495 3328 553 vestes,
3361 503 3500 558 quas
3537 488 3675 562 Moy-

417 578 494 633 cit
542 575 723 638 illum,
764 582 818 627 et
865 573 1029 643 elegit
1083 574 1258 644 ipsum
1307 573 1373 628 de
1414 573 1562 628 omni
1593 572 1994 643 carne(E:cod.

420 664 633 734 χχχιιι).
671 682 689 714 ι
719 663 937 718 Certum
982 678 1194 733 quoque
1240 671 1325 719 est
1353 664 1495 734 quod
1539 664 1670 719 ﬁdes
1704 672 1759 719 et
1805 664 2000 719 lenitas

418 757 586 826 ipsius
615 767 856 811 sanetum
888 771 1009 809 eum
1039 771 1161 809 esse
1212 754 1343 810 fecit
1377 764 1430 808 et
1460 755 1570 810 Deo
1610 755 1997 826 acceptabilem

419 850 671 916 reddidit,
712 853 801 920 qui
831 852 894 905 de
918 852 1061 905 omni
1094 850 1290 921 populo
1314 850 1493 905 divina
1526 851 1859 925 providentia
1888 851 1998 906 ele-

414 949 537 994 ctus
575 950 679 1005 est,
733 950 792 995 ut
830 949 1088 1013 praeesset
1135 942 1403 997 universis
1446 961 1458 995 :
1507 943 1593 997 cui
1645 942 1904 998 Dominus
1942 943 1997 997 in

414 1038 597 1086 monte
619 1031 766 1086 Sinai
799 1031 970 1102 legem
994 1032 1141 1087 dedit
1174 1040 1229 1087 et
1247 1040 1517 1103 praecepta
1541 1032 1665 1086 vita:
1694 1032 1994 1099 constituit,

412 1140 534 1179 eum
561 1138 626 1179 eo
652 1123 879 1193 loquens
906 1124 961 1179 in
1005 1124 1146 1178 nube
1174 1124 1517 1179 audientibus
1547 1123 1674 1179 ﬁliis
1718 1123 1902 1189 Israel,
1936 1132 1996 1178 ut

412 1219 465 1271 in
492 1218 578 1273 his
608 1218 849 1273 erudiret
875 1217 1131 1287 populum
1162 1233 1320 1272 suum
1349 1227 1409 1273 et
1433 1216 1899 1286 disciplinabiliter
1920 1216 1996 1271 vi-

410 1325 539 1364 vere
590 1311 841 1375 doceret;
896 1311 987 1379 qui
1028 1310 1151 1365 licet
1176 1310 1421 1365 diversas
1465 1310 1666 1381 ﬁguras
1701 1311 1897 1365 habeat
1940 1311 1993 1364 in

408 1402 637 1472 singulis
685 1401 837 1466 locis,
888 1412 1066 1456 tamen
1114 1401 1167 1455 in
1228 1403 1349 1465 hoc,
1398 1402 1543 1472 quod
1595 1401 1849 1472 populum
1897 1402 1992 1457 Dei

409 1494 598 1548 eduxit
621 1494 686 1548 de
709 1492 944 1563 Aigypto
971 1509 1069 1563 per
1100 1508 1269 1562 aquas
1299 1494 1468 1549 maris
1500 1493 1687 1560 Rubri,
1718 1502 1773 1548 et
1812 1495 1865 1548 in
1895 1494 1992 1550 de-

410 1595 555 1641 serto
583 1586 832 1640 educavit
870 1586 1118 1640 columna
1151 1586 1309 1641 nubis
1336 1594 1611 1655 prmeunte
1639 1593 1695 1640 et
1730 1586 1872 1640 viam
1901 1587 1993 1640 de-

408 1683 765 1740 monstrante,
800 1685 982 1745 typum
1019 1684 1162 1730 tenet
1203 1676 1359 1747 legis,
1389 1691 1508 1744 qua:
1535 1691 1632 1744 per
1661 1676 1863 1731 Christi
1889 1676 1991 1729 du-

408 1775 587 1822 catum
629 1768 911 1824 credentes
936 1768 999 1822 de
1027 1767 1260 1837 JEgypto
1286 1765 1534 1836 spiritali,
1559 1767 1701 1822 etde
1727 1775 1992 1837 potestate

2099 586 2186 626 ses
2230 572 2356 627 fecit
2393 574 2574 627 Aaron
2623 571 2779 629 fratri
2824 590 2949 641 suo,
2977 576 3081 631 hoc
3103 585 3207 645 est,
3230 575 3570 649 Scripturam
3599 597 3673 637 sa-

2098 678 2246 717 cram
2277 664 2409 734 legis
2438 664 2739 719 rectoribus
2762 666 3066 720 habendam
3087 671 3452 734 commendat,
3497 682 3554 727 et
3597 689 3669 728 os

2098 753 2498 819 tenditPaulus,
2517 756 2734 811 dicens:
2774 777 2793 807 ‹
2823 756 3050 826 Oportet
3068 760 3210 814 enim
3231 762 3545 832 episcopum
3564 765 3680 819 sine

2058 848 2067 857 '
2098 844 2324 899 crimine
2370 860 2513 912 esse,
2550 854 2611 899 ut
2644 846 2738 900 Dei
2761 846 3333 917 dispensatorem,non
3359 852 3678 921 superbum,

2096 953 2203 992 non
2260 938 2602 1003 iracundum,
2659 956 2764 993 non
2836 940 3190 1009 vinolentum,
3240 960 3344 1000 non
3394 960 3673 1015 percusso-

2097 1042 2231 1092 rem,
2287 1045 2394 1083 non
2447 1031 2620 1101 turpis
2664 1031 2800 1085 lucri
2830 1032 3122 1101 cupidum,
3172 1035 3267 1089 sed
3320 1035 3672 1106 hospitalem,

2095 1121 2419 1192 benignum,
2476 1123 2748 1188 sobrium,
2792 1124 3028 1194 justum,
3080 1136 3350 1192 sanetum,
3404 1130 3664 1183 contineo

2097 1222 2228 1279 tem,
2278 1214 2688 1285 amplectentem
2727 1230 2873 1279 eum,
2910 1216 2999 1286 qui
3042 1218 3334 1271 secundum
3376 1219 3675 1274 doctrinam

2095 1314 2199 1370 est,
2253 1306 2463 1361 ﬁdelem
2512 1322 2816 1363 sermonem
2869 1308 2996 1379 (’I‘it.
3037 1309 3095 1380 ι).
3151 1328 3168 1360 ι
3226 1307 3361 1365 Octo
3413 1327 3545 1381 ergo
3587 1328 3670 1382 ge.

2095 1400 2318 1455 neribus
2341 1400 2571 1455 vestium
2599 1401 2840 1471 pontifex
2890 1410 3131 1472 tempore
3182 1402 3434 1457 sacriﬁcii
3471 1402 3687 1458 solebat

2096 1491 2275 1546 indui:
2309 1491 2413 1548 hoc
2437 1500 2541 1557 est,
2568 1492 2838 1558 rationali,
2864 1492 3312 1562 superhumerali,
3342 1493 3523 1547 tunica
3553 1492 3679 1563 hya-

2093 1581 2363 1647 cinthina,
2394 1589 2448 1635 et
2474 1581 2613 1636 linea
2645 1582 3063 1645 stricta,eidari,
3091 1582 3286 1645 balteo,
3311 1581 3675 1644 feminalibus,

2094 1682 2148 1727 et
2171 1669 2333 1742 su'pra
2357 1671 2559 1736 omnia,
2597 1672 2698 1726 hoc
2718 1681 2803 1727 est
2832 1672 3028 1735 liniue,
3060 1671 3254 1726 lamina
3281 1687 3472 1737 aurea,
3502 1673 3555 1727 in
3570 1689 3676 1742 quo

2097 1777 2288 1817 nomen
2322 1762 2416 1817 Dei
2452 1763 2711 1833 scriptum
2744 1770 2879 1815 erat.
2914 1762 3197 1818 Rationale
3234 1771 3417 1818 autem
3444 1765 3677 1835 pectoris

406 1861 522 1917 veri
560 1860 857 1915 Pharaonis
902 1874 999 1928 per
1028 1874 1196 1927 aquas
1233 1859 1573 1929 baptismatis
1618 1859 1891 1925 liberavit,
1932 1869 1992 1915 ut
2023 1827 2067 1887 Β
2094 1853 2311 1907 habitus
2341 1863 2478 1916 erat,
2509 1853 2648 1908 sicut
2694 1852 3133 1922 superluuuerale
3162 1854 3545 1919 humerorum;
3593 1862 3677 1908 tu-

407 1951 463 2005 in
493 1965 679 2006 eremo
710 1950 865 2004 istius
908 1949 1089 2003 mundi
1120 1949 1316 2003 divinis
1343 1950 1629 2020 praeceptis
1660 1950 1906 2005 instructi
1936 1958 1993 2005 et

406 2040 620 2095 educati
682 2040 1003 2109 perveniant
1038 2039 1103 2094 ad
1156 2048 1357 2094 terram
1416 2041 1872 2110 repromissionis,
1921 2040 1990 2095 ad

403 2132 678 2186 caelestem
726 2130 973 2185 videlicet
1018 2130 1267 2199 patriam,
1297 2129 1387 2184 ubi
1434 2130 1677 2185 omnium
1726 2132 1987 2187 honorum

401 2221 636 2277 habeant
670 2220 898 2291 copiam,
926 2229 983 2275 et
1004 2222 1112 2275 vita
1135 2222 1387 2275 fruantur
1410 2234 1688 2293 perpetua.

1013 2310 1241 2367 CAPUT
1279 2311 1370 2367 IX.

1043 2402 1119 2456 De
1145 2403 1343 2456 Aaron.

475 2512 492 2545 ο
535 2491 823 2551 Eacelsum
848 2492 1182 2547 l'eeitAaron
1211 2491 1437 2547 fratrem
1480 2493 1619 2563 ejus,
1647 2504 1702 2550 et
1750 2498 1981 2552 similem

408 2601 427 2632 ι
474 2582 577 2637 sibi
597 2581 663 2635 de
697 2581 839 2636 tribu
871 2580 1021 2636 Levi.
1050 2581 1253 2637 Statuit
1302 2584 1351 2638 ei
1404 2592 1788 2642 testamentum
1833 2598 1988 2644 aeter-

408 2687 425 2721 ι
469 2684 622 2733 num,
657 2677 713 2723 et
735 2669 880 2724 dedit
902 2668 974 2723 illi
997 2671 1357 2726 sacerdotium
1388 2674 1582 2744 gentis,
1612 2683 1667 2730 et
1697 2677 1978 2734 beatiﬁca-

407 2776 424 2810 ι
473 2760 550 2813 vit
574 2758 722 2814 illum
750 2758 803 2813 in
826 2757 1017 2829 gloria,
1039 2768 1096 2814 et
1108 2760 1488 2818 circumcinxit
1505 2763 1653 2820 illum
1670 2782 1805 2822 zona
1819 2768 1987 2840 justi-

380 2870 423 2923 ,ι
470 2851 576 2906 ιίιιι.
600 2850 778 2906 Induit
800 2851 943 2905 illum
966 2851 1102 2908 stola
1137 2851 1342 2924 gloriae,
1374 2862 1429 2909 et
1456 2859 1739 2913 coronavit
1754 2859 1902 2915 illum
1927 2862 1981 2917 in

401 2963 421 2994 σ
464 2942 609 2998 vasis
636 2942 852 2997 virtutis
883 2942 937 2996 in
966 2941 1179 2998 incessu
1207 2958 1325 3008 suo,
1362 2944 1737 3016 circumpedes
1781 2957 1838 3005 et
1896 2949 1979 3006 fe-

401 3053 422 3085 ε
468 3034 694 3090 moralia
736 3042 792 3090 et
812 3034 1089 3089 bumerale
1125 3035 1303 3105 posuit
1324 3035 1392 3097 ei,
1432 3043 1485 3091 et
1514 3037 1683 3092 cinxit
1706 3037 1856 3095 illum
1881 3040 1982 3095 tiu-

400 3146 419 3177 ε
466 3124 757 3180 tinnabulis
780 3124 960 3179 aureis
987 3122 1236 3195 plurimis
1259 3125 1311 3179 in
1336 3141 1489 3197 gyro,
1506 3127 1637 3183 dare
1662 3130 1898 3184 sonitum
1925 3131 1980 3185 in

400 3235 419 3266 ι
469 3217 680 3271 incessu
710 3232 829 3278 suo,
853 3215 1096 3269 auditum
1132 3214 1311 3271 facere
1338 3217 1575 3273 sonitum
1606 3219 1662 3274 in
1695 3220 1896 3292 templo
1924 3222 1977 3276 in

402 3326 420 3358 ι
470 3306 787 3361 memoriam
816 3304 941 3359 ﬁliis
971 3304 1151 3374 gentis
1176 3320 1310 3360 suae.
1342 3304 1548 3362 Stolam
1574 3316 1818 3363 sanctam
1847 3325 1982 3366 auro

401 3416 419 3447 ι
466 3406 521 3450 et
548 3393 839 3466 hyacintho
860 3401 915 3450 et
935 3409 1344 3466 purpura,opus
1373 3396 1580 3462 textile,
1600 3398 1703 3452 viri
1725 3399 1981 3470 sapientis

400 3507 418 3537 ε
457 3484 661 3557 judicio
680 3492 736 3541 et
755 3484 1230 3556 veritateprzediti,
1249 3494 1390 3543 torto
1404 3500 1720 3558 coccoopus
1730 3490 1978 3557 artiﬁcis,

401 3596 419 3628 α
465 3576 693 3646 gemmis
724 3575 975 3647 pretiosis
1007 3575 1253 3648 ﬁguratis
1274 3578 1331 3633 in
1351 3577 1577 3648 ligatura
1609 3581 1747 3646 auri,
1777 3589 1831 3637 et
1854 3596 1981 3653 ope-

399 3688 417 3720 σ
465 3682 523 3723 re
544 3665 789 3737 lapidarii
815 3664 1063 3737 sculptis,
1088 3665 1142 3721 in
1170 3667 1492 3723 memoriam
1535 3669 1832 3726 secundum
1874 3685 1977 3725 nu-

398 3778 417 3810 ι
461 3772 668 3812 merum
699 3756 934 3812 tribuum
960 3755 1127 3813 Israel
1156 3772 1415 3813 coronam
1441 3771 1663 3812 auream
1692 3772 1857 3829 super
1878 3758 1979 3814 mi-

388 3873 416 3927 ¹ε
462 3859 601 3906 tram
623 3847 742 3921 ejus
770 3864 1086 3920 expressam
1108 3850 1264 3921 signo
1277 3848 1605 3916 sanctitatis,
1623 3858 1679 3907 et
1699 3849 1869 3922 gloria
1884 3850 1980 3906 ho-

400 3960 419 3993 ι
466 3942 636 4007 noris,
663 3951 718 3996 et
736 3955 873 4013 opus
891 3939 1133 4005 virtutis,
1163 3940 1432 3997 desideria
1459 3939 1740 3997 oculorum
1763 3950 1978 3997 ornata.

401 4053 420 4086 ι
469 4032 561 4090 Sic
589 4033 816 4104 pulchra
846 4041 972 4087 ante
999 4030 1176 4102 ipsum
1204 4046 1312 4088 non
1352 4031 1572 4087 fuerunt
1620 4032 1752 4087 talia
1806 4048 1979 4104 usque

400 4144 420 4177 ι
463 4126 529 4181 ad
554 4124 840 4196 originem.
867 4121 983 4179 Non
1016 4122 1236 4180 indutus
1264 4132 1351 4177 est
1385 4122 1476 4178 illa
1528 4122 1828 4193 alienigena
1882 4123 1979 4178 ali-

402 4235 420 4269 ι
465 4217 605 4288 quis,
637 4215 732 4272 sed
764 4223 975 4271 tantum
1010 4213 1106 4269 ﬁlil
1129 4214 1300 4286 ipsius
1325 4212 1450 4280 soli,
1498 4221 1555 4269 et
1595 4221 1819 4284 nepotes
1861 4211 1979 4282 ejus

400 4333 419 4367 ι
463 4329 561 4385 per
578 4326 739 4369 omne
760 4320 987 4383 tempus.
1013 4330 1032 4363 ι
1078 4310 1261 4365 [litum
1285 4308 1543 4366 describit
1562 4309 1854 4365 sacerdotii
1876 4306 1977 4364 Ve-

396 4408 531 4464 teris
564 4404 922 4468 Testamenti,
944 4411 1001 4459 et
1019 4410 1269 4459 ornatum
1298 4400 1570 4474 pontiﬁcis
1596 4417 1716 4472 qua:
1750 4402 1975 4472 ﬁguram

394 4514 491 4570 per
512 4496 695 4553 omnia
723 4493 985 4567 gerebant
1009 4490 1145 4548 Novi
1174 4490 1531 4557 Testamenti,
1565 4498 1622 4546 et
1647 4492 1761 4547 veri
1794 4506 1975 4546 sacer-
2004 4526 2053 4587 Β

394 4587 535 4646 dotis
564 4585 776 4641 Domini
807 4583 979 4640 nostri
1001 4582 1128 4638 Jesu
1149 4580 1382 4638 Christi:
1410 4581 1502 4653 qui
1541 4602 1560 4632 σ
1600 4598 1707 4637 non
1733 4596 1831 4652 per
1857 4597 1978 4636 san-

392 4678 610 4752 guinem
648 4677 921 4732 hircorum
963 4684 1021 4729 et
1064 4672 1379 4737 vitulorum,
1422 4670 1517 4727 sed
1560 4687 1657 4742 per
1697 4672 1974 4743 proprium

393 4768 712 4839 sanguinem
756 4762 999 4821 introivit
1044 4761 1210 4819 semel
1259 4770 1445 4818 sancta
1506 4769 1708 4817 aeterna
1767 4762 1975 4817 redem-

391 4862 576 4934 ptione
602 4859 818 4914 inventa
850 4855 1037 4931 (Hebr.
1066 4854 1164 4921 rx).
1212 4874 1231 4908 ι
1266 4852 1597 4910 Vestimenta
1637 4862 1818 4909 autem
1848 4870 1975 4925 pon-

395 4951 553 5008 tiﬁeis
579 4967 686 5007 non
709 4949 812 5004 alia
836 4956 962 5005 sunt
988 4961 1152 5018 quam
1172 4960 1337 5016 opera
1365 4945 1647 5010 virtutum,
1679 4953 1735 5000 et
1766 4945 1973 5015 sapien-

392 5040 483 5096 tiae
504 5041 770 5106 doctrina,
802 5053 921 5111 qua:
951 5051 1077 5093 vero
1118 5036 1329 5092 Domini
1378 5034 1728 5107 sacerdotem
1753 5045 1970 5100 ornant,

390 5152 514 5194 cum
543 5135 597 5189 in
623 5134 709 5189 his
726 5132 1033 5189 conversari
1063 5130 1167 5187 rite
1188 5130 1553 5186 inveniuntur.
1586 5129 1742 5185 Unde
1793 5138 1848 5185 et
1883 5129 1972 5185 hic

389 5229 621 5284 dicitur:
669 5243 688 5276 ι
723 5222 1017 5280 Coronavit
1060 5221 1211 5277 illum
1254 5222 1307 5277 in
1352 5222 1498 5278 vasis
1537 5221 1774 5277 virtutis.
1808 5240 1828 5273 ι
1865 5219 1969 5275 Sa-

385 5321 599 5392 pientes
634 5322 814 5371 autem
836 5311 999 5368 corde
1036 5327 1174 5383 quos
1226 5311 1294 5365 ad
1334 5311 1609 5367 faciendas
1634 5311 1852 5365 easdem
1881 5323 1971 5364 ve-

386 5421 499 5467 stes
529 5408 674 5465 Deus
696 5404 891 5478 spiritu
919 5402 1218 5475 prudentiae
1246 5402 1490 5473 replevit,
1537 5401 1641 5472 ipsi
1698 5410 1823 5457 sunt
1850 5415 1971 5472 pro-

383 5501 565 5574 pliette
602 5508 658 5558 et
708 5496 957 5571 apostoli,
996 5495 1283 5565 exterique
1312 5495 1561 5550 doctores
1583 5494 1849 5555 veritatis,
1875 5494 1966 5564 qui

388 5592 548 5651 nobis
590 5590 932 5662 apertissime
972 5597 1298 5651 monstrant,
1352 5585 1623 5657 quomodo
1671 5586 1853 5641 vivere
1883 5601 1967 5639 sa-

389 5681 640 5737 cerdotes
668 5692 722 5738 et
747 5681 977 5737 ministri
1001 5678 1207 5743 altaris,
1242 5679 1475 5748 qualiter
1495 5694 1689 5733 nocere
1718 5678 1965 5740 debeant,

392 5771 508 5829 sive
537 5772 778 5840 exemplo
811 5789 917 5827 sine
941 5771 1185 5833 actionis,
1231 5785 1324 5825 seu
1351 5771 1514 5824 verlro
1557 5767 1965 5830 exhortationis,

2092 1944 2212 1997 nica
2242 1953 2418 1998 autem
2445 1944 2815 2015 hyacinthina,
2855 1961 2974 2015 qua:
3004 1945 3359 2000 tintinnabula
3410 1962 3574 2001 aurea
3619 1947 3675 2001 in

2092 2032 2201 2087 imo
2230 2034 2464 2088 habebat
2490 2035 2606 2089 haec
2639 2049 2799 2103 super
2824 2034 3022 2088 lineam
3065 2034 3402 2090 induebatur.
3436 2035 3556 2105 l'psa
3579 2052 3670 2090 au-

2092 2132 2198 2178 tem
2227 2123 2365 2179 linea
2395 2125 2609 2190 stricta,
2634 2126 2687 2179 id
2715 2133 2817 2189 est,
2844 2125 3065 2180 camisia
3097 2133 3268 2181 totum
3294 2141 3495 2197 corpus
3543 2144 3667 2196 ope-

2090 2212 2285 2279 riebat,
2319 2214 2523 2269 cidaris
2554 2231 2685 2270 vero
2735 2231 2778 2269 c’
2801 2224 2895 2284 put
2939 2217 3190 2271 ornabat.
3212 2216 3457 2273 Balteum
3489 2227 3669 2273 autem

2087 2315 2375 2375 utramque
2406 2308 2640 2362 tunicam
2672 2307 2829 2363 simul
2876 2318 2931 2363 et
2983 2311 3427 2378 superhumerale
3467 2313 3673 2365 arctius

2038 2409 2054 2420 ‘
2086 2399 2152 2451 ad
2174 2412 2370 2465 corpus
2399 2400 2637 2468 aptabat,
2669 2415 2699 2453 e
2731 2400 2925 2469 quibus
2943 2409 3096 2454 erant
3119 2411 3352 2471 quatuor
3373 2410 3429 2456 et
3447 2403 3673 2457 minoris

2086 2488 2294 2542 ordinis
2321 2490 2694 2544 sacerdotibus
2724 2506 3003 2555 concessa,
3029 2493 3298 2546 feminalia
3330 2493 3583 2549 videlicet
3602 2493 3674 2547 li-

2087 2599 2209 2647 nea,
2239 2582 2417 2637 tunica
2448 2591 2502 2638 et
2525 2583 2759 2649 balteus,
2802 2592 2855 2638 et
2890 2586 3118 2649 cidaris;
3152 2585 3381 2640 decebat
3427 2585 3576 2641 enim
3617 2592 3676 2641 ut

2085 2688 2191 2743 quo
2244 2673 2448 2742 majore
2496 2674 2621 2743 quis
2664 2673 2830 2744 gradu
2882 2683 3027 2729 esset
3065 2675 3308 2746 insignis,
3336 2690 3402 2731 eo
3428 2674 3675 2744 pluribus

2083 2765 2345 2819 virtutum
2376 2763 2588 2820 actibus
2616 2765 2961 2819 admirandus
2989 2765 3234 2836 fulgeret.
3257 2764 3466 2820 Cuncta
3490 2773 3672 2820 autem

2085 2853 2221 2909 ﬁunt
2247 2854 2313 2910 de
2352 2871 2485 2911 auro
2511 2856 2870 2925 prctiosisque
2912 2855 3203 2919 coloribus,
3263 2856 3389 2927 quia
3436 2856 3525 2911 nil
3567 2856 3672 2910 vile

2085 2959 2149 3001 ac
2177 2946 2452 3002 sordidum
2495 2947 2547 3001 in
2591 2948 2889 3003 sacerdotis
2919 2963 3012 3003 ore
3036 2949 3117 3001 vel
3138 2963 3301 3018 opere
3323 2947 3487 3004 debet
3507 2966 3670 3020 appa-

2085 3057 2233 3108 rere;
2282 3041 2376 3097 sed
2424 3051 2619 3097 cuncta
2658 3058 2777 3113 quae
2809 3043 2941 3114 agit,
2974 3043 3224 3099 universa
3253 3059 3376 3115 qure
3403 3042 3665 3114 loquitur,

2084 3134 2264 3190 omnia
2292 3150 2411 3205 quae
2432 3135 2658 3205 cogitat,
2687 3148 2736 3189 et
2768 3152 2952 3190 coram
2980 3136 3289 3191 hominibus
3308 3135 3567 3205 praeclara
3616 3143 3669 3189 et

2085 3228 2139 3283 in
2160 3236 2449 3297 conspectu
2482 3228 2678 3283 interni
2727 3227 2916 3282 arbitri
2964 3235 3176 3300 oportet
3228 3241 3350 3283 esse
3410 3227 3662 3298 gloriosa.

2083 3315 2317 3387 Singulae
2338 3324 2520 3371 autem
2541 3315 2750 3387 species
2779 3315 3010 3370 vestium
3042 3317 3326 3387 mysticum
3354 3316 3559 3371 habent
3587 3314 3665 3368 in-

2081 3406 2375 3472 tellectum,
2434 3406 2559 3477 quia
2614 3406 2665 3460 in
2705 3405 2977 3468 rationali,
3007 3406 3282 3475 plenitudo
3308 3404 3548 3460 scicntia!
3575 3419 3668 3458 ea-

2080 3497 2365 3566 primitur;
2394 3496 2448 3551 in
2472 3495 2929 3567 superbumerali,
2950 3494 3215 3550 bonorum
3239 3509 3463 3565 operum
3492 3502 3665 3558 actus;

2081 3585 2134 3641 in
2165 3586 2347 3641 tunica
2373 3586 2740 3657 hyacinthina,
2778 3585 3017 3642 caalestis
3056 3585 3435 3650 conversatio;
3476 3583 3531 3637 in
3565 3583 3668 3637 tin-

2083 3673 2393 3739 tinnabulis,
2426 3674 2739 3745 praedicatio
2759 3675 2901 3731 sacri
2931 3674 3114 3739 verbi;
3168 3673 3223 3729 in
3268 3673 3451 3728 tunica
3498 3671 3667 3737 linea,

2080 3780 2199 3835 qua:
2230 3773 2291 3820 et
2305 3764 2396 3820 hic
2420 3765 2795 3836 circumpedes
2824 3766 3156 3829 nominatur,
3180 3779 3246 3819 eo
3269 3763 3416 3837 quod
3442 3764 3512 3820 ad
3531 3764 3672 3820 talos

2078 3855 2438 3928 pertingebat,
2485 3857 2885 3912 consummatio
2912 3857 3185 3914 castitatis
3214 3856 3565 3919 insinuatur;
3613 3855 3669 3911 in

2081 3945 2262 4001 balteo
2302 3947 2668 4012 continentia;
2714 3947 2769 4002 in
2814 3947 3008 4011 cidari,
3061 3962 3183 4016 qua:
3229 3953 3394 4016 caput
3430 3946 3667 4018 tegebat,

2077 4035 2319 4091 omnium
2348 4052 2606 4093 sensuum
2637 4037 2916 4102 custodia;
2947 4037 3002 4092 in
3033 4036 3390 4094 femoralibus
3416 4051 3554 4092 vero
3571 4052 3669 4093 ca-

2078 4126 2329 4183 stimonia
2355 4129 2601 4200 corporis
2650 4137 2841 4185 contra
2873 4129 3174 4186 libidinem.
3216 4128 3431 4187 Corona
3479 4137 3670 4184 autem

2078 4232 2239 4288 super
2260 4217 2500 4286 mitram,
2525 4218 2577 4274 in
2603 4235 2707 4290 qua
2733 4235 3054 4291 expressum
3080 4227 3203 4275 erat
3241 4220 3456 4290 signum
3497 4220 3668 4275 casti-

2079 4308 2226 4373 tatis,
2260 4308 2365 4364 hoc
2386 4317 2491 4376 est,
2530 4326 2723 4365 nomen
2749 4310 3135 4381 omnipotentis
3156 4311 3277 4374 Dei,
3301 4309 3672 4366 honoriﬁcen-

2078 4399 2209 4454 tiam
2233 4398 2504 4470 signiﬁcat
2529 4399 2725 4455 divina:
2752 4400 3074 4472 majestatis,
3099 4417 3262 4472 quam
3300 4402 3355 4455 in
3387 4415 3519 4457 arce
3549 4408 3670 4457 sla-

2080 4498 2168 4546 tus
2194 4492 2364 4547 nostri
2388 4501 2445 4547 et
2478 4507 2641 4562 super
2667 4492 2850 4547 omnia
2884 4500 3132 4547 statuere
3158 4492 3448 4557 debemus,
3493 4493 3569 4547 ita
3606 4498 3669 4548 ut

2079 4582 2132 4637 in
2155 4584 2409 4639 omnibus
2430 4585 2642 4640 actibus
2669 4583 2890 4649 nostris,
2921 4585 3265 4641 sermonibus
3286 4594 3344 4639 et
3368 4592 3672 4641 conversa—

2079 4674 2226 4730 tione
2253 4675 2641 4730 honoriﬁcetur
2666 4675 2808 4731 Deus
2828 4690 2927 4746 per
2953 4673 3144 4731 Iesum
3173 4674 3450 4732 Christum
3480 4674 3671 4732 Domi.

2078 4782 2208 4821 num
2250 4775 2518 4833 nostrum,
2570 4767 2665 4839 qui
2718 4776 2984 4838 estcaput
3018 4769 3262 4838 corporis
3304 4767 3585 4832 Ecclesiae,
3609 4778 3671 4824 et

2079 4855 2330 4912 Salvator
2348 4857 2614 4923 omnium,
2656 4859 2894 4914 maxime
2933 4858 3192 4914 ﬁdelium.
3240 4858 3447 4929 Siquis
3480 4867 3667 4915 autem

2078 4949 2513 5005 borum'sensum
2537 4950 2835 5021 spiritalem
2856 4950 3069 5021 plenius
3083 4965 3244 5006 nosse
3261 4950 3318 5005 dt
3331 4950 3559 5016 siderat,
3580 4950 3668 5007 le-

2076 5049 2168 5112 gat
2195 5048 2501 5095 sanctorum
2535 5038 2755 5095 Patrum
2783 5040 3031 5098 diversos
3056 5048 3321 5098 tractatus
3371 5041 3443 5097 de
3470 5040 3662 5098 taber-

2076 5130 2268 5186 naculo
2293 5128 2412 5196 Dei,
2458 5137 2517 5186 et
2551 5129 2793 5187 vestibus
2816 5129 3276 5196 sacerdotalibus;
3310 5145 3546 5202 quorum
3575 5138 3662 5186 ta-

2075 5236 2201 5276 men
2235 5220 2611 5292 compendium
2647 5221 2693 5276 si
2720 5222 3021 5291 quaesierit,
3049 5220 3194 5295 legat
3233 5229 3481 5279 nostrum
3519 5235 3661 5293 opu-

2075 5311 2283 5368 sculum
2304 5311 2445 5382 quod
2467 5325 2634 5383 super
2657 5310 2824 5367 Exodi
2839 5311 3036 5368 librum
3050 5312 3493 5385 quatuorlibellis
3512 5327 3667 5369 eom-

2071 5402 2482 5475 prehendimus,
2540 5410 2596 5458 et
2642 5402 2737 5467 ibi,
2787 5402 2842 5458 ni
2878 5401 3054 5469 fallor,
3110 5403 3346 5460 inveniet
3376 5406 3666 5474 quodsuz

2075 5493 2380 5561 indigentiae
2399 5491 2713 5549 satisfaciat.

2151 5603 2170 5634 ς
2213 5584 2489 5639 Sacriﬁcia
2515 5585 2685 5654 ipsius
2714 5592 3034 5656 consumpta
3082 5593 3208 5640 sunt
3242 5583 3367 5658 igne
3392 5584 3657 5656 quotidie.

2080 5697 2099 5727 ς
2144 5674 2441 5746 Cumplevit
2489 5674 2696 5745 Moyses
2757 5691 2974 5731 manum
3036 5676 3175 5746 ejus,
3222 5685 3278 5729 et
3316 5681 3475 5729 unxit
3509 5673 3658 5727 illum

2084 5789 2098 5818 ι
2146 5768 2264 5819 uico
2292 5775 2497 5820 sancto.
2536 5764 2756 5821 Factum
2790 5774 2871 5822 est
2897 5766 2969 5821 illi
2995 5768 3046 5821 in
3091 5773 3469 5820 testamentum
3499 5775 3669 5819 aeter-
