3926 6168
222 246 355 307 ωε)

1094 249 1449 307 COMMENT.
1488 249 1558 305 lN
1596 246 2210 306 ECCLESIASTHIUM.
2252 279 2319 291 —-
2356 250 2481 305 ΜΒ.
2528 250 2594 305 Χ.

3248 318 3269 336 ,
3346 256 3487 319 toan

231 381 244 414 ι
286 373 438 422 num,
469 364 525 412 et
547 357 741 413 semini
773 359 891 429 eius
913 358 1053 414 sicut
1074 360 1192 414 dies
1226 359 1369 414 cmli.
1404 357 1574 429 Fungi
1621 372 1798 413 saccr-
1828 365 1876 423 Λ
1906 358 2173 424 Eleazari,
2204 370 2263 414 ut
2292 359 2648 416 Numerorum
2692 362 2828 418 liLer
2854 365 3005 420 testis
3052 375 3155 431 est,
3188 377 3483 427 testamen-

233 467 244 500 -.
276 448 451 514 dolio,
508 456 564 504 et
609 447 812 503 habere
835 447 1067 514 laudem,
1116 458 1178 503 et
1215 448 1518 519 glorificare
1541 447 1801 519 populum

234 557 246 583 ν
287 555 442 596 suum
470 540 524 594 in
539 541 758 596 nomine
778 557 895 595 suo.
912 538 1094 612 Ipsum
1114 535 1166 592 el
1180 541 1287 609 egit
1308 541 1376 594 ab
1397 540 1543 594 omni
1566 539 1797 605 vivente,

229 650 248 685 ι
286 631 482 688 oo‘erre
509 631 835 688 sacrificium
862 631 994 698 Deo,
1028 632 1328 697 incensum,
1360 639 1414 686 et
1441 632 1639 686 bonum
1666 630 1801 685 odo-

232 740 246 773 ι
286 736 426 787 rem,
454 721 508 777 in
531 722 847 776 memoriam
871 721 1085 792 placare
1100 735 1199 791 pro
1217 720 1414 790 populo
1426 735 1552 776 suo:
1582 728 1636 774 et
1656 717 1805 773 dedit

233 830 246 851 ο
284 811 356 867 illi
391 812 444 867 iu
475 812 761 883 pneceptis
779 812 891 867 suis
920 819 1264 883 pokstatem,
1300 819 1355 865 et
1380 811 1433 865 in
1461 809 1802 865 testamentis

224 923 241 956 r
281 904 607 975 iudiciorum
632 903 825 959 decere
850 902 1018 958 Jacob
1046 902 1376 966 testimonia,
1396 910 1450 956 et
1474 901 1528 956 in
1560 900 1675 972 lege
1704 915 1801 954 sua

228 1013 243 1048 t
283 995 457 1051 lucem
511 996 642 1051 dare
686 994 871 1050 Israel.
921 994 1056 1063 Quia
1095 1003 1285 1051 contra
1341 994 1489 1049 illum
1531 1000 1801 1049 steterunt

228 1102 241 1133 ι
285 1083 468 1149 alieni,
507 1092 563 1138 et
584 1091 809 1155 propter
830 1084 1085 1138 invidiam
1112 1064 1587 1139 circumdederunt
1629 1082 1799 1147 illum,

221 1191 240 1226 ι
286 1175 340 1230 in
365 1176 582 1230 deserto
603 1175 851 1231 homines
871 1174 963 1245 qui
994 1182 1150 1228 erant
1178 1189 1304 1229 cum
1344 1173 1556 1228 Dathan
1586 1180 1641 1228 et
1674 1171 1803 1226 Abi-

228 1282 242 1313 ι
284 1279 415 1327 ron;
452 1272 507 1318 et
531 1263 881 1335 congregatio
908 1262 1047 1317 Core
1076 1263 1129 1317 in
1156 1263 1457 1318 iracundia.
1507 1262 1651 1317 Vidit
1698 1261 1800 1315 Do-

226 1372 238 1405 l
282 1355 463 1409 minus
511 1354 674 1420 Deus,
699 1361 757 1408 et
781 1368 887 1410 non
912 1353 1116 1423 placuit
1139 1352 1239 1420 illi,
1262 1362 1318 1408 et
1347 1353 1649 1424 consumpti
1677 1360 1803 1409 sunt

223 1460 239 1493 ι
285 1442 341 1496 in
371 1443 573 1511 impetu
602 1441 924 1497 iracundiae:
956 1441 1086 1496 fecit
1128 1441 1233 1496 illis
1278 1451 1536 1503 monstra,
1576 1449 1632 1496 et
1675 1456 1802 1495 con-

219 1552 240 1583 c
286 1533 514 1603 sumpsit
537 1548 632 1589 eos
655 1533 709 1588 in
732 1531 947 1589 ﬂamma
993 1532 1154 1603 ignis,
1177 1541 1232 1588 et
1260 1532 1467 1587 addidit
1489 1531 1669 1587 Aaron
1693 1532 1803 1603 glo-

218 1641 240 1673 ς
287 1623 445 1679 riam.
477 1622 544 1678 Et
561 1624 710 1678 dedit
732 1623 807 1678 illi
831 1623 1222 1689 htereditatem,
1242 1622 1797 1694 primitiasfructunm

1904 456 2018 503 tum
2054 449 2203 518 pacis
2231 451 2351 505 ideo
2381 466 2411 505 a
2442 451 2671 509 Domino
2720 455 2947 526 accepit,
2970 472 3095 527 quia
3127 459 3243 514 zelo
3272 459 3366 516 Dei
3397 459 3485 517 in-

1904 538 2133 612 stigatus
2162 540 2336 595 virum
2364 540 2662 597 lsraelitam
2702 543 3056 601 fornicantem
3093 564 3217 602 cum
3260 549 3490 607 muliere

1903 628 2193 684 Madianita
2223 629 2382 684 simul
2411 631 2699 688 interfecit.
2730 635 2805 690 De
2825 652 2930 707 quo
2954 637 3004 690 in
3029 649 3324 693 memorato
3349 640 3489 696 libro

1907 719 2120 788 legitur,
2146 720 2291 790 quod
2323 720 2586 777 Dominus
2608 723 2808 779 dixerit
2832 726 2899 779 ad
2922 726 3171 797 Moysen:
3206 747 3223 778 ι
3258 726 3492 787 Phincos

1902 814 2045 870 filius
2094 813 2338 871 Eleazari
2395 814 2494 872 lilii
2540 816 2718 873 Aaron
2773 819 3069 875 sacerdotis
3116 823 3313 876 avertit
3352 822 3488 878 iram

1907 922 2083 961 meam
2111 922 2142 961 a
2188 906 2312 964 filiis
2337 903 2528 974 Israel,
2557 909 2681 979 quia
2731 908 2848 965 zelo
2895 924 3016 964 meo
3063 921 3362 968 commotus
3406 921 3492 967 est

1905 1005 2100 1051 contra
2139 1011 2254 1062 eos,
2297 1005 2359 1052 ut
2409 1012 2517 1051 non
2559 996 2674 1067 ipse
2695 997 2928 1053 delerent
2962 997 3100 1054 filios
3122 999 3354 1056 lsraeliu
3372 1002 3491 1056 zelo

1904 1102 2041 1141 meo.
2102 1086 2323 1159 idcirco.
2364 1086 2586 1157 loquere
2638 1089 2704 1142 ad
2757 1103 2904 1153 eum,
2935 1103 3062 1144 ecce
3107 1091 3176 1145 do
3204 1091 3251 1146 ei
3302 1106 3489 1162 pacem

1903 1179 2125 1236 foederis
2153 1180 2277 1246 mei,
2311 1188 2366 1236 et
2406 1181 2510 1235 erit
2534 1188 2641 1234 tam
2669 1180 2771 1251 ipsi
2820 1197 2980 1251 quam
3013 1183 3205 1238 semini
3233 1183 3374 1239 illius
3407 1192 3492 1240 est

1903 1280 2121 1340 pactum
2173 1271 2461 1327 sacerdotii
2511 1272 2919 1341 sempiternum,
2976 1273 3100 1343 quia
3155 1274 3356 1329 zelatus
3392 1290 3491 1346 pro

1903 1362 2016 1417 Deo
2066 1377 2185 1428 suo,
2234 1371 2290 1417 et
2325 1362 2564 1433 expiavit
2600 1364 2777 1419 scelus
2816 1364 3048 1419 filiorum
3092 1364 3257 1421 Israel
3296 1366 3487 1438 (Nam.

1901 1454 2052 1523 xxv).
2086 1473 2103 1504 ι
2131 1450 2295 1508 Juxta
2344 1453 2628 1524 mysticum
2658 1469 2872 1524 quoque
2920 1469 3140 1508 sensum
3187 1454 3324 1511 bene
3360 1454 3490 1510 Phi-
3586 1514 3593 1523 ,

1910 1557 2025 1597 nea:
2053 1540 2166 1597 tilio
2216 1541 2460 1597 Eleazari
2508 1542 2808 1598 sacerdotis
2847 1555 3068 1614 propter
3103 1544 3303 1609 zelum,
3328 1558 3491 1613 quem

1914 1633 2164 1688 exercuit
2185 1633 2239 1688 in
2265 1631 2678 1698 fornicantibus,
2724 1642 2940 1704 pactum
2972 1636 3287 1704 sempiterni
3316 1649 3490 1690 sacer-

220 1732 238 1765 α
285 1723 446 1769 terrae
469 1714 653 1770 divisit
673 1712 777 1779 fili,
801 1727 997 1783 panem
1030 1713 1162 1785 ipsis
1190 1714 1244 1768 in
1266 1714 1461 1785 primis
1502 1714 1719 1785 paravit
1746 1714 1799 1768 in
1831 1710 1877 1769 Β
1914 1721 2046 1776 dotii
2091 1722 2509 1792 repromittitur,
2549 1722 2673 1792 quia
2697 1723 2944 1793 quisquis
2968 1723 3084 1778 zelo
3115 1723 3209 1779 Dei
3230 1740 3491 1795 compun-

220 1823 240 1859 ο
281 1804 604 1860 satietatem.
638 1800 776 1860 Nam
806 1802 1074 1860 sacrificia
1104 1802 1318 1859 Domini
1361 1804 1525 1859 edent
1560 1819 1681 1874 qua:
1702 1803 1799 1859 de-

220 1916 241 1950 r
288 1898 366 1952 dit
418 1897 518 1967 ipsl
553 1903 611 1952 et
656 1895 851 1953 semini
879 1893 1016 1967 ejus.
1060 1893 1333 1955 Czeterum
1360 1895 1415 1950 in
1441 1904 1585 1950 terra
1613 1902 1801 1967 gentes

219 2007 239 2041 ι
287 2002 394 2042 non
417 1986 777 2053 handitavit,
807 1993 865 2041 et
889 1999 1015 2057 pars
1047 2000 1156 2040 non
1191 1994 1274 2040 est
1297 1984 1375 2040 illi
1404 1985 1458 2040 in
1486 1992 1666 2057 gente.
1683 1983 1802 2055 Ipse

221 2099 240 2132 ι
285 2079 430 2133 enim
457 2092 584 2149 pars
608 2076 726 2146 eius
754 2084 839 2131 est
885 2084 942 2132 et
980 2076 1288 2132 hancditas.
1331 2095 1350 2129 ι
1402 2075 1685 2143 Quomodo
1706 2092 1802 2130 au-

217 2179 325 2224 tem
353 2168 565 2241 Moyses
578 2169 759 2225 Aaron
781 2168 1009 2225 fratrem
1037 2182 1196 2224 suum
1208 2179 1262 2224 et
1279 2168 1417 2226 ﬁlios
1440 2167 1558 2239 eius
1587 2169 1797 2224 unctio-

216 2262 302 2317 nis
325 2262 449 2318 oleo
475 2263 702 2319 Domino
752 2269 1118 2327 consecraret,
1156 2270 1214 2316 et
1244 2261 1434 2333 quales
1467 2260 1676 2317 hostias
1704 2275 1802 2331 pro

215 2367 276 2408 se
301 2352 355 2408 in
380 2353 467 2408 die
495 2351 766 2408 unctionis
785 2366 898 2408 suae
918 2350 1102 2407 otl‘srri
1132 2349 1371 2420 iuberet,
1392 2359 1449 2406 ct
1469 2351 1536 2404 de
1561 2349 1675 2421 iugi
1703 2364 1800 2404 sa-

213 2442 421 2500 crificio
445 2443 590 2512 quod
614 2441 856 2513 quotidie
896 2456 1054 2497 mane
1087 2449 1143 2497 et
1192 2454 1419 2511 vespere
1465 2439 1801 2496 oﬂ'erendm

214 2546 358 2603 erat,
382 2545 440 2593 et
461 2537 531 2593 de
554 2537 767 2592 caeteris
785 2535 977 2592 olilciis
1011 2535 1129 2605 ejus
1157 2535 1294 2590 liber
1315 2532 1802 2603 Leviticusocopio-

214 2628 431 2684 sissime
453 2636 658 2694 narrat,
682 2643 785 2683 nec
805 2643 911 2683 non
927 2627 994 2682 de
1019 2626 1286 2682 seditione
1307 2625 1464 2687 Core,
1501 2624 1714 2679 Dathan
1746 2634 1804 2678 et

214 2722 441 2785 Abiron,
473 2736 635 2791 quam
660 2728 850 2776 contra
876 2719 1097 2791 Moysen
1124 2728 1184 2774 et
1200 2718 1380 2773 Aaron
1405 2718 1797 2783 excitaverant,

214 2824 272 2871 et
299 2815 371 2871 ob
396 2814 499 2868 hoc
519 2813 753 2869 vindicta
791 2812 845 2867 in
865 2826 961 2868 eos
985 2827 1015 2866 a
1049 2811 1278 2867 Domino
1303 2810 1513 2880 prolata
1538 2819 1643 2875 est,
1667 2810 1806 2865 liber

218 2907 581 2962 Numerorum
629 2904 1070 2961 manifestissime
1120 2905 1364 2960 declarat
1404 2902 1594 2976 (Num.
1653 2903 1797 2973 xvt):

213 3000 273 3055 in
308 2999 504 3069 quibus
535 3000 765 3070 mystice
805 2998 1209 3053 demonstratur
1236 2997 1381 3066 quod
1408 2997 1463 3051 hi
1488 2998 1580 3066 qui
1628 2995 1804 3051 haere-

214 3104 302 3143 ses
346 3097 402 3143 et
420 3089 720 3156 schismata
768 3087 946 3142 facere
985 3096 1271 3151 conantur,
1301 3098 1357 3142 et
1388 3087 1585 3142 multos
1610 3102 1797 3142 secum
1830 3064 1873 3126 (ἶ

222 3180 494 3236 trahendo
516 3180 792 3249 decipiunt
814 3186 1224 3234 contemnentes
1251 3179 1561 3233 sacerdotes
1581 3176 1802 3241 Christi,

216 3282 272 3327 et
305 3286 368 3328 se
395 3288 425 3326 a
448 3271 595 3327 clero
633 3271 751 3342 eius
800 3270 1079 3341 plebisque
1133 3270 1390 3326 societate
1438 3276 1804 3339 segregantes,

214 3363 547 3419 constituere
570 3362 767 3417 audent
791 3360 1052 3417 ecclesias
1090 3370 1145 3417 et
1183 3361 1327 3416 aliud
1356 3360 1543 3424 altare,
1565 3373 1809 3430 precem-

213 3472 321 3525 que
348 3455 576 3510 alteram
600 3454 805 3509 illicitis
822 3454 1050 3509 vocibus
1099 3452 1326 3519 faciunt,
1378 3453 1674 3507 Dominicae
1712 3453 1809 3506 lio-

211 3549 333 3603 stize
358 3548 644 3603 veritatem
670 3562 768 3617 per
815 3546 951 3602 falsa
986 3544 1254 3601 sacrificia
1300 3544 1669 3617 profanantes,
1706 3545 1806 3616 ipsi

213 3655 451 3710 quoque,
482 3656 608 3694 cum
626 3649 813 3696 contra
839 3639 1237 3695 ordinationem
1289 3639 1382 3693 Dei
1426 3640 1690 3703 nituntur,
1737 3639 1807 3693 ob

210 3730 538 3785 temeritatis
566 3730 849 3784 audaciam
876 3738 1036 3784 terrm
1062 3730 1419 3799 compagibus
1449 3712 1645 3799 ruptis,
1677 3744 1807 3798 pro-

214 3819 384 3877 fundo
415 3821 563 3875 hiatu
588 3830 926 3892 merguntur.
951 3820 1059 3876 Nec
1088 3830 1295 3875 tantum
1326 3821 1378 3874 hi
1411 3820 1503 3890 qui
1539 3821 1704 3875 duces
1721 3836 1809 3873 er-

210 3926 404 3966 rorunt
440 3919 590 3977 sunt,
637 3912 731 3966 sed
761 3921 816 3965 et
870 3911 944 3966 illi
976 3911 1068 3981 qui
1096 3913 1493 3967 consentiendo
1515 3912 1808 3982 participes

206 4003 530 4057 earumdem
556 4000 731 4057 eil‘ecti
753 4012 900 4067 sunt,
933 4001 987 4054 in
1016 4003 1192 4073 ignem
1218 4004 1405 4069 aeterni
1435 4000 1624 4069 iudicii
1669 4017 1806 4072 prte—

207 4105 408 4167 parata
436 4094 639 4150 ultione
660 4095 932 4165 peribunt.
966 4094 1168 4150 Christi
1192 4096 1338 4150 enim
1366 4095 1732 4150 sacerdotium
1753 4102 1809 4151 et

209 4189 359 4242 ritus
374 4186 768 4242 sacrificiorum
794 4189 862 4242 ab
883 4203 949 4243 eo
972 4188 1298 4243 constitutus
1317 4188 1371 4242 in
1400 4186 1654 4242 saectdum
1684 4202 1809 4256 per-

208 4284 420 4340 manet,
448 4292 550 4331 nec
586 4276 691 4332 ulla
734 4278 1157 4333 commutatione
1214 4279 1655 4333 commutabitur.
1705 4277 1804 4332 Cui

1902 1817 2025 1867 ctus
2054 1812 2239 1867 carnis
2286 1826 2398 1868 suae
2447 1812 2695 1868 stimulos
2734 1814 3096 1882 comprimere
3144 1816 3363 1887 satagit,
3408 1818 3492 1870 vel

1901 1920 1998 1961 eos
2024 1904 2116 1976 qui
2146 1904 2247 1960 sibi
2277 1903 2505 1975 subjecti
2533 1914 2677 1972 sunt,
2710 1920 2780 1961 ne
2812 1920 2911 1976 per
2953 1905 3230 1962 lasciviam
3264 1916 3319 1962 et
3366 1906 3490 1962 libi-

1902 1996 2081 2050 dinem
2139 2011 2171 2049 a
2222 1995 2469 2051 veritatis
2516 1996 2735 2051 tramite
2788 1995 3027 2063 devient,
3063 1998 3222 2068 digne
3265 1996 3492 2066 corripit

1902 2092 2065 2155 atque
2091 2094 2329 2150 coercet,
2381 2084 2695 2156 sempiterni
2738 2085 3028 2140 sacerdotii
3070 2085 3388 2157 dignitatem
3431 2084 3488 2140 in

1902 2174 2141 2230 Ecclesia
2162 2174 2258 2230 Dei
2292 2174 2514 2230 habebit
2535 2174 2603 2229 ad
2625 2173 2774 2229 illum
2804 2175 3143 2231 sacerdotem
3180 2174 3286 2229 rite
3310 2174 3483 2243 perti-

1904 2282 2057 2322 nens.
2089 2266 2165 2322 De
2185 2280 2292 2336 quo
2312 2265 2575 2335 scriptum
2599 2273 2711 2321 est:
2752 2283 2770 2316 ε
2809 2263 2891 2319 Tu
2912 2279 2972 2319 es
2985 2264 3242 2319 sacerdos
3258 2264 3312 2318 in
3330 2271 3489 2318 teter-

1911 2373 2038 2413 num
2085 2356 2378 2413 secundum
2404 2355 2648 2411 ordinem
2686 2354 3075 2411 Melchisedech
3103 2352 3276 2426 (Paul.
3310 2354 3486 2422 cm)»
3587 2365 3594 2371 '

1921 2448 2054 2503 Cum
2086 2447 2203 2518 ipso
2234 2461 2457 2517 regnum
2483 2445 2867 2517 sempiternum
2893 2446 2944 2501 in
2970 2444 3088 2500 luce
3116 2460 3348 2516 superna
3367 2459 3493 2514 per-

1904 2539 2194 2609 petualiter
2222 2534 2540 2606 possidebit.
2568 2537 2964 2607 Interpretatur
3011 2546 3191 2590 autem
3238 2535 3489 2602 Phinecs,

1905 2648 1999 2686 ore
2022 2644 2273 2700 parcens,
2304 2629 2388 2682 vel
2423 2643 2520 2684 ore
2546 2628 2830 2697 requievit,
2858 2627 2942 2683 vel
2964 2627 3078 2683 oris
3106 2627 3492 2697 augurium,et

1904 2721 2131 2777 Eleazar
2153 2721 2298 2777 Deus
2322 2736 2475 2777 meus
2498 2721 2732 2791 adiutor,
2763 2721 2878 2776 sive
2904 2720 2996 2775 Dei
3018 2719 3365 2791 adiutorium.
3385 2718 3495 2772 Aa-

1906 2826 2004 2867 ron
2034 2828 2188 2867 mons
2211 2811 2566 2877 fortitudinis,
2593 2812 2709 2866 sive
2724 2826 2880 2866 mons
2906 2809 3084 2866 fortis.
3118 2809 3248 2877 Quae
3270 2811 3488 2864 nomina

1904 2920 2010 2959 non
2042 2905 2334 2973 incongrue
2363 2902 2615 2957 eumdem
2645 2915 2864 2957 sensum
2906 2914 3067 2970 quem
3114 2898 3493 2970 proposuimus

1906 2995 2250 3065 exprimunt;
2277 3010 2401 3049 nam
2422 2994 2514 3063 qui
2534 3008 2628 3048 ore
2651 3009 2814 3063 prava
2835 2992 2979 3063 loqui
3001 2993 3195 3062 parcit,
3216 3000 3273 3047 et
3295 3001 3498 3064 myste.

1908 3087 1985 3139 ria
2012 3085 2254 3141 ctelesua
2282 3085 2448 3140 verbo
2479 3086 2580 3139 rite
2598 3085 2935 3139 auditoribus
2964 3084 3076 3139 suis
3100 3085 3343 3155 exponit,
3397 3098 3497 3154 per

1910 3179 2007 3233 Dci
2032 3179 2360 3249 adiutorium
2385 3179 2533 3247 pium
2576 3178 2815 3232 laborem
2847 3177 3087 3248 explens,
3144 3177 3212 3231 ad
3257 3184 3495 3232 montem

1910 3271 2265 3335 fortitudinis,
2306 3270 2372 3324 de
2398 3286 2505 3340 quo
2561 3284 2657 3339 per
2711 3269 3038 3339 PrOphetam
3077 3270 3341 3339 scriptum
3370 3277 3495 3323 est:

1915 3379 1933 3412 ‹
1978 3359 2096 3413 Erit
2115 3374 2270 3414 mons
2286 3360 2480 3414 domus
2509 3358 2722 3414 Domini
2753 3359 2806 3412 in
2837 3358 3096 3413 verticem
3120 3359 3407 3423 montium,
3445 3365 3501 3412 et

1911 3451 2209 3507 elevabitur
2282 3464 2442 3518 super
2511 3464 2703 3504 omnes
2768 3449 2933 3504 colles
2969 3448 3105 3519 (ha.
3156 3451 3239 3520 tt),
3284 3470 3301 3500 ι
3339 3449 3496 3504 bouis

1911 3544 2120 3599 actibus
2147 3543 2467 3607 ascendens,
2506 3542 2736 3596 feliciter
2775 3542 3071 3611 perveniet.
3118 3540 3271 3608 Quod
3314 3550 3496 3595 autem

1911 3638 2128 3702 dicitur,
2153 3638 2294 3707 quod
2324 3646 2704 3692 testamentum
2726 3638 2892 3691 David
2922 3638 3062 3709 regis
3092 3636 3185 3690 filii
3208 3637 3361 3692 Jcsse
3389 3638 3498 3692 ha:-

1912 3730 2196 3786 reditatem
2230 3731 2305 3784 illi
2346 3739 2402 3784 et
2440 3730 2633 3783 semini
2671 3728 2788 3797 eius
2813 3730 3192 3785 benedictione
3224 3740 3280 3784 et
3328 3732 3497 3802 gloria

1909 3830 2169 3875 arternam
2200 3818 2411 3884 fecerit,
2442 3820 2746 3875 ostenditur
2776 3821 2919 3890 quod
2958 3821 3125 3876 David
3149 3822 3201 3876 in
3245 3822 3501 3877 distribu-

1912 3910 2057 3966 tione
2089 3910 2462 3964 ministrorum
2487 3910 2698 3964 Domini
2717 3909 2841 3982 (qua
2870 3927 2962 3965 eos
2979 3913 3030 3965 in
3055 3911 3244 3984 viginti
3265 3921 3500 3980 quatuor

1912 4007 2089 4053 sortes
2111 3997 2314 4061 divisit,
2345 4005 2402 4052 ut
2423 3998 2631 4053 vicibus
2660 4000 2772 4054 suis
2796 4000 3175 4055 ministrarent
3194 4016 3377 4055 coram
3394 4002 3496 4057 Do-

1912 4088 2081 4159 mino)
2105 4106 2211 4146 non
2233 4090 2525 4144 minoravit
2544 4090 2768 4162 gloriam
2793 4090 3051 4158 Phinees,
3077 4094 3170 4148 sed
3204 4094 3370 4148 etiam
3402 4110 3498 4148 au-

1912 4183 2010 4236 xit.
2050 4180 2201 4238 Unde
2227 4182 2281 4236 in
2308 4181 2783 4252 Paralipomenon,
2815 4183 2907 4237 ubi
2935 4183 3133 4239 Coritae
3155 4200 3318 4255 super
3334 4200 3500 4256 opera

1910 4274 2218 4340 ministerii,
2251 4275 2505 4330 custodes
2529 4275 2919 4331 vestibulorum
2942 4277 3303 4343 tabernaculi,
3321 4285 3376 4332 et
3408 4277 3492 4331 fa-

204 4376 372 4432 pater
394 4365 612 4435 iuravit,
646 4368 861 4424 dicens:
899 4390 916 4420 ι
951 4369 1029 4424 Tu
1060 4385 1120 4424 es
1148 4369 1402 4423 sacerdos
1444 4369 1496 4423 in
1541 4377 1803 4424 aeternum
1834 4408 1886 4467 Β
1913 4364 2076 4420 milia;
2104 4379 2293 4420 eorum
2330 4381 2428 4435 per
2452 4366 2601 4421 vices
2622 4374 2924 4422 castrorum
2950 4367 3161 4423 Domini
3187 4368 3497 4424 custodien-

214 4484 233 4509 ι
282 4459 587 4513 secundum
620 4460 867 4515 ordinem
896 4459 1286 4515 Melchisedech
1314 4459 1487 4531 (Psal.
1519 4460 1652 4530 etx).
1695 4480 1712 4510 ι

839 4549 1067 4606 CAPUT
1116 4551 1186 4604 Χ.

852 4643 927 4697 De
965 4642 1178 4698 Phineo.

291 4752 313 4786 ι
362 4732 597 4790 Phinees
630 4734 770 4790 illius
799 4736 1042 4791 Eleazari
1074 4737 1268 4791 tertius
1308 4737 1360 4790 in
1414 4736 1581 4806 gloria
1629 4744 1714 4790 est
1753 4752 1806 4789 in

287 4825 560 4880 imitando
597 4826 770 4897 ipsum
794 4827 845 4881 in
870 4828 1061 4882 timore
1076 4827 1386 4892 Domini,ct
1404 4835 1551 4883 stare
1573 4828 1626 4882 in
1657 4842 1808 4882 reve—

290 4916 473 4970 rentia
502 4917 702 4985 gentis,
731 4918 784 4971 in
810 4918 1051 4974 bonitate
1081 4929 1136 4974 et
1157 4920 1442 4974 alacritate
1471 4919 1668 4975 animae
1700 4935 1809 4975 sua.-

289 5008 500 5078 placuit
548 5009 657 5063 Deo
708 5008 893 5063 Israel.
942 5010 1065 5066 Ideo
1104 5013 1293 5066 statuit
1324 5012 1397 5066 illi
1425 5020 1807 5066 testamentum

290 5098 466 5169 pacis,
489 5100 784 5169 principem
812 5108 1124 5156 sanctorum
1149 5111 1203 5157 et
1242 5103 1415 5172 gentis
1447 5117 1578 5167 suae,
1633 5112 1692 5157 ut
1741 5104 1814 5157 sit

216 5205 239 5241 ι
298 5188 381 5244 illi
411 5196 468 5242 et
493 5190 683 5242 semini
708 5189 826 5257 eius
845 5192 1132 5245 sacerdotii
1163 5191 1395 5262 dignitas
1421 5192 1474 5245 in
1524 5200 1805 5246 aeternum.

214 5295 239 5330 ι
288 5277 366 5335 Et
395 5284 776 5332 testamentum
802 5279 968 5334 David
999 5281 1143 5349 regis
1165 5280 1255 5333 filii
1286 5279 1439 5335 Iesse
1466 5281 1532 5336 de
1558 5280 1796 5336 tribuJu-

212 5390 237 5424 ι
293 5371 386 5435 da,
417 5370 710 5427 hat-editas
732 5372 829 5440 ipsi
863 5380 918 5425 et
948 5373 1137 5426 semini
1169 5373 1306 5443 eius,
1337 5382 1396 5426 ut
1425 5374 1578 5428 daret
1599 5374 1811 5444 sapien—

214 5480 237 5511 ο
294 5461 430 5515 tiam
458 5460 514 5514 in
534 5476 634 5516 cor
656 5469 904 5516 nostrum
931 5462 1176 5533 iudicare
1207 5472 1421 5534 gentem
1455 5480 1607 5519 suam
1636 5466 1689 5518 in
1718 5465 1809 5536 ju-

212 5572 234 5604 ι
291 5552 473 5617 stitia,
502 5568 571 5606 ne
602 5552 954 5608 abolerentar
974 5553 1113 5607 bona
1136 5554 1400 5624 ipsorum,
1434 5564 1488 5611 et
1516 5556 1809 5625 glori-autin

210 5663 235 5695 ς
283 5654 514 5711 gentem
560 5659 747 5699 eorum
794 5652 1054 5699 aeternam
1109 5644 1252 5700 fecit.
1316 5667 1334 5698 ι
1399 5646 1627 5701 l'liinces
1673 5646 1812 5702 ﬁlius

1915 4468 1998 4513 tes
2026 4457 2307 4513 introitum
2339 4455 2732 4525 memorantur,
2757 4459 2833 4513 ita
2863 4458 3237 4532 subiungitur:
3293 4479 3312 4512 ι
3376 4460 3499 4514 ΡΙιί-

1914 4562 2044 4604 nees
2072 4555 2254 4603 autem
2286 4547 2431 4604 {ilius
2468 4548 2712 4605 Eleazari
2754 4557 2873 4605 erat
2900 4550 3006 4605 dux
3045 4566 3233 4607 eorum
3270 4551 3499 4606 Domino

1911 4638 1960 4711 (I
1987 4636 2117 4692 Par.
2144 4637 2219 4711 ix)
2264 4658 2282 4690 ι
2310 4653 2378 4693 ex
2400 4639 2504 4694 hoc
2526 4637 2736 4695 Hebraei
2769 4641 2991 4695 tradunt
3012 4643 3153 4710 quod
3182 4641 3321 4695 idem
3373 4641 3501 4695 Phi-

1913 4747 2048 4788 nees
2070 4733 2250 4788 adhuc
2271 4732 2325 4787 in
2353 4748 2418 4787 eo
2438 4741 2677 4803 tempore
2707 4734 2924 4799 vixerit,
2957 4742 3012 4788 et
3054 4734 3107 4788 in
3150 4733 3499 4790 tabernaculo

1913 4825 2060 4879 vices
2089 4822 2514 4879 ministrantium
2544 4822 2899 4878 ordinaverit.

2482 4914 2783 4970 CAPUT
2841 4914 2966 4970 XI.‘

2491 5005 2570 5059 De
2592 5005 2720 5059 Iesu
2748 5005 2914 5059 Nave.

1985 5096 2133 5167 (Car.
2165 5096 2335 5168 XLVI.)
2367 5116 2385 5148 ι
2415 5097 2594 5153 Fortis
2621 5100 2673 5153 in
2709 5098 2851 5154 bello
2873 5098 2999 5156 Iesu
3026 5100 3193 5169 Nave,
3218 5118 3502 5159 successor

1919 5207 1937 5238 ι
1981 5187 2151 5259 Moysi
2176 5188 2231 5242 in
2256 5188 2555 5258 prophetis,
2584 5190 2674 5260 qui
2702 5189 2799 5244 fuit
2824 5208 3051 5262 magnus
3070 5196 3365 5249 secundum
3406 5211 3501 5248 tte-

1924 5298 1942 5328 (
1988 5294 2110 5333 men
2141 5295 2321 5344 suum,
2362 5281 2634 5336 maximus
2662 5282 2713 5336 in
2760 5284 2991 5339 salutent
3033 5286 3326 5341 electorum
3381 5283 3496 5348 Dei,

1923 5388 1941 5418 ‹
1986 5382 2300 5439 expugnare
2348 5369 2690 5440 insurgentes
2723 5373 2927 5438 hostes,
2966 5382 3027 5428 ut
3074 5352 3501 5443 consequeretur

1922 5478 1939 5509 ι
1988 5459 2359 5516 luereditatem
2388 5461 2574 5516 Israel.
2604 5461 2774 5528 Quam
2808 5463 3039 5535 gloriam
3066 5463 3290 5531 adeptas
3325 5467 3409 5514 est
3442 5460 3499 5516 in

1924 5570 1941 5601 ι
1990 5550 2225 5607 tollendo
2257 5568 2451 5607 manus
2482 5568 2629 5617 suas,
2658 5562 2713 5606 et
2738 5551 2996 5620 iactando
3020 5558 3207 5631 contra
3248 5549 3499 5606 civitates

1923 5669 1940 5697 ι
1970 5647 2343 5715 τιιοηιρὴτθτιε.
2377 5665 2394 5697 ι
2425 5644 2583 5700 Jesus
2611 5659 2740 5715 ergo
2766 5643 2905 5698 filius
2930 5640 3077 5697 Nave
3114 5651 3170 5698 et
3200 5643 3417 5701 nomine
3450 5652 3506 5697 et
