3928 6168
375 346 510 406 luat

1022 335 1085 388 Β.
1126 326 1374 386 RABANI
1416 321 1635 381 MAljlll
1672 316 1986 376 AllClllEP.
2036 316 2342 373 llOCUXT.
2387 313 2674 373 OPERUM
2712 313 2894 370 PARS
2929 313 2971 369 1.

3519 313 3660 371 tona

375 470 533 534 gestat
582 467 765 535 typum
824 450 1081 523 exprimit
1130 444 1457 510 Salvatoris,
1489 441 1574 498 cui
1629 438 1774 494 Deus
1810 446 1964 509 pater
1994 441 2040 501 Α
2070 435 2265 490 divinae
2286 434 2737 491 comminationes
2760 448 2883 502 qua:
2912 433 2965 486 in
3004 429 3298 501 Scripturis
3329 428 3504 485 sacris
3531 444 3665 484 con-

382 530 404 607 ;
434 530 824 611 dedit'nomen,
850 543 991 616 quod
1021 548 1102 619 est
1145 554 1309 608 super
1333 550 1493 592 omne
1518 548 1734 588 nomen.
1765 530 1967 585 Idcirco

378 647 431 699 in
460 642 675 699 nomine
722 635 847 691 Jesu
890 648 1051 690 omne
1082 646 1218 703 genu
1239 627 1497 689 ﬂectitur,
1519 619 1838 682 caelestium,
1858 626 1968 671 ter—

383 735 638 792 restrium
690 737 744 783 et
792 725 1164 782 infernornm:
1198 741 1215 772 ι
1265 727 1321 773 et
1359 715 1485 786 quia
1528 722 1615 771 est
1648 712 1750 766 hoc
1774 722 1970 762 nomen

387 840 551 897 super
577 835 736 879 omne
771 833 987 878 nomen,
1033 813 1238 868 ideirco
1282 811 1337 863 in
1391 806 1574 863 multis
1608 795 1971 897 generationi-

383 886 482 971 bus
535 930 565 967 a
610 909 754 965 nullo
807 904 1245 976 cognominatum
1278 904 1379 951 est.
1407 893 1638 964 Scripsit
1673 889 1884 961 Moyses
1908 886 1974 939 li-

385 1006 540 1060 brum
564 999 809 1063 δεηθείς,
845 997 897 1049 in
926 1010 1036 1063 quo
1063 991 1294 1062 legimus
1323 987 1619 1047 Abraham,
1660 988 1712 1036 et
1758 996 1853 1035 eos
1881 976 1973 1048 qui

383 1110 451 1148 ex
475 1110 539 1148 co
568 1089 811 1164 generati
841 1096 987 1150 sunt,
1031 1084 1083 1137 in
1115 1082 1312 1152 quibus
1339 1075 1619 1146 suntjusti
1642 1069 1975 1144 quampluri—

386 1189 480 1253 mi,
510 1184 602 1241 sed
625 1184 804 1239 mullus
830 1196 895 1235 ex
922 1178 1055 1250 ipsis
1072 1174 1228 1231 Jesus
1250 1171 1447 1227 meruit
1481 1165 1783 1228 nominari;
1804 1177 1976 1232 neque

389 1276 519 1332 Abel
544 1275 702 1329 Jesus
726 1272 902 1328 dictus
929 1276 1044 1334 est;
1082 1280 1257 1334 neque
1282 1262 1370 1317 ille
1401 1261 1493 1329 qui
1524 1257 1689 1328 cmpit
1723 1256 1976 1309 invocare

330 1412 337 1419 .
387 1384 583 1425 nomen
637 1362 848 1420 Domini
901 1358 1029 1423 Dei;
1082 1370 1257 1426 neque
1308 1353 1398 1407 ille
1427 1350 1518 1421 qui
1564 1343 1897 1419 placuitDeo
1924 1349 1980 1397 et

391 1457 682 1513 translatus
710 1462 812 1517 est,
845 1450 998 1522 cujus
1024 1462 1262 1516 unquam
1293 1459 1400 1498 non
1426 1449 1507 1497 est
1550 1440 1766 1492 inventa
1797 1449 1974 1499 mors;

390 1563 565 1618 neque
597 1545 686 1599 ille
708 1543 801 1613 qui
829 1541 880 1595 in
907 1537 1254 1611 generatione
1275 1548 1372 1588 sua
1418 1530 1564 1585 solus
1583 1529 1762 1611 justus
1792 1525 1981 1579 inven-

393 1615 581 1690 tus—est
604 1632 746 1703 apud
782 1630 949 1684 Deum
981 1625 1122 1692 Noe;
1155 1624 1251 1679 sed
1280 1638 1348 1677 ne
1372 1622 1486 1692 ipse
1516 1618 1733 1688 quidem
1760 1615 1850 1685 qui
1893 1628 1980 1667 re-

390 1726 782 1799 promissiones
832 1726 1117 1791 acceperat
1173 1713 1486 1772 testamenti
1526 1711 1830 1773 Abraham;
1882 1721 1982 1762 nec

2072 537 2153 580 tra
2178 525 2451 595 improbos
2480 524 2731 596 leguntur
2761 523 3002 595 prolatae,
3035 522 3124 579 ubi
3155 522 3403 595 gebenna
3438 520 3583 590 ignis
3606 528 3668 576 et

2070 632 2230 688 paena
2258 618 2337 673 eis
2374 618 2687 687 praedicitur
2710 626 2989 687 perpetua.
3020 615 3133 670 Hoc
3161 632 3293 686 ergo
3320 615 3485 672 modo
3504 613 3670 672 Jesus

2071 725 2194 764 cum
2218 709 2444 764 ducibus
2473 716 2530 762 et
2555 707 2849 762 virtutibus
2893 707 3007 761 suis
3036 706 3191 761 adest
3214 707 3301 761 bis
3323 706 3418 776 qui
3445 721 3548 776 pne
3571 721 3670 762 no-

2072 801 2217 859 mine
2246 815 2345 855 sno
2375 798 2667 854 contrariis
2687 798 2981 855 virtutibus
3005 807 3418 868 oppugnantur;
3456 805 3514 852 et
3557 814 3670 854 non

2074 890 2243 953 solum
2273 888 2533 943 auxilium
2558 896 2783 957 praestat
2810 888 2864 941 in
2891 885 3051 949 bello,
3085 903 3275 944 verum
3322 897 3377 943 et
3420 888 3674 959 producit

2078 993 2286 1054 tempus
2306 982 2434 1046 diei,
2465 991 2519 1038 et
2544 982 2717 1052 spatia
2748 980 2885 1037 lucis
2909 980 3190 1051 protelans
3236 980 3531 1035 adventum
3561 980 3676 1034 dis-

2076 1077 2211 1130 cutit
2263 1073 2622 1129 noctis._Dies
2669 1074 2986 1143 producitur
3023 1080 3079 1127 et
3124 1070 3373 1126 differtur
3417 1084 3673 1135 occasus,

2078 1182 2179 1222 nec
2208 1181 2448 1236 unquam
2478 1165 2560 1220 sol
2599 1165 2892 1229 occumbit,
2920 1165 3014 1220 sed
3035 1178 3252 1234 semper
3279 1163 3485 1226 oritur,
3541 1163 3675 1217 dum

2078 1257 2413 1313 credentium
2443 1256 2700 1315 cordibus
2719 1256 2803 1312 sol
2822 1255 3052 1323 justitire
3076 1256 3259 1311 lumen
3289 1254 3540 1310 veritatis
3594 1255 3676 1309 in-

2080 1347 2276 1403 fundit.
2306 1345 2443 1402 Cum
2454 1350 2584 1401 vero
2613 1346 2819 1417 repleta
2845 1345 3012 1401 fuerit
3034 1359 3293 1400 mensura
3311 1344 3672 1407 credentium,

2081 1448 2137 1492 et
2169 1439 2407 1495 deterior
2428 1453 2542 1509 1am
2567 1455 2632 1495 ac
2658 1438 2881 1494 decolor
2907 1447 3040 1494 aetas
3067 1438 3269 1494 ultimm
3306 1438 3678 1509 generationis

2084 1530 2363 1585 advenerit
2379 1544 2537 1596 ;cum
2556 1529 2898 1585 increscente
2922 1528 3207 1598 iniquitate
3224 1527 3543 1599 refrigescet
3552 1527 3683 1582 cha-

2084 1622 2218 1676 ritas
2247 1620 2563 1687 multorum,
2594 1628 2652 1674 et
2696 1619 2955 1691 perpauci
2988 1619 3374 1685 remanserint,
3406 1619 3463 1673 in
3483 1617 3681 1687 quibus

2088 1709 2220 1767 ﬁdes
2251 1710 2588 1766 inveniatur:
2640 1718 2769 1765 tunc
2785 1708 2901 1778 jam
2927 1709 3318 1765 breviabuutur
3344 1708 3483 1765 dies.
3532 1705 3681 1762 Idem

396 1819 486 1872 ille
509 1817 600 1888 qui
626 1818 691 1871 de
727 1830 792 1868 eo
832 1822 992 1867 natus
1017 1817 1099 1864 est
1129 1808 1311 1872 Isaae;
1341 1805 1437 1861 sed
1465 1818 1565 1858 nec
1609 1799 1983 1870 supplantator
2015 1812 2057 1871 Β
2086 1804 2250 1874 igitur
2278 1802 2399 1873 ipse.
2441 1802 2706 1863 Dominus
2732 1801 2885 1859 novit
2912 1799 3209 1856 extendere
3242 1799 3411 1863 diem,
3437 1813 3566 1854 cum
3594 1813 3685 1853 sa-

392 1908 584 1972 Jacob,
617 1921 716 1961 nec
741 1904 1025 1975 quisquam
1057 1916 1125 1955 ex
1165 1897 1292 1952 ﬁliis
1344 1896 1495 1966 ejus;
1546 1888 1762 1963 Moyses
1810 1888 1986 1944 fidelis

398 2005 517 2052 erat
541 1997 593 2051 in
608 1996 753 2052 omni
780 1996 936 2049 domo
959 2007 1076 2055 sua,
1098 1990 1333 2044 necdum
1357 1996 1538 2040 tamen
1559 1991 1783 2038 vocatur
1795 1979 1951 2036 Iesus
1972 1998 1985 2034 :

397 2089 493 2146 sed
517 2088 643 2144 Iesu
672 2102 863 2142 nomen
886 2085 1119 2156 primum
1138 2080 1355 2136 invenio
1380 2078 1431 2133 in
1463 2078 1673 2141 Exodo,
1697 2072 1986 2130 etvoloin-

402 2176 545 2236 tueri
587 2178 803 2255 quando
849 2174 1083 2247 primum
1130 2186 1328 2226 nomen
1377 2167 1504 2223 Jesu
1537 2166 1988 2241 cognominatur:

407 2291 427 2324 ι
473 2269 659 2337 Venit,
674 2267 869 2339 inquit,
892 2265 1111 2321 Amalec
1134 2273 1187 2318 et
1211 2260 1555 2334 expugnabat
1580 2257 1764 2323 Israel,
1787 2267 1843 2313 et
1861 2256 1992 2311 dixit

400 2363 612 2435 Moyses
656 2360 722 2417 ad
771 2357 956 2414 Jesum
993 2357 1049 2412 in
1072 2352 1357 2426 Raphidim
1390 2350 1585 2420 (Exod.
1632 2348 1786 2420 xvn).
1823 2367 1841 2400 ι
1870 2345 1995 2401 [hec

402 2469 489 2515 est
517 2458 688 2528 prima
732 2451 1014 2527 appellatio
1053 2449 1288 2505 nominis
1331 2443 1489 2501 Iesu:
1545 2444 1755 2515 «Elige,
1799 2441 1996 2514 inquit,

408 2549 503 2605 tibi
545 2546 693 2605 viros
732 2553 978 2618 potentes
1024 2557 1092 2598 ex
1130 2538 1383 2594 omnibus
1413 2536 1537 2593 ﬁliis
1563 2535 1748 2601 Israel,
1772 2542 1830 2591 et
1845 2548 1998 2604 egre-

404 2642 553 2706 dere,
588 2648 643 2695 et
681 2634 905 2709 conﬂige
950 2650 1073 2691 cum
1116 2630 1351 2697 Amalec,
1402 2630 1658 2686 crastino.
1710 2649 1728 2682 ι
1762 2628 1880 2698 lpse
1915 2635 2000 2682 est

405 2737 501 2809 qui
522 2744 645 2807 post
678 2742 907 2789 mortem
936 2729 1106 2800 Moysi
1130 2726 1372 2797 suscepit
1409 2723 1729 2795 imperium;
1777 2720 1892 2790 ipse
1917 2727 2002 2775 est

408 2831 499 2902 qui
526 2829 677 2886 ducit
707 2825 1029 2891 exercitum,
1046 2830 1101 2879 et
1119 2818 1361 2891 conﬂigit
1392 2818 1656 2875 adversus
1674 2813 1898 2870 Amalec
1916 2820 2003 2868 :et

408 2921 552 2992 quod
568 2920 639 2977 ibi
673 2918 1025 2979 adumbratim
1056 2916 1110 2971 in
1127 2921 1310 2969 monte
1338 2910 1591 2967 manibus
1615 2908 1877 2974 extensis,
1895 2904 2004 2961 alli-

409 3014 489 3086 git
517 3013 667 3070 cruci
718 3026 830 3067 suae
864 3008 1201 3079 triumphans
1230 3005 1567 3077 principatus
1614 3010 1668 3058 et
1708 3007 2004 3073 potestates

412 3104 469 3160 in
489 3102 800 3177 semetipso.

2091 1894 2217 1949 tutis
2238 1901 2321 1951 est
2342 1901 2591 1967 tempus;
2624 1899 2681 1947 et
2708 1890 2960 1951 breviare
2985 1890 3259 1956 eumdem,
3286 1903 3411 1947 eum
3448 1887 3683 1945 tribula-

2093 1988 2256 2045 tionis
2278 1996 2333 2041 et
2356 1987 2677 2057 perditionis
2702 1993 2787 2040 est
2813 1994 3044 2055 tempus.
3068 1982 3180 2045 Nos
3206 1991 3389 2039 tamen
3417 1982 3550 2037 dum
3580 1980 3687 2035 ha-

2092 2078 2283 2133 bemus
2303 2078 2446 2143 diem
2473 2084 2528 2131 et
2548 2075 2864 2146 producitur
2893 2074 3050 2135 nobis
3090 2073 3324 2143 spatium
3348 2072 3513 2136 lucis,
3533 2071 3683 2147 sicut

2094 2167 2148 2221 in
2178 2167 2264 2225 die
2292 2166 2518 2229 honeste
2545 2164 2903 2229 ambulemus,
2927 2170 2983 2219 et
3007 2177 3177 2233 opera
3205 2161 3343 2221 lucis
3366 2174 3684 2231 operemur.

2170 2296 2191 2329 ι
2237 2278 2304 2333 Et
2332 2277 2389 2333 in
2439 2277 2633 2333 diebus
2670 2274 2839 2346 Moysi
2895 2274 3325 2341 misericordiam
3376 2272 3511 2328 fecit
3551 2271 3689 2344 ipse,

2104 2388 2122 2422 ι
2162 2378 2219 2426 et
2242 2369 2408 2426 Calen
2438 2370 2580 2424 ﬁlius
2610 2368 2868 2438 Jephonu:
2900 2374 3049 2423 stare
3084 2374 3290 2423 contra
3331 2366 3545 2420 hostem
3570 2403 3587 2428 ,
3636 2372 3696 2418 et

2105 2463 2461 2535 «prohibere
2529 2469 2746 2532 gentem
2806 2473 2839 2513 a
2900 2458 3140 2530 peccatis
3168 2498 3184 2524 ,
3240 2464 3301 2512 et
3353 2453 3698 2526 perfringere

2106 2572 2125 2604 ι
2171 2568 2419 2609 murmur
2445 2552 2692 2617 malitias,
2716 2558 2774 2606 et
2797 2550 2902 2621 ipsi
2929 2550 3037 2606 duo
3057 2548 3337 2605 constituti
3380 2562 3413 2602 a
3451 2546 3699 2618 periculo

2107 2665 2125 2698 ι
2169 2645 2382 2700 liberati
2431 2652 2558 2699 sunt
2582 2660 2614 2699 a
2662 2656 2893 2698 numero
2932 2649 3312 2698 sescentorum
3340 2639 3575 2695 millium
3602 2653 3699 2708 pe-

2108 2757 2127 2791 ι
2173 2738 2367 2802 (litum,
2434 2736 2693 2792 inducere
2736 2735 2859 2791 illos
2919 2735 2975 2791 in
3021 2733 3416 2799 hereditatem,
3467 2732 3526 2786 in
3586 2739 3693 2786 ter-

2111 2848 2130 2882 ι
2172 2842 2313 2893 rant,
2334 2842 2455 2897 qua:
2480 2833 2667 2882 manat
2696 2826 2782 2882 lac
2807 2835 2864 2882 et
2891 2825 3022 2892 mel,
3051 2834 3109 2879 et
3134 2825 3285 2881 dedit
3308 2823 3579 2879 Dominus
3602 2821 3701 2893 ipsi

2111 2939 2129 2971 ι
2172 2917 2767 2976 Calchfortitudinem:
2814 2927 2871 2973 et
2913 2932 3086 2987 usque
3119 2918 3187 2972 ad
3215 2926 3555 2973 senectutem
3583 2930 3703 2986 per-

2110 3029 2130 3063 ι
2176 3011 2378 3070 mansit
2403 3009 2479 3064 illi
2500 3009 2695 3076 virtus,
2717 3017 2777 3064 ut
2795 3009 3115 3065 ascenderet
3144 3008 3199 3063 in
3226 3006 3508 3063 excelsum
3546 3015 3701 3063 tetu:

2114 3122 2131 3155 ι
2178 3101 2380 3168 locum,
2405 3108 2465 3155 et
2504 3114 2691 3157 semen
2737 3099 2906 3170 ipsius
2920 3099 3156 3155 obtinuit
3206 3096 3609 3161 hereditatem,
3644 3100 3703 3150 ut

492 3213 511 3246 ι
555 3173 692 3261 Quis
717 3200 841 3246 ante
864 3189 1013 3245 illum
1057 3186 1136 3242 sic
1176 3185 1412 3242 restitit?
1464 3182 1600 3239 Nam
1646 3183 1834 3237 hostes
1887 3180 2003 3249 ipse
2031 3173 2074 3235 C
2113 3214 2130 3245 ι
2174 3194 2424 3250 viderem
2441 3206 2632 3247 omnes
2651 3189 2747 3245 alii
2776 3191 2938 3246 [me]
2961 3190 3117 3260 quod.
3148 3190 3351 3246 bonum
3366 3182 3701 3257 θειώδειῃή

419 3303 441 3337 ι
485 3283 747 3338 Dominus
774 3280 1061 3351 percussit.
1109 3279 1322 3332 Annon
1358 3275 1412 3329 in
1443 3273 1723 3328 iracundia
1758 3270 1874 3339 ejus
1897 3270 2003 3323 im-

422 3395 445 3429 σ
488 3373 702 3446 peditus
723 3380 805 3428 est
826 3370 929 3435 sol,
960 3379 1014 3426 et
1037 3385 1179 3425 unus
1204 3369 1319 3424 dies
1345 3366 1519 3421 factus
1550 3372 1636 3420 est
1679 3364 1833 3435 quasi
1864 3363 2007 3419 duo?

430 3483 450 3516 ι
494 3463 773 3519 lnvocavit
823 3461 1161 3519 Altissimum
1221 3467 1491 3531 potentem
1531 3458 1584 3512 in
1643 3456 2005 3527 oppugnando

429 3573 449 3607 ι
494 3553 743 3609 inimicos
774 3552 1034 3622 undique,
1062 3560 1118 3607 et
1138 3550 1349 3607 audivit
1373 3548 1521 3602 illum
1543 3561 1773 3618 magnus
1801 3553 1857 3601 et
1879 3560 2009 3605 sen-

429 3666 451 3700 ι
492 3656 612 3703 ctus
636 3645 918 3711 Dominus,
967 3646 1024 3700 in
1057 3643 1203 3700 saxis
1246 3640 1524 3714 grandinis
1581 3638 1800 3695 virtutis
1858 3638 2011 3694 valde

427 3758 447 3792 r
493 3737 670 3795 fortis.
700 3720 959 3810 Impetum
988 3735 1116 3792 fecit
1140 3743 1331 3791 contra
1347 3741 1561 3803 gentem
1586 3731 1860 3797 hostilem,
1889 3732 2010 3788 etin

435 3845 455 3881 ι
502 3828 764 3884 descensu
784 3826 1018 3898 perdidit
1047 3824 1378 3889 contrarios,
1400 3832 1459 3877 ut
1479 3830 1808 3893 cognoscant
1824 3831 2014 3893 gentes

430 3937 449 3970 ι
494 3918 788 3989 potentiam
817 3915 954 3987 ejus,
979 3915 1103 3985 quia
1131 3923 1322 3971 contra
1345 3914 1630 3969 Dominum
1653 3927 1894 3984 pugnare
1906 3928 2013 3969 non

432 4027 452 4061 ι
498 4015 582 4063 est
610 4005 792 4070 facile,
817 4014 872 4061 et
892 4017 1112 4063 secutus
1143 4017 1229 4062 est
1273 4024 1302 4062 a
1333 4017 1483 4078 tergo
1529 4015 1791 4077 potentes.
1825 4026 1843 4059 ι
1874 4007 2016 4073 Quo—

427 4100 588 4156 modo
610 4108 792 4153 autem
820 4114 1050 4154 occursu
1080 4115 1177 4154 suo
1203 4099 1494 4169 impeditus
1541 4098 1611 4152 sit
1647 4097 1750 4162 sol,
1779 4104 1834 4152 et
1878 4113 2018 4152 unus

428 4191 545 4247 dies
574 4187 747 4245 factus
776 4197 858 4245 est
884 4189 1038 4260 quasi
1070 4189 1197 4255 duo,
1220 4189 1410 4260 pandit
1439 4188 1665 4243 historia
1692 4185 1820 4243 Iesu
1848 4185 2015 4251 Nave,

429 4283 522 4338 ubi
558 4283 672 4352 ipse
694 4296 817 4339 cum
854 4282 981 4337 ﬁliis
1018 4279 1183 4337 lsrael
1235 4278 1492 4351 pugnavit
1540 4295 1639 4349 pro
1695 4278 2019 4334 Gabaonitis

433 4383 625 4430 contra
671 4374 911 4444 quinque
955 4389 1111 4445 reges
1143 4371 1602 4429 Amorrhzeorum.
1639 4370 1729 4427 Sic
1765 4372 1910 4427 enim
1949 4371 2021 4425 ibi

433 4466 694 4537 scriptum
738 4473 853 4519 est:
914 4481 933 4515 ‹
972 4461 1122 4519 Tunc
1149 4465 1359 4519 locutus
1391 4471 1474 4518 est
1500 4461 1665 4519 Josue
1698 4463 1928 4518 Domino
1966 4463 2020 4516 in

2113 3306 2133 3340 ι
2178 3294 2368 3342 sancto
2409 3284 2539 3340 Deo.
2584 3302 2602 3336 ι
2648 3281 2847 3338 Narrat
2903 3296 3125 3353 quoque
3177 3281 3317 3339 liber
3338 3279 3698 3336 Numerorqu

2109 3379 2253 3451 quod
2300 3375 2509 3448 Moyses
2531 3375 2598 3433 de
2643 3374 2856 3431 deserto
2892 3373 3111 3428 Pharao
3144 3372 3434 3427 duodecim
3452 3370 3703 3440 explora-

2112 3481 2257 3526 tores
2281 3469 2349 3525 de
2397 3467 2622 3537 singulis
2670 3466 2917 3522 tribubus
2952 3464 3214 3536 singulos,
3253 3464 3470 3519 miserit
3515 3462 3583 3517 ad
3607 3477 3699 3519 ex-

2111 3560 2425 3633 plorandam
2450 3567 2652 3614 terram
2675 3556 3131 3627 nepromissionis,
3162 3554 3255 3625 qui
3292 3561 3708 3609 revertentes“

2117 3652 2422 3709 referentes
2454 3650 2666 3705 fruetus
2691 3649 2758 3704 de
2788 3658 2938 3704 terra
2974 3647 3089 3713 illa,
3144 3645 3400 3717 populum
3430 3646 3487 3699 in
3517 3646 3708 3714 despe-

2116 3743 2383 3797 rationem
2430 3740 2698 3796 miserunt
2716 3752 2933 3794 numen:
2964 3746 3162 3808 prmter
3188 3738 3326 3792 duos
3352 3737 3458 3792 hoc
3487 3746 3592 3802 est,
3619 3736 3707 3793 Jo-

2116 3848 2213 3888 sue
2248 3831 2416 3886 tilium
2446 3827 2567 3885 Non
2595 3837 2650 3885 et
2680 3827 2848 3884 Caleb
2877 3828 3045 3883 ﬁlium
3069 3826 3348 3898 .lephonaa,
3379 3835 3438 3882 et
3464 3841 3711 3882 murmu-

2120 3939 2241 3979 rare
2284 3922 2533 3977 feeerunt
2563 3928 2754 3976 contra
2802 3918 3115 3983 Dominum,
3156 3918 3227 3973 ob
3250 3916 3399 3987 quod
3430 3917 3600 3971 missa
3627 3925 3708 3970 est

2118 4029 2281 4085 super
2318 4027 2412 4068 eos
2453 4012 2633 4084 plaga,
2685 4020 2740 4066 et
2784 4010 3153 4073 interdictum,
3184 4008 3331 4078 quod
3364 4007 3550 4063 nullus
3574 4008 3717 4063 viro-

2119 4121 2240 4159 rum
2265 4104 2477 4158 illorum
2500 4102 2590 4171 qui
2613 4102 2863 4157 exierunt
2882 4101 2949 4159 de
2970 4098 3225 4170 Aigypto,
3247 4099 3555 4153 intraturus
3572 4106 3719 4153 esset

2122 4196 2177 4251 in
2205 4207 2405 4251 terram
2442 4193 2903 4265 repromissionis,
2931 4200 3131 4263 przeter
3156 4201 3529 4247 memoratum
3552 4189 3719 4246 insue

2123 4296 2179 4344 et
2213 4286 2377 4342 Caleb
2420 4284 2612 4357 (Num.
2650 4281 2795 4354 mu).
2843 4281 3004 4339 Dedit
3043 4288 3225 4337 autem
3264 4280 3529 4336 Dominus
3554 4281 3717 4335 Calcb

2125 4379 2422 4449 longaevam
2454 4376 2621 4430 vitam
2651 4384 2706 4430 et
2732 4373 3044 4431 continuam
3077 4372 3528 4442 prosperitatem,
3575 4372 3719 4442 quod

2126 4468 2239 4540 ipse
2281 4474 2535 4531 testatur,
2577 4465 2808 4535 loquens
2836 4464 2904 4520 ad
2929 4462 3131 4520 Iosue:
3169 4483 3187 4513 ι
3219 4462 3593 4534 Quadraginta
3626 4480 3721 4517 an.

434 4557 520 4613 die
566 4572 672 4628 qua
712 4556 934 4611 tradidit
971 4553 1344 4612 Amorrhaaum
1383 4556 1438 4610 in
1473 4565 1765 4627 conspectu
1788 4555 2021 4613 ﬁliorum
2048 4529 2100 4587 D
2126 4529 2316 4615 norum
2356 4529 2529 4623 eram,
2556 4529 2774 4626 quando
2805 4570 2896 4610 tne
2932 4554 3083 4609 misit
3110 4529 3324 4625 Moyses
3348 4529 3591 4609 famulus
3621 4555 3719 4608 Do-

434 4650 622 4707 lsrael.
682 4649 941 4722 Dixitque
992 4666 1176 4709 coram
1219 4651 1299 4707 eis
1343 4670 1356 4705 :
1394 4651 1507 4717 Sol,
1552 4660 1746 4708 contra
1801 4651 2022 4715 Gabaon

437 4758 506 4798 ne
549 4743 839 4808 movearis,
894 4750 951 4798 et
990 4741 1119 4799 luna
1167 4752 1355 4798 contra
1390 4742 1589 4798 vallem
1624 4743 1888 4808 Ahialon;
1917 4752 2025 4799 ste-

436 4840 726 4903 teruntque
773 4832 856 4888 sol
905 4843 961 4888 et
996 4831 1124 4887 luna
1155 4831 1290 4903 (los.
1328 4831 1406 4904 χ).
1443 4853 1462 4885 ι
1527 4832 1716 4889 Nonne
1763 4834 2023 4904 scriptum

439 4931 525 4977 est
550 4908 654 4978 hoc
683 4924 739 4977 in
763 4921 905 4978 libro
924 4920 1243 4987 Justorum?
1273 4940 1291 4972 ι
1327 4920 1488 4978 Stetit
1517 4923 1698 4993 itaque
1726 4923 1805 4978 sol
1828 4923 1882 4977 in
1915 4938 2025 4976 me-

439 5013 528 5069 dio
563 5012 709 5079 caeli,
734 5022 790 5068 et
817 5029 922 5070 non
960 5013 1236 5070 festinavit
1276 5016 1600 5071 occumbere
1654 5016 1828 5086 spatio
1869 5016 2029 5070 unius

442 5103 587 5169 diei;
619 5119 726 5158 non
755 5103 854 5158 fuit
884 5114 1043 5163 antea
1065 5113 1122 5162 et
1150 5116 1337 5177 postea
1385 5116 1496 5164 tam
1539 5107 1699 5179 longa
1736 5108 1871 5173 dies,
1897 5105 2030 5163 obe-

441 5193 624 5250 diente
669 5186 898 5249 Domino
944 5196 1063 5251 voci
1114 5197 1371 5264 hominis,
1413 5206 1470 5253 et
1507 5208 1780 5270 pugnante
1819 5214 1918 5270 pro
1952 5197 2029 5255 ls-

445 5286 577 5343 rael.
610 5306 631 5341 ι
684 5285 838 5342 Tunc
877 5288 1043 5342 etiam
1095 5306 1114 5340 ι
1146 5288 1411 5347 Dominus
1459 5290 1605 5346 misit
1643 5305 1804 5361 super
1844 5291 2031 5362 ipsos-

441 5380 790 5442 Amorrhteos
816 5399 836 5432 ι
866 5380 1071 5450 lapides
1103 5397 1326 5454 magnos
1352 5384 1417 5439 de
1453 5383 1591 5439 coelo
1619 5398 1788 5455 usque
1813 5383 1880 5437 ad
1899 5383 2039 5438 Azo-

446 5484 531 5539 ca,
573 5481 630 5528 et
668 5471 869 5529 mortui
906 5479 1032 5527 sunt
1061 5472 1228 5528 multo
1268 5472 1452 5544 plures
1494 5473 1760 5543 lapidibus
1820 5474 2040 5546 grandi-

448 5563 553 5632 nis,
606 5579 767 5635 quam
815 5579 953 5636 quos
996 5561 1176 5632 gladio
1219 5571 1602 5633 percusserant
1656 5563 1749 5618 ﬁlii
1792 5564 1972 5618 Israel.
2014 5583 2032 5616 ι

452 5651 672 5725 Mystice
698 5662 875 5712 autem
906 5654 1113 5725 lapides
1141 5659 1268 5708 sunt
1291 5653 1570 5724 grandinis
1598 5653 1743 5711 dune
1770 5651 2036 5716 vindictas,

2128 4650 2260 4705 mitti
2290 4648 2357 4702 de
2390 4647 2751 4702 Cadesbarnze
2781 4654 2841 4699 ut
2863 4645 3262 4703 considerarem
3308 4653 3543 4711 terram,
3588 4662 3718 4700 nun-

2130 4740 2368 4810 tiarique
2395 4738 2445 4793 ei
2468 4737 2613 4807 quod
2639 4737 2775 4792 mibi
2806 4752 2999 4792 verum
3029 4736 3332 4795 videbatur.
3362 4736 3591 4792 Fratres
3624 4754 3716 4791 au-

2130 4841 2239 4888 tem
2285 4831 2410 4899 mei,
2444 4829 2537 4901 qui
2567 4830 2923 4885 ascenderant
2959 4843 3191 4895 meeum,
3221 4828 3595 4885 dissolvet-unt
3630 4845 3720 4885 cor

2129 4922 2332 4994 populi.
2371 4929 2428 4975 et
2476 4920 2828 4977 nihilominus
2866 4935 2968 4991 ego
3004 4930 3221 4977 secutus
3262 4935 3387 4976 sum
3432 4921 3717 4977 Dominum

2138 5012 2307 5065 Deum
2339 5024 2542 5067 meum.
2571 5007 2887 5079 iuravitque
2916 5008 3127 5080 Moyses
3156 5008 3212 5064 in
3241 5009 3329 5065 die
3355 5009 3471 5075 illo,
3502 5010 3716 5065 ilium:

2138 5101 2363 5156 Terram
2401 5115 2563 5170 quam
2589 5099 2819 5154 calcavit
2845 5112 2941 5170 pes
2964 5108 3088 5155 tuus
3108 5098 3213 5154 erit
3233 5101 3512 5169 possessio
3538 5110 3652 5167 tua,
3670 5109 3724 5155 et

2139 5192 2372 5247 ﬁliorum
2404 5202 2619 5247 tuorum
2643 5182 2696 5246 in
2722 5200 3007 5257 aeternum,
3040 5191 3168 5261 quia
3198 5199 3424 5247 secutus
3448 5208 3514 5246 es
3537 5192 3723 5248 Domi-

2141 5297 2270 5336 nunt
2312 5280 2484 5336 Deum
2524 5296 2724 5335 meum.
2767 5280 3052 5338 Concessit
3089 5297 3219 5354 ergo
3256 5282 3526 5339 Dominus
3557 5284 3720 5337 vitam

2144 5370 2276 5426 mihi
2322 5379 2380 5425 ut
2425 5370 2700 5443 pollicitus
2743 5379 2829 5427 est
2871 5387 3043 5442 usque
3087 5372 3142 5428 in
3192 5382 3521 5443 prasentem
3559 5375 3719 5429 diem.

2140 5461 2507 5532 Quadraginta
2535 5468 2592 5515 et
2627 5461 2869 5532 quinque
2907 5462 3037 5518 anni
3083 5470 3213 5517 sunt
3250 5477 3320 5517 ex
3360 5477 3474 5532 quo
3511 5461 3723 5517 locutus

2139 5566 2225 5611 est
2272 5553 2533 5609 Dominus
2574 5556 2800 5611 verbum
2834 5556 2979 5615 istud
3001 5557 3073 5613 ad
3097 5556 3339 5629 Moysen,
3366 5558 3589 5629 quando
3608 5572 3723 5613 arn—

2143 5648 2346 5704 bulavit
2392 5646 2556 5702 Israel
2617 5663 2714 5719 per
2776 5648 3125 5707 solitudinem
3175 5667 3189 5704 :
3240 5650 3405 5705 hodie
3451 5649 3725 5719 octoginta

452 5757 571 5809 qua:
598 5743 810 5801 cmlitus
842 5747 1132 5802 mittuntur
1162 5757 1325 5816 super
1354 5742 1536 5799 hostes
1561 5742 1743 5815 populi
1786 5742 1900 5809 Dei,
1956 5744 2039 5797 vel
2086 5740 2107 5821 ς
2145 5742 2385 5813 quinque
2433 5754 2702 5796 annorum
2750 5755 2871 5796 sum
2919 5741 3000 5798 sic
3044 5739 3252 5808 valens,
3303 5749 3362 5797 ut
3386 5755 3454 5798 eo
3481 5736 3725 5795 valebam
