3902 6162
216 247 351 301 1005

1103 240 1455 297 COMMENT.
1499 240 1563 297 IN
1606 236 2214 295 ECCLESIASTlCUlI.
2259 266 2330 277 --
2369 238 2494 293 LIB.
2537 237 2605 292 Χ.

3357 244 3375 295 Ι
3391 242 3494 299 ί)θῦ

213 376 481 433 tempore,
513 360 730 431 quando
755 358 820 412 ad
851 356 1239 427 explorandum
1264 357 1462 411 missus
1486 369 1636 409 sum:
1659 352 1801 406 illius
1830 357 1878 414 Λ
1910 359 2050 404 trum
2099 358 2153 403 et.
2203 350 2441 419 reliqnim
2483 366 2670 403 eorum
2718 351 2920 420 jacent,
2968 349 3018 405 id
3055 356 3168 413 est,
3222 351 3495 408 Abraham

212 458 374 513 inme
402 452 662 525 temporis
685 449 945 504 fortitudo
971 463 1140 517 usque
1164 447 1324 502 hodie
1338 452 1671 516 perseverat,
1699 454 1805 497 tam

210 548 281 604 ad
321 544 630 604 bellandum
661 557 823 612 quam
853 539 917 595 ad
954 539 1326 610 gradiendum.
1376 538 1451 592 Da
1498 553 1627 606 ergo
1676 534 1807 588 mihi

210 646 457 694 montem
485 636 664 690 istum'
680 648 841 703 quem
874 626 1151 701 pollicitus
1181 640 1267 685 est
1294 630 1559 685 Dominus
1589 639 1639 683 te
1675 642 1811 694 quo-

211 746 319 802 que
365 729 639 791 audiente,
686 726 739 781 in
766 739 875 793 quo
904 722 1126 778 Enacim
1163 730 1291 777 sunt
1319 730 1374 776 et
1408 720 1571 774 urbes
1598 732 1806 789 magna;

182 805 186 808 ’
216 833 381 894 atque
424 822 666 885 munitae,
698 819 743 873 si
774 817 915 872 forte
946 816 1016 871 sit
1040 815 1307 870 Dominus
1358 828 1570 869 mecum
1616 820 1671 866 et
1709 827 1807 883 po-

216 925 374 972 tuero
421 914 600 970 delere
640 926 734 967 eos
757 910 897 964 sicut
942 923 999 978 pi
1028 906 1197 960 nnisit
1238 905 1389 960 mihi.
1419 925 1441 957 ι
1477 900 1810 974 Spiritaliter

215 1016 397 1063 autem
418 1003 762 1059 exorbitante
792 1000 989 1072 populo
1019 998 1176 1070 legali
1226 998 1328 1053 sub
1362 997 1549 1051 decem
1590 994 1811 1048 manda-

220 1099 289 1155 tis
315 1097 632 1160 constituto,
685 1102 741 1148 et
778 1092 831 1147 in
882 1101 1083 1145 terram
1125 1086 1561 1158 repromissionis
1600 1082 1808 1154 ingredi

217 1206 329 1245 non
366 1188 606 1252 valente,
646 1184 950 1256 ingreditur
993 1179 1152 1235 Jesus
1192 1190 1246 1235 et
1289 1177 1477 1243 Caleb,
1517 1175 1608 1245 qui
1636 1175 1810 1228 inter-

216 1289 466 1351 pretatur
497 1278 652 1349 quasi
675 1293 797 1342 cor,
827 1291 948 1330 eum
974 1274 1133 1328 turba
1162 1271 1342 1342 populi
1375 1269 1518 1335 novi,
1552 1277 1612 1323 ut
1631 1267 1807 1340 possi-

219 1372 345 1425 deat
374 1370 540 1425 illam.
593 1367 745 1436 Quod
794 1374 976 1420 autem
1024 1365 1099 1419 ait
1141 1359 1345 1419 Caleb:
1387 1362 1601 1418 «Hodie
1653 1360 1809 1415 valeo

218 1462 361 1516 sicut
408 1461 678 1523 valebam,
705 1479 722 1510 ι
779 1455 1047 1528 significat
1075 1456 1217 1527 quod
1251 1464 1471 1510 sanctus
1499 1454 1725 1524 quisque
1754 1460 1810 1506 et

220 1555 528 1626 intelligens
557 1552 742 1616 corde,
785 1550 1038 1605 similiter
1084 1547 1227 1602 valet
1254 1548 1306 1601 in
1346 1545 1721 1616 prmsentibus,
1754 1554 1810 1599 et

221 1646 274 1699 in
304 1642 615 1715 prmteritis,
644 1649 699 1696 et
729 1641 782 1695 in
816 1639 1147 1703 novissimis,
1180 1645 1234 1691 et
1260 1638 1312 1691 in
1350 1637 1642 1699 veteribus,
1667 1643 1721 1689 et
1752 1634 1805 1687 in

1912 459 2034 497 cum
2072 441 2231 507 Sara,
2262 442 2410 497 Isaac
2438 457 2558 496 cum
2595 442 2863 508 Rebecca,
2886 442 3053 496 .lacob
3081 459 3201 497 cum
3236 442 3349 497 Lia.
3380 442 3496 500 Mes

1915 535 2025 588 ruit
2073 550 2203 605 ergo
2255 532 2420 588 Caleh
2469 544 2685 603 patrum
2734 535 2988 604 reliquias
3030 535 3081 589 in
3124 532 3495 591 lneredilatem

1913 625 2209 694 suscipere,
2251 624 2370 678 sine
2405 624 2568 678 dubio
2600 625 2724 695 quia
2753 639 2849 695 per
2884 626 3200 695 sapientiam
3234 666 3248 691 ,
3291 643 3411 696 qum
3442 628 3493 681 in

1911 732 1978 770 eo
2006 724 2143 780 erat,
2191 732 2311 786 quae
2355 714 2567 784 vigebat
2598 726 2653 770 et
2683 719 2782 771 sub
2808 716 2989 789 Moyse
3024 728 3074 771 et
3108 718 3207 772 sub
3232 716 3381 783 Jcsu,
3418 721 3498 773 in-

1915 808 2193 864 tellexerat
2244 808 2643 879 conjunctionis
2670 809 2839 879 ipsius
2876 810 3163 875 rationem,
3195 821 3250 866 et
3274 826 3495 883 perspe-

1912 904 2066 955 xerat
2112 899 2241 969 quid
2289 908 2434 953 esset
2479 915 2658 954 causae
2704 900 2847 969 quod
2894 916 3015 954 cum
3063 900 3338 956 Abraham
3384 903 3497 957 sola

1911 992 2046 1047 Sara
2070 992 2294 1060 jaceret,
2333 992 2402 1045 ἰὶγί
2438 1006 2609 1061 neque
2638 992 2803 1063 Agar,
2838 1009 3014 1061 neque
3044 992 3279 1049 Celhura
3308 995 3356 1049 ei
3387 1012 3501 1049 mc-

1913 1085 2111 1139 rnisset
2160 1084 2415 1154 adjuugi;
2470 1080 2553 1138 vel
2600 1084 2729 1153 quid
2774 1094 2920 1138 esset
2965 1100 3162 1149 causai,
3202 1086 3343 1154 quod
3374 1102 3497 1140 cum

1910 1171 2077 1228 Jacoh
2099 1173 2210 1226 sola
2237 1168 2330 1225 Lia
2349 1172 2536 1240 jacere
2560 1172 2854 1238 videretur,
2882 1180 2933 1226 et
2960 1188 3131 1242 neque
3160 1171 3357 1229 Rachel
3382 1191 3500 1244 qua:

1911 1262 2143 1331 amplius
2188 1259 2365 1314 fuerat
2398 1260 2592 1315 dilecta
2640 1276 2813 1331 neque
2856 1258 3036 1331 aliqua
3083 1279 3146 1315 ex
3188 1264 3504 1319 concubinis

1911 1364 1966 1418 in
1999 1350 2246 1421 sepulcro
2273 1351 2320 1403 ei
2352 1349 2524 1403 fuerat
2553 1351 2821 1420 copulata.
2850 1351 3023 1421 ipsam
3054 1366 3184 1423 ergo
3216 1354 3269 1407 in
3301 1369 3501 1408 memo-

1909 1443 2007 1497 riis
2045 1451 2258 1512 patrum
2300 1438 2671 1496 hmreditatem
2717 1442 2862 1510 capit
2913 1443 3149 1510 prudens
3188 1451 3244 1497 et
3282 1443 3500 1513 sapiens

1909 1532 2103 1596 Caleb;
2145 1531 2244 1601 ipsi
2276 1528 2435 1584 Jesus
2464 1528 2851 1585 Enachitarum
2882 1532 3127 1601 gentium
3157 1532 3501 1602 metropolim

1911 1622 2099 1677 tribuit
2144 1608 2383 1688 llebron,
2419 1631 2471 1675 et
2500 1618 2731 1676 ellicitnr
2760 1624 2806 1676 ci
2841 1638 2960 1677 sors
2992 1640 3161 1693 nsque
3190 1625 3242 1678 in
3274 1625 3495 1680 hodier-

220 1714 547 1804 Evangeliis,
580 1741 633 1785 et
669 1731 721 1785 in
753 1730 914 1801 Lege.
955 1729 1067 1783 iloc
1104 1737 1188 1784 est
1214 1743 1342 1797 ergo
1377 1728 1518 1797 quod
1555 1725 1686 1780 dicit
1714 1741 1804 1777 va-
1838 1719 1883 1777 Β
1913 1714 2230 1804 nllntdiem.

220 1825 336 1882 lere
368 1840 425 1879 se
453 1823 609 1878 hodie
639 1821 740 1876 sub
768 1820 919 1887 Jesu,
954 1821 1098 1875 sicut
1126 1827 1253 1874 tunc
1291 1819 1390 1874 sub
1432 1804 1631 1889 Moyse,
1682 1817 1808 1886 quia

222 1918 279 1972 in
310 1918 590 1985 utriusque
612 1912 947 1968 Testamenti
976 1912 1250 1983 mysteriis
1277 1926 1372 1965 cor
1396 1910 1621 1981 vigilans
1645 1907 1806 1961 valet.

222 2007 331 2063 Sed
362 2007 642 2062 videamus
677 2006 840 2060 etiam
880 2004 1196 2074 petitionem
1247 2000 1382 2070 ejus,
1437 2016 1600 2071 quam
1638 1999 1809 2070 poscit

224 2101 294 2155 ab
318 2099 446 2155 Jesn
484 2098 589 2154 iste
617 2096 781 2153 Calcb
810 2096 952 2152 filius
975 2095 1235 2167 Jepbona:
1262 2114 1272 2150 :
1309 2115 1326 2145 ι
1350 2093 1480 2150 Peto
1510 2104 1580 2160 te,
1616 2094 1804 2163 inquit,

227 2197 466 2249 montem
491 2188 636 2244 hunc
666 2188 807 2251 sicut
833 2187 964 2242 dicit
987 2187 1247 2243 Dominus
1275 2185 1329 2240 in
1361 2186 1446 2241 die
1476 2185 1584 2239 illa.
1618 2206 1636 2238 ι
1666 2184 1810 2239 Nihil

224 2272 429 2337 humile
456 2279 539 2334 vel
566 2276 837 2346 dejectum
872 2285 1095 2331 sanctus
1132 2270 1545 2353 requirit,_nihil
1580 2274 1724 2346 quod
1755 2256 1825 2328 in,

223 2367 1021 2449 demersisconvallibusjacet;
1045 2367 1139 2424 sed
1163 2375 1398 2422 montem
1422 2366 1613 2449 quaerit
1632 2362 1811 2420 excel-

225 2443 453 2541 sum,'et
483 2470 720 2521 montem
748 2462 800 2515 in
829 2476 937 2532 quo
964 2461 1216 2516 civitates
1242 2452 1452 2530 magna:
1484 2468 1539 2513 et
1562 2443 1806 2541 munitm,

223 2534 285 2612 et
296 2569 367 2611 ex
389 2555 490 2610 hoc
509 2555 625 2610 haec
636 2548 911 2623 poscebat,
932 2552 1056 2621 quia
1077 2560 1302 2606 noverat
1315 2532 1812 2619 belligerare,‘sicut

220 2645 487 2719 scriptum
513 2652 597 2699 est
625 2660 637 2695 :
672 2660 690 2693 ι
720 2641 981 2697 Civitates
1004 2642 1240 2695 munitas
1267 2646 1549 2710 occupavit
1573 2639 1809 2708 sapiens,

221 2742 285 2793 et
329 2737 572 2797 destruet
620 2733 975 2789 munitionem
1024 2732 1078 2786 in
1122 2746 1229 2801 qua
1278 2728 1619 2787 conﬁdebant
1663 2728 1811 2798 impii

224 2822 413 2897 (Prov.
453 2822 591 2897 xu).
617 2842 636 2875 ι
670 2820 837 2877 Putas
866 2836 991 2876 cum
1016 2820 1133 2875 haec
1163 2818 1371 2875 diceret
1395 2806 1811 2881 Salomou,'hoc

224 2930 330 2972 nos
355 2914 567 2978 volebat
592 2913 807 2978 docere,
827 2911 1191 2983 quiasapiens
1215 2918 1433 2983 caperet
1462 2908 1728 2971 civitates,
1759 2917 1814 2962 et

226 3007 565 3063 munitiones
591 3007 900 3062 destrueret
925 3019 992 3059 ex
1021 3000 1291 3074 lapidibus
1332 2992 1702 3057 constructas?
1728 2998 1812 3053 An

1989 1823 2007 1855 ‹
2040 1802 2106 1859 Et
2130 1804 2341 1877 jndices
2381 1792 2579 1871 singuli
2608 1820 2706 1857 suo
2749 1805 2990 1870 nomine,
3025 1822 3254 1876 quorum
3289 1823 3393 1861 non
3422 1816 3507 1862 est

1919 1914 1936 1946 ι
1969 1905 2282 1966 corruptum
2314 1911 2428 1949 cor.
2466 1892 2568 1961 Qui
2600 1910 2707 1949 non
2739 1894 2914 1951 aversi
2956 1906 3079 1951 sunt
3114 1913 3142 1951 a
3174 1897 3421 1963 Domino,
3450 1907 3508 1953 ut

1918 2007 1935 2038 ε
1966 1989 2039 2041 sit
2086 1987 2348 2041 memoria
2407 1987 2621 2041 illorum
2672 1995 2730 2040 ut
2780 1986 3233 2055 benedictionem,
3283 1998 3340 2044 et
3378 2006 3503 2044 ossa

1919 2096 1936 2127 ι
1966 2092 2154 2132 eorum
2184 2075 2448 2147 pullulent
2479 2076 2543 2130 de
2575 2076 2695 2133 loco
2737 2092 2856 2130 suo.
2910 2078 2975 2132 Et
3018 2094 3212 2135 nomen
3262 2080 3504 2150 ipsorum

1918 2185 1936 2217 ι
1966 2176 2250 2237 permanet
2300 2167 2351 2220 in
2383 2172 2665 2220 :etcrnum.
2710 2165 3072 2223 Permanente
3120 2170 3187 2223 ad
3242 2169 3382 2225 ﬁlios
3410 2186 3504 2226 eo-

1917 2276 1936 2308 (
1969 2268 2084 2335 runt
2112 2264 2424 2311 sanctorum
2449 2256 2692 2310 virorum
2718 2256 2913 2328 gloria.
2941 2278 2958 2309 ›
2994 2254 3124 2314 Post
3150 2257 3333 2315 Jesum
3359 2258 3505 2318 Nave

1911 2344 2353 2416 quoquejudi‘ces
2384 2344 2718 2416 prml'uerunt
2745 2342 2942 2417 populo
2966 2346 3083 2409 Dei,
3118 2349 3209 2419 qui
3240 2364 3334 2404 eos
3360 2366 3510 2421 rege-

1912 2437 2043 2492 bant
2068 2447 2123 2492 et
2149 2444 2337 2492 contra
2367 2436 2553 2492 hostes
2579 2436 2960 2505 defendebant,
2989 2438 3065 2494 ita
3092 2451 3145 2494 et
3171 2450 3292 2511 post
3318 2441 3507 2496 Salva-

1914 2533 2049 2589 toris
2078 2532 2250 2589 nostri
2289 2532 2615 2601 passionem,
2661 2534 3117 2589 resurrectionem
3145 2544 3202 2589 et
3231 2538 3507 2592 ascensio-

1912 2639 2035 2679 nem
2077 2623 2143 2677 ad
2173 2622 2340 2678 cmlos
2378 2621 2641 2694 Apostuli,
2682 2632 2736 2678 et
2783 2625 3064 2695 apostolici
3108 2626 3209 2680 viri
3260 2635 3506 2683 rectores

1912 2715 2240 2769 exstiterunt
2284 2710 2540 2768 Ecclesia:
2597 2706 2719 2779 Dei,
2761 2714 2852 2783 qui
2897 2731 3017 2770 eam
3065 2714 3236 2772 sacris
3285 2718 3505 2773 monitis

1914 2802 2263 2867 erudiebant,
2288 2812 2343 2858 et
2370 2800 2528 2858 bonis
2558 2804 2768 2859 meritis
2795 2805 2956 2859 simul
2985 2813 3039 2859 et
3069 2807 3275 2861 sanctis
3301 2806 3509 2861 oratio-

1916 2894 2077 2952 nibus
2104 2905 2291 2950 contra
2321 2894 2596 2965 spiritales
2622 2896 2907 2967 nequitias,
2935 2902 2989 2951 et
3013 2904 3200 2953 contra
3223 2897 3507 2953 universos

1916 2990 2102 3044 hostes
2148 2986 2492 3052 muniebant;
2541 2996 2773 3058 apteque
2805 2988 3003 3044 dicitur
3030 2988 3171 3060 quod
3198 3002 3386 3043 eorum
3409 3003 3507 3043 car

227 3097 364 3153 illud
398 3097 574 3168 potius
621 3096 857 3159 indicat,
901 3093 1044 3165 quod
1076 3070 1343 3148 civitates
1388 3101 1443 3146 et
1495 3092 1635 3146 muri
1687 3100 1812 3145 sunt

1924 3096 2025 3134 non
2060 3079 2129 3133 sit
2154 3086 2491 3147 cerruptum,
2524 3088 2699 3147 neque
2742 3078 2917 3133 aversi
2959 3087 3139 3133 essent
3184 3094 3211 3132 a
3249 3076 3501 3143 Domino,

228 3189 518 3260 impiorum
569 3189 844 3259 dogmata,
903 3193 959 3240 et
1004 3183 1297 3256 syllogismi
1346 3181 1812 3263 philosophorum,

228 3281 427 3351 quibus
466 3288 717 3335 astruunt
761 3276 924 3348 impia
970 3291 1197 3347 qumque
1237 3283 1291 3329 et
1330 3273 1523 3328 divina:
1548 3271 1651 3343 legi
1686 3288 1817 3326 con-

232 3372 424 3437 traria,
452 3386 572 3440 qua:
601 3369 743 3439 apud
769 3382 1011 3440 paganos
1036 3366 1118 3421 vel
1142 3363 1405 3418 barbaros
1429 3360 1819 3432 observantur}i

232 3463 341 3518 Sed
383 3462 471 3515 illa
511 3460 594 3516 his
630 3460 936 3530 deputanda
983 3466 1132 3523 sunt,
1183 3464 1239 3510 et
1284 3455 1533 3509 civitates
1584 3453 1820 3507 munitas

229 3569 376 3619 esse,
424 3561 585 3621 atque
616 3553 668 3605 in
700 3550 974 3605 montibus
1001 3549 1312 3613 collocatas,
1345 3563 1465 3619 quae
1497 3545 1739 3601 hzeretici
1765 3545 1816 3597 in

232 3644 643 3714 Scripturarum
694 3641 1085 3696 assertionibus
1128 3640 1271 3694 velut
1304 3639 1356 3693 in
1387 3637 1509 3693 altis
1547 3634 1820 3691 montibus

232 3735 520 3792 collocant.
560 3734 696 3788 Istas
727 3749 855 3806 ergo
886 3734 1134 3788 civitates
1178 3733 1394 3803 sapiens
1416 3716 1668 3801 quisque
1700 3743 1821 3783 ver-

233 3827 364 3881 bum
386 3825 631 3879 veritatis
651 3825 948 3894 praedicans
971 3824 1220 3890 destruit,
1259 3834 1313 3878 et
1337 3823 1500 3878 urbes
1536 3813 1821 3876 mendaces

235 3917 490 3993 veritatis
528 3917 697 3972 ariete
733 3917 1032 3983 subvertit;
1073 3917 1213 3972 sicut
1243 3925 1296 3971 et
1330 3915 1532 3970 Paulus
1563 3913 1816 3968 dicebat:

242 4029 261 4059 ι
295 4008 665 4081 Cogitationes
699 4007 1065 4070 destruentes,
1116 4014 1171 4060 et
1217 4022 1433 4061 omnem
1484 4003 1822 4059 altitudinem

235 4121 359 4175 qua:
380 4103 591 4158 extollit
609 4118 667 4159 se
691 4103 975 4157 adversum
999 4101 1281 4155 scientiam
1308 4099 1403 4153 Dei
1433 4095 1518 4170 (II
1541 4094 1663 4151 Cor.
1692 4094 1769 4168 χ).
1797 4114 1815 4147 ι

235 4200 317 4255 Ita
342 4197 508 4252 etiam
533 4212 677 4251 nunc
702 4194 1132 4266 sapientissimus
1161 4193 1251 4247 hic
1278 4191 1440 4246 Caleb
1467 4188 1672 4244 assistit
1698 4197 1824 4242 ante

234 4286 447 4351 Iesum,
475 4295 531 4341 et
556 4285 824 4356 promittit
867 4300 926 4340 se
966 4284 1144 4338 valere
1182 4282 1250 4337 ad
1282 4281 1504 4346 bellum,
1536 4286 1590 4333 et
1639 4293 1825 4349 prom—

238 4386 391 4450 ptum
413 4392 539 4434 esse
563 4370 631 4431 ad
659 4376 923 4447 puellum,
957 4384 1013 4431 et
1041 4375 1161 4429 ideo
1190 4372 1432 4444 deposcit
1456 4370 1697 4442 permitti
1721 4369 1822 4423 sibi

239 4470 392 4524 velut
435 4468 754 4539 disputatori
789 4467 1120 4531 facultatem,
1174 4474 1234 4520 ut
1279 4464 1663 4535 congrediatur
1701 4477 1825 4516 cum

240 4560 544 4617 dialecticis
582 4558 787 4625 saeculi,
830 4574 952 4613 cum
993 4557 1078 4613 bis
1113 4557 1204 4628 qui
1245 4572 1342 4626 pro
1372 4555 1513 4609 veris
1539 4552 1673 4607 falsa
1700 4568 1829 4606 con-

239 4651 486 4715 ﬁrmant,
524 4659 586 4705 ut
608 4663 703 4705 eos
722 4648 964 4705 confutet
990 4656 1046 4702 et
1068 4654 1305 4717 superet,
1336 4653 1390 4700 et
1411 4646 1688 4699 subvertat
1715 4657 1829 4695 om-

240 4744 357 4808 nia,
390 4757 510 4813 qua:
540 4741 614 4795 illi
643 4739 792 4795 falsis
815 4738 1205 4794 assertionibus
1231 4743 1673 4790 construxerunt.
1706 4728 1831 4786 ideo

241 4833 478 4902 denique
523 4832 711 4885 videns
749 4828 1086 4883 alacritatem
1112 4816 1229 4895 ejus
1255 4823 1434 4889 Iesus,
1481 4843 1498 4874 ι
1528 4821 1830 4889 benedixit,

240 4925 445 4996 inquit,
478 4938 623 4988 eum,
653 4942 672 4975 ι
700 4921 907 4977 scilicet
927 4920 1070 4992 quod
1095 4919 1222 4974 talia
1246 4919 1501 4988 deposcat
1525 4925 1580 4971 et
1600 4916 1825 4981 audeat;

241 5017 342 5073 sed
381 5026 438 5071 et
470 5026 546 5082 tu,
585 5015 629 5071 si
659 5014 744 5068 vis
773 5014 902 5068 dare
934 5027 1153 5081 operam
1184 5010 1393 5073 studiis,
1426 5017 1481 5063 et
1502 5008 1672 5079 legem
1704 5022 1831 5077 pru-

241 5106 439 5181 denter
474 5103 749 5169 meditari,
778 5110 833 5157 et
856 5100 989 5157 eiiici
1021 5116 1119 5156 cor
1143 5100 1196 5155 in
1226 5099 1342 5170 lege
1366 5097 1481 5159 Dei,
1511 5104 1667 5167 potes
1694 5096 1832 5150 istas

240 5197 566 5268 magnificas
588 5206 645 5251 et
669 5194 907 5250 munitas
926 5194 1108 5257 urbes,
1133 5191 1187 5246 id
1217 5199 1318 5253 est,
1354 5188 1685 5244 assertiones
1711 5185 1833 5240 sub-

213 5292 460 5347 Yertere
487 5285 758 5350 falsitatis,
790 5292 930 5357 utet
962 5292 1014 5336 tu
1044 5281 1306 5338 merearis
1333 5279 1578 5334 benedici
1608 5278 1676 5333 ab
1701 5274 1828 5333 Jesu

239 5387 300 5431 et
355 5375 601 5443 accipere
660 5373 896 5428 Hebron.
932 5370 1342 5440 .lnterpretatur
1386 5376 1565 5421 autem
1615 5365 1831 5421 llehron

234 5463 557 5535 conjunctio
578 5462 665 5517 vel
692 5462 997 5532 coniugium
1038 5476 1052 5526 ;
1085 5473 1183 5530 per
1214 5458 1356 5529 quod
1391 5464 1573 5527 potest
1597 5456 1831 5511 fortasse

237 5556 379 5612 illud
416 5556 649 5621 ostendi,
689 5554 835 5626 quod
875 5553 1129 5625 spelunca
1164 5550 1358 5622 duplex
1409 5558 1720 5619 comparata
1763 5550 1831 5603 ab

234 5646 520 5703 Abraham
553 5644 862 5719 patriarcha
908 5644 961 5698 in
1002 5658 1066 5697 ea
1097 5649 1201 5707 est,
1234 5641 1285 5693 in
1317 5654 1422 5711 qua
1451 5635 1696 5710 conjugia
1728 5653 1827 5708 pa-

1921 3171 2046 3242 quia
2080 3171 2131 3224 in
2164 3178 2309 3224 recta
2337 3168 2441 3223 fide
2469 3177 2521 3224 et
2555 3183 2679 3223 vera
2728 3168 2987 3239 religione
3024 3177 3513 3239 perseveraverunt

1921 3276 2094 3333 usque
2137 3261 2205 3315 ad
2253 3259 2412 3315 linem
2444 3261 2586 3325 vitae,
2628 3267 2688 3313 ut
2722 3260 2985 3316 memoria
3012 3258 3225 3314 illorum
3250 3267 3508 3330 perpetua

1921 3354 2301 3411 benedictione
2340 3350 2670 3414 ﬁrmaretur,
2713 3360 2769 3405 et
2795 3349 2961 3406 robur
2988 3351 3253 3405 benorum
3287 3364 3512 3418 operum

1921 3453 2122 3499 mterna
2167 3441 2417 3497 mercede
2462 3442 2773 3495 donaretur.
2819 3440 2895 3494 ita
2928 3446 2986 3494 ut
3013 3440 3273 3494 memoria
3320 3454 3511 3495 eorum

1924 3536 2157 3592 nominis
2183 3534 2247 3590 ad
2274 3541 2522 3605 posteros
2561 3546 2688 3586 suos
2725 3542 2846 3585 cum
2876 3530 3047 3601 gloria
3070 3528 3499 3592 transferretur;

1923 3626 2244 3698 sapientiam
2293 3626 2437 3680 enim
2495 3636 2680 3678 eorum
2734 3621 3032 3675 narrabunt
3078 3634 3270 3675 clunes
3306 3619 3511 3689 populi,

1923 3729 1978 3774 et
2023 3718 2239 3774 laudem
2285 3729 2473 3771 eorum
2511 3713 2829 3784 pronuntiat
2874 3712 3052 3767 omnis
3102 3710 3343 3766 Ecclesia
3388 3725 3514 3765 san-

1925 3819 2159 3868 ctorum.

2485 3892 2767 3951 CAPUT
2805 3892 2921 3948 XII

2520 3989 2599 4043 De
2649 3986 2915 4044 Samuele.

1915 4133 1918 4137 .
2004 4103 2023 4136 ι
2060 4083 2296 4139 Dilectus
2343 4098 2372 4135 a
2416 4079 2645 4134 Domino
2699 4078 2915 4137 Sanutel
2965 4076 3228 4149 propheta
3275 4077 3511 4139 Domini,

1933 4197 1951 4228 ι
1992 4176 2272 4232 renovavit
2314 4173 2622 4244 imperium,
2667 4180 2721 4226 et
2760 4172 2917 4225 unxit
2960 4171 3235 4242 principes
3264 4171 3317 4223 in
3348 4177 3509 4239 gente

1934 4288 1952 4319 ι
1991 4283 2107 4322 sua.
2137 4267 2195 4321 In
2225 4266 2342 4335 lege
2372 4262 2585 4318 Domini
2621 4262 2885 4333 judicavit
2911 4262 3383 4331 congregationem
3405 4301 3419 4324 ,
3462 4266 3518 4313 et

1936 4379 1953 4411 ‹
1994 4359 2128 4414 vidit
2169 4356 2456 4411 Dandum
2500 4352 2686 4417 Iacob,
2732 4357 2786 4407 et
2814 4354 2867 4407 in
2898 4347 3001 4407 fide
3031 4366 3126 4407 sua
3157 4351 3414 4421 probatus
3434 4357 3518 4404 est

1859 4422 1904 4481 ί)
1938 4465 1955 4499 t
1996 4446 2276 4518 propheta.
2330 4444 2396 4498 Et
2429 4443 2677 4514 cognitus
2708 4451 2791 4496 est
2833 4442 2888 4496 in
2933 4440 3112 4496 verbis
3156 4441 3270 4494 suis
3322 4439 3515 4502 fidelis,

1939 4557 1957 4589 ‹
1997 4537 2125 4607 quia
2177 4534 2315 4590 vidit
2352 4533 2642 4589 Dominum
2696 4531 2864 4597 lucis;
2914 4540 2969 4586 et
3029 4531 3301 4585 invocavit
3347 4530 3518 4584 Deum

1940 4650 1957 4680 ε
1997 4635 2308 4699 potentem,
2358 4636 2412 4681 et
2453 4626 2506 4679 in
2545 4624 2905 4696 oppugnando
2941 4625 3125 4679 hostes
3156 4624 3519 4679 circumstth

1942 4742 1959 4772 ι
1999 4731 2082 4776 tes
2107 4720 2342 4789 undique
2373 4718 2427 4771 in
2453 4716 2725 4771 oblatione
2760 4715 2860 4769 viri
2895 4714 3157 4770 inviolati.
3191 4712 3256 4769 Et
3285 4716 3521 4771 intonuit

1943 4834 1961 4865 ι
2000 4815 2066 4869 de
2094 4811 2232 4867 cmio
2286 4809 2567 4873 Dominus,
2609 4816 2665 4862 et
2713 4807 2766 4861 in
2811 4807 2989 4861 sonitu
3038 4821 3235 4878 magno
3280 4807 3518 4861 auditam

1941 4924 1959 4955 ι
2000 4904 2128 4958 fecit
2155 4914 2339 4956 vocem
2385 4913 2561 4963 suam,
2607 4905 2662 4951 et
2704 4896 2961 4952 currtrivit
3007 4897 3283 4967 principes
3333 4896 3520 4970 Tyrio-

1943 5017 1959 5045 ι
1999 5008 2138 5056 rum,
2172 5001 2225 5045 et
2253 5004 2443 5044 omnes
2471 4990 2635 5044 duces
2660 4986 2991 5042 Philistbiim
3019 5004 3033 5053 ;
3073 4995 3128 5043 et
3153 4990 3280 5043 ante
3308 4997 3524 5060 tempus

1942 5105 1959 5136 ι
2001 5083 2123 5137 linis
2155 5081 2277 5135 vitae
2300 5092 2413 5134 suae
2453 5087 2508 5133 et
2550 5077 2731 5133 szeculi
2773 5079 3140 5133 testimonium
3190 5080 3419 5150 przebuit
3467 5079 3520 5132 in

1942 5194 1959 5226 ι
1998 5179 2287 5241 conspectu
2327 5168 2561 5233 Domini,
2609 5176 2665 5223 et
2706 5167 2944 5235 ChriSti;
2976 5170 3237 5240 pecunias
3266 5181 3319 5223 et
3348 5181 3518 5236 usque

1942 5286 1959 5317 ι
2001 5267 2069 5320 ad
2095 5264 2456 5320 calceamenta
2492 5262 2558 5316 ab
2583 5261 2728 5315 omni
2761 5274 2924 5317 carne
2949 5277 3056 5317 non
3088 5262 3316 5331 accepit,
3338 5267 3393 5314 et
3413 5272 3521 5313 non

1940 5380 1957 5412 ι
1996 5356 2270 5415 accusavit
2300 5355 2450 5409 illum
2480 5355 2660 5409 homo.
2696 5353 2761 5407 Et
2784 5363 2907 5424 post
2934 5354 3038 5408 hoc
3065 5351 3318 5406 dormivit
3345 5359 3399 5404 et
3425 5365 3520 5402 no-

1942 5473 1959 5504 ι
2000 5462 2113 5507 tum
2162 5448 2291 5504 fecit
2334 5446 2469 5516 regi,
2501 5454 2553 5500 et
2583 5445 2820 5500 ostendit
2848 5445 2921 5500 illi
2950 5444 3112 5499 finem
3144 5445 3268 5497 vitae
3297 5457 3428 5504 suae,
3466 5447 3523 5497 et

1939 5563 1957 5595 ι
1996 5541 2259 5599 exultavit
2304 5552 2488 5592 vocem
2536 5535 2651 5605 ejus
2683 5536 2751 5591 de
2779 5546 2920 5591 terra
2951 5536 3003 5590 in
3034 5534 3315 5604 prophetia
3343 5533 3524 5588 delere

1941 5658 1958 5689 ι
1999 5638 2328 5708 impietatem
2367 5637 2559 5709 gentis.
2596 5655 2612 5688 ι
2656 5633 2820 5689 Plana
2853 5640 2936 5688 est
2964 5631 3213 5698 historia,
3247 5645 3367 5702 qua:
3391 5644 3521 5686 nar-
