3934 6186
445 326 589 386 1095

1091 321 1152 376 Β.
1190 321 1444 377 RABANI
1487 321 1706 380 MAURI
1743 322 2067 380 ARCIIIEP.
2108 321 2418 381 liIOGUNT.
2457 280 2743 382 OPEIillM
2782 322 2963 382 PARS
3001 327 3041 382 l.

3590 326 3737 386 1096

443 453 533 497 rat
561 440 628 496 de
667 434 936 499 Samuclc,
984 433 1071 490 cui
1120 433 1384 488 Dominus
1418 433 1472 488 in
1506 433 1731 489 infantia
1777 451 1872 491 sua
1913 452 2037 491 cum
2069 442 2114 500 Α
2150 455 2170 488 ι
2209 445 2354 492 stare
2380 435 2508 493 fecit
2529 446 2781 494 cantores
2810 446 3005 494 contra
3046 437 3237 502 altare,
3286 448 3337 494 et
3383 439 3437 493 in
3480 456 3621 497 sono
3644 460 3745 500 eo-

445 530 712 587 dormirct
741 525 795 580 in
823 523 1023 594 templo
1050 524 1321 596 apparuit,
1352 534 1408 579 et
1436 524 1501 579 de
1532 524 1729 581 futuris
1754 526 2028 589 instruxit,

450 624 590 695 quod
620 617 959 674 renovaverit
984 616 1288 685 imperium,
1317 632 1439 670 cum
1473 631 1651 688 regem
1685 633 1849 686 super
1871 616 2033 672 Israel

450 718 565 787 ipse
602 710 821 767 unxerit
860 708 910 781 (Ι
939 708 1063 779 Reg.
1099 708 1204 780 ιιι).
1242 708 1485 762 Primum
1514 707 1763 763 videlicet
1791 707 1945 772 Saul,
1977 717 2032 763 et

447 806 642 863 deinde
672 801 836 857 David
863 816 1109 872 pugnans
1146 809 1335 854 contra
1371 800 1556 854 hostes
1593 798 1776 869 populi
1808 799 1904 853 Dei
1935 799 2035 854 ob-

456 899 576 953 .ulit
597 896 969 951 holocaustum
999 892 1227 947 Dotnino
1252 910 1264 945 :
1296 894 1436 945 unde
1463 890 1665 946 factum
1696 899 1800 957 est,
1831 900 1889 946 ut
1915 906 2037 945 cum

455 996 565 1061 ipse
594 985 816 1044 olIcrret
845 985 1238 1049 holocaustum,
1274 983 1573 1039 Pbilisthmi
1600 982 1805 1039 inirent
1832 983 2036 1039 bellum

451 1094 642 1139 contra
699 1078 882 1137 Israel.
950 1077 1229 1132 «Intonuit
1280 1087 1459 1131 autem
1513 1076 1772 1131 Dominus
1823 1073 2041 1146 fragore

454 1188 651 1243 magno
679 1170 735 1226 in
758 1171 844 1225 die
869 1169 957 1223 illa
987 1184 1148 1238 super
1175 1167 1524 1232 Philisthiim,
1553 1175 1610 1222 et
1636 1166 1899 1221 exterruit
1923 1181 2039 1232 eos,

449 1275 508 1319 et
536 1263 660 1317 cani
699 1272 826 1316 sunt
852 1277 882 1315 a
912 1259 1037 1314 ﬁliis
1082 1259 1282 1322 Israel;
1332 1259 1432 1313 iste
1477 1258 1675 1328 quippe
1715 1271 1814 1327 per
1859 1256 2039 1311 omnia

448 1352 625 1406 fidelis
651 1350 923 1415 inventus,
959 1350 1105 1404 etab
1128 1349 1278 1402 omni
1311 1349 1542 1403 avaritia
1570 1348 1801 1412 ahenus,
1835 1348 2041 1403 dormi-

453 1444 528 1496 vit
561 1443 613 1496 in
643 1456 795 1512 pace,
837 1450 892 1495 et
930 1448 1053 1511 post
1092 1451 1323 1495 mortem
1370 1456 1522 1495 suam
1568 1455 1833 1510 apparens
1877 1438 2040 1505 Saul,

452 1549 638 1589 casum
689 1532 765 1587 illi
807 1531 1045 1586 futurum
1078 1531 1343 1601 praedixit.
1378 1550 1398 1583 ι
1444 1529 1669 1603 Mystice
1700 1539 1882 1584 autem
1915 1545 2043 1584 san-

451 1635 662 1680 ctorum
717 1625 1102 1696 prophetarum
1157 1622 1357 1678 locutio
1410 1637 1578 1677 verax
1633 1637 1731 1693 per
1781 1620 1964 1677 omnia
1989 1628 2047 1676 ct

454 1719 629 1773 ﬁdelis
662 1732 784 1773 esse
812 1717 1105 1781 invenitur,
1142 1731 1266 1786 qua:
1316 1729 1539 1784 regnum
1569 1713 1771 1768 Christi
1799 1710 2041 1767 futurum

2141 546 2158 577 ι
2198 542 2317 581 rum
2343 527 2528 582 dulces
2563 526 2693 582 fecit
2719 527 2979 600 psalmos.
3026 527 3095 582 Et
3136 527 3287 584 dedit
3324 530 3378 584 in
3404 530 3742 589 celebratio-

2143 637 2161 670 ι
2200 619 2358 674 nibus
2382 618 2569 684 decus,
2598 626 2654 673 et
2675 619 2893 675 ornavit
2923 627 3164 690 tempora
3193 636 3365 691 usque
3386 623 3456 677 ad
3478 639 3752 680 consum-

2145 729 2164 762 ι
2204 712 2497 766 motionem
2531 713 2680 776 vitae,
2710 719 2770 766 ut
2803 712 3090 767 laudarent
3125 729 3321 770 nomen
3352 724 3606 771 sanctum
3630 718 3742 773 Do-

2147 823 2165 857 ι
2203 805 2355 871 mini,
2388 812 2444 860 et
2471 803 2868 875 ampliﬁcarent
2910 821 3066 863 mane
3103 806 3316 863 Domini
3358 811 3741 868 sanctitatem.

2147 914 2166 947 ι
2205 895 2454 951 Christus
2477 896 2725 967 purgavit
2744 906 2967 966 peccata
2992 899 3178 968 ipsius.
3203 900 3475 956 Exaltavit
3501 903 3560 956 in
3581 912 3747 961 aeter-

2148 1005 2167 1039 ¢
2206 1002 2333 1041 num
2354 1002 2524 1043 cornu
2543 988 2733 1058 ipsius,
2746 998 2803 1043 et
2821 989 2969 1043 dedit
2987 989 3060 1043 illi
3076 997 3461 1046 testamentum
3476 1009 3669 1064 regum
3686 1002 3747 1052 et

2148 1101 2167 1134 ι
2211 1080 2396 1137 sedem
2433 1081 2620 1152 glori-.e
2653 1082 2706 1136 in
2734 1081 2921 1137 Israel.
2953 1102 2972 1135 ι
3013 1082 3262 1153 Scriptor
3300 1084 3458 1139 istius
3494 1087 3623 1143 libri
3670 1103 3742 1145 ex

2143 1172 2316 1229 latere
2346 1174 2517 1245 tangit
2550 1173 2833 1228 historiam
2865 1173 3056 1240 David,
3103 1190 3540 1234 commemorans
3582 1192 3744 1238 actus

2143 1260 2279 1333 ejus.
2318 1261 2397 1318 De
2417 1279 2525 1334 quo
2554 1272 2610 1319 et
2645 1264 2785 1320 liber
2816 1264 3023 1336 Regum
3053 1277 3109 1321 et
3135 1265 3586 1338 Paralipomenon
3615 1273 3741 1342 ple-

2144 1355 2369 1411 nissime
2413 1365 2680 1423 uarrant;
2721 1358 2865 1428 quod
2892 1367 3075 1414 autem
3124 1359 3241 1430 ipse
3286 1360 3455 1416 David
3504 1378 3603 1418 rex
3640 1380 3741 1419 no-

2146 1455 2323 1502 strum
2370 1462 2553 1519 regem
2590 1446 2864 1504 Christum
2894 1465 3055 1505 manu
3084 1450 3279 1507 fortem
3308 1461 3366 1507 et
3393 1454 3737 1511 desiderabi-

2144 1542 2250 1597 lem
2294 1542 2523 1613 mystice
2543 1542 2831 1614 signiﬁcet,
2862 1558 3001 1613 pene
3022 1545 3276 1600 omnibus
3303 1547 3395 1616 qui
3423 1545 3743 1617 Scriptura:

2143 1649 2329 1690 sacras
2368 1633 2554 1706 legunt
2595 1642 2782 1688 notum
2826 1642 2931 1699 est,
2975 1636 3065 1704 qui
3103 1634 3314 1691 leonem
3341 1635 3639 1704 diabolum,
3683 1648 3742 1695 et

2144 1738 2334 1779 ursum
2384 1724 2781 1779 Antichristum
2819 1725 3096 1789 contrivit,
3141 1726 3521 1798 gigantemque
3547 1745 3742 1799 super—

453 1808 732 1878 pnedixit,
778 1817 834 1861 et
873 1806 993 1861 oleo
1034 1804 1274 1875 Spiritus
1316 1804 1492 1859 sancti
1535 1804 1683 1858 illum
1733 1804 2042 1874 ungendum
2072 1789 2120 1849 Β
2146 1814 2453 1880 bissimum,
2493 1815 2598 1872 hoc
2620 1825 2724 1881 est,
2753 1813 3006 1872 Satanam
3024 1815 3077 1870 in
3107 1789 3269 1871 [dada
3296 1833 3361 1872 ac
3389 1789 3572 1889 lapide
3601 1789 3745 1874 stra-

453 1897 769 1966 pen-cinnit;
822 1897 938 1966 ipsa
979 1896 1144 1949 etiam
1194 1905 1316 1965 post
1370 1895 1785 1965 completionem
1830 1895 2042 1951 Veteris

454 1987 787 2042 Testamenti
834 1995 890 2039 et
936 1984 1096 2039 ﬁnem
1141 1984 1276 2056 legis
1303 1985 1520 2056 priscae,
1569 2000 1731 2056 quam
1773 1985 2044 2056 signiﬁcat

453 2090 600 2130 mors
649 2076 954 2145 prophetae;
1008 2073 1096 2129 lex
1142 2075 1288 2129 enim
1329 2083 1384 2129 et
1430 2074 1707 2146 prophetae
1751 2090 1922 2147 usque
1972 2076 2042 2131 ad

450 2165 711 2221 Joannem
755 2162 1099 2237 (Mutilum),
1150 2173 1242 2229 et,
1295 2163 1420 2219 ﬁnis
1474 2164 1608 2236 legis
1660 2174 1746 2220 est
1791 2165 2042 2222 Christus

462 2255 637 2326 (Rom.
665 2256 741 2327 χ).
773 2254 926 2310 Nunc
965 2254 1302 2326 temporibus
1343 2255 1532 2327 gratia:
1576 2254 1865 2310 manifeste
1899 2271 2041 2327 prae-

448 2346 675 2401 nuntiat
718 2346 770 2400 in
809 2344 1041 2401 lectione
1069 2361 1165 2403 sua
1197 2344 1354 2401 malis
1384 2344 1687 2400 rectoribus
1714 2359 1932 2417 poenam
1959 2345 2044 2401 fu-

449 2451 654 2505 turam,
680 2447 736 2493 et
762 2445 992 2501 mortem
1020 2436 1311 2492 succedere
1335 2448 1672 2508 perpetuam.

1049 2547 1279 2605 CAPUT
1331 2547 1468 2604 XIII.

1060 2638 1140 2694 De
1190 2639 1434 2695 Nathan.

526 2731 663 2805 (Car
700 2728 896 2798 xum.)
928 2748 945 2780 ι
971 2727 1097 2783 Post
1123 2728 1227 2781 hoc
1264 2727 1507 2781 surrexit
1527 2724 1740 2783 Nathan
1765 2724 2033 2798 propheta

462 2845 483 2878 ι
511 2824 567 2878 iu
597 2824 792 2877 clintum
830 2821 1018 2885 David,
1049 2828 1103 2875 et
1156 2821 1316 2889 quasi
1351 2819 1521 2889 adeps
1550 2828 1845 2888 separatus
1888 2829 1973 2874 est
2001 2832 2032 2872 a

462 2935 483 2968 ι
512 2929 702 2971 carne.
733 2932 752 2967 ι
790 2912 899 2968 Iste
925 2912 1141 2968 Nathan
1188 2912 1243 2967 in
1273 2909 1443 2965 David
1493 2910 1637 2980 regis
1687 2911 2036 2982 temporibus

457 3007 512 3060 in
536 3015 695 3075 gc-nte
719 3004 907 3060 Jndaa
927 3003 1074 3059 dono
1105 3002 1407 3074 prephetite
1437 3002 1670 3072 insignis
1692 3002 1910 3061 claruit.
1939 3001 2035 3074 qui

459 3096 636 3166 ipsum
676 3094 841 3149 David
877 3094 948 3150 ob
976 3092 1508 3162 pra-varirationem.
1543 3093 1672 3163 quia
1704 3092 2036 3164 pravarica-
2063 3132 2110 3197 ϐ

458 3197 548 3243 tus
570 3198 654 3243 est
692 3187 748 3241 in
778 3187 1049 3242 adulterio
1085 3186 1402 3248 Bethsahee,
1434 3195 1487 3240 et
1518 3186 1571 3239 in
1591 3200 1725 3240 nece
1754 3182 1900 3240 Uria
1929 3185 2034 3240 viri

457 3282 578 3339 eius
601 3275 958 3348 corripuit”!
990 3276 1116 3348 Reg.
1148 3275 1269 3348 xu).
1300 3276 1400 3331 llic
1422 3276 1585 3330 etiam
1621 3277 1721 3343 illi,
1753 3276 1899 3346 quod
1927 3289 2035 3331 non

459 3370 826 3425 aediﬁcaturus
856 3380 1005 3426 esset
1043 3371 1303 3437 templum
1337 3366 1571 3424 Domino
1594 3368 1870 3439 praedixit,
1892 3369 2035 3424 idem

460 3476 678 3530 quoque
705 3461 1052 3517 Salomouem
1081 3461 1250 3516 ﬁlium
1281 3462 1447 3516 David
1476 3461 1640 3517 simul
1668 3478 1793 3517 cum
1820 3461 2037 3517 Sadoch

461 3554 749 3607 sacerdote
778 3568 931 3608 sacra
978 3556 1239 3609 unctione
1274 3555 1328 3608 in
1364 3554 1664 3624 principem
1696 3554 2041 3609 consecravit

463 3643 582 3715 (Ill
619 3644 748 3714 Reg.
779 3647 841 3717 ι).
862 3644 1016 3712 Quod
1048 3655 1232 3701 autem
1254 3646 1388 3700 dicit
1416 3662 1538 3701 eum
1569 3656 1881 3716 separatum
1916 3661 2041 3702 esse

461 3753 492 3791 a
520 3752 686 3792 carne
711 3737 869 3806 quasi
894 3738 1106 3808 adipem
1135 3738 1456 3800 salutarem.
1479 3739 1720 3793 ostendit
1748 3754 1872 3794 eum
1915 3754 2042 3807 gra-

454 3824 528 3878 tia
565 3824 803 3895 Spiritus
826 3828 998 3882 sancti
1033 3826 1295 3898 repletum
1324 3841 1355 3881 a
1382 3825 1683 3883 carnalium
1710 3833 1766 3880 et
1787 3834 2042 3895 peccato-

452 3932 572 3970 rum
615 3918 893 3972 hominum
939 3919 1236 3984 consortio,
1276 3918 1329 3972 in
1358 3917 1601 3973 moribus
1629 3924 1685 3972 et
1709 3916 1821 3971 vita
1847 3930 2042 3986 seque-

452 4016 685 4063 stratum
712 4025 835 4088 esse
862 4019 918 4065 et
944 4010 1201 4064 alienum.
1660 4008 1663 4011 ’

1041 4098 1270 4156 CAPUT
1318 4100 1459 4156 XIV.

1088 4193 1165 4247 De
1201 4193 1394 4248 David.

527 4305 546 4337 ι
575 4284 668 4342 Sic
703 4284 870 4340 David
895 4300 926 4338 a
954 4283 1081 4339 ﬁliis
1107 4282 1271 4339 Israel
1301 4299 1422 4338 cum
1453 4283 1700 4339 leonibus
1725 4284 1855 4340 lusit
1878 4300 2037 4354 quasr

453 4397 473 4430 ι
510 4392 636 4433 cum
661 4376 814 4447 agnis
848 4376 1055 4440 ovium,
1092 4382 1148 4429 et
1173 4374 1227 4428 in
1263 4374 1405 4429 ursis
1436 4374 1689 4429 similiter
1719 4373 1868 4440 fecit,
1898 4375 2039 4430 sicut

454 4487 474 4518 ι
510 4483 633 4523 cum
676 4468 829 4538 agnis
874 4466 1077 4521 ovium.
1129 4466 1186 4521 In
1218 4464 1504 4535 juventute
1532 4481 1629 4520 sua
1661 4468 1904 4537 nunquid
1931 4480 2036 4523 non
2070 4494 2116 4553 ο

454 4577 475 4612 ι
515 4559 714 4615 occidit
736 4558 1032 4629 gigantem,
1058 4565 1115 4611 et
1135 4556 1358 4611 abstulit
1377 4557 1725 4626 opprobrium
1753 4558 1819 4612 de
1840 4558 2034 4629 gente?

457 4668 477 4701 ι
518 4649 576 4704 In
610 4648 848 4704 tollendo
882 4661 1123 4709 manum,
1162 4645 1215 4699 in
1247 4660 1380 4700 saxo
1412 4643 1591 4699 fundae
1620 4644 1814 4713 dejecit
1849 4647 2033 4701 exsul-

452 4757 472 4791 ι
513 4739 776 4795 tationem
812 4735 1001 4801 Golian.
1046 4734 1182 4790 Nam
1223 4735 1495 4790 invocavit
1536 4735 1823 4791 Dominum
1858 4738 2029 4793 omni-

453 4847 472 4882 ι
514 4837 814 4899 potentem,
859 4838 917 4884 et
959 4827 1105 4883 dedit
1134 4826 1189 4882 in
1217 4825 1441 4883 dextera
1475 4825 1592 4896 ejus
1621 4824 1809 4882 tollere
1858 4826 2029 4882 homi-

457 4939 473 4972 I
510 4936 633 4975 nem
663 4920 858 4977 fortem
885 4920 940 4975 in
968 4919 1132 4985 bello,
1157 4927 1214 4975 et
1233 4918 1476 4973 exaltare
1502 4933 1670 4973 cornu
1699 4919 1877 4990 gentis
1898 4934 2028 4975 suae.

360 5004 371 5009 “
455 5030 473 5060 ι
515 5010 606 5065 Sic
636 5011 690 5063 in
712 5010 905 5066 decem
937 5010 1174 5065 millibus
1203 5009 1525 5080 gloriﬁcavit
1560 5009 1727 5074 illum,
1760 5017 1816 5064 et
1844 5008 2032 5064 lauda-

454 5117 471 5148 ι
518 5098 594 5149 vit
621 5096 769 5150 illum
806 5098 861 5152 in
895 5098 1361 5155 benedictionibus
1389 5099 1625 5160 Domini,
1664 5098 1719 5152 in
1752 5097 2028 5155 offerendo

458 5197 478 5228 ι
509 5178 584 5231 illi
606 5193 864 5232 coronam
898 5181 1083 5249 gloria:
1103 5196 1120 5247 ;
1180 5182 1439 5237 contrivit
1473 5181 1722 5237 inimicos
1768 5180 2032 5251 undique,

459 5290 477 5322 ι
507 5280 559 5326 el
588 5272 913 5339 exstirpavit
948 5272 1276 5326 Philislhiim
1314 5275 1622 5327 contrarios
1646 5288 1819 5342 usque
1843 5274 1893 5326 in
1929 5273 2032 5327 ho-

459 5382 478 5414 ι
502 5363 753 5418 diei-num
787 5363 924 5417 diem
956 5380 972 5432 ;
1014 5364 1271 5419 contrivit
1302 5380 1473 5418 cornu
1504 5366 1745 5434 ipsorum
1772 5381 1944 5433 usque
1975 5354 2029 5419 in

459 5473 480 5507 ο
507 5466 789 5510 :rterunm.
822 5453 877 5508 lu
906 5458 1051 5511 omni
1076 5470 1241 5525 opere
1275 5455 1419 5510 dedit
1451 5455 1851 5510 confessionem
1887 5457 2029 5511 Sau-

464 5565 482 5597 ι
507 5556 616 5609 cto,
661 5560 714 5603 et
745 5548 973 5605 Excelsa
1012 5549 1060 5602 in
1095 5550 1262 5603 verbo
1317 5549 1520 5619 gloriae.
1573 5547 1647 5602 De
1674 5550 1820 5604 omni
1868 5550 2031 5604 corde

465 5656 484 5687 ι
511 5654 610 5690 suo
636 5639 876 5694 laudavit
902 5640 1215 5704 Dominum,
1261 5649 1318 5696 et
1357 5639 1542 5695 dilexit
1565 5639 1727 5694 IPcnm
1760 5640 1851 5710 qui
1904 5639 2032 5696 fecit

463 5745 483 5776 ι
511 5726 684 5795 illuni,
714 5739 763 5784 et
792 5730 824 5784 d
860 5730 940 5787 d;t
985 5732 1061 5787 illi
1086 5742 1273 5787 contra
1317 5731 1569 5791 inimicos
1603 5731 1916 5802 potentiam.
1965 5732 2030 5788 Et

2147 1894 2244 1970 vit,
2266 1905 2392 1975 quia
2421 1904 2650 1975 spiritali
2676 1920 2836 1961 sensu
2861 1905 3284 1976 Scripturarum,
3319 1922 3420 1976 per
3445 1908 3739 1964 scientiam

2144 1998 2278 2070 legis
2316 1997 2412 2053 Dei
2435 1998 2735 2069 potentiam
2767 1998 2940 2053 hostis
2979 1998 3188 2069 antiqui
3213 1998 3266 2052 in
3288 1999 3592 2056 cultoribus
3621 2002 3741 2057 ido-

2143 2090 2341 2157 lorum,
2380 2100 2437 2146 et
2458 2090 2825 2147 assertoribns
2849 2106 3231 2161 perversorum
3260 2092 3576 2162 dogmatum
3607 2097 3742 2151 vicit

2143 2190 2306 2252 atque
2359 2180 2588 2250 dejecit;
2633 2182 2819 2252 sicque
2859 2181 3114 2252 populum
3162 2182 3255 2239 Dei
3304 2198 3336 2238 a
3384 2184 3588 2242 timore
3634 2188 3740 2244 lto-

2142 2272 2332 2338 stium,
2354 2272 2712 2345 malignorum
2738 2271 2983 2329 videlicet
3008 2274 3299 2344 spirituum
3326 2273 3613 2344 liberavit;
3637 2279 3735 2334 cui

2143 2364 2335 2420 victori
2360 2363 2429 2419 ab
2454 2364 2692 2419 hostium
2725 2365 2874 2420 caede
2913 2365 3159 2421 redeunti
3187 2365 3465 2432 mulieres,
3494 2368 3605 2424 hoc
3625 2380 3738 2436 est,

2142 2456 2339 2513 animae
2386 2455 2623 2512 ﬁdelium
2656 2455 2914 2527 triumphi
2955 2455 3168 2513 laudem
3215 2457 3531 2525 decantant,
3559 2468 3620 2516 et
3644 2462 3741 2516 de-

2142 2567 2261 2609 cem
2294 2550 2520 2608 millium
2562 2550 2820 2606 victorem
2860 2550 3179 2620 praedicant,
3226 2550 3351 2623 quia
3400 2549 3491 2607 ille
3541 2566 3739 2608 omna

2142 2627 2328 2699 hostes
2375 2651 2486 2697 tam
2527 2640 2801 2711 spiritales
2845 2656 3009 2710 quam
3059 2639 3222 2695 etiam
3264 2640 3587 2709 corporales
3614 2656 3732 2710 pert-

2147 2726 2287 2783 fecte
2325 2726 2606 2797 superavit
2662 2737 2825 2793 atque
2857 2725 3176 2795 prostravit.
3213 2724 3306 2779 Isti
3335 2741 3470 2790 ergo
3509 2726 3734 2781 numeri

2147 2832 2243 2889 per
2268 2818 2523 2873 denarios
2574 2816 2798 2889 perfecti
2854 2827 3008 2881 sunt,
3060 2827 3114 2872 et
3169 2815 3469 2886 perfectam
3524 2814 3732 2871 Christi

2145 2910 2351 2979 ubique
2377 2910 2666 2965 victoriam
2699 2908 3109 2966 demonstrant.
3147 2908 3392 2977 Denique
3415 2907 3597 2964 David
3632 2925 3729 2963 Io.

2146 3010 2257 3057 ster
2284 3001 2408 3057 oleo
2438 3000 2637 3056 laetitiae
2670 3015 2779 3070 prae
2804 3000 3165 3072 participibus
3188 3000 3303 3056 suis
3331 3000 3387 3056 iu
3423 3015 3612 3070 regem
3634 3017 3733 3056 un—

2147 3101 2291 3159 ctus,
2321 3093 2610 3149 universos
2639 3091 2827 3148 hostes
2852 3091 3113 3148 Ecclesiae
3138 3092 3405 3148 contrivit
3427 3104 3602 3165 atque
3633 3110 3728 3146 ex-

2147 3186 2403 3256 stirpavit
2430 3204 2445 3240 :
2474 3185 2530 3241 iu
2566 3201 2628 3241 se
2655 3187 2939 3251 nimirum,
2963 3186 3119 3256 juxta
3159 3193 3349 3259 typum
3370 3202 3539 3257 quem
3564 3186 3729 3241 David

2145 3276 2440 3332 historicus
2489 3275 2837 3346 przeferebat,
2875 3278 3305 3334 ecclesiasticum
3357 3279 3726 3334 ministerium

2146 3372 2201 3426 in
2234 3370 2397 3426 dumo
2431 3370 2547 3434 Dei,
2588 3371 2735 3442 quod
2766 3379 2853 3428 est
2884 3384 3072 3427 sancta
3111 3370 3375 3438 Ecclesia,
3411 3372 3728 3434 ordinat,“

2148 3464 2321 3518 cilicia
2346 3465 2685 3533 singulorum
2712 3481 2816 3520 suo
2842 3464 3071 3520 arbitrio
3094 3466 3161 3520 ad
3195 3466 3533 3520 laudandum
3560 3464 3726 3519 Deum

2145 3553 2385 3623 disponit
2411 3563 2574 3623 atque
2597 3553 2903 3625 dispensat.
2945 3555 3019 3612 Ut
3056 3558 3108 3611 in
3143 3558 3293 3611 omni
3323 3557 3449 3612 loco
3481 3558 3732 3613 domina-

2148 3645 2313 3700 tionis
2342 3644 2466 3715 ejus
2497 3656 2756 3701 creatura
2784 3648 3026 3704 ctelestis
3062 3659 3227 3719 atque
3256 3650 3543 3705 terrestris
3568 3652 3732 3705 bene-

2150 3742 2295 3797 dicat
2332 3740 2620 3795 Dominqu
2671 3743 2724 3796 in
2756 3744 2905 3797 omni
2941 3755 3208 3811 tempore.
3241 3744 3471 3811 ejusque
3512 3746 3728 3797 tandem

2145 3840 2359 3895 semper
2397 3824 2449 3877 in
2479 3837 2575 3877 ore
2605 3821 2874 3875 decantet.
2920 3819 3058 3890 Apte
3107 3827 3289 3873 autem
3340 3817 3548 3874 dicitur
3593 3818 3736 3889 quod

2144 3912 2394 3968 Christus
2440 3917 2699 3981 purgaret
2740 3915 2965 3979 peccata
3021 3906 3214 3971 David,
3258 3914 3317 3961 et
3359 3907 3631 3962 exaltaret
3682 3909 3736 3963 in

2143 4013 2408 4058 aeternum
2454 4016 2625 4056 cornu
2653 4000 2842 4070 ipsius,
2871 3997 2997 4069 quia
3018 3997 3171 4066 juxta
3200 3996 3347 4051 Petri
3381 3998 3735 4062 sententiam,

2150 4115 2169 4147 ‹
2201 4111 2308 4150 non
2337 4103 2422 4150 est
2456 4093 2600 4149 aliud
2639 4108 2836 4148 nomen
2871 4105 3036 4162 super
3063 4099 3263 4146 terram
3285 4090 3473 4146 datum
3504 4091 3737 4146 homini-

2143 4188 2266 4253 bus,
2295 4188 2348 4241 in
2385 4199 2492 4256 quo
2513 4190 2763 4255 Oporteat
2795 4182 2990 4237 salvari
3018 4180 3136 4253 (Act
3162 4222 3177 4235 .
3209 4181 3307 4253 tv).
3338 4201 3357 4234 ι
3390 4181 3450 4236 In
3479 4181 3587 4237 hoc
3608 4195 3737 4253 ergo

2145 4277 2363 4332 nomine
2392 4275 2710 4345 poenitentia
2734 4273 3080 4345 praedicatur,
3119 4281 3177 4327 et
3210 4272 3463 4327 remissio
3487 4284 3736 4343 peccato-

2144 4384 2266 4423 rum
2312 4369 2365 4422 in
2413 4382 2605 4423 omnes
2643 4374 2862 4438 gentes;
2898 4365 3073 4435 ipsum
3113 4371 3298 4419 autem
3343 4373 3576 4434 propter
3607 4364 3733 4419 ohe-

2144 4460 2402 4515 dientiam
2445 4459 2628 4513 crucis
2673 4457 2815 4512 Deus
2854 4455 3015 4510 Pater
3049 4473 3067 4506 ι
3092 4454 3366 4518 exaltavit,
3395 4463 3454 4509 et
3478 4456 3632 4510 dedit
3656 4455 3728 4510 ilii

2145 4567 2341 4606 nomen
2380 4549 2523 4620 quod
2567 4556 2653 4603 est
2693 4562 2856 4617 super
2892 4561 3052 4601 omne
3093 4560 3309 4609 nomen,
3339 4554 3399 4599 ut
3436 4546 3491 4600 in
3514 4548 3730 4602 nomine

2141 4642 2266 4698 Iesu
2316 4657 2476 4697 omne
2528 4657 2667 4712 genu
2715 4639 2962 4695 ﬂectatur
2991 4638 3327 4703 ,ccelestium,
3361 4643 3723 4701 terrestrium.

2141 4745 2196 4790 ct
2245 4732 2616 4798 infernarum,
2660 4739 2715 4787 et
2763 4732 2940 4786 omnis
2989 4730 3167 4799 lingua
3216 4728 3573 4796 conﬁteatur,
3610 4735 3722 4802 quia

2142 4823 2404 4879 Dominus
2426 4820 2587 4877 Iesus
2605 4820 2854 4877 Christus
2881 4821 2935 4873 in
2957 4819 3127 4889 gloria
3149 4826 3232 4874 est
3255 4817 3351 4874 Dei
3374 4817 3566 4876 Patris
3586 4819 3720 4893 (Plii-

2110 4916 2233 4988 ‘lip.
2262 4914 2347 4988 ιι).
2373 4934 2394 4968 ι

2731 5001 2959 5058 CAPUT
3011 5001 3124 5056 XV.

2707 5092 2786 5147 De
2835 5090 3132 5148 Salomone.

2219 5199 2237 5232 ι
2264 5179 2398 5236 Post
2423 5181 2604 5252 ipsum
2639 5182 2881 5238 surrexit
2908 5181 3049 5237 ﬁlius
3086 5189 3361 5246 sensatus,
3407 5193 3464 5239 et
3508 5192 3714 5254 propter

2144 5290 2165 5323 ι
2192 5273 2340 5327 illum
2374 5273 2575 5341 dejecit
2610 5289 2829 5328 omnem
2867 5274 3166 5341 potentiam
3221 5274 3603 5331 inimicorum.
3626 5276 3712 5329 Sa-

2145 5382 2165 5416 I
2191 5364 2372 5416 lomon
2394 5363 2671 5434 imperavit
2707 5365 2760 5418 in
2788 5365 2980 5419 diebus
3005 5365 3179 5435 pacis,
3209 5366 3296 5420 cui
3326 5366 3569 5436 subjecit
3618 5367 3709 5420 Do-

2143 5474 2162 5506 ς
2189 5455 2367 5511 minus
2401 5470 2592 5511 mttttes
2639 5456 2843 5523 hostes,
2880 5466 2938 5511 ut
2971 5457 3231 5513 conderet
3257 5458 3484 5511 domum
3518 5459 3575 5512 in
3618 5473 3708 5512 uno

2145 5566 2164 5599 ι
2192 5546 2335 5601 utine
2364 5563 2486 5612 suo,
2514 5557 2565 5602 ct
2587 5560 2799 5617 pararet
2839 5549 3182 5605 sanctitatem
3209 5552 3263 5603 in
3297 5551 3702 5621 sempiternum.

2143 5657 2162 5690 α
2194 5639 2653 5707 quemadmodum
2698 5640 2947 5695 eruditus
2969 5650 3054 5695 est
3084 5642 3138 5695 in
3181 5642 3473 5710 iuventute
3508 5657 3623 5695 sua.
3646 5638 3702 5692 Et
3752 5642 3789 5683 ἢ

2141 5751 2159 5783 ε
2189 5730 2444 5802 impletus
2470 5741 2550 5789 cst
2582 5731 2737 5801 quasi
2775 5734 2971 5789 ﬁumen
3017 5732 3284 5799 sapientia
3297 5744 3349 5787 ct
3395 5744 3595 5789 terram
3624 5747 3650 5786 r
3674 5758 3704 5776 ο
