3934 6186
338 218 458 277 I017

1199 208 1551 267 COBIMENT.
1595 208 1660 263 IN
1702 196 2309 263 ECCLESIASTICUM.
2350 238 2419 247 —
2458 197 2585 262 Iziii.
2628 207 2693 262 Χ.

3448 209 3582 266 1398

340 353 358 384 ι
390 330 522 385 texit
561 326 739 381 anima
786 340 903 379 sua.
950 324 1015 377 Et
1053 320 1268 390 replesti
1312 322 1364 375 in
1416 321 1908 389 comparationibus
1938 333 1981 382 Α
2016 330 2225 373 ternum
2252 319 2385 391 (lsa.
2421 320 2516 391 ut).
2551 340 2569 370 ι
2614 319 2712 373 llic
2742 320 2998 390 templum
3024 320 3132 373 Deo
3152 320 3453 377 :ediﬁeavit.
3484 326 3586 381 hoc

340 442 358 472 ι
385 423 688 490 tunigmata,
729 415 793 469 arl
824 416 1026 469 insulas
1069 415 1221 483 longe
1249 413 1577 483 divulgatum
1605 421 1685 465 est
1713 427 1907 465 nomen

343 535 360 568 ς
390 525 560 568 tuum.
607 512 669 564 Et
708 509 936 562 dilectus
963 523 1023 561 es
1050 508 1100 560 in
1131 521 1263 575 pace
1307 515 1416 569 tua,
1458 506 1509 558 in
1551 504 1835 559 cantilenis
1860 511 1915 557 et

345 624 362 657 ‹
391 601 709 676 proverbiis,
762 608 818 653 et
851 599 1342 668 comparationibus
1374 606 1425 652 et
1458 595 1914 666 interpretationi-

347 715 363 745 ι
393 697 491 749 bus
524 693 733 746 mirata:
772 699 896 744 sunt
921 699 1098 743 terrae.
1129 690 1195 742 Et
1227 689 1279 743 in
1309 689 1526 743 nomine
1552 688 1761 741 Domini
1798 686 1915 750 Dei,

349 807 365 838 ‹
396 786 477 840 cui
521 792 605 839 est
640 797 938 853 cognomen
965 780 1107 835 Deus
1131 779 1318 844 Israel,
1350 780 1612 849 collegisti
1643 779 1794 848 quasi
1823 794 1918 832 au-

292 924 303 937 .
350 898 366 930 ε
399 876 693 931 richalcum
729 889 941 936 aurum,
990 880 1047 926 et
1086 880 1144 925 ut
1188 872 1463 942 plumbum
1505 870 1787 940 complesti
1834 886 1920 924 ar-

349 992 368 1019 ι
400 976 640 1038 gentum,
672 974 725 1021 et
750 964 1023 1020 reclinasti
1063 963 1269 1019 femora
1316 971 1407 1018 tua
1449 965 1781 1018 mulieribus.
1821 963 1923 1018 Po-

353 1078 369 1109 ι
396 1065 647 1112 testatcm
688 1055 926 1110 habuisti
969 1055 1023 1109 in
1060 1063 1153 1109 tuo
1195 1069 1444 1124 corpore,
1486 1064 1539 1109 et
1569 1054 1758 1109 dedisti
1806 1069 1922 1107 ma-

354 1166 370 1197 ‹
400 1148 572 1202 culam
621 1145 675 1200 in
728 1146 895 1216 gloria
943 1154 1054 1209 tua,
1102 1152 1156 1198 et
1197 1143 1494 1213 profanasti
1542 1159 1725 1199 semen
1773 1136 1922 1197 tuum

355 1254 373 1287 ‹
403 1236 655 1289 inducere
683 1233 1017 1288 iracundiam
1048 1234 1114 1286 ad
1147 1234 1343 1288 liberos
1377 1242 1517 1298 tuos,
1554 1242 1610 1288 ct
1637 1233 1688 1287 in
1715 1233 1927 1288 crcteris

356 1341 373 1374 ι
402 1322 684 1377 stultitiam
724 1329 893 1385 tuam,
930 1328 988 1373 ut
1032 1320 1241 1375 faceres
1275 1322 1556 1391 imperium
1585 1322 1923 1392 bipartitum,

357 1433 374 1465 ‹
402 1420 456 1467 et
487 1427 553 1467 ex
587 1412 844 1482 Ephraim
884 1411 1148 1480 imperare
1197 1410 1480 1480 imperium
1524 1412 1738 1466 durum.
1786 1411 1928 1467 Deus

357 1523 375 1555 ‹
405 1513 584 1559 autem
631 1518 739 1557 non
785 1501 1119 1571 derelinquet
1173 1503 1597 1558 misericordiam
1641 1520 1825 1569 suam,
1871 1513 1927 1558 et

356 1614 375 1645 ς
404 1610 509 1648 non
537 1601 850 1662 corrumpet
894 1606 1068 1661 neque
1108 1593 1302 1647 delebit
1325 1609 1486 1662 opera
1517 1610 1633 1659 sua,
1667 1595 1792 1664 quia
1820 1610 1927 1650 non

2016 421 2099 465 cst
2129 412 2429 466 Ecclesiam
2472 411 2814 476 catholicam,
2861 427 2981 480 quae
3025 412 3091 465 de
3140 412 3274 465 vivis
3323 411 3590 481 lapidibus

2017 511 2326 557 constructa
2363 512 2467 567 est,
2500 503 2589 557 ubi
2631 503 2746 556 laus
2770 501 2885 569 ejus
2912 512 2965 556 et
2991 502 3178 573 gloria,
3208 519 3349 557 nunc
3373 512 3427 557 et
3451 520 3592 559 sem-

2019 608 2132 662 per,
2169 602 2224 646 et
2250 594 2301 645 in
2327 599 2523 646 aeterna
2550 601 2831 662 permanet
2852 591 3065 646 saecula.
3089 591 3185 645 Cui
3215 593 3354 647 Deus
3378 593 3594 650 divitias

2018 684 2259 736 omnium
2310 684 2544 754 gentium
2587 684 2754 747 dedit,
2806 683 2931 753 quia
2984 683 3058 737 illi
3105 692 3423 752 potestatem
3472 686 3595 741 ρωιί

2020 782 2284 843 terrrcque
2313 774 2613 827 contulitet
2644 773 3003 844 magniﬁcavit
3033 774 3185 836 illum
3221 789 3379 843 super
3407 791 3596 831 omnes

2022 876 2176 932 reges
2206 871 2364 915 teme
2400 862 2601 916 divitiis
2629 869 2684 916 et
2719 863 3007 932 sapientia,
3054 872 3108 918 et
3157 864 3408 920 universa
3451 874 3598 921 terra

2023 949 2363 1004 desiderabat
2411 950 2594 1005 videre
2643 950 2849 1005 vultum
2905 950 3232 1018 Salomonis,
3281 960 3340 1006 ut
3388 954 3602 1010 audiret

2024 1039 2339 1107 sapientiam
2371 1038 2509 1107 ejus,
2539 1055 2700 1109 quam
2750 1041 2974 1096 dederat
3008 1041 3150 1097 Deus
3179 1043 3232 1096 in
3267 1046 3427 1101 corde
3449 1043 3598 1115 ejus;

2023 1136 2080 1181 et
2100 1129 2292 1199 singuli
2342 1128 2659 1185 deferebant
2704 1134 2753 1186 ei
2798 1146 3041 1197 munera,
3094 1148 3223 1188 vasa
3262 1144 3519 1205 argentea
3548 1144 3603 1191 et

2025 1235 2213 1284 aurea,
2242 1228 2423 1275 vestes
2451 1228 2507 1275 et
2534 1236 2686 1275 arma
2727 1221 2938 1287 bellica,
2974 1223 3229 1291 quoniam
3258 1238 3418 1294 super
3446 1225 3604 1279 celsi-

2028 1312 2266 1366 tudinem
2307 1322 2638 1378 sanctorum,
2682 1314 2774 1383 qui
2806 1330 2931 1369 vere
2962 1330 3113 1386 reges
3142 1316 3415 1382 dicuntur,
3459 1317 3605 1383 exal-

1986 1392 2007 1403 “
2028 1411 2191 1468 tatur,
2242 1412 2298 1458 et
2319 1404 2495 1459 nullus
2525 1405 2574 1460 ei
2604 1407 2872 1475 comquari
2909 1416 3100 1477 potest,
3138 1409 3393 1477 quoniam
3441 1427 3458 1459 ι
3481 1411 3603 1479 quis

2028 1496 2083 1549 in
2106 1495 2339 1550 nubibus
2377 1496 2681 1565 aequabitur
2721 1497 2966 1562 Domino,
3017 1507 3112 1576 aut
3138 1499 3258 1566 quis
3287 1500 3478 1554 similis
3501 1501 3605 1554 erit

2034 1583 2145 1639 Deo
2170 1584 2309 1640 inter
2332 1588 2472 1641 ﬁlios
2503 1586 2594 1642 Dei
2620 1588 2683 1643 7)
2715 1608 2733 1641 ι
2765 1589 2906 1645 Deus
2932 1592 3020 1659 qui
3049 1590 3385 1659 gloriﬁcatur
3407 1591 3459 1643 in
3486 1594 3607 1643 eon-

357 1702 375 1735 ι
402 1684 590 1752 perdet
612 1699 641 1736 a
669 1683 836 1752 stirpe
882 1690 1105 1751 nepotes
1147 1682 1300 1737 electi
1347 1684 1454 1747 sui,
1495 1692 1549 1737 et
1591 1700 1773 1738 semen
1809 1685 1927 1754 ejus
1956 1690 2000 1749 Β
2031 1672 2156 1728 silio
2191 1685 2525 1741 sanctorum,
2564 1693 2787 1746 magnus
2811 1689 2863 1732 et
2886 1682 3206 1734 metuendus
3231 1696 3391 1747 super
3416 1696 3607 1733 omnes

358 1794 377 1825 ι
407 1775 497 1844 qui
522 1758 1018 1845 diligiﬂominum
1059 1788 1164 1826 non
1202 1784 1534 1841 corrumpet.
1564 1773 1719 1827 Dedit
1751 1784 1930 1828 autem

357 1885 376 1918 ι
405 1865 666 1933 reliquum
693 1862 858 1918 Iacob
884 1871 938 1918 et
961 1862 1130 1917 David
1160 1864 1223 1918 de
1247 1864 1359 1933 ipsa
1390 1863 1576 1932 stirpe.
1604 1885 1624 1915 ι
1661 1863 1804 1919 Sane
1825 1879 1931 1920 non

353 1955 535 2025 ignota
576 1961 660 2008 est
705 1953 930 2007 historia
977 1968 1097 2022 qua:
1150 1960 1334 2006 narrat
1380 1955 1445 2007 de
1485 1953 1773 2008 Salomone
1823 1953 1933 2009 ﬁlio

352 2046 538 2111 David,
587 2046 854 2115 quomodo
883 2044 934 2098 ei
970 2044 1132 2109 Deus,
1182 2060 1280 2113 Per
1327 2046 1593 2098 visionem
1645 2059 1928 2114 apparens,

355 2134 626 2190 concessit
650 2143 709 2188 ut
735 2143 943 2204 peteret
971 2136 1040 2190 ab
1064 2149 1129 2188 eo
1157 2136 1299 2204 quod
1333 2135 1496 2189 vellet
1520 2152 1533 2199 ;
1576 2135 1664 2204 qui
1692 2149 1812 2189 cum
1838 2149 1933 2188 cor

354 2227 579 2282 docibile
613 2227 716 2281 sibi
748 2227 861 2282 dari
903 2227 1257 2296 postulasset,
1298 2236 1358 2280 ut
1402 2228 1710 2281 discernere
1751 2235 1932 2296 posset

356 2315 499 2369 inter
529 2316 730 2369 bonum
755 2324 810 2369 et
835 2315 1055 2380 malum,
1091 2329 1154 2369 ac
1173 2315 1320 2384 justo
1340 2315 1541 2386 judicio
1562 2315 1812 2385 populum
1835 2316 1930 2370 Dei

350 2405 592 2475 judicare
615 2405 735 2475 (ΙΙΙ
762 2405 889 2475 Reg.
918 2406 1022 2479 in),
1045 2407 1244 2477 placuit
1266 2422 1444 2461 sermo
1465 2422 1645 2461 coram
1679 2407 1929 2472 Domino,

357 2507 413 2551 et
456 2496 603 2551 dedit
639 2497 714 2551 illi
749 2513 845 2551 cor
867 2497 1079 2566 sapiens
1103 2507 1157 2551 et
1189 2497 1513 2565 intelligens,
1559 2499 1611 2551 in
1643 2505 1849 2551 tantum
1872 2508 1931 2552 ut

359 2586 535 2640 nullus
563 2596 686 2641 ante
708 2602 765 2641 se
786 2587 834 2641 ei
865 2586 1055 2641 similis
1102 2586 1283 2653 fuerit,
1318 2602 1417 2642 nec
1443 2594 1628 2655 postea
1657 2598 1931 2642 surrectu-

358 2694 451 2733 rus
480 2680 568 2733 sit.
597 2679 822 2749 Insuper
845 2694 1060 2748 quoque
1095 2678 1241 2732 dedit
1267 2679 1339 2732 illi
1371 2680 1583 2733 divitias
1608 2688 1663 2733 et
1683 2680 1926 2749 gloriam,

358 2779 418 2823 ut
464 2785 622 2824 nemo
664 2769 825 2823 fuerit
873 2768 1063 2823 similis
1094 2769 1142 2822 ei
1172 2769 1222 2821 in
1279 2768 1493 2838 regibus
1534 2769 1744 2823 eunetis
1786 2779 1930 2824 retro

360 2861 569 2926 diebus,
619 2861 874 2930 deditque
924 2860 999 2914 illi
1050 2875 1235 2930 pacem
1279 2861 1516 2929 undique
1562 2859 1630 2914 ab
1686 2861 1930 2917 hostibus

360 2952 492 3005 suis.
544 2950 694 3006 Unde
734 2950 1061 3021 divulgatum
1104 2958 1186 3005 est
1227 2965 1422 3006 nomen
1464 2951 1580 3020 ejus
1621 2951 1689 3006 ad
1725 2951 1926 3006 insulas

361 3040 539 3111 longe,
566 3049 621 3094 et
643 3040 871 3095 dilectus
918 3048 1003 3095 est
1048 3041 1100 3094 in
1149 3055 1282 3110 pace
1329 3055 1449 3106 sua,
1490 3042 1615 3111 quia
1653 3042 1940 3098 rediﬁcavit

366 3133 621 3203 templum
666 3131 894 3187 Domino
922 3132 1152 3188 miriﬁco
1172 3146 1351 3202 opere,
1380 3140 1439 3187 et
1462 3140 1714 3187 cantores
1740 3134 1940 3188 consti-

365 3225 486 3289 tuit,
527 3223 931 3293 cantilenasque
973 3224 1260 3293 disposuit,
1306 3224 1382 3277 ita
1424 3232 1481 3277 ut
1521 3225 1801 3294 proverbia
1847 3238 1937 3278 sa-

363 3307 576 3384 pienter
606 3315 812 3377 ederet,
850 3321 905 3368 et
931 3313 1366 3385 comparationes
1391 3314 1941 3382 et-iuterpretationes

363 3404 641 3459 conderet.
686 3403 763 3457 De
812 3418 920 3472 quo
969 3402 1248 3472 Scriptura
1294 3404 1366 3457 ita
1398 3413 1622 3455 narrat:
1658 3421 1677 3452 ι
1706 3402 1941 3457 Locutus

371 3512 390 3545 α
416 3502 503 3548 est
525 3508 741 3563 quoque
780 3491 1033 3547 Salomon
1087 3492 1188 3545 tria
1228 3492 1394 3545 millia
1422 3492 1721 3560 parabolas,
1750 3501 1802 3546 et
1833 3493 1942 3547 ﬁve-

369 3604 390 3635 ι
418 3595 546 3640 runt
584 3585 825 3641 carmina
870 3585 986 3654 ejus
1034 3585 1270 3653 quinque
1312 3584 1512 3647 miilia,
1556 3592 1613 3639 et
1654 3585 1944 3655 dispptavit

372 3693 391 3726 ι
424 3691 586 3746 super
630 3676 790 3747 lignis
819 3690 848 3729 a
878 3675 1069 3739 Cedro,
1100 3675 1190 3745 qui
1217 3676 1377 3729 estin
1402 3674 1630 3738 Libano,
1678 3691 1847 3744 usque
1875 3676 1943 3729 ad

373 3785 394 3818 ε
424 3768 687 3838 hysopum
724 3766 818 3837 qui
838 3765 1123 3836 egreditur
1145 3765 1211 3819 de
1237 3765 1475 3833 pariete;
1508 3772 1562 3818 et
1592 3764 1846 3819 disseruit
1876 3766 1943 3821 de

370 3876 389 3908 ι
415 3856 695 3925 jumentis,
726 3866 782 3912 et
805 3856 1135 3920 volucribus,
1164 3864 1218 3911 et
1242 3856 1542 3925 reptiiibus,
1578 3866 1633 3910 et
1663 3857 1938 3926 piscibus;

371 3968 390 3999 ι
419 3958 475 4002 et
505 3949 791 4002 veniebant
819 3949 886 4002 de
911 3947 1121 4001 cunctis
1162 3947 1372 4017 populis
1397 3946 1464 4000 ad
1506 3946 1826 4003 audiendam
1857 3963 1944 4003 sa-

372 4056 391 4087 σ
422 4038 682 4107 pientiam
716 4035 1044 4101 Salomonis,
1074 4038 1218 4091 etab
1243 4037 1510 4094 universis
1541 4038 1759 4109 regibus
1790 4026 1965 4093 terra}-

372 4149 390 4179 ι
425 4130 518 4198 qui
568 4129 860 4183 audiebant
901 4128 1218 4198 sapientiam
1258 4127 1378 4198 ejus
1432 4128 1561 4201 (III
1599 4129 1727 4201 Reg.
1780 4130 1886 4202 iv).
1921 4151 1940 4183 ι

366 4220 477 4273 Sed
535 4219 661 4289 quia
721 4226 905 4287 postea
963 4233 1087 4272 cum
1137 4216 1252 4287 jam
1302 4233 1463 4274 senet
1516 4228 1699 4287 esset,
1756 4221 1947 4292 depra-

364 4317 554 4362 vatum
618 4317 700 4363 est
739 4323 836 4378 per
876 4308 1132 4365 mulieres
1178 4324 1273 4364 cor
1313 4307 1452 4377 ejus,
1508 4318 1569 4363 ut
1630 4318 1947 4380 sequeretur

2032 1767 2122 1836 qui
2151 1769 2202 1819 in
2239 1767 2467 1821 cirCuitu
2491 1769 2608 1836 ejus
2627 1781 2746 1824 sunt
2773 1770 2949 1837 (Psal.
2977 1785 3268 1837 Lxxxvttt).
3300 1791 3315 1822 ι
3345 1771 3405 1824 Et
3434 1771 3560 1823 item
3588 1788 3604 1827 :

2038 1877 2057 1910 ι
2092 1860 2320 1918 Magnus
2339 1860 2602 1917 Dominus
2632 1872 2842 1932 noster,
2873 1872 2927 1917 et
2959 1878 3152 1933 magna
3190 1864 3361 1917 virtus
3393 1863 3532 1929 ejtts.
3556 1876 3609 1918 et

2034 1951 2313 2019 sapientire
2336 1954 2451 2018 ejus
2475 1970 2581 2007 non
2604 1963 2685 2010 est
2709 1969 2965 2011 numerus
2990 1955 3163 2022 (Paul.
3182 1956 3386 2026 cvm).
3410 1976 3429 2008 ι
3454 1954 3610 2011 Unde

2032 2041 2340 2099 etJoannes
2366 2045 2496 2098 dicit
2529 2063 2545 2097 :
2581 2063 2600 2096 ε
2629 2044 2692 2098 Et
2715 2046 3196 2115 vidimnsgloriam
3226 2049 3608 2117 ejus,gloriam

2030 2127 2183 2195 quasi
2227 2126 2486 2196 unigeniti
2520 2141 2551 2180 a
2582 2126 2771 2187 Patre,
2815 2127 3033 2196 plenum
3077 2128 3248 2198 gratia
3286 2139 3341 2183 et
3386 2132 3612 2184 veritate

2031 2216 2223 2287 (Joan.
2279 2217 2350 2286 ι).
2384 2237 2403 2267 ι
2462 2217 2529 2270 Ει
2584 2216 2837 2271 universa
2903 2226 3043 2271 terra
3103 2218 3378 2273 desiderat
3428 2220 3613 2275 videre

2030 2307 2232 2362 vultum
2264 2308 2404 2378 regis
2431 2309 2616 2367 nostri,
2646 2309 2774 2377 quia
2813 2309 3062 2363 universa
3107 2309 3348 2364 Ecclesia
3394 2320 3611 2367 sancto-

2032 2415 2151 2453 rum
2200 2400 2302 2453 hoc
2353 2398 2687 2454 solummodo
2732 2400 2971 2469 appetit,
3024 2409 3083 2453 ut
3137 2401 3203 2456 ad
3252 2411 3605 2471 conspectum

2029 2494 2211 2564 gloria:
2245 2495 2362 2564 ejus
2392 2494 2687 2563 perveniat.
2719 2492 2817 2548 Cui
2862 2510 2957 2562 per
2994 2494 3318 2563 Pruphetam
3365 2496 3566 2551 dicitur
3596 2512 3609 2549 :

2036 2602 2054 2634 ι
2087 2583 2206 2637 Tibi
2245 2583 2381 2636 dixit
2417 2598 2510 2637 cor
2540 2598 2738 2643 meum,
2768 2583 2987 2651 qumsivi
3028 2583 3233 2638 vultum
3274 2592 3446 2650 tuum,
3493 2586 3611 2639 vul-

2030 2682 2140 2728 tum
2164 2680 2336 2736 tuum,
2362 2673 2605 2734 Domine,
2634 2674 2903 2742 requiram
2921 2672 3092 2745 (Psal.
3112 2676 3281 2745 xxvi).
3306 2695 3324 2728 ι
3350 2677 3416 2731 Et
3446 2677 3574 2735 alibi
3597 2715 3611 2749 ε

2035 2782 2054 2815 ι
2086 2762 2239 2818 Sicut
2282 2778 2510 2827 cervus,
2557 2763 2753 2833 inquit,
2805 2764 3076 2819 desiderat
3121 2765 3188 2818 ad
3232 2765 3411 2821 fontes
3456 2782 3620 2835 aqua_

2028 2869 2166 2917 rum,
2205 2853 2280 2907 ita
2324 2854 2595 2908 desiderat
2643 2854 2821 2908 anima
2866 2869 2987 2908 mea
3030 2854 3100 2909 ad
3140 2842 3215 2919 te,
3250 2855 3395 2910 Deus
3436 2854 3611 2926 (Psal.

2026 2944 2159 3017 xu).
2191 2963 2210 2997 ›
2245 2945 2313 2999 Et
2348 2945 2543 3016 Singuli
2593 2945 2842 3000 defemnt
2884 2946 2935 3001 ei
2980 2961 3223 3012 munera,
3274 2949 3398 3002 dum
3448 2965 3616 3005 unus-

1960 3039 2013 3098 ϐ
2038 3038 2271 3108 quisque
2308 3038 2603 3093 secundum
2642 3038 2696 3093 id
2726 3038 2870 3108 quod
2902 3039 3043 3093 vires
3068 3040 3171 3095 sibi
3204 3049 3512 3110 suppetunt,
3565 3042 3619 3096 in

2042 3129 2209 3183 verbo
2238 3142 2333 3182 seu
2383 3127 2541 3182 factis
2588 3129 2907 3198 obsequium
2958 3131 3138 3184 studet
3181 3141 3441 3199 praestare
3486 3133 3616 3187 Deo.

2042 3222 2161 3277 Jam
2198 3238 2361 3293 porro
2397 3224 2465 3278 de
2504 3222 2717 3278 caeteris
2757 3223 3010 3292 operibus
3056 3223 3360 3278 Salomonis
3383 3225 3510 3293 quid
3541 3226 3621 3278 di-

2044 3314 2209 3368 cam?
2263 3330 2424 3384 quem
2476 3314 2822 3368 vehementer
2870 3314 3049 3383 arguit
3095 3320 3281 3367 sancta
3340 3313 3623 3383 Scriptura

2044 3411 2207 3473 atque
2237 3405 2579 3465 condemnat,
2610 3403 2852 3471 nihilque
2883 3395 2949 3457 de
2973 3404 3288 3472 paenitentia
3318 3402 3433 3471 ejus
3462 3405 3543 3458 vel
3570 3404 3623 3457 in

2042 3508 2166 3547 eum
2202 3492 2531 3562 indulgentia
2564 3492 2659 3545 Dei
2691 3491 2912 3546 omnino
2953 3500 3623 3561 couunemorat;apparet

2044 3584 2188 3637 enim
2215 3584 2269 3636 in
2289 3597 2521 3653 persona
2550 3580 2855 3636 Salomonis
2882 3581 3015 3635 mira
3041 3567 3382 3646 excellentia,
3408 3593 3460 3635 et
3483 3584 3619 3636 mira

2046 3673 2367 3728 submersio.
2421 3671 2573 3738 Quod
2612 3672 2778 3742 igitur
2804 3672 2858 3725 in
2896 3671 2986 3725 illo
3027 3672 3252 3726 diversis
3293 3673 3623 3741 temporibus

2045 3763 2278 3827 exstitit,
2320 3762 2474 3833 prius
2517 3764 2824 3827 l:onum,.et
2854 3762 3125 3830 posterius
3173 3762 3393 3823 malum,
3435 3763 3622 3817 hocin

2048 3854 2287 3908 Ecclesia
2317 3854 2369 3907 in
2398 3855 2504 3908 isto
2550 3853 2725 3908 adhuc
2773 3852 2970 3907 saeculo
3014 3852 3173 3907 simul
3221 3868 3329 3907 uno
3380 3862 3620 3924 tempore

2047 3944 2370 3999 ostenditur.
2426 3942 2561 3997 Nam
2602 3958 2700 4014 per
2737 3943 2876 3997 bona
2930 3943 3094 4009 illius,
3140 3945 3311 3999 bonos
3349 3945 3618 4011 Ecclesiae,

2049 4050 2146 4106 per
2191 4037 2331 4091 mala
2379 4046 2557 4092 autem
2606 4038 2768 4103 illius,
2812 4038 2984 4092 malos
3028 4038 3281 4093 Ecclesiae
3329 4040 3623 4108 signiﬁcari

2045 4134 2196 4196 puto,
2233 4134 2491 4195 tanquam
2538 4128 2591 4179 in
2625 4127 2834 4182 unitate
2878 4128 3037 4182 unius
3080 4143 3219 4182 arae
3246 4146 3258 4181 :
3289 4128 3426 4182 sicut
3454 4129 3504 4182 iu
3536 4131 3624 4183 illo

2049 4232 2157 4271 uno
2185 4218 2400 4273 homine
2430 4219 2600 4272 bonos
2630 4219 2681 4273 in
2713 4219 2918 4288 grauis,
2953 4219 3123 4273 malos
3150 4219 3201 4272 in
3228 4218 3415 4287 paleis,
3445 4230 3538 4273 aut
3572 4221 3623 4275 in

2049 4307 2256 4362 unitate
2301 4308 2459 4362 unius
2502 4309 2722 4378 segetis,
2767 4309 2937 4363 bonos
2982 4311 3034 4362 in
3087 4309 3296 4373 tritico,
3352 4309 3521 4363 malos
3568 4312 3625 4365 iu

366 4398 498 4451 deos
556 4396 796 4463 alienos,
851 4412 950 4453 nec
1000 4406 1116 4452 erat
1163 4413 1259 4453 cor
1301 4398 1417 4467 ejus
1465 4399 1765 4469 perfectum
1822 4417 1946 4455 cum
1977 4417 2023 4477 ι)
2050 4400 2273 4454 zizaniis
2301 4415 2586 4470 expressos
2608 4416 2727 4456 esse
2756 4402 3036 4455 sentimus.

366 4486 601 4541 Domino
653 4487 764 4541 Deo
816 4501 951 4552 suo,
1008 4488 1150 4543 sicut
1198 4486 1373 4543 fuerat
1421 4503 1515 4544 cor
1564 4488 1733 4546 David
1777 4492 1950 4560 patris

366 4577 507 4645 ejus.
532 4577 706 4631 Iratus
721 4577 981 4633 Dominus
1000 4578 1340 4648 disrumpens
1360 4580 1518 4636 scidit
1541 4596 1765 4652 regnum
1788 4583 1949 4647 illius,

367 4679 424 4722 et
448 4667 571 4723 ﬁliis
599 4669 711 4723 suis
740 4668 861 4723 tulit
884 4678 1201 4739 potestatem
1229 4711 1243 4735 ,
1294 4680 1354 4726 ut
1394 4688 1498 4727 non
1548 4674 1952 4729 dominarentur

366 4774 533 4828 super
576 4757 748 4814 totum
787 4759 972 4824 Israel,
1007 4760 1101 4815 sed
1145 4770 1354 4816 tantum
1401 4777 1566 4832 super
1595 4764 1730 4819 duas
1756 4766 1947 4831 tribus,

367 4851 472 4903 hoc
498 4858 603 4915 est,
630 4837 765 4904 Iuda
808 4859 866 4905 et
910 4850 1210 4920 Benjamin.
1251 4850 1473 4922 Mystice
1503 4853 1643 4907 idem
1673 4854 1946 4920 Salomon,

365 4941 463 5010 qui
515 4941 905 5011 interpretatur
949 4942 1228 5012 paciﬁcus,
1271 4944 1325 4998 in
1372 4945 1592 5000 nomine
1619 4947 1748 5000 etin
1777 4946 1947 5015 pluri-

367 5034 473 5085 bus
499 5032 753 5100 operibus
797 5033 911 5088 suis
950 5032 1218 5104 signiﬁcat
1257 5049 1437 5103 regem
1482 5044 1726 5089 nostrum
1768 5036 1951 5107 paciﬁ-

365 5139 518 5186 cum,
544 5124 609 5177 de
640 5138 747 5192 quo
780 5123 1042 5194 Propheta
1084 5124 1162 5180 ait
1190 5142 1204 5177 :
1242 5142 1261 5175 ι
1281 5122 1497 5179 Orietur
1529 5126 1583 5179 iu
1610 5125 1799 5181 diebus
1831 5125 1948 5194 ejus

359 5213 580 5281 justitia
606 5221 661 5268 et
690 5215 1017 5270 abundantia
1068 5215 1241 5284 pacis,
1286 5214 1454 5270 donec
1488 5215 1780 5270 extollatur
1826 5216 1951 5271 luna

369 5301 550 5372 (Psal.
594 5304 763 5377 Lm).
790 5326 808 5357 ›
838 5307 914 5362 De
941 5322 1047 5376 quo
1076 5306 1213 5361 alius
1243 5308 1502 5376 propheta
1539 5308 1668 5362 dicit
1699 5326 1711 5361 :
1744 5329 1761 5360 ι
1782 5309 1955 5363 Multi-

371 5396 670 5466 plicabitur
703 5398 819 5467 ejus
861 5398 1163 5466 imperium,
1188 5407 1243 5451 et
1270 5398 1418 5468 pacis
1444 5414 1549 5453 non
1579 5401 1683 5453 erit
1713 5399 1835 5455 ﬁnis
1860 5417 1953 5455 su-

372 5503 478 5557 per
504 5488 695 5543 solium
727 5489 892 5544 David
920 5498 974 5545 et
1002 5505 1164 5560 super
1179 5506 1407 5566 regnum
1430 5491 1569 5560 ejus,
1595 5500 1654 5544 ut
1673 5494 1956 5547 conﬁrmet

372 5576 508 5632 iiiud
549 5579 600 5633 in
635 5577 839 5647 judicio
864 5589 917 5634 et
938 5577 1148 5649 justitia
1175 5582 1367 5636 amodo
1395 5590 1450 5635 et
1476 5597 1646 5652 usque
1677 5584 1728 5637 iu
1759 5584 1957 5651 sempi-

742 5672 1017 5732 PATIIOL.
1065 5670 1221 5732 CIX.

2634 4513 2859 4569 CAPUT
2899 4514 3034 4568 XVI.

2437 4585 2513 4639 De
2552 4584 2782 4639 Roboam
2819 4596 2864 4638 et
2894 4584 3229 4640 Ilieroboam.

2129 4695 2146 4726 ι
2184 4674 2374 4730 Finem
2424 4676 2609 4730 habuit
2654 4675 2906 4730 Salomon
2950 4692 3070 4730 eum
3112 4677 3356 4745 patribus
3395 4679 3526 4742 suis,
3575 4690 3624 4733 et

2059 4784 2079 4816 ‹
2113 4766 2331 4834 reliquit
2359 4775 2479 4834 post
2506 4781 2564 4821 se
2595 4766 2661 4820 de
2691 4767 2895 4821 semine
2923 4782 3018 4821 suo
3044 4768 3189 4837 genti
3226 4768 3529 4824 stultitiam.
3564 4771 3629 4824 Et

2062 4872 2082 4904 ‹
2119 4855 2458 4909 imminutum
2486 4871 2516 4908 a
2544 4855 2822 4924 prudentia
2857 4855 3121 4920 Roboam,
3159 4857 3252 4927 qui
3279 4859 3478 4913 avertit
3497 4875 3629 4930 gen-

2064 4962 2083 4994 ι
2118 4955 2226 4998 tem
2271 4946 2498 5000 consilio
2548 4961 2666 5000 suo.
2711 4965 2728 4997 ι
2775 4945 2943 5014 Hujus
2982 4948 3087 5003 loci
3116 4963 3333 5004 sensum
3377 4952 3627 5006 edisserit

2058 5034 2282 5089 historia
2311 5034 2538 5106 Regum,
2569 5052 2687 5106 quae
2712 5048 2898 5093 narrat
2933 5040 3074 5108 quod
3105 5025 3355 5096 Roboam'
3369 5042 3508 5097 ﬁlius
3531 5043 3627 5097 Sa-

2055 5124 2284 5180 lomonis
2331 5126 2518 5181 relicto
2568 5127 2685 5181 utili
2734 5128 3004 5182 seniorum
3054 5131 3297 5195 consilio,
3348 5132 3625 5187 consilium

2056 5216 2174 5270 iniit
2197 5232 2320 5271 cum
2356 5218 2537 5287 pueris
2570 5218 2764 5274 cetevis
2789 5220 2904 5274 suis
2924 5262 2938 5283 ,
2973 5229 3029 5275 et
3059 5236 3154 5290 per
3180 5223 3371 5276 durum
3403 5235 3626 5289 respon-

2055 5324 2174 5363 sum
2227 5325 2334 5378 quo
2380 5312 2653 5380 respondit
2696 5312 2894 5381 populo
2917 5352 2931 5377 ,
2964 5314 3191 5367 dicens:
3227 5331 3245 5362 ι
3282 5311 3441 5364 Pater
3476 5327 3630 5364 meus

2055 5399 2235 5467 posuit
2266 5415 2428 5470 super
2473 5417 2570 5457 vos
2609 5403 2795 5472 jugum
2841 5418 3036 5473 grave;
3086 5417 3185 5471 ego
3223 5410 3400 5454 autem
3433 5400 3626 5453 addam

2058 5504 2220 5561 super
2255 5492 2440 5567 jugum
2480 5506 2735 5549 vestrum.
2780 5495 2939 5549 Pater
2979 5508 3128 5547 meus
3172 5492 3367 5547 cecidit
3408 5506 3500 5544 vos
3536 5492 3624 5546 lla-

2058 5584 2231 5652 gellis,
2260 5601 2358 5654 ego
2382 5594 2558 5638 autem
2588 5587 2788 5640 cmdam
2817 5602 2910 5640 vos
2940 5582 3312 5652 scorpionibus
3339 5598 3355 5636 :
3388 5584 3627 5639 irritatus
