3928 6168
335 298 479 356 1099

334 414 564 489 populus
608 407 825 479 reliquit
853 406 1070 459 domum
1116 400 1225 452 Dav

340 475 510 562 liii-unt
566 475 771 557 Nabath
823 491 941 566 (HI
996 489 1125 559 Reg.
1178 487 1296 558 xu).
1358 504 1376 535 ι
1434 481 1624 537 Omnis
1666 475 1920 530 videlicet

326 594 506 653 .Israel
554 587 795 658 exceptis
824 584 1030 641 duabus
1067 578 1333 636 tribubus,
1368 576 1471 629 hoc
1518 578 1634 635 est,
1684 566 1820 622 Juda
1867 573 1923 619 et

322 682 645 757 Benjamin,
686 656 873 733 decem
925 681 1104 727 autem
1156 669 1332 724 tribus
1361 664 1581 719 fuerunt
1623 659 1722 715 sub
1769 656 1923 712 Jero-

332 782 519 837 beam.
553 775 630 830 De
652 786 759 844 quo
783 766 1155 838 subiungitur:

418 890 438 925 ι
480 871 550 926 Et
592 866 879 925 Jeroboam
918 861 1087 915 ﬁlium
1123 853 1330 911 Nabatb
1381 850 1473 921 qui
1522 847 1648 901 fecit
1696 853 1923 915 peccare

328 983 367 1016 4
400 961 599 1028 Israel,
628 966 685 1015 et
712 956 862 1012 dedit
906 949 1163 1021 Ephraim
1208 946 1351 1000 viam
1382 937 1658 1012 peccandi.
1703 935 1772 990 Et
1808 932 1928 1028 plu-

328 1076 367 1109 «r
403 1057 544 1112 rima
570 1026 1005 1107 redundaverunt
1028 1048 1253 1112 peccata
1292 1038 1554 1106 ipsorum,
1587 1028 1743 1084 valde
1779 1026 1925 1081 enim

354 1168 370 1203 π
407 1150 719 1204 averterunt
754 1140 875 1196 illos
907 1137 974 1192 de
1007 1143 1152 1190 terra
1201 1145 1329 1196 sua,
1371 1135 1425 1183 et
1462 1121 1710 1194 qumsivit
1737 1130 1928 1173 omnes

352 1261 371 1294 ι
404 1237 675 1309 nequitias
703 1246 874 1301 usque
901 1228 1031 1283 dum
1060 1221 1373 1295 perveniret
1414 1216 1481 1270 ad
1513 1213 1632 1269 illos
1659 1207 1924 1309 defensio.

350 1349 371 1384 ι
410 1330 476 1385 Et
493 1297 583 1383 .ab
622 1297 873 1380 omnibus
914 1314 1150 1389 peccatis
1185 1308 1436 1366 liberavit
1461 1320 1574 1361 eos.
1627 1323 1644 1354 ι
1679 1301 1745 1354 Et
1778 1297 1932 1389 Iere—

326 1424 530 1485 ‘boam,
580 1414 785 1486 inquit,
837 1387 1005 1463 ﬁlium
1047 1403 1286 1465 Nabatb,
1332 1395 1674 1457 subauditur,
1723 1387 1930 1486 reliquit

327 1520 463 1586 «post
493 1480 569 1576 se,
600 1480 692 1577 qui
720 1516 948 1575 peccare
974 1497 1101 1554 fecit
1130 1492 1297 1550 Israel
1329 1491 1382 1545 in
1409 1487 1673 1543 idolorum
1699 1480 1929 1586 cultura,

349 1570 477 1676 quia
517 1570 782 1658 reveritus
821 1594 962 1664 quod
989 1588 1218 1662 populus
1250 1584 1371 1649 Dei,
1423 1581 1468 1637 si
1517 1575 1835 1676 ascenderet
1875 1570 1931 1625 in

353 1666 687 1752 IIierusalem
711 1688 905 1745 offerre
931 1679 1194 1739 sacriﬁcia
1224 1678 1278 1731 in
1301 1675 1461 1729 domo
1482 1666 1717 1731 Domini,
1744 1677 1928 1752 rever-

328 1750 560 1843 ‘teretur
589 1782 655 1837 ad
685 1781 903 1835 domum
938 1770 1137 1832 David,
1170 1764 1475 1832 excogitato
1505 1755 1731 1814 consilio
1754 1795 1769 1818 ,
1804 1750 1934 1806 fecit

328 1883 487 1936 -duos
537 1873 736 1930 vitulos
777 1882 990 1929 aureos,
1039 1868 1095 1918 et
1137 1859 1274 1914 dixit
1319 1855 1399 1910 eis
1437 1871 1450 1906 :
1498 1869 1516 1902 ι
1567 1848 1744 1904 Nolite
1788 1844 1933 1936 ultra

354 1965 649 2035 ascendere
697 1955 1055 2016 Hierusalem.
1086 1950 1226 2005 Ecce
1267 1946 1339 2002 dii
1379 1943 1480 2007 tui,
1513 1938 1701 2002 Israel,
1742 1935 1834 2005 qui
1884 1942 1936 1989 te

353 2032 655 2117 eduxerunt
680 2052 746 2106 de
776 2058 921 2103 terra
952 2040 1193 2114 Egypti,
1225 2036 1510 2108 posuitque
1546 2046 1712 2087 unum
1751 2029 1804 2083 in
1839 2028 1937 2080 Be-

357 2148 490 2213 thel,
518 2152 575 2200 et
610 2142 838 2197 alterum
880 2138 935 2191 in
964 2134 1111 2198 Dan;
1151 2137 1206 2185 et
1235 2128 1436 2184 factum
1462 2130 1546 2180 est
1573 2121 1794 2176 verbum
1832 2119 1938 2173 hoc

355 2240 409 2295 in
446 2210 765 2308 peccatum;
808 2230 920 2283 ibat
951 2225 1094 2282 enim
1123 2218 1355 2293 p0pnlus
1394 2217 1462 2272 ad
1493 2213 1824 2270 adorandum
1855 2210 1940 2264 vi-

344 2306 529 2385 tulum
553 2338 723 2393 usque
755 2321 806 2375 in
836 2318 975 2383 Dan,
1002 2324 1059 2371 et
1085 2312 1215 2368 fecit
1244 2310 1367 2365 fana
1400 2309 1455 2363 in
1484 2306 1736 2370 excelsis,
1769 2312 1823 2358 et
1851 2318 1941 2357 sa-

334 2418 604 2476 cerdotes
632 2392 697 2469 de
738 2407 999 2467 extremis
1025 2402 1225 2476 populi,
1266 2400 1358 2471 qui
1389 2414 1500 2454 non
1540 2403 1695 2451 erant
1716 2394 1786 2449 de
1817 2392 1942 2448 ﬁliis

344 2507 505 2564 Levi.
527 2501 928 2569 Constituitque
948 2496 1089 2551 diem
1112 2492 1410 2549 solemnem
1432 2489 1485 2543 in
1513 2501 1700 2543 mense
1726 2493 1940 2547 octavo,

335 2592 756 2668 cquintadeeinia
783 2589 869 2644 die
892 2584 1094 2641 mensis
1114 2623 1129 2648 ,
1165 2581 1219 2635 in
1247 2577 1658 2635 similitudinem
1689 2571 1944 2629 solemni-

346 2661 486 2744 ‘tatis
511 2698 631 2756 qum
657 2678 965 2737 celebratur
988 2675 1043 2729 in
1073 2670 1232 2738 Iuda,
1259 2679 1315 2725 et
1339 2667 1516 2724 erexit
1543 2665 1714 2720 altare
1747 2661 1942 2718 simili-

344 2789 447 2835 ‘ter
490 2752 547 2830 in
583 2768 771 2828 Bethel
791 2809 806 2834 ,
837 2773 899 2821 ut
934 2762 1242 2820 immolaret
1264 2758 1451 2814 vitulis
1478 2771 1615 2827 quos
1646 2752 1947 2809 fabricatus

360 2875 497 2924 erat.
532 2861 932 2929 Constituitque
962 2856 1017 2911 in
1044 2852 1235 2909 Bethel
1263 2850 1572 2907 sacerdotes
1606 2844 1946 2902 excelsorum

250 3026 253 3029 _
338 2973 483 3031 quae
509 2955 729 3018 fecerat,
758 2957 815 3006 et
846 2944 1091 3003 ascendit
1118 2957 1283 3014 super
1306 2939 1477 2995 altare
1498 2936 1642 3008 quod
1666 2943 1948 2990 exstruxe-

352 3026 450 3104 rat
472 3047 528 3102 in
554 3041 741 3099 Bethel
768 3035 1168 3109 quintadecima
1196 3031 1287 3087 die
1314 3030 1519 3085 mensis
1547 3026 1758 3090 octavi,
1785 3034 1945 3093 quem

1022 285 1080 339 Β.
1124 276 1375 337 RABANI
1415 272 1629 329 MAURI
1671 262 1992 324 ARCHIEP.
2037 254 2348 313 MOGUNT.
2387 249 2673 311 OPEIlIiM
2712 247 2892 305 PARS
2932 247 2974 303 I.

3478 248 3622 304 “00

1231 395 1312 460 id,
1347 404 1401 449 et
1436 390 1597 460 elegit
1625 385 1912 441 Jeroboam
1946 388 1988 442 Α
2020 372 2359 430 mnltituline
2378 370 2479 425 sibi
2503 366 2942 439 obsequentium,
2966 380 3066 421 nec
3086 375 3265 420 tamen
3288 366 3620 438 condignam

2027 464 2226 518 habent
2262 458 2678 516 sollicitudinem
2715 455 2815 510 sibi
2856 455 3295 510 commissorum.
3334 454 3619 527 Interpre-

2027 563 2172 609 tatur
2207 561 2386 608 autem
2420 549 2663 604 Boboam
2692 547 2921 602 latitudo
2956 547 3168 618 populi;
3214 556 3270 603 et
3311 547 3453 604 bene
3497 549 3626 604 lati-

2026 645 2155 700 tudo
2180 642 2363 713 populi
2412 639 2678 696 nominari
2708 647 2970 710 possunt,
3003 639 3095 708 qui
3125 638 3289 693 latam
3322 649 3377 694 et
3416 642 3623 711 spatio-

2026 750 2142 790 sam
2190 734 2335 787 viam
2367 730 2715 803 gradientes,
2768 744 2865 798 per
2901 743 3064 798 quam
3106 727 3261 781 multi
3303 726 3511 783 vadunt
3556 731 3625 785 ad

2026 834 2257 881 mortem
2277 865 2291 890 ,
2334 832 2619 895 angustam
2649 821 2819 884 viam,
2863 836 2983 891 qua:
3016 836 3312 891 paucorum
3337 829 3443 887 est,
3470 829 3529 875 et
3556 820 3627 875 ad

2027 926 2284 974 aeternam
2326 918 2493 971 vitam
2539 915 2711 979 ducit,
2763 913 2968 984 ingredi
3018 914 3358 978 detrectant;
3384 913 3631 968 relicto-

2029 1026 2134 1081 que
2182 1017 2497 1065 sanctorum
2544 1013 2761 1077 patrum
2802 1004 3050 1070 consilio,
3104 1019 3335 1075 quorum
3376 1003 3524 1059 dicta
3572 979 3648 1058 et.

2029 1101 2274 1172 exempla
2316 1100 2386 1154 ad
2422 1097 2800 1154 celsitudinem
2842 1097 3071 1151 tendunt
3114 1094 3481 1166 perfectionis,
3527 1095 3630 1150 eli-

2030 1205 2162 1269 gunt
2183 1196 2442 1267 juvenum
2466 1192 2846 1261 obtemperare
2876 1190 3158 1260 przeceptis
3183 1230 3199 1254 ,
3237 1188 3343 1243 hoc
3371 1198 3456 1243 est
3477 1229 3492 1252 ,
3531 1204 3629 1243 eo-

2031 1303 2151 1343 rum
2184 1286 2275 1356 qui
2320 1284 2650 1356 juvenilibus
2693 1282 2979 1338 desideriis
3014 1281 3326 1352 mancipati,
3373 1280 3627 1335 laudibus

2033 1378 2231 1447 iniquis
2273 1385 2330 1431 et
2370 1372 2771 1430 adulationibus
2813 1386 2908 1426 eos
2947 1378 3194 1442 gravant,
3246 1381 3303 1425 et
3351 1369 3413 1423 ﬁt
3446 1369 3501 1423 in
3546 1368 3629 1423 eis

2034 1467 2178 1537 quod
2205 1480 2303 1535 per
2329 1465 2649 1535 prophetam
2676 1461 2877 1518 dicitur
2907 1479 2923 1517 :
2961 1480 2980 1511 ι
3016 1460 3202 1528 Qualis
3225 1460 3479 1532 populus,
3505 1460 3630 1515 talis

2033 1564 2118 1611 est
2139 1563 2192 1611 et
2216 1554 2468 1617 sacerdos
2490 1550 2648 1624 (Isai.
2682 1550 2856 1621 xxiv).
2899 1569 2916 1602 ι
2948 1549 3150 1605 Omnes
3173 1550 3320 1604 enim
3347 1564 3377 1603 a
3402 1548 3628 1603 minimo

2032 1660 2204 1716 usque
2228 1645 2296 1701 ad
2328 1643 2623 1698 maximum
2661 1642 2904 1696 avaritiae
2932 1641 3188 1705 student,
3217 1649 3272 1695 et
3297 1641 3427 1695 caeci
3467 1639 3632 1695 czecis

1961 1773 2007 1831 Β
2035 1738 2291 1794 ducatum
2335 1736 2644 1806 praebentes
2690 1733 2747 1788 in
2797 1731 3009 1788 foveam
3056 1730 3380 1801 perditionis
3418 1730 3633 1800 pariter

2042 1828 2243 1884 cadunt
2275 1845 2289 1882 :
2315 1827 2513 1897 quibus
2551 1824 2912 1880 comminatur
2934 1823 3343 1893 sapientiamei,
3389 1823 3580 1878 dicens
3612 1841 3627 1875 :

2048 1936 2067 1970 ι
2100 1918 2194 1973 Vae
2225 1916 2323 1971 tibi
2354 1924 2523 1980 terra,
2553 1912 2704 1983 cujus
2746 1928 2842 1968 rex
2864 1920 2949 1967 est
2974 1926 3130 1982 puer,
3158 1920 3211 1966 et
3238 1910 3390 1980 cujus
3431 1913 3634 1981 princi-

2041 2023 2137 2079 pes
2154 2022 2315 2063 mane
2345 2006 2638 2061 comedunt
2664 2002 2891 2076 (Eccles.
2921 2001 2976 2075 x)
3010 2020 3023 2055 :
3065 2023 3084 2056 ι
3115 2012 3170 2058 et
3197 2018 3228 2058 e
3248 2005 3528 2058 contrario
3566 2004 3634 2059 de

2037 2109 2347 2158 sanctorum
2376 2099 2575 2182 populo
2614 2106 2671 2154 et
2713 2112 2843 2168 rege
2887 2112 3077 2153 eorum
3104 2097 3321 2153 Christo
3360 2098 3632 2153 laudando

2038 2192 2406 2262 subsequitur,
2432 2191 2622 2246 dicens
2656 2208 2669 2243 :
2707 2208 2725 2240 ι
2761 2189 2922 2244 Beata
2953 2196 3098 2243 terra
3125 2189 3279 2259 cujus
3301 2197 3386 2244 est
3413 2203 3512 2243 rex
3534 2206 3633 2244 no-

2040 2284 2184 2351 bilis,
2215 2292 2271 2339 et
2302 2281 2456 2351 cujus
2484 2281 2756 2351 principes
2782 2288 3079 2335 vescuntur
3105 2280 3161 2335 in
3198 2288 3442 2351 tempore
3479 2298 3581 2336 suo
3612 2299 3628 2335 :

2040 2374 2167 2444 quia
2242 2372 2424 2429 omnia
2499 2384 2836 2441 quaecunque
2911 2368 3102 2424 fecerit
3164 2371 3636 2440 prosperabuntur

2043 2460 2257 2537 (υἱώ).
2315 2481 2333 2514 ι
2379 2460 2667 2516 Jeroboam
2693 2474 2822 2515 vero
2858 2459 2951 2529 qui
2976 2459 3163 2515 decem
3192 2460 3370 2515 tribus
3401 2475 3435 2514 a
3473 2461 3638 2514 duino

2043 2553 2213 2609 David
2240 2559 2295 2608 et
2317 2568 2349 2607 a
2372 2550 2573 2621 templo
2610 2550 2705 2605 Dei
2736 2563 2994 2619 separans
3022 2549 3091 2603 ad
3119 2547 3483 2603 idololatriam
3506 2565 3638 2620 per-

2043 2645 2219 2711 duxit,
2246 2643 2518 2715 signiﬁcat
2548 2642 2855 2706 haereticos,
2887 2642 2979 2710 qui
3002 2641 3397 2697 dissensionem
3427 2651 3639 2707 amant,

2043 2745 2100 2794 et
2126 2736 2388 2792 unitatem
2426 2734 2550 2789 ﬁdei
2591 2732 2871 2788 catholica:
2911 2732 3205 2788 hmresibus
3247 2732 3527 2797 scindunt,
3566 2749 3632 2788 ac

2045 2825 2092 2881 si
2140 2824 2308 2879 cultui
2360 2822 2718 2894 malignorum
2769 2821 3060 2890 spirituum
3115 2821 3217 2875 sibi
3274 2822 3642 2893 obsequentes

2046 2916 2284 2971 tradunt.
2328 2914 2724 2985 Interpretatur
2764 2923 2945 2968 autem
2988 2912 3279 2969 Jeroboam
3329 2914 3643 2985 dijudicans

2045 3004 2319 3074 populum.
2345 3002 2480 3058 Nam
2504 3010 2560 3059 et
2584 3002 2825 3057 haeretici
2847 3002 3145 3072 dijudieare
3165 3002 3425 3072 populum
3452 3003 3643 3058 viden-

364 3140 597 3194 ﬁnxerat
631 3134 699 3190 de
734 3093 899 3187 cdrde
937 3142 1036 3183 suo
1059 3167 1074 3190 ,
1111 3133 1168 3180 et
1213 3122 1343 3178 fecit
1379 3119 1776 3176 solemnitatem
1821 3114 1945 3168 ﬁliis

2054 3107 2160 3164 tur,
2187 3112 2311 3153 cum
2339 3096 2545 3152 erroris
2571 3095 2655 3151 sui
2686 3110 2975 3165 sequacem
3002 3093 3207 3150 faciunt
3239 3113 3252 3148 :
3285 3094 3374 3149 cui
3402 3094 3482 3149 rei
3505 3094 3643 3149 bene

363 3229 552 3288 Israel.
596 3247 615 3280 ι
651 3223 822 3293 Hujus
850 3234 982 3291 ergo
1008 3216 1186 3273 scelus
1221 3211 1547 3267 inventionis
1570 3218 1683 3263 tam
1710 3208 1800 3263 diu
1826 3219 1949 3275 per-

362 3317 634 3378 severavit
663 3316 719 3370 in
754 3309 952 3383 populo
982 3308 1167 3363 decem
1209 3303 1468 3366 tribuum,
1520 3310 1802 3368 quousque
1846 3296 1953 3350 Do-

367 3412 549 3467 minus
589 3408 644 3462 in
672 3418 768 3459 eos
804 3398 1104 3457 transmisit
1128 3393 1440 3456 vindictam,
1473 3396 1530 3445 et
1565 3386 1831 3457 asportari
1873 3384 1951 3440 fe-

352 3504 446 3559 -cit
471 3502 526 3556 in
554 3495 830 3568 Assyrios.
856 3490 1008 3558 Quod
1036 3495 1218 3543 autem
1250 3482 1403 3547 dicit,
1434 3500 1452 3533 ί
1481 3494 1653 3550 usque
1674 3478 1801 3533 dum
1823 3491 1950 3545 per-

368 3590 580 3648 veniret
607 3565 675 3642 ad
703 3585 823 3641 illos
849 3579 1112 3645 defensio,
1152 3584 1208 3632 et
1236 3576 1304 3632 ab
1333 3570 1585 3628 omnibus
1612 3566 1852 3639 peccatis
1882 3565 1951 3619 li-

356 3677 581 3736 beravit
605 3657 740 3741 eos,
765 3692 785 3725 ι
818 3672 923 3727 hoc
949 3684 1057 3725 non
1084 3667 1247 3722 aliam
1275 3679 1399 3721 reor
1425 3661 1736 3735 signiﬁcare
1765 3657 1952 3714 defen-

356 3772 581 3829 sionem
632 3775 689 3824 et
734 3762 1111 3821 liberationem
1139 3800 1155 3826 ,
1206 3772 1366 3829 quam
1424 3752 1724 3811 Salvatoris
1776 3748 1953 3805 nostri

372 3860 680 3923 adventum,
731 3853 824 3924 qui
870 3851 939 3907 ad
966 3865 1025 3906 se
1070 3848 1302 3904 ﬁdeliter
1340 3858 1632 3901 conversos
1659 3849 1714 3897 et
1744 3839 1951 3911 baptis-

372 3956 517 4006 mate
561 3961 661 4003 suo
715 3943 928 3999 ablutos
977 3940 1046 3995 ab
1113 3937 1365 3995 omnibus
1401 3933 1643 4006 peccatis
1720 3932 1951 3996 liberat,

373 4049 432 4097 et
471 4041 540 4097 ab
574 4036 819 4095 hostibus
854 4031 1127 4089 universis
1175 4027 1436 4085 defendit.
1488 4025 1643 4081 Unde
1690 4023 1953 4093 scriptum

373 4140 459 4188 est
489 4145 505 4184 :
540 4148 559 4181 ι
596 4128 867 4197 Quotquot
908 4131 1087 4178 autem
1136 4125 1459 4189 receperunt
1495 4130 1641 4181 eum,
1678 4112 1829 4168 dedit
1874 4111 1955 4166 eis

373 4227 695 4293 potestatem
741 4216 878 4271 ﬁlios
906 4213 1003 4268 Dei
1031 4211 1146 4266 ﬁeri
1171 4250 1186 4276 ,
1232 4209 1325 4279 qui
1357 4223 1463 4263 non
1487 4219 1553 4260 ex
1581 4203 1953 4276 sanguinibus,

377 4325 554 4381 neque
586 4323 653 4364 ex
673 4306 950 4365 voluntate
977 4302 1156 4360 carnis
1175 4340 1190 4365 ,
1223 4314 1399 4370 neque
1424 4312 1490 4352 ex
1520 4297 1799 4353 voluntate
1827 4294 1952 4358 viri,

377 4400 473 4456 sed
508 4414 577 4454 ex
603 4398 713 4452 Deo
745 4395 858 4450 nati
886 4398 1013 4448 sunt
1048 4389 1229 4463 (Joan.
1261 4386 1322 4461 ι).
1375 4408 1394 4441 ι
1442 4387 1683 4456 Denique
1713 4385 1956 4439 Roboam

379 4489 522 4544 ﬁlius
543 4482 868 4550 Salomonis,
890 4482 1005 4553 qui,
1037 4479 1155 4535 utili
1184 4479 1459 4534 seniorum
1487 4462 1713 4532 consilio
1742 4473 1952 4537 relicto,
1984 4470 2037 4529 D

380 4575 804 4635 adolescentium
837 4569 1124 4645 consilium
1152 4577 1373 4625 secutus
1402 4575 1515 4631 est,
1548 4566 1675 4622 licet
1701 4566 1767 4621 de
1796 4565 1957 4619 domo

384 4669 551 4725 David
603 4665 798 4729 fuerit,
845 4670 1027 4717 tamen
1069 4661 1125 4714 in
1174 4659 1261 4713 via
1291 4656 1408 4727 ejus
1445 4672 1551 4711 non
1591 4655 1955 4727 gradiebatur.

380 4762 533 4819 Fecit
570 4760 717 4817 enim
759 4756 919 4822 Iuda,
970 4753 1255 4824 Scriptura
1291 4759 1449 4815 teste,
1492 4749 1546 4803 in
1590 4748 1733 4802 illius
1769 4746 1959 4802 diebus

382 4855 583 4911 malum
631 4865 814 4908 coram
860 4848 1124 4910 Domino,
1156 4854 1213 4900 et
1259 4842 1611 4898 irritaverunt
1639 4853 1764 4894 eum
1797 4852 1961 4907 super

383 4946 632 5002 omnibus
660 4958 780 5012 quae
807 4941 1050 4996 fecerant
1076 4945 1257 5008 patres
1278 4947 1465 4990 eorum
1494 4933 1549 4987 in
1578 4931 1814 5003 peccatis
1842 4946 1961 5001 qua:

382 5040 757 5104 peccaverant.
786 5029 1212 5089 [Ediﬁcaverunt
1249 5033 1429 5081 autem
1459 5032 1513 5079 et
1541 5023 1643 5093 ipsi
1680 5023 1783 5077 sibi
1814 5037 1961 5085 aras,

384 5133 441 5181 et
464 5111 700 5184 statuas,
736 5129 795 5176 et
826 5119 976 5175 lucos
1004 5132 1166 5188 super
1192 5130 1408 5172 omnem
1440 5113 1634 5170 collem
1667 5113 1961 5175 excelsum,

386 5227 441 5276 et
473 5214 660 5274 subter
688 5227 904 5268 omnem
949 5212 1196 5265 arborem
1234 5208 1575 5271 frondosam;
1618 5205 1713 5260 sed
1747 5212 1802 5260 et
1837 5204 1965 5259 effe-

389 5307 580 5365 minati
603 5304 827 5361 fuerunt
853 5302 908 5357 in
937 5308 1079 5356 terra
1100 5340 1114 5363 ,
1147 5298 1498 5369 feceruntque
1525 5313 1715 5353 omnes
1752 5295 1963 5351 abomi-

389 5401 636 5457 nationes
654 5395 915 5469 gentium,
946 5408 1081 5463 quas
1105 5391 1315 5446 attrivit
1339 5390 1598 5446 Dominus
1627 5396 1752 5445 ante
1774 5388 1964 5443 faciem

390 5493 621 5549 ﬁliorum
662 5488 849 5545 Israel.
892 5484 1173 5558 Signiﬁcat
1214 5499 1343 5555 ergo
1399 5484 1572 5539 malos
1622 5492 1862 5538 rectores
1912 5482 1964 5536 in

388 5580 672 5646 Ecclesia,
719 5579 811 5651 qui
868 5576 1097 5634 terrenis
1136 5572 1520 5645 cupiditatibus
1564 5572 1752 5636 dediti,
1801 5569 1970 5640 negli-

379 5684 523 5747 gnnt
561 5688 747 5731 curam
785 5673 988 5730 habere
1030 5669 1386 5734 subditorum,
1435 5675 1489 5721 et
1536 5664 1865 5721 delectantes
1913 5662 1966 5715 in

2052 3190 2383 3249 conveniunt
2429 3189 2591 3245 verba
2637 3189 2917 3259 prophetae
2962 3186 3182 3242 Achaiae
3231 3185 3514 3248 Salonitis,
3550 3186 3642 3256 qui

2050 3285 2252 3340 missus
2278 3290 2364 3337 est
2391 3281 2460 3337 ad
2489 3279 2774 3337 Jeroboam
2807 3280 2879 3334 ita
2900 3279 3085 3334 dicens
3117 3294 3132 3332 :
3174 3298 3193 3330 ι
3227 3278 3380 3333 Tolle
3412 3278 3509 3332 tibi
3548 3278 3643 3332 de-

2049 3390 2168 3431 cem
2196 3375 2492 3439 scissuras;
2519 3374 2635 3428 haec
2655 3373 2800 3428 enim
2827 3372 2960 3428 dicit
2979 3370 3239 3433 Dominus
3261 3372 3409 3427 Deus
3431 3370 3599 3425 Israel
3624 3388 3638 3422 :

2051 3468 2193 3524 Ecce
2235 3482 2336 3538 ego
2378 3467 2621 3522 scindam
2658 3481 2884 3535 regnum
2913 3464 3221 3520 Salomonis
3243 3506 3256 3528 ,
3284 3472 3342 3519 et
3367 3464 3509 3518 dabo
3548 3462 3644 3517 tibi

2052 3558 2238 3614 decem
2265 3558 2458 3614 tribus.
2473 3557 2643 3612 Porro
2675 3572 2782 3612 una
2814 3557 2985 3612 tribus
3013 3556 3318 3611 remanebit
3346 3556 3400 3611 ei
3426 3564 3650 3625 propter

2053 3665 2266 3725 servum
2301 3665 2483 3706 meum
2514 3649 2682 3704 David
2707 3658 2763 3703 et
2790 3647 3125 3704 Hierusalem
3152 3649 3455 3713 civitatem,
3481 3662 3647 3717 quam

2052 3741 2190 3813 elegi
2219 3757 2287 3797 ex
2315 3741 2567 3797 omnibus
2617 3740 2865 3796 tribubus
2889 3740 3055 3796 Israel
3080 3739 3205 3812 (ΙΙΙ
3230 3738 3362 3811 Reg.
3407 3739 3512 3811 xi).
3542 3739 3653 3794 De-

2057 3850 2177 3890 cem
2218 3834 2363 3890 enim
2411 3834 2677 3889 scissuras
2722 3832 3008 3888 Jeroboam
3061 3832 3290 3903 accepit,
3344 3847 3473 3887 cum
3516 3830 3654 3902 legis

2056 3933 2327 3996 praecepta
2350 3924 2600 3980 violando
2623 3924 2863 3995 corrupit
2887 3940 2902 3990 ;
2950 3931 3006 3979 et
3035 3939 3141 3979 una
3167 3922 3345 3978 tribus
3392 3937 3520 3977 cum
3567 3936 3657 3975 so-

2054 4017 2179 4074 bole
2225 4017 2396 4073 David
2441 4017 2741 4083 remansit,
2795 4017 2923 4071 dum
2970 4031 3092 4071 sors
3140 4022 3455 4070 sanctorum
3497 4012 3659 4081 juxta

2055 4109 2406 4181 apostolicam
2442 4108 2741 4165 doctrinam
2770 4108 2825 4163 in
2865 4107 3047 4179 regula
3073 4106 3195 4163 ﬁdei
3221 4107 3506 4162 catholicae
3526 4121 3656 4176 per—

2059 4201 2277 4263 mansit,
2306 4200 2433 4269 quia
2459 4214 2600 4254 unus
2628 4207 2713 4254 est
2733 4199 2991 4254 Dominus
3015 4238 3029 4265 ,
3068 4214 3174 4253 una
3218 4197 3373 4263 ﬁdes,
3402 4213 3575 4251 unum
3602 4203 3663 4251 et

2057 4291 2324 4363 baptisma
2351 4289 2569 4365 (Ephes.
2603 4289 2701 4361 Iv).
2739 4308 2757 4341 ι

2624 4379 2850 4438 CAPUT
2894 4380 3056 4437 XVII.

2728 4472 2803 4527 De
2830 4470 2977 4527 Elia.

2135 4568 2283 4641 (Car.
2324 4566 2536 4638 xum.)
2574 4584 2593 4617 ι
2647 4566 2716 4620 Et
2744 4566 2982 4620 surrexit
3011 4564 3158 4619 Elias
3194 4564 3457 4634 propheta
3498 4564 3659 4634 quasi

2069 4680 2088 4713 ε
2127 4660 2286 4732 ignis,
2334 4666 2389 4715 et
2449 4658 2674 4712 verbum
2713 4657 2883 4726 ipsius
2932 4655 3088 4726 quasi
3127 4653 3214 4708 fax
3248 4655 3495 4708 ardebat.
3553 4654 3661 4721 Qui

2070 4770 2089 4802 ι
2126 4750 2334 4805 induxit
2366 4750 2420 4803 in
2450 4748 2571 4803 illos
2605 4746 2832 4811 famem,
2863 4754 2918 4800 et
2945 4746 3227 4800 irritantes
3260 4744 3411 4826 illum
3454 4745 3662 4799 invidia

2073 4857 2092 4890 ι
2132 4837 2388 4894 tabefaeti
2424 4844 2570 4891 sunt.
2615 4834 2729 4890 Non
2752 4842 3004 4904 poterant
3033 4834 3177 4889 enim
3220 4834 3496 4889 sustinere
3521 4849 3666 4905 pra:-

2075 4946 2092 4979 ‹
2128 4934 2283 4997 cepta
2314 4925 2428 4980 Dei.
2471 4923 2648 4979 Verbo
2673 4923 2888 4978 Domini
2931 4922 3191 4977 exaltavit
3214 4923 3440 4987 caelum,
3482 4931 3539 4978 et
3570 4922 3668 4977 de-

2076 5038 2094 5070 r
2131 5017 2263 5086 jecit
2289 5018 2354 5072 de
2369 5016 2505 5072 caelo
2530 5016 2708 5087 ignem
2729 5023 2828 5069 ter.
2861 5035 2880 5067 ι
2913 5012 3003 5069 Sic
3024 5012 3384 5084 ampliﬁcatns
3402 5022 3491 5067 est
3519 5013 3669 5068 Elias

2078 5130 2096 5163 ι
2133 5111 2188 5164 in
2233 5109 2569 5164 mirabilibus
2615 5108 2747 5163 suis.
2795 5108 2859 5161 Et
2887 5106 3007 5177 quis
3052 5114 3231 5177 potest
3259 5106 3516 5162 similiter
3551 5107 3669 5177 glo-

2081 5220 2100 5253 ‹
2138 5202 2269 5256 riari
2306 5202 2438 5256 tibi?
2475 5200 2579 5268 Qui
2624 5199 2892 5255 sustulisti
2932 5210 3202 5254 mortuum
3231 5199 3302 5253 ab
3345 5198 3562 5263 inferis,
3595 5198 3669 5253 de

2077 5310 2095 5343 ι
2132 5299 2279 5347 sorte
2294 5290 2486 5345 mortis
2512 5290 2568 5344 in
2598 5288 2764 5344 verbo
2787 5287 3000 5343 Domini
3025 5288 3138 5342 Dei.
3168 5286 3271 5353 Qui
3300 5285 3545 5355 deiecisti
3575 5301 3667 5341 re-

2078 5402 2097 5434 ‹
2135 5396 2230 5454 ges
2274 5383 2341 5437 ad
2367 5380 2686 5452 perniciem,
2728 5387 2786 5433 et
2817 5377 3132 5446 confregisti
3172 5376 3333 5432 facile
3359 5375 3663 5446 potentiam

2079 5495 2096 5526 ι
2135 5475 2394 5545 ipsorum,
2437 5482 2491 5528 et
2528 5471 2789 5543 gloriosos
2831 5469 2898 5524 de
2949 5469 3089 5523 lecto
3128 5483 3247 5522 suo.
3291 5467 3396 5534 Qui
3424 5466 3579 5521 audis
3607 5463 3664 5520 in

2081 5587 2101 5621 α
2140 5568 2270 5623 Sina
2304 5566 2590 5635 judicium,
2629 5574 2686 5622 et
2729 5565 2787 5620 in
2832 5562 3013 5619 Horeb
3054 5561 3253 5631 iudicia
3304 5558 3663 5615 defensionis.

2080 5679 2100 5714 ι
2134 5659 2236 5727 Qui
2266 5659 2424 5731 ungis
2448 5673 2604 5731 rcges
2637 5658 2703 5713 ad
2730 5657 3132 5730 pmnitcntiam,
3180 5665 3235 5712 et
3261 5650 3669 5728 prophetas'fa-
