3934 6186
300 279 413 337 μοι

1161 279 1511 336 COMMENT.
1555 284 1621 339 ΙΝ
1663 276 2269 342 ECCLESlASTlCUM.
2310 306 2379 315 —-
2412 275 2539 330 LIB.
2584 272 2649 328 Χ.

3402 275 3533 331 “03

302 410 320 442 ι
353 390 423 444 cis
450 402 793 443 successores
822 396 943 457 post
974 396 1042 442 te.
1066 387 1167 454 Qui
1203 399 1449 460 receptus
1469 407 1527 448 es
1559 395 1613 448 in
1640 395 1851 448 turbine
1882 397 1926 453 Α
1955 389 2199 450 Elisaaus,
2252 406 2270 437 ι
2310 394 2363 441 et
2407 385 2612 454 reliqua
2645 383 2761 455 (Ill
2797 382 2921 453 Reg.
2965 381 3099 454 XIX),
3153 383 3256 438 hoc
3304 401 3408 439 non
3463 389 3535 442 ita

305 498 322 529 ι
355 479 506 549 ignis,
556 478 608 530 in
645 493 806 530 curru
850 491 1110 546 equorum
1151 478 1453 549 igneorum.
1493 482 1597 549 Qui
1627 484 1861 552 scriptus

303 589 322 621 ‹
348 584 402 623 es
417 569 469 621 in
493 567 713 636 judieiis
735 576 1033 635 temporum
1058 568 1229 623 lenire
1249 570 1580 626 iracundiam
1610 573 1819 627 Domini
1843 590 1858 638 ;

302 677 320 709 ι
352 656 634 713 conciliare
660 671 755 709 cor
781 656 951 724 patris
976 657 1040 709 ad
1074 656 1265 721 ﬁlium,
1300 668 1353 713 et
1384 661 1668 714 restituere
1692 660 1863 715 tribus

304 767 321 799 ι
355 746 531 801 Jacob.
573 745 725 800 Beati
764 754 890 799 sunt
921 746 1011 815 qui
1058 756 1109 801 te
1137 748 1406 814 viderunt,
1445 760 1500 804 et
1539 750 1590 803 in
1622 751 1861 805 amicitia

305 857 323 889 ι
361 848 445 892 tua
489 836 729 892 decorati
766 843 928 901 sunt;
959 852 1085 890 nam
1115 853 1213 891 nos
1239 838 1350 892 vita
1377 838 1608 893 vivimus
1634 848 1861 905 tantum,

300 940 323 978 η
356 936 470 998 post
489 936 717 981 mortem
740 934 919 979 autem
943 940 1048 978 non
1072 926 1178 980 erit
1201 927 1306 981 tale
1326 943 1521 982 nomen
1544 938 1809 984 nostrum.
1839 950 1858 982 ο

298 1019 482 1074 Narrat
515 1018 736 1072 historia
767 1016 971 1087 Regum
998 1015 1065 1071 de
1094 1017 1222 1072 Elite
1259 1021 1535 1090 propheta:
1563 1023 1730 1089 gestis
1759 1022 1864 1076 mi-

300 1109 569 1172 rabilibus,
599 1107 832 1178 qualiter
869 1106 1003 1161 duos
1026 1108 1513 1181 quinquagenarias
1540 1112 1608 1166 ab
1632 1111 1866 1167 Ochozia

299 1214 415 1270 rege
451 1198 517 1252 ad
545 1213 605 1252 se
641 1197 868 1259 missos,
912 1197 1077 1252 misso
1115 1199 1237 1269 igne
1276 1201 1341 1255 de
1367 1201 1504 1257 coelo
1531 1201 1866 1275 conﬂagrare

304 1291 500 1351 fecerit,
527 1299 581 1344 et
608 1288 841 1359 qualiter
860 1288 964 1359 ipsi
985 1290 1097 1360 regi
1118 1291 1172 1346 in
1189 1291 1330 1347 lecto
1355 1295 1634 1363 mgrotanti
1664 1296 1868 1351 denun-

301 1381 531 1445 tiaverit,
577 1380 720 1450 quod
763 1393 794 1434 e
838 1378 975 1434 lecto
1005 1395 1103 1435 suo
1136 1396 1301 1436 sanus
1345 1398 1453 1438 non
1495 1384 1865 1451 descenderet,

296 1474 386 1529 sed
432 1481 604 1527 morte
634 1483 978 1537 moreretur;
1008 1487 1073 1527 eo
1107 1473 1251 1543 quod
1278 1475 1614 1530 consuluerit
1654 1477 1869 1533 Beelze-

298 1563 398 1618 bub
426 1563 584 1618 deum
612 1561 857 1616 Accoron
896 1560 963 1616 de
994 1561 1165 1617 salute
1192 1577 1311 1628 sua,
1357 1571 1410 1618 et
1445 1579 1553 1618 non
1583 1564 1866 1621 Dominum

300 1660 456 1715 Deum
484 1656 667 1713 Israel.
708 1656 908 1714 Narrat
938 1659 1102 1713 etiam
1134 1658 1366 1729 qualiter
1390 1659 1646 1715 clauserit
1673 1659 1866 1714 ccclqu

1965 477 2335 548 accipiendum
2363 485 2446 530 est
2468 515 2485 540 ,
2521 475 2663 544 quod
2690 473 2952 542 propheta
2983 472 3073 527 Dei
3106 472 3326 528 Elisasus
3360 474 3534 532 homi-

1964 569 2081 623 cida
2115 568 2329 621 futurus
2359 566 2433 621 sit
2458 574 2513 621 et
2556 573 2843 637 tyrannus,
2888 564 2981 619 sed
3012 565 3182 633 magis
3221 566 3543 635 spiritaliter

1966 657 2370 726 intelligendum
2390 696 2404 720 ,
2433 655 2557 723 quia
2579 652 2788 722 justitia
2823 654 3000 708 divina
3024 671 3145 725 quae
3171 656 3396 727 singulis
3419 658 3544 714 red-

1965 747 2043 801 dit
2070 746 2363 800 secnudum
2400 759 2565 813 opera
2606 759 2723 807 sua,
2761 744 2916 813 punit
2955 754 3239 813 peccatum
3266 745 3547 801 hominum

1965 838 2253 907 aliquando
2285 835 2570 891 manifesta
2602 836 2827 900 ultione,
2856 836 3143 905 aliquando
3167 836 3382 892 occulto
3399 835 3545 906 judi-

1966 930 2051 983 cio
2089 929 2325 995 vindicat
2365 944 2464 998 per
2498 942 2653 997 reges
2687 937 2740 981 ct
2783 928 2979 992 duces;
3030 928 3266 984 vindieat
3298 944 3395 1000 per
3422 945 3548 1001 pro-

1964 1018 2156 1087 phetas
2184 1026 2238 1071 et
2264 1017 2595 1081 sacerdotes,
2637 1032 2758 1070 cum
2785 1017 2919 1071 alios
2947 1025 3200 1073 nocentes
3230 1016 3357 1074 facit
3383 1019 3544 1089 plecti

1968 1122 2242 1170 mucrone,
2292 1106 2426 1161 alios
2467 1106 2877 1161 transverberat
2918 1108 3095 1179 gladio
3135 1109 3350 1178 linguae.
3392 1110 3546 1166 Unde

1968 1199 2136 1253 David
2184 1205 2240 1252 et
2287 1196 2540 1252 Salomon
2585 1207 2640 1253 et
2689 1198 2871 1252 caueri
2923 1213 3076 1269 rcges
3112 1212 3330 1269 ptenam
3374 1215 3404 1253 a
3440 1200 3549 1254 reis

1968 1289 2275 1359 exigebant,
2307 1304 2427 1343 cum
2456 1303 2549 1343 eos
2573 1287 3135 1357 trucidarejubebant.
3166 1289 3231 1344 Et
3260 1291 3389 1346 item
3421 1290 3548 1346 alibi

1969 1381 2231 1449 scriptum
2255 1388 2336 1434 est
2364 1380 2430 1434 de
2451 1380 2803 1448 superborum
2821 1389 2875 1434 et
2899 1380 3322 1435 inobcdientium
3343 1398 3501 1453 poena
3528 1402 3541 1436 :

1975 1487 1994 1519 ‹
2040 1468 2221 1523 Dolavi
2265 1484 2389 1531 eos,
2443 1470 2637 1539 inquit,
2695 1470 2747 1523 in
2789 1470 3085 1540 prophetis,
3135 1471 3315 1549 occidi
3364 1487 3455 1528 eos
3495 1473 3548 1528 in

1969 1561 2149 1617 verbis
2169 1561 2281 1615 oris
2301 1561 2405 1615 mei
2431 1559 2574 1630 (Ose.
2614 1558 2711 1632 vt).
2747 1560 3071 1616 Suhlevatus
3102 1562 3544 1632 namque-Elius,

1970 1651 2340 1721 ascensionem
2362 1650 2695 1703 Dominicam
2718 1648 2989 1719 signiﬁcat
3015 1668 3027 1703 :
3048 1649 3135 1703 ille
3155 1651 3298 1706 enim
3317 1662 3548 1708 mortem

298 1752 447 1806 annis
489 1750 661 1805 uibus
688 1758 743 1804 ει
770 1750 1042 1806 mensibus
1070 1765 1185 1816 sex,
1233 1760 1291 1805 ιιι
1324 1767 1431 1805 non
1462 1751 1672 1821 plueret
1699 1766 1863 1822 super
1894 1741 1938 1798 Β
1969 1740 2196 1804 distulit,
2229 1755 2336 1794 non
2371 1739 2582 1805 evasit;
2626 1738 2956 1808 Redemptor
2982 1748 3163 1795 autem
3191 1749 3407 1808 noster;
3423 1743 3551 1812 quia

300 1850 512 1907 terram,
557 1849 614 1896 et
645 1841 912 1911 quomodo
949 1841 1257 1898 sacerdotes
1288 1840 1419 1896 Baal
1457 1840 1681 1911 jusserit
1722 1842 1866 1898 occi~

299 1933 448 1999 dere,
486 1931 824 2002 qualiterque
859 1930 1048 1987 Achab
1085 1932 1404 2003 impiissimo
1441 1934 1554 2004 regi
1586 1932 1864 1987 interitum

297 2040 445 2078 suum
469 2023 803 2094 praedixerit,
830 2023 923 2093 qui
961 2023 1014 2077 in
1043 2031 1225 2079 monte
1254 2023 1468 2079 Choreb
1495 2040 1617 2079 cum
1648 2025 1757 2079 Deo
1784 2022 1863 2078 lo-

297 2124 449 2170 cutus
488 2123 571 2169 est
602 2123 657 2168 et
681 2113 917 2170 visiones
947 2113 1095 2169 vidit.
1130 2112 1227 2168 Hic
1270 2114 1404 2170 duos
1431 2129 1588 2185 reges
1626 2113 1680 2168 in
1708 2113 1866 2168 ultio-

300 2218 415 2258 nem
442 2218 727 2272 pravorum
762 2202 951 2268 unxit,
983 2202 1183 2257 Hazael
1210 2219 1424 2274 quoque
1454 2218 1616 2273 super
1648 2202 1863 2274 Syriam

297 2300 351 2348 et
369 2291 497 2347 Jehu
537 2291 722 2345 ﬁlium.
752 2289 887 2345 Nam
916 2291 964 2345 si
992 2306 1156 2361 super
1183 2291 1384 2358 Israel,
1417 2307 1519 2348 nec
1539 2305 1647 2348 non
1678 2302 1732 2347 et
1758 2293 1866 2348 Eli-

297 2396 456 2437 satum
504 2380 670 2434 ﬁlium
718 2378 959 2449 Saphath
988 2380 1257 2435 ordinavit
1284 2387 1407 2450 post
1444 2396 1503 2436 se
1544 2382 1863 2451 prophetam

297 2473 537 2528 Domino.
568 2471 697 2526 Post
734 2472 849 2527 haec
884 2479 1065 2526 autem
1106 2488 1271 2528 curru
1315 2474 1472 2543 igneo
1514 2484 1762 2543 receptus
1784 2483 1868 2531 est

299 2565 350 2618 in
377 2563 567 2618 coelum
596 2572 854 2618 venturus
877 2570 1002 2617 ante
1026 2563 1167 2618 diem
1189 2563 1381 2633 judicii
1408 2564 1462 2619 in
1489 2573 1690 2619 terram
1710 2566 1866 2637 juxta

299 2655 567 2710 Malachia:
589 2655 954 2726 prophetiam,
978 2664 1037 2710 ut
1063 2665 1346 2711 convertat
1372 2658 1536 2712 corda
1558 2666 1774 2728 patrum
1798 2658 1867 2714 ad

297 2746 456 2810 ﬁlios,
498 2755 553 2799 et
595 2746 757 2800 corda
800 2744 1032 2802 ﬁliorum
1062 2748 1129 2802 ad
1155 2756 1339 2817 patres
1376 2761 1591 2813 eorum,
1633 2763 1703 2804 ne
1727 2749 1868 2805 forte

297 2837 475 2892 veniat
520 2835 779 2891 Dominus
832 2844 888 2891 et
936 2837 1205 2906 percutiat
1253 2845 1454 2892 terram
1500 2840 1864 2895 anathemate.

302 2928 526 2999 Mystice
566 2937 744 2982 autem
774 2928 921 2984 Elias
949 2929 1003 2983 in
1030 2944 1095 2985 eo
1134 2930 1275 2999 quod
1304 2930 1447 3000 apud
1475 2930 1867 3002 Sarepthanam

306 3017 521 3071 viduam
597 3026 834 3087 tempore
915 3018 1175 3073 siccitatis
1249 3019 1493 3075 alebatur
1519 3062 1534 3088 ,
1605 3021 1871 3093 signiﬁcat

307 3106 527 3169 mundo,
575 3107 667 3175 qui
701 3107 754 3161 in
786 3106 1018 3178 maligno
1055 3109 1262 3177 positus
1297 3118 1401 3175 est,
1433 3110 1584 3165 arido
1612 3119 1668 3165 et
1698 3112 1871 3167 sterili

296 3203 668 3265 permanente,
702 3195 755 3249 in
793 3195 1036 3252 Ecclesia
1080 3198 1346 3253 catholica
1390 3198 1480 3269 pie
1522 3209 1769 3271 receptos
1815 3210 1873 3257 et

296 3293 561 3340 tractatos
598 3286 784 3343 ﬁdeles
821 3288 993 3358 ipsam
1032 3288 1476 3361 benignissimam
1519 3301 1747 3349 matrem
1776 3309 1873 3364 pa-

295 3392 450 3433 scere
477 3378 618 3434 dono
653 3379 893 3435 scientiae
916 3388 971 3436 et
1007 3381 1304 3452 sapientiae.
1334 3383 1391 3438 In
1422 3382 1576 3453 cujus
1603 3401 1748 3441 nunc
1778 3402 1873 3441 va-

298 3470 379 3526 sis
414 3469 588 3525 oleum
610 3471 819 3542 gratiae,
856 3480 911 3526 et
937 3473 1326 3531 benedictionis
1364 3475 1537 3532 farina
1583 3479 1870 3547 redundat,

293 3565 350 3619 in
389 3563 639 3619 omnibus
685 3563 797 3619 fere
839 3564 1087 3635 gentibus
1132 3565 1274 3623 fame
1320 3577 1596 3637 manente,
1641 3584 1868 3639 quarum

293 3654 530 3710 esuriem
581 3654 639 3710 in
692 3657 858 3711 verbo
906 3655 1002 3711 Dei
1043 3664 1106 3711 et
1137 3656 1262 3713 ﬁdei
1301 3659 1587 3715 Trinitatis
1636 3661 1872 3717 inediam

293 3760 534 3817 congrue
560 3746 924 3818 prteﬁguravit
957 3748 1049 3803 illa
1092 3751 1365 3820 quondam
1398 3751 1633 3807 triennio
1657 3751 1828 3809 fames
1854 3770 1870 3819 ;

294 3837 354 3893 in
391 3837 498 3891 hoc
545 3846 724 3893 autem
749 3839 891 3907 quod
928 3840 1207 3896 suscitavit
1235 3841 1403 3897 ﬁlium
1440 3843 1870 3911 matrisfamilite,

307 3928 623 3998 expandens
664 3941 723 3984 se
764 3929 938 3986 tribus
976 3931 1184 3987 vicibus
1217 3948 1378 4003 super
1403 3948 1648 4004 puerum,
1688 3942 1875 4007 typum

292 4018 442 4090 gerit
465 4017 779 4084 Salvatoris,
807 4020 896 4090 qui
918 4035 1015 4090 per
1042 4020 1202 4077 ﬁdem
1224 4031 1426 4079 sancta:
1451 4024 1731 4089 Trinitatis
1754 4042 1876 4082 suc-

292 4106 473 4166 currit
502 4107 719 4171 mundo,
743 4116 799 4163 et
821 4110 1101 4165 suscitavit
1121 4100 1269 4166 illum
1299 4126 1330 4165 a
1353 4113 1560 4182 peccati
1588 4122 1782 4181 morte,
1821 4124 1876 4170 et

290 4196 500 4266 eripuit
548 4196 615 4251 de
658 4195 850 4252 futura:
905 4200 1223 4268 perditionis
1278 4200 1494 4256 damno.
1549 4201 1687 4257 Nam
1733 4205 1876 4273 quod

293 4285 471 4340 mittit
492 4301 586 4341 rex
606 4286 808 4355 impius
836 4287 971 4343 duos
990 4289 1480 4361 quinquagenarias
1498 4305 1619 4347 cum
1647 4295 1877 4351 subditis

290 4374 403 4430 sibi
452 4375 727 4441 militibus,
771 4387 830 4432 ut
867 4378 1153 4435 exhibeant
1183 4381 1351 4435 Eliam
1371 4422 1385 4444 ,
1416 4383 1507 4452 qui
1537 4383 1719 4439 divino
1750 4384 1876 4455 igne

291 4468 607 4537 consumpti
632 4476 788 4535 sunt,
815 4470 1007 4526 tertius
1030 4480 1209 4526 autem
1248 4472 1445 4527 missus
1477 4474 1737 4540 salvatur,
1768 4475 1873 4537 hoc

291 4558 617 4627 mysterium
638 4558 802 4614 habet
822 4578 835 4613 :
860 4559 1346 4633 quinquagenarius
1362 4579 1594 4634 namque
1614 4580 1874 4623 numerus

274 4645 571 4702 confessio
604 4650 937 4717 poenitentiae
969 4659 1089 4717 est,
1137 4668 1244 4721 quo
1279 4653 1583 4709 declaratur
1624 4656 1872 4714 remissio

287 4747 664 4807 peccatorum.
715 4737 884 4795 Judaei
924 4756 1052 4812 ergo
1096 4743 1338 4799 nolentes
1384 4745 1656 4801 Christum
1700 4747 1871 4804 Deum

287 4843 419 4881 esse
461 4826 780 4896 perfectum,
826 4845 926 4885 nec
958 4832 1251 4901 principem
1292 4834 1642 4904 pmnitentize,
1687 4838 1874 4895 dicunt

288 4918 363 4971 ad
394 4932 522 4971 eum
558 4935 570 4971 :
608 4937 627 4969 ‹
678 4918 1072 4991 Quinquaginta
1122 4938 1290 4977 annos
1320 4924 1556 4979 nondum
1594 4927 1783 4994 habes,
1823 4937 1877 4984 et

285 5006 575 5061 Abraham
595 5010 767 5064 nosti?
787 5010 841 5064 in
864 5010 1043 5067 futuro
1065 5013 1227 5067 divini
1252 5013 1388 5085 ignis
1407 5016 1655 5072 incendio
1676 5019 1879 5075 exstin-

286 5097 559 5167 guuntur.
588 5098 802 5154 Tertius
829 5109 1009 5155 autem
1040 5103 1529 5174 quinquagenarius
1549 5146 1563 5171 ,
1594 5108 1719 5177 quia
1751 5124 1879 5165 con-

284 5201 495 5241 versus
533 5187 601 5241 ad
644 5189 800 5246 ﬁdem
847 5190 1124 5246 Trinitatis
1161 5195 1489 5263 pmnitentice
1539 5208 1877 5254 sacramenta

282 5278 590 5347 cognovit,
638 5280 1025 5352 indulgentiam
1074 5286 1286 5340 meruit.
1335 5287 1486 5353 Quod
1518 5298 1694 5345 autem
1721 5291 1876 5361 jussu

282 5366 391 5421 Dei
430 5382 589 5439 rcges
618 5372 773 5426 unxit
812 5382 866 5427 et
893 5376 1209 5445 prophetam
1250 5377 1496 5432 Elis-mum
1528 5379 1582 5434 in
1619 5380 1877 5437 ultionem

276 5460 646 5518 inimicorum
683 5465 895 5521 dicente
928 5469 998 5522 ad
1026 5485 1147 5522 eum
1175 5470 1289 5539 ipso
1322 5470 1550 5526 Domino
1584 5490 1596 5526 :
1632 5490 1651 5522 ‹
1689 5473 1756 5527 Et
1778 5474 1881 5528 erit

270 5550 610 5620 quicunque
626 5552 1070 5628 fugeritgladium
1095 5560 1310 5625 llazael,
1333 5563 1544 5617 occidet
1563 5579 1687 5617 eum
1708 5562 1875 5630 Jehu;
1908 5546 1923 5559 ’

269 5646 337 5693 et
374 5639 695 5713 quicunque
737 5644 934 5719 fugerit
970 5647 1202 5719 gladium
1243 5648 1402 5716 Jehu,
1446 5651 1732 5708 interﬁcict
1756 5668 1877 5708 eum

1967 1847 2072 1887 non
2126 1831 2356 1896 distulit,
2399 1831 2695 1901 superavit,
2752 1845 2982 1901 eamque
3037 1834 3368 1903 resurgendo
3416 1849 3548 1889 con-

1966 1920 2232 1990 sumpsit,
2269 1928 2324 1974 et
2353 1919 2773 1975 resurrectionis
2810 1935 2935 1995 suae,
2955 1920 3181 1991 gloriam
3204 1924 3547 1980 ascendendo

1966 2011 2278 2067 declaravit.
2335 2011 2642 2067 Notandum
2698 2029 2913 2084 quoque
2961 2023 3064 2081 est,
3113 2016 3257 2085 quod
3299 2017 3447 2073 Elius
3494 2019 3551 2073 in

1966 2118 2129 2158 curru
2179 2104 2381 2172 legitur
2407 2104 2720 2158 ascendisse
2746 2143 2760 2168 ,
2792 2111 2850 2158 ut
2893 2104 3141 2160 videlicet
3182 2118 3367 2176 aperte
3394 2123 3551 2162 mon-

1965 2203 2251 2257 straretur,
2292 2194 2417 2264 quia
2447 2193 2608 2250 homo
2629 2209 2796 2264 purus
2820 2194 3088 2266 adjutorio
3109 2197 3302 2268 egebat
3335 2198 3547 2265 alieno;

1964 2299 2060 2355 per
2102 2282 2318 2354 angelos
2347 2283 2544 2354 quippe
2573 2283 2663 2337 illa
2694 2282 2836 2339 facta
2878 2294 2933 2339 et
2959 2295 3177 2342 ostensa
3220 2296 3348 2342 sunt
3386 2288 3544 2360 adju-

1966 2383 2168 2439 menta,
2198 2374 2322 2444 quia
2352 2389 2453 2429 nec
2495 2374 2564 2429 ad
2594 2373 2789 2429 caelum
2831 2374 3049 2444 quidem
3101 2391 3320 2432 aereum
3362 2394 3458 2448 per
3485 2394 3545 2434 se

1966 2465 2259 2520 ascendere
2287 2472 2518 2534 poterat,
2550 2473 2940 2534 quem-natum
2962 2481 3073 2521 suae
3100 2465 3406 2523 informitas
3425 2484 3519 2540 gra
3536 2499 3549 2508 -

1967 2558 2149 2613 vahat.
2196 2555 2504 2624 Redempor
2540 2563 2719 2610 autem
2758 2566 2945 2611 noster
2976 2572 3082 2612 non
3121 2572 3307 2624 curru,
3340 2573 3449 2613 non
3478 2560 3548 2612 ab

1967 2651 2174 2720 angelis
2199 2650 2512 2705 sublevatus
2537 2648 2754 2720 legitur,
2777 2650 2902 2719 quia
2930 2650 2977 2705 is
2999 2650 3089 2721 qui
3118 2649 3323 2706 fecerat
3346 2654 3549 2718 omnia,

1969 2743 2225 2799 nimirum
2262 2755 2423 2811 super
2472 2740 2655 2795 omnia
2692 2755 2791 2795 sua
2836 2740 3038 2797 virtute
3077 2739 3397 2797 ferebatur:
3426 2744 3554 2799 illuc

1969 2834 2111 2889 enim
2144 2831 2539 2896 revertebatur,
2567 2830 2659 2886 ubi
2689 2838 2841 2897 erat;
2875 2839 2931 2887 et
2952 2832 3078 2888 inde
3101 2832 3331 2898 redibat,
3355 2834 3447 2890 ubi
3472 2850 3554 2890 re-

1970 2925 2226 2980 manebat
2265 2941 2279 2977 :
2322 2922 2447 2992 quia
2483 2937 2607 2977 cum
2656 2937 2753 2992 per
2800 2923 3191 2979 humanitatem
3235 2925 3553 2981 ascenderet

1973 3016 2029 3070 in
2056 3014 2273 3081 ctelum,
2306 3029 2403 3085 per
2439 3013 2774 3067 divinitatem
2816 3020 2869 3068 et
2909 3020 3109 3069 terram
3143 3016 3349 3085 pariter
3386 3016 3563 3071 conti-

1899 3076 1943 3139 C
1977 3108 2138 3162 nebat
2186 3076 2514 3161 et'cualum.
2555 3104 2708 3159 Sicut
2760 3112 2941 3159 autem
2970 3076 3166 3175 Ioseph
3216 3122 3248 3160 a
3296 3105 3554 3163 fratribus

1972 3200 2223 3259 venditus
2266 3199 2633 3255 venditionem
2663 3198 3041 3268 Redemptoris
3080 3198 3251 3254 nostri
3283 3198 3554 3271 ﬁguravit,

1973 3293 2050 3349 sic
2086 3292 2271 3349 Enoch
2311 3289 2605 3345 translatus
2634 3296 2803 3372 atque
2837 3288 2905 3343 ad
2933 3289 3131 3344 caelum
3162 3304 3380 3344 aereum
3411 3290 3557 3345 Elias

1972 3383 2305 3447 sublevatus,
2339 3379 2716 3435 ascensionem
2749 3378 3089 3433 Dominicam
3116 3379 3555 3450 designaverunt.

1971 3470 2318 3528 Ascensionis
2348 3484 2458 3524 sua:
2501 3467 2759 3522 Dominus
2791 3468 3125 3537 praenuntios
3166 3476 3219 3522 et
3253 3477 3420 3524 testes
3451 3468 3554 3523 ha-

1971 3560 2109 3623 buit,
2140 3574 2303 3614 unum
2333 3566 2457 3612 ante
2493 3557 2688 3629 legem,
2730 3557 2892 3612 alium
2929 3557 3030 3612 sub
3058 3556 3196 3628 lege,
3223 3566 3284 3612 ut
3305 3558 3551 3627 quando-

1973 3665 2079 3721 que
2114 3649 2319 3704 veniret
2364 3649 2507 3718 ipse,
2538 3648 2629 3717 qui
2660 3648 2928 3703 veraciter
2951 3646 3118 3702 caelos
3150 3656 3435 3718 penetrare
3460 3662 3558 3718 po-

1976 3740 2185 3803 tuisset,
2221 3738 2363 3792 unde
2393 3746 2449 3791 et
2473 3737 2589 3807 ipse
2623 3736 2756 3791 ordo
2784 3737 2839 3790 in
2870 3752 3055 3791 eorum
3087 3752 3303 3807 quoque
3325 3745 3554 3807 utraque

1974 3829 2346 3886 sublevatione
2396 3842 2496 3899 per
2533 3829 2780 3899 quaedam
2809 3829 3143 3885 incrementa
3182 3830 3555 3903 distinguitur.

1974 3922 2109 3980 Nam
2150 3922 2337 3977 Enoch
2376 3921 2702 3987 translatus,
2745 3921 2892 3977 Elias
2925 3936 3054 3977 vero
3082 3923 3150 3977 ad
3193 3922 3392 3977 ctelum
3430 3924 3558 3979 sub-

1974 4022 2161 4071 vectus
2185 4028 2306 4069 esse
2354 4022 2700 4080 memoratur,
2733 4023 2793 4068 ut
2820 4014 3026 4070 veniret
3068 4015 3407 4084 postmodum
3441 4015 3555 4086 qui,

1975 4122 2079 4162 nec
2107 4106 2402 4161 translatus
2430 4120 2530 4160 nec
2553 4107 2840 4161 subvectus
2858 4146 2874 4173 ,
2917 4106 3115 4163 etclam
3138 4108 3432 4162 :ethereum
3456 4122 3556 4163 sua

1976 4199 2176 4253 virtute
2204 4206 2540 4268 penetraret;
2572 4198 2667 4268 qui
2702 4199 2857 4255 nobis
2891 4199 2947 4254 in
2981 4214 3039 4254 se
3068 4200 3414 4256 credentibus
3438 4215 3557 4255 car-

1977 4290 2062 4344 nis
2095 4303 2309 4359 quoque
2334 4288 2654 4343 munditiam
2690 4288 3001 4361 largiretur,
3034 4297 3090 4345 et
3122 4291 3224 4345 sub
3253 4305 3319 4345 eo
3347 4304 3445 4361 per
3474 4291 3558 4345 in-

1903 4389 2258 4478 Dcrementa
2312 4390 2615 4449 temporum
2663 4380 2836 4437 virtus
2887 4381 3158 4437 castitatis
3196 4391 3556 4438 cxcresceret.

1980 4470 2036 4525 ln
2081 4470 2197 4540 ipsa
2236 4485 2450 4541 quoque
2486 4485 2672 4526 eorum
2722 4470 3105 4540 translatione,
3143 4472 3234 4543 qui
3284 4472 3557 4529 ascensio-

1980 4576 2103 4617 nem
2140 4561 2477 4616 Dominicam
2515 4572 2577 4618 ut
2615 4561 2865 4618 videlicet
2895 4560 3080 4619 famuli
3116 4564 3556 4635 designaverunt,

1978 4664 2035 4710 et
2078 4657 2132 4710 in
2179 4657 2296 4727 ipso
2342 4673 2420 4722 se,
2469 4660 2560 4728 qui
2606 4659 2675 4713 ad
2722 4659 2920 4714 cmlum
2967 4661 3244 4726 ascendit,
3297 4662 3559 4718 Dominus

1977 4746 2234 4801 ostendit.
2280 4745 2413 4801 Nam
2461 4748 2641 4802 Enocb
2680 4749 2892 4817 quidem
2938 4765 3160 4806 uxorem
3200 4760 3258 4806 et
3288 4751 3426 4808 ﬁlios
3461 4754 3559 4808 ha-

1977 4836 2115 4902 buit,
2163 4836 2310 4891 Elias
2353 4852 2480 4891 vero
2522 4852 2696 4906 neque
2729 4853 2951 4895 uxorem
2992 4856 3167 4911 neque
3196 4842 3335 4898 ﬁlios
3362 4842 3560 4915 legitur

1978 4925 2251 4980 habuisse.
2310 4925 2536 4981 Pensate
2589 4942 2718 4996 ergo
2767 4930 3034 4996 quomodo
3078 4945 3174 4999 per
3223 4932 3558 4994 incrementa

1978 5016 2212 5073 creverit
2249 5018 2508 5072 munditia
2536 5019 2831 5085 castitatis,
2860 5023 3001 5089 quod
3037 5031 3093 5077 et
3133 5039 3233 5094 per
3263 5025 3555 5084 translatos

1980 5106 2247 5174 famulos,
2287 5117 2341 5163 et
2384 5123 2483 5179 per
2511 5109 2853 5166 ascendentis
2894 5112 3103 5168 Domini
3135 5130 3423 5185 personam
3469 5133 3561 5188 pa-

1978 5205 2153 5251 tenter
2198 5198 2515 5254 ostenditur.
2571 5199 2886 5256 Translatus
2937 5218 3172 5273 namque
3216 5213 3301 5261 est
3348 5205 3553 5267 Enocb,

1984 5300 2081 5355 per
2109 5287 2309 5342 coitum
2334 5287 2546 5358 genitus
2586 5296 2641 5342 et
2677 5303 2772 5357 per
2796 5291 2995 5345 coitum
3033 5305 3327 5362 generans;
3370 5299 3558 5362 raptus

1984 5386 2068 5431 est
2101 5376 2276 5441 Elias',
2329 5393 2426 5447 per
2465 5379 2666 5433 coitum
2702 5381 2936 5450 genitus,
2976 5382 3071 5436 sed
3111 5396 3217 5435 non
3249 5380 3413 5435 etiam
3456 5395 3555 5451 per

1984 5469 2186 5525 coitum
2224 5485 2526 5540 generans;
2583 5479 2891 5540 assumptus
2943 5479 3024 5526 est
3074 5484 3201 5524 vero
3254 5470 3554 5538 Dominus,

1986 5578 2162 5632 neque
2187 5577 2285 5633 per
2306 5563 2504 5620 coitum
2526 5578 2814 5634 generans,
2842 5577 3015 5633 neque
3042 5577 3140 5633 per
3159 5562 3361 5619 coitum
3396 5578 3562 5637 gene-

1988 5664 2156 5711 ratus.
