3934 6186
316 335 452 394 1105

1167 325 1520 383 COMMENT.
1561 327 1629 382 IN
1671 322 2277 381 ECCLESIASTICUM.
2320 352 2387 359 —
2430 318 2554 374 LIB.
2606 320 2674 373 Χ.

3436 323 3572 380 “06

317 472 333 500 ι
366 451 518 504 Tunc
555 455 700 501 mota
740 453 865 500 sunt
897 447 1060 500 corda
1091 453 1147 501 et
1175 459 1367 499 manus
1395 444 1638 513 ipsorum
1659 483 1673 509 ,
1705 450 1760 496 et
1790 442 1885 496 do-
1913 445 1963 502 Α
1989 439 2191 494 raverit
2208 448 2264 494 et
2287 439 2562 494 civitatem
2591 437 2758 507 simul,
2776 437 2986 507 plebem
3014 436 3299 492 exstinctis
3327 436 3576 498 hostibus

317 559 334 589 ι
371 542 586 592 luerunt
631 535 790 604 quasi
825 536 1188 604 parturientes
1224 535 1479 589 mulieres
1508 543 1566 587 et
1601 534 1888 587 invocave-

315 651 332 681 ι
372 639 498 684 runt
527 629 814 682 Dominum
842 627 1265 683 misericordem.
1294 628 1361 681 Et
1384 627 1752 696 expandentes
1777 641 1893 679 ma-

316 739 334 770 ‹
368 736 468 774 nus
488 717 797 772 extulerunt
819 718 872 771 in
899 718 1092 772 coelum
1112 757 1127 783 ,
1151 725 1206 774 et
1228 728 1446 772 sanctus
1467 716 1727 771 Dominus
1748 716 1890 770 Deus

317 829 334 861 ι
367 809 575 864 audivit
601 808 712 863 cito
738 822 925 863 vocem
954 808 1190 876 ipsorum
1211 847 1225 873 ,
1251 822 1358 862 non
1384 814 1467 861 est
1489 820 1887 861 commemora—

318 920 335 950 ι
374 909 459 955 tus
485 907 831 971 peccatorum
859 899 1072 953 illorum
1094 941 1108 965 ,
1141 915 1316 968 neque
1340 900 1489 953 dedit
1514 900 1633 954 illos
1657 899 1891 954 inimicis

319 1010 336 1042 ‹
370 992 510 1057 suis,
549 991 643 1046 sed
670 991 918 1061 purgavit
944 990 1062 1045 illos
1093 991 1146 1044 in
1186 1007 1344 1044 manu
1379 990 1529 1046 Isaia:
1559 991 1732 1045 sancti
1758 1006 1886 1060 pro-

318 1102 337 1133 ‹
369 1084 562 1151 phetzn.
592 1080 801 1149 Dejecit
826 1089 1007 1135 castra
1031 1079 1378 1153 Assyriorum
1406 1090 1462 1137 et
1488 1081 1747 1136 contrivit
1771 1080 1888 1135 illos

319 1194 336 1224 ι
369 1173 590 1245 angelus
623 1173 858 1227 Domini.
894 1193 913 1225 ι
946 1174 1183 1228 Historia
1216 1174 1462 1227 Ezechiae
1500 1173 1554 1227 in
1591 1171 1747 1227 libris
1777 1173 1887 1226 Ile-

312 1280 437 1333 gum
478 1273 529 1318 et
580 1263 1026 1333 Paralipomenon
1071 1264 1299 1334 pleniter
1336 1279 1591 1333 expressa
1641 1271 1755 1327 est,
1798 1263 1889 1317 ubi

313 1361 569 1406 narratur
601 1354 745 1422 quod
782 1353 1133 1408 aediﬁcaverit
1168 1370 1333 1424 agens
1370 1354 1637 1408 industrie
1670 1361 1893 1409 omnem

314 1460 559 1510 murum,
589 1446 681 1514 qui
713 1444 887 1499 fuerat
915 1446 1234 1515 dissipatus,
1270 1453 1324 1500 et
1348 1445 1679 1500 exstruxerit
1710 1452 1887 1500 turres

311 1536 562 1606 desuper,
579 1545 632 1589 et
654 1535 951 1591 forinsecus
973 1537 1200 1590 alterum
1226 1552 1457 1600 murum,
1478 1537 1889 1592 instauraverit—

312 1639 415 1694 que
442 1626 600 1680 Ilello
629 1627 681 1679 in
709 1626 934 1681 civitate
961 1626 1130 1680 David
1160 1635 1215 1681 et
1242 1625 1435 1681 fecerit
1460 1627 1697 1683 universi
1725 1643 1889 1699 gene-

310 1719 387 1772 ris
413 1727 748 1773 armaturam
778 1728 831 1774 et
857 1720 1106 1790 clypeos,
1136 1722 1586 1790 constitueritque
1614 1723 1887 1792 principes

1993 530 2127 594 suis,
2154 530 2450 585 ostendunt
2473 530 2649 585 Verba
2673 528 2916 594 Dierum,
2938 528 3028 583 ubi
3055 528 3128 583 ita
3150 527 3368 599 legitur.
3395 550 3413 581 ι
3436 530 3577 588 Ora-

1991 629 2187 676 verunt
2211 622 2375 692 igitur
2400 621 2665 676 Ezechias
2695 635 2788 676 rex
2818 628 2873 677 et
2897 620 3065 675 Isaias
3094 619 3236 675 ﬁlius
3260 621 3429 677 Amos
3453 638 3580 691 pro-

1992 716 2182 784 phetes
2225 715 2509 769 adversum
2547 715 2687 768 hanc
2720 712 3143 783 blasphemiam,
3181 727 3247 767 ac
3292 712 3576 769 vociferati

1991 815 2118 860 sunt
2155 820 2325 875 usque
2359 806 2413 860 in
2451 806 2669 860 caalum.
2708 805 2775 859 Et
2810 805 2960 860 misit
2994 804 3253 860 Dominus
3289 806 3574 877 angelum,

1991 897 2081 965 qui
2114 897 2383 966 percussit
2410 912 2626 952 omnem
2655 896 2833 951 virum
2860 896 3141 969 robustum
3176 904 3232 952 et
3256 896 3577 955 bellatorem

1990 998 2045 1042 ct
2066 988 2362 1058 principem
2380 988 2651 1043 exercitus
2666 987 2809 1059 regis
2822 988 3190 1060 Assyriorum,
3215 1004 3575 1060 reversusque

1989 1088 2071 1135 est
2093 1094 2217 1133 cum
2242 1079 2610 1150 ignominiain
2638 1088 2841 1134 terram
2856 1095 3009 1135 suam
3024 1079 3111 1152 (ΙΙ
3130 1079 3317 1135 Paral.
3341 1080 3534 1155 χχχιι).
3550 1101 3569 1133 »

1990 1170 2252 1240 Egressus
2276 1180 2358 1225 est
2384 1178 2565 1224 autem
2592 1188 2611 1223 ς
2633 1170 2859 1240 angelus
2883 1170 3132 1235 Domini,
3155 1178 3209 1226 et
3230 1173 3499 1241 percussit
3522 1173 3574 1227 in

1989 1260 2186 1315 castris
2209 1261 2558 1331 Assyriorum
2582 1270 2798 1315 centum
2821 1270 2875 1316 et
2895 1261 3167 1332 octoginta
3190 1262 3431 1332 quinque
3452 1263 3576 1317 mil-

1989 1350 2059 1406 lia
2078 1392 2093 1415 ,
2119 1370 2137 1403 ›
2163 1360 2220 1405 et
2242 1360 2597 1406 surrexerunt
2629 1367 2817 1418 mane,
2846 1361 2900 1407 et
2936 1366 3063 1407 ecce
3099 1352 3281 1406 omnia
3306 1352 3572 1408 cadavera

1990 1452 2359 1509 mortuorum,
2391 1452 2446 1498 et
2474 1459 2725 1515 egressus
2757 1453 2866 1505 est,
2901 1452 2956 1497 et
2989 1443 3162 1509 abiit:
3193 1464 3209 1496 ι
3241 1453 3295 1499 et
3323 1460 3572 1500 reversus

1989 1543 2073 1591 est
2103 1535 2475 1592 Sennacherib
2500 1552 2595 1591 rex
2620 1536 2965 1608 Assyriorum
2984 1577 2998 1602 ,
3029 1547 3084 1590 et
3110 1536 3374 1592 habitavit
3400 1537 3453 1592 in
3482 1538 3574 1592 Ni-

1988 1625 2130 1680 nive.
2162 1644 2180 1676 ι
2209 1625 2275 1678 Et
2308 1624 2509 1679 factum
2539 1637 2624 1681 est
2652 1645 2669 1675 ‹
2700 1642 2823 1680 cum
2854 1626 3105 1681 adoraret
3141 1626 3194 1680 in
3235 1626 3432 1698 templo
3467 1626 3572 1682 Ne-

1991 1717 2148 1772 sroch
2180 1718 2340 1773 deum
2371 1733 2560 1783 suum,
2590 1719 2945 1774 Adramelech
2975 1728 3030 1775 ct
3057 1720 3286 1776 Sarasar
3322 1721 3416 1775 lilii
3454 1721 3573 1791 ejus

309 1809 649 1865 bellatorum.
683 1811 786 1867 Ubi
817 1813 981 1867 etiam
1014 1828 1117 1866 non
1145 1813 1360 1868 silentio
1385 1814 1714 1885 przeteritur,
1742 1814 1887 1883 quod
1916 1801 1961 1860 Β
1989 1815 2374 1878 percusserunt
2420 1822 2544 1862 cum
2588 1807 2798 1878 gladio,
2855 1808 3218 1878 fugeruntque
3269 1810 3321 1863 in
3370 1818 3572 1865 terram

310 1897 580 1955 induxerit
605 1916 799 1970 aquam
826 1903 877 1956 in
901 1903 1175 1957 civitatem
1196 1946 1210 1968 ,
1235 1905 1691 1974 obduraveritque
1714 1904 1887 1961 fontes

310 1997 362 2041 et
403 1990 577 2044 rivum
607 1992 698 2060 qui
728 1990 925 2047 ﬂuebat
953 1994 1005 2047 in
1037 1996 1216 2049 medio
1247 2003 1434 2059 terrm,
1469 1996 1572 2050 hoc
1599 2006 1711 2061 est,
1743 1996 1886 2065 quod

309 2082 396 2135 hic
430 2083 664 2138 dicitur:
696 2104 714 2137 ‹
746 2085 902 2141 Fodit
936 2086 1082 2143 ferro
1118 2105 1306 2159 rupem
1328 2132 1342 2151 ,
1383 2099 1436 2145 et
1482 2090 1770 2146 aadiﬁeavit
1816 2094 1884 2147 ad

307 2185 473 2239 aquas
500 2181 717 2241 puteum
745 2194 759 2229 :
789 2195 807 2228 ι
832 2178 1061 2249 mystice
1084 2187 1263 2234 autem
1291 2180 1479 2235 urbem
1504 2190 1748 2237 sanetam
1774 2224 1788 2248 ,
1819 2185 1885 2238 de

306 2276 410 2331 qua
454 2264 715 2335 scriptum
763 2277 885 2322 est:
917 2287 935 2320 «
965 2269 1104 2325 Urbs
1148 2271 1479 2327 fortitudinis
1523 2283 1720 2330 nostra:
1765 2276 1882 2331 Sal-

306 2360 481 2416 vator,
517 2367 638 2422 qua:
670 2356 724 2410 in
760 2367 945 2414 monte
996 2360 1100 2415 sita
1143 2360 1312 2415 latere
1358 2377 1463 2416 non
1502 2373 1682 2432 potest
1721 2364 1878 2434 (Isa.

305 2458 428 2498 xm
450 2443 469 2514 )
494 2465 537 2499 ι.
564 2445 641 2501 De
668 2463 776 2517 quo
805 2457 860 2503 et
893 2451 946 2504 in
977 2451 1081 2505 alio
1112 2452 1230 2507 loco
1256 2454 1516 2523 scriptum
1544 2463 1627 2509 est
1652 2473 1665 2509 :
1698 2471 1719 2508 ι
1750 2456 1879 2509 Flu-

303 2533 463 2588 minis
487 2536 716 2605 impetus
741 2538 980 2594 lzetiﬁeat
1004 2541 1279 2595 civitatem
1310 2541 1405 2596 Dei
1433 2541 1452 2613 (
1476 2542 1625 2597 Psal.
1654 2559 1755 2598 XLV
1778 2544 1819 2615 ).
1856 2565 1874 2598 ι

304 2622 367 2677 Et
395 2640 609 2681 rursum
640 2647 652 2681 :
684 2649 702 2680 ι
732 2630 976 2686 Gloriosa
1011 2634 1157 2687 dieta
1198 2642 1326 2689 sunt
1355 2636 1420 2690 de
1450 2644 1534 2699 te,
1563 2637 1755 2692 civitas
1784 2638 1878 2693 Dei

304 2714 321 2783 (
349 2711 497 2768 Psal.
528 2733 726 2772 Lxxxvl
748 2720 786 2789 ).
812 2741 830 2772 ι
860 2721 950 2775 Ille
973 2724 1157 2778 condit
1178 2731 1234 2777 et
1257 2725 1449 2778 munit.
1475 2724 1551 2781 De
1577 2741 1683 2795 quo
1709 2727 1881 2797 loqui-

301 2812 389 2857 tur
413 2804 592 2871 Pater,
624 2828 641 2858 ς
669 2810 776 2865 Iste
797 2812 1082 2867 aediﬁcavit
1108 2814 1379 2869 civitatem
1408 2831 1582 2870 meam
1601 2857 1617 2883 ,
1642 2836 1661 2869 ι
1688 2826 1743 2873 et
1768 2820 1881 2888 ipse

298 2907 512 2949 omnem
543 2913 755 2953 murum
789 2917 933 2957 sana:
970 2902 1094 2957 ﬁdei
1137 2919 1202 2957 ac
1243 2919 1385 2958 vera:
1429 2905 1741 2976 religionis,
1785 2910 1877 2977 qui

300 2982 475 3040 fuerat
514 2988 716 3043 malitia
752 3006 1085 3063 paganorum
1121 2994 1235 3049 sive
1271 2996 1649 3051 hmreticorum
1688 2998 1740 3052 in
1781 2999 1878 3053 ali-

210 3130 221 3141 ,
297 3076 490 3145 quibus
519 3079 839 3150 dissipatus,
876 3095 1144 3141 restaurat
1166 3097 1221 3141 et
1241 3090 1473 3144 exstruit
1497 3098 1672 3146 turres
1702 3094 1878 3147 virtu-

297 3173 412 3218 tum
433 3206 448 3231 ,
486 3170 637 3237 ponit
674 3179 729 3225 et
763 3171 1067 3229 forinsecus
1096 3176 1324 3231 alterum
1369 3194 1617 3246 murum,
1655 3182 1757 3237 hoc
1792 3190 1877 3238 est

296 3260 664 3327 antemurale,
705 3263 848 3331 quod
881 3264 936 3318 in
975 3265 1330 3323 aediﬁcatione
1368 3278 1668 3325 castrorum
1704 3272 1874 3327 solent

294 3347 552 3405 luriculas
598 3355 901 3424 appellare,
946 3372 1071 3411 eum
1114 3359 1377 3414 bonorum
1423 3377 1648 3431 operum
1693 3371 1875 3419 tenere

292 3438 451 3494 ducet
482 3439 819 3511 efﬁcaciam;
860 3461 966 3501 non
1003 3447 1149 3501 enim
1185 3447 1380 3504 suﬁicit
1418 3466 1633 3505 murum
1672 3451 1872 3509 habere

291 3531 445 3596 tidei,
475 3533 578 3587 nisi
610 3535 724 3603 ipsa
754 3535 887 3592 ﬁdes
913 3537 1072 3594 bonis
1093 3540 1349 3609 operibus
1375 3541 1743 3597 conﬁrmetur.
1772 3543 1873 3599 Hic

287 3635 479 3676 murus
507 3634 564 3677 et
590 3625 693 3679 hoc
721 3629 1056 3684 antemurale
1084 3630 1149 3684 de
1179 3630 1316 3686 vivis
1343 3630 1608 3701 lapidibus
1633 3637 1872 3689 exstrui-

289 3721 399 3778 tur,
438 3716 529 3783 qui
558 3714 713 3784 juxta
752 3717 1076 3788 Prophetam
1111 3721 1403 3778 volvuntur
1440 3739 1605 3794 super
1644 3734 1865 3781 terram.

288 3801 437 3857 Idem
476 3820 569 3859 rex
607 3805 738 3862 fecit
770 3811 1009 3866 universi
1045 3815 1260 3884 generis
1295 3825 1627 3871 armaturam
1662 3826 1718 3871 et
1758 3817 1870 3889 cly-

289 3909 455 3963 peos,
484 3912 606 3951 cum
646 3909 956 3957 sanctarum
993 3903 1398 3974 Scripturarum
1438 3907 1649 3963 diversa
1686 3909 1871 3965 condit

285 3988 628 4057 testimonia,
660 4001 716 4047 et
744 3994 1044 4052 doctrinam
1074 3999 1438 4069 cvangelicam
1469 4000 1536 4054 ad
1565 4001 1868 4056 munimen—

285 4086 399 4132 tum
445 4080 698 4137 Eeclcsiaa
744 4100 855 4139 sua:
900 4089 1204 4157 componit,
1251 4089 1573 4159 ordinatque
1619 4092 1866 4147 doctores

282 4169 377 4237 qui
406 4171 676 4241 principes
701 4174 1025 4244 spiritalium
1052 4177 1373 4232 bellatorum
1402 4180 1538 4244 sint,
1568 4188 1621 4234 et
1649 4180 1866 4235 univer-

280 4276 401 4315 sam
425 4263 671 4318 militiam
698 4277 844 4321 recte
864 4281 927 4321 ac
949 4268 1342 4322 rationabiliter
1362 4277 1553 4339 agant,
1576 4280 1866 4339 castraque

280 4351 540 4408 Ecclesiae
576 4365 765 4410 contra
800 4359 984 4414 hostes
1018 4360 1301 4415 universos
1334 4370 1636 4430 opportune
1672 4360 1861 4416 defen-

280 4439 434 4493 dant.
490 4442 643 4508 Quod
700 4446 959 4502 Ezechias
1008 4447 1390 4502 infestantibus
1437 4448 1576 4503 bello
1623 4449 1861 4521 Assyriis

278 4538 484 4582 terram
513 4528 821 4586 Iudaeorum
847 4543 903 4587 et
929 4544 1115 4589 contra
1140 4535 1474 4591 Hierusalem
1502 4538 1860 4608 pugnantibus

266 4617 438 4688 jussit
466 4620 643 4677 fontes
671 4623 927 4679 obturare
954 4641 1016 4680 ac
1047 4628 1220 4681 rivum
1250 4628 1341 4696 qui
1368 4626 1570 4681 ﬂuebat
1597 4628 1650 4682 in
1682 4628 1859 4683 medio

274 4718 458 4776 terra},
477 4727 544 4766 ne
559 4714 836 4769 venientes
857 4730 1007 4785 reges
1020 4715 1364 4787 Assyriorum
1382 4717 1681 4771 invenirent
1698 4733 1863 4786 aqua-

272 4816 400 4854 rum
448 4803 831 4858 abundantiam
853 4847 867 4870 ,
920 4805 1187 4876 signiﬁcat
1220 4806 1365 4877 quod
1398 4814 1586 4861 contra
1622 4822 1859 4878 paganos

274 4899 444 4958 atque
473 4892 755 4948 hrercticos
784 4905 1144 4966 repugnantes
1175 4911 1238 4951 ac
1268 4895 1702 4965 blasphemantes
1729 4897 1854 4952 dili-

266 4982 455 5052 gentia
498 4992 659 5054 atquc
703 4986 911 5040 cautela
958 4988 1260 5043 adhibenda
1298 4997 1414 5054 est,
1454 4997 1509 5043 et
1549 4989 1852 5045 divinorum

265 5085 736 5132 sacramentorum
783 5095 966 5134 coram
1011 5080 1091 5134 eis
1137 5088 1262 5134 sunt
1304 5081 1528 5137 velanda
1572 5083 1850 5153 mysteria.

263 5162 380 5218 Nec
430 5165 768 5236 impudenter
814 5170 1034 5225 verbum
1084 5171 1177 5225 Dei
1227 5171 1557 5241 blasphemis
1603 5173 1854 5244 ingeren-

258 5254 397 5310 dum
418 5298 434 5321 ,
462 5261 553 5328 qui
585 5261 830 5321 nesciunt
861 5263 1160 5318 doctrinam
1198 5274 1439 5319 sanetam
1474 5265 1578 5335 piis
1610 5265 1852 5321 moribus

256 5346 560 5416 honorare,
595 5352 689 5406 sed
714 5353 887 5422 magis
924 5356 1140 5409 student
1164 5370 1258 5409 ore
1292 5363 1555 5409 venenato
1583 5355 1846 5411 lacerare.

256 5441 423 5507 Quod
471 5452 652 5498 autem
701 5445 898 5499 dicitur
947 5445 1317 5500 Sennacherib
1366 5461 1459 5499 rex
1506 5446 1848 5518 Assyriorum

252 5535 482 5590 misisse
519 5554 735 5591 manum
774 5539 1002 5593 validam
1040 5538 1105 5592 ad
1144 5538 1479 5593 Hierusalem
1517 5554 1615 5608 per
1642 5539 1842 5609 Rapsa-

246 5639 361 5677 ccn
392 5624 766 5696 blasphemum
787 5671 801 5693 ,
830 5642 887 5683 ut
915 5637 1182 5683 everteret
1209 5645 1328 5683 eam
1350 5669 1362 5693 ,
1393 5638 1690 5697 orantequc
1720 5630 1849 5683 Eze-

246 5716 381 5769 chia
414 5726 577 5788 atque
606 5720 741 5775 Isaia
774 5740 892 5775 eum
926 5732 1120 5775 cetero
1152 5722 1372 5791 populo,
1419 5720 1676 5775 Dominus
1719 5723 1847 5777 lihe-

1988 1900 2224 1954 Ararath
2252 1919 2263 1953 :
2295 1910 2350 1954 et
2374 1901 2624 1971 regnavit
2646 1901 2962 1956 Asaraddon
2992 1902 3137 1957 ﬁlius
3160 1899 3277 1970 ejus
3302 1919 3403 1972 pro
3430 1918 3515 1958 eo.
3550 1923 3569 1955 ι

1988 1988 2216 2045 Centum
2256 1991 2534 2061 octoginta
2572 1992 2811 2060 quinque
2840 1991 3007 2045 millia
3038 1990 3458 2047 fortissimorum
3490 1993 3572 2047 vi-

1988 2096 2171 2134 rorum
2198 2080 2265 2135 ab
2291 2096 2400 2136 uno
2426 2082 2616 2151 angelo
2642 2098 2744 2135 una
2771 2090 2928 2137 nocte
2953 2083 3258 2148 czeduntur,
3286 2094 3342 2140 et
3367 2085 3573 2156 absque

1986 2170 2296 2226 vulneribus
2321 2171 2625 2225 occisorum
2652 2187 2799 2226 mors
2823 2187 2963 2228 sazva
2989 2172 3573 2239 discurrit,excludens

1985 2263 2304 2332 corporibus
2325 2262 2535 2317 animas
2556 2262 2768 2318 Domini
2792 2262 3091 2330 voluntate,
3115 2263 3368 2333 solusque
3389 2281 3479 2321 rex
3506 2280 3571 2320 eo

1988 2360 2229 2422 tempore
2267 2352 2472 2407 idcirco
2508 2361 2819 2408 reservatus
2844 2360 2961 2417 est,
2989 2363 3050 2408 ut
3076 2354 3245 2409 sciret
3268 2356 3569 2426 potentiam

1984 2441 2117 2506 Dei,
2156 2450 2211 2497 et
2244 2441 2679 2512 blasphemautia
2712 2458 2808 2497 ora
2847 2443 3267 2513 comprimeret,
3309 2444 3570 2515 ﬁeretque

1986 2536 2141 2605 testis
2177 2535 2320 2589 illius
2355 2534 2658 2604 maiestatis
2686 2550 2847 2604 quam
2878 2534 3037 2604 paulo
3066 2544 3190 2591 ante
3217 2545 3565 2607 contempse—

1984 2633 2087 2678 rat.
2125 2623 2216 2679 Sic
2243 2624 2455 2679 Pharao
2491 2640 2705 2695 quoque
2744 2626 2797 2679 in
2838 2626 3024 2681 decem
3059 2626 3281 2698 IEgypti
3318 2636 3570 2686 servatur

1982 2717 2158 2787 plagis
2178 2756 2193 2781 ,
2224 2724 2283 2769 ut
2311 2716 2638 2772 novissimus
2667 2726 2890 2787 pereat,
2920 2716 3063 2787 quod
3095 2726 3151 2773 et
3178 2718 3281 2773 iste
3308 2734 3568 2789 passurus

1983 2816 2087 2862 est.
2125 2807 2259 2863 Cum
2299 2808 2444 2862 enim
2491 2823 2749 2864 reversus
2792 2816 2939 2865 esset
2987 2811 3042 2865 in
3089 2810 3337 2877 Ninivem
3378 2812 3567 2867 urbem

1984 2901 2214 2969 primam
2266 2902 2418 2971 regni
2464 2902 2583 2968 sui,
2620 2911 2676 2957 et
2712 2904 2963 2957 adoraret
2999 2904 3052 2957 in
3096 2904 3294 2974 templo
3323 2903 3566 2960 Nesroeh

1982 2991 2139 3044 deum
2171 3006 2326 3046 suum
2359 2992 2513 3062 quasi
2546 2992 2830 3047 victoriam
2858 2994 2923 3049 de
2953 2993 3199 3049 hostibus
3228 3003 3562 3065 reportaret,

1981 3088 2037 3134 et
2071 3079 2352 3137 delubrum
2392 3082 2520 3137 idoli
2557 3083 2640 3138 sui
2678 3083 3017 3153 triumphans
3048 3092 3103 3137 et
3135 3085 3566 3155 gratulabundus

1981 3171 2288 3235 incederet,
2317 3179 2660 3242 contemptor
2685 3172 2801 3226 veri
2832 3172 2924 3226 Dei
2949 3213 2966 3238 ,
2995 3172 3049 3226 in
3081 3171 3206 3226 fano
3239 3172 3360 3228 falsi
3387 3173 3565 3228 numi-

1976 3263 2061 3318 nis
2107 3264 2441 3329 trucidatur;
2475 3280 2575 3320 nee
2607 3264 2781 3335 angeli
2826 3264 2965 3334 perit
3009 3264 3208 3335 gladio,
3255 3266 3401 3335 quod
3443 3272 3563 3321 erat

1975 3367 2263 3410 commune
2287 3370 2410 3410 cum
2439 3353 2685 3424 pluribus
2703 3395 2717 3419 ,
2748 3355 2842 3410 sed
2871 3355 3166 3424 parricidio
3197 3355 3451 3412 ﬁliorum.

2573 3463 2801 3520 CAPUT
2841 3462 2958 3518 XX.

2490 3534 2562 3588 De
2600 3534 2750 3589 Isaia
2779 3535 3052 3605 propheta.

2049 3645 2068 3677 ι
2103 3625 2238 3680 Nam
2264 3625 2393 3682 fecit
2417 3626 2678 3682 Ezechias
2702 3626 2846 3695 quod
2871 3626 3075 3695 placuit
3099 3628 3238 3691 Deo,
3269 3636 3324 3680 ct
3344 3626 3562 3682 fortiter

1979 3733 1998 3766 ‹
2033 3715 2132 3770 ivit
2172 3716 2224 3770 in
2264 3717 2348 3770 via
2384 3716 2557 3785 patris
2596 3717 2680 3770 sui
2719 3714 2922 3781 David,
2960 3732 3122 3787 quam
3162 3718 3437 3772 mandavit
3477 3718 3556 3773 illi

1977 3826 1996 3859 ι
2028 3808 2195 3864 Isaias
2222 3810 2483 3878 prepheta
2511 3823 2737 3880 magnus
2762 3817 2818 3864 et
2841 3807 3012 3864 ﬁdelis
3040 3810 3091 3863 in
3118 3817 3409 3878 conspectu
3434 3808 3553 3864 Dei.

1976 3918 1995 3951 ι
2024 3901 2085 3958 In
2116 3900 2307 3955 diebus
2335 3897 2452 3967 ejus
2480 3909 2627 3955 retro
2657 3901 2819 3956 rediit
2844 3899 2924 3955 sol
2943 3941 2958 3967 ,
2999 3907 3055 3955 et
3086 3899 3293 3954 addidit
3322 3899 3437 3971 regi
3473 3901 3553 3954 vi-

1975 4007 1995 4040 ‹
2028 3996 2162 4043 tam.
2190 3988 2396 4059 Spiritu
2424 4004 2620 4060 magno
2646 3990 2782 4044 vidit
2807 3988 2995 4045 ultima
3014 4030 3029 4055 ,
3052 3997 3110 4045 et
3130 3988 3441 4047 consolatus
3469 3998 3553 4046 est

1975 4099 1994 4133 ‹
2026 4081 2272 4152 lugentes
2296 4082 2349 4136 in
2377 4080 2507 4137 Sion
2536 4096 2707 4151 usque
2733 4082 2788 4137 in
2815 4082 3202 4154 sempiternum
3231 4089 3288 4137 et
3312 4082 3553 4137 ostendit

1974 4192 1995 4225 ί
2030 4172 2209 4229 futura
2235 4182 2290 4229 et
2309 4174 2625 4229 abscondita
2650 4182 2943 4244 antequam
2966 4174 3232 4229 venirent.
3257 4192 3276 4225 »
3306 4172 3547 4240 Qualiter

1967 4271 2149 4318 autem
2196 4263 2460 4319 Ezechias
2504 4279 2602 4333 per
2644 4264 2785 4319 bona
2824 4279 2988 4334 opera
3026 4262 3289 4334 placuerit
3324 4263 3455 4327 Deo,
3494 4271 3550 4316 et

1966 4352 2237 4422 quomodo
2270 4368 2369 4423 per
2400 4352 2592 4408 Isaiam
2639 4354 2957 4423 prophetam
2997 4353 3066 4408 ab
3096 4353 3414 4424 aegritudine
3449 4369 3545 4409 sua

1965 4452 2187 4501 sanatus
2210 4447 2316 4510 sit,
2342 4445 2539 4515 illoque
2566 4456 2781 4515 petente
2801 4446 3013 4516 signum
3035 4486 3049 4510 ,
3079 4445 3208 4502 solis
3234 4461 3425 4501 cursus
3448 4461 3546 4514 pro

1965 4540 2071 4595 hoc
2103 4546 2343 4594 mutatus
2377 4537 2486 4603 sit,
2524 4538 2596 4592 ita
2629 4547 2687 4593 ut
2717 4539 2902 4594 decem
2934 4537 3092 4593 lineis
3126 4546 3272 4592 retro
3308 4539 3545 4604 rediret,

1963 4629 2088 4685 libri
2116 4631 2323 4702 Regum
2346 4639 2401 4685 et
2429 4629 2877 4701 Paralipomenon
2894 4671 2909 4696 ,
2939 4645 3042 4686 nec
3063 4646 3170 4686 non
3192 4638 3247 4687 et
3272 4631 3422 4687 Isaiae
3452 4647 3545 4686 vo-

1961 4718 2149 4774 lumen
2183 4718 2317 4774 satis
2352 4717 2652 4774 declarant.
2692 4718 2791 4774 IIie
2824 4733 2953 4791 ergo
2985 4718 3155 4796 Isaias
3190 4719 3381 4789 spiritu
3412 4735 3541 4789 pro-

1962 4811 2180 4879 phetico
2226 4809 2409 4866 futura
2454 4819 2510 4866 et
2552 4811 2865 4866 abscondita
2912 4810 3168 4881 mysteria
3206 4810 3271 4865 de
3305 4810 3543 4867 adventu

1962 4900 2197 4966 Christi,
2229 4910 2285 4954 et
2314 4902 2382 4956 de
2414 4901 2785 4971 redemptione
2812 4901 3028 4973 generis
3058 4900 3278 4956 humani
3298 4941 3313 4968 ,
3342 4901 3407 4956 de
3435 4901 3542 4957 Ec-

1957 4992 2137 5048 clesire
2163 5008 2375 5063 quoque
2401 5000 2545 5049 statu
2565 5032 2582 5059 ,
2608 5003 2663 5050 et
2691 4994 2759 5050 de
2781 4994 2987 5063 judicio
3012 4992 3107 5050 Dei
3136 4992 3320 5049 futuro
3349 4993 3538 5064 copio-

1958 5084 2169 5139 sissime
2208 5084 2262 5138 in
2304 5085 2443 5139 libro
2465 5070 2580 5140 'suo
2620 5085 2898 5140 disseruit.
2943 5086 3020 5142 De
3066 5102 3173 5157 quo
3213 5086 3417 5157 aliquid
3449 5085 3539 5141 hic

1955 5174 2186 5244 exempli
2234 5175 2407 5245 gratia
2451 5191 2656 5245 ponere
2703 5177 3031 5247 superﬂuum
3077 5192 3193 5247 est,
3231 5196 3353 5237 cum
3400 5192 3538 5250 pene

1955 5277 2100 5322 totus
2130 5268 2286 5333 liber,
2315 5278 2573 5337 quantum
2601 5268 2668 5325 ad
2693 5270 2991 5340 spiritalem
3019 5287 3238 5327 sensum
3265 5268 3500 5342 pertinet
3518 5305 3535 5331 ,

1958 5360 2013 5413 in
2049 5359 2133 5415 his
2156 5369 2421 5415 versetur.
3022 5356 3029 5366 ’

2543 5450 2772 5507 CAPUT
2810 5452 2949 5506 XXI.

2601 5541 2675 5594 De
2707 5540 2863 5595 Josia

2026 5629 2196 5702 (Car.
2232 5646 2378 5686 xux.
2408 5630 2426 5701 )
2467 5648 2484 5681 ‹
2516 5630 2771 5685 Memoria
2799 5629 2957 5684 Josia:
2997 5629 3047 5683 in
3082 5625 3529 5696 compositionem

1956 5741 1973 5775 ‹
2005 5723 2186 5777 odoris
2226 5722 2351 5777 facti
2386 5738 2518 5791 opus
2558 5720 2919 5793 pigmentarii.
2960 5721 3017 5774 In
3057 5720 3204 5775 oumi
3243 5736 3338 5776 ore
3372 5719 3530 5793 quasi
