3928 6168
351 288 493 346 1107

983 290 1043 344 Β.
1086 286 1338 345 RABANI
1378 288 1597 346 MAURI
1634 284 1952 344 ARCHIEP.
1991 283 2300 343 MOGUNT.
2339 283 2624 341 OPERUM
2661 281 2844 339 PARS
2881 284 2923 339 Ι.

3472 290 3502 347 1
3515 289 3631 349 568

355 424 378 457 ‹
405 406 512 462 mel
549 401 906 461 indulcabitur
942 405 1203 459 memoria
1222 445 1237 469 ,
1270 414 1327 459 et
1358 412 1420 458 ut
1462 403 1668 458 musica
1705 402 1758 456 in
1793 416 1926 456 cou-
1953 403 2002 459 A
2028 398 2243 468 pietatis
2267 411 2433 467 opera
2462 404 2980 455 commemorantur.
3006 397 3101 453 sed
3126 413 3234 454 non
3263 399 3340 455 ita
3365 400 3619 471 perfecta

357 512 380 548 ι
410 496 556 553 vivio
581 495 712 550 vini.
734 494 960 565 Ipse\est
983 494 1223 550 directus
1246 496 1502 550 divinitus
1528 495 1582 549 in
1608 492 1930 564 poenitentia

332 610 376 645 -‹
408 588 615 661 gentis,
643 594 697 641 et
722 584 842 639 tulit
869 584 938 639 ab
958 585 1266 640 hominibus
1291 585 1617 655 impietates.
1648 583 1714 637 Et
1738 582 1933 654 guber-

354 700 377 736 ‹
408 680 555 736 navit
593 678 661 733 ad
694 677 980 733 Dominrm
1017 693 1110 731 cor
1153 677 1349 746 ipsius,
1397 685 1452 731 et
1491 677 1543 730 in
1580 675 1770 729 diebus
1804 689 1931 744 pec-

353 790 374 820 ‹
406 778 649 825 catorum
689 766 1065 822 corroboravit
1097 768 1378 837 pietatem.
1413 786 1430 818 ι
1464 766 1609 820 Bene
1645 772 1931 834 comparat

346 860 664 916 memoriam
694 858 856 914 Josia:
881 860 1025 928 regis
1050 859 1202 914 odori
1233 858 1417 928 operis
1453 855 1799 927 pigmentarii
1818 896 1833 920 ,
1873 862 1931 910 et

348 956 525 1012 mellis
552 955 854 1020 dulcedini,
887 962 941 1009 et
968 970 1172 1025 organo
1200 953 1453 1019 musica),
1484 952 1611 1021 quia
1640 951 1784 1004 fama
1812 951 1928 1005 vir-

348 1051 478 1107 tutis
515 1047 664 1118 ejus,
704 1056 759 1103 et
791 1047 1031 1103 suavitas
1066 1046 1470 1109 modestiae,et
1504 1043 1742 1099 studium
1782 1042 1928 1113 quod

349 1141 590 1197 habebat
615 1140 667 1194 in
694 1138 1050 1195 restaurando
1076 1137 1278 1193 cultum
1306 1135 1433 1201 Dei,
1463 1149 1679 1189 omnem
1704 1133 1928 1187 odorem

346 1232 745 1303 pigmentorum
764 1270 778 1294 ,
804 1237 859 1284 et
880 1228 1215 1284 dulcedinem
1244 1226 1444 1289 mellis,
1470 1240 1570 1279 nec
1592 1239 1697 1278 non
1724 1231 1780 1278 et
1803 1236 1931 1277 can-

352 1324 572 1379 tilenam
608 1323 830 1377 musica:
859 1321 994 1376 artis
1021 1328 1280 1391 superat;
1314 1319 1403 1389 qui
1434 1319 1575 1373 bene
1605 1332 1728 1372 cum
1760 1315 1929 1369 David

350 1404 532 1470 dicere
555 1421 806 1485 poterat:
838 1431 856 1463 ι
888 1411 1060 1479 Quam
1087 1411 1264 1465 dulcia
1293 1411 1535 1465 faucibus
1558 1408 1693 1463 meis
1716 1407 1929 1477 eloquia

353 1517 473 1574 tua,
504 1506 761 1569 Domine,
795 1519 956 1575 super
982 1503 1086 1559 mel
1114 1512 1169 1559 et
1200 1501 1380 1556 favum
1413 1500 1493 1554 ori
1526 1514 1666 1553 meo.
1698 1497 1822 1552 Ideo
1850 1498 1930 1551 di-

351 1602 457 1659 lexi
484 1602 735 1656 mandata
758 1607 871 1665 tua,
889 1613 1050 1668 super
1075 1612 1263 1651 aurum
1291 1604 1346 1649 et
1372 1592 1642 1663 topazion.
1673 1590 1928 1660 Propter-

350 1709 413 1748 ea
451 1693 518 1747 ad
552 1690 732 1748 omnia
773 1689 1026 1745 mandata
1077 1696 1167 1742 tua
1210 1684 1503 1755 dirigebar,
1535 1696 1750 1736 omnem
1781 1681 1921 1734 viam

2037 491 2179 546 sicut
2202 490 2396 544 horum
2423 490 2606 544 trium.
2637 489 2871 545 Maxima
2895 498 3075 545 autem
3096 507 3224 561 pars
3243 507 3433 564 regum
3453 492 3621 560 Iuda,

2033 582 2173 637 sicut
2197 591 2253 637 et
2275 596 2431 651 reges
2458 581 2653 645 Israel,
2683 581 3052 636 declinaverat
3078 584 3145 637 ad
3171 599 3337 653 opera
3367 586 3625 655 impieta-

2032 674 2105 729 tis
2140 683 2194 729 et
2246 674 2449 729 scelera
2479 681 2844 743 peccatorum.
2883 673 3038 728 Unde
3065 684 3122 730 et
3147 677 3397 731 meritam
3430 678 3624 734 vindi-

2032 772 2174 818 ctam
2205 771 2593 834 perceperunt,
2622 763 2764 818 sicut
2788 774 3188 833 consequenter
3210 768 3545 823 ostenditur.

2597 894 2828 950 CAPUT
2876 895 3039 950 XXH.

2633 1006 2712 1062 De
2755 1006 3009 1063 Ieremia.

2108 1159 2127 1191 ι
2158 1137 2336 1209 Reges
2362 1137 2513 1192 Iudae
2537 1137 2884 1206 defecerunt,
2907 1149 2961 1196 et
2987 1149 3429 1213 contempserunt
3456 1146 3624 1203 timo—

2037 1247 2057 1281 ‹
2091 1246 2203 1283 rem
2229 1230 2342 1284 Dei.
2371 1230 2641 1284 Dederunt
2663 1231 2806 1285 enim
2832 1247 3059 1300 regnum
3081 1250 3237 1289 suum
3259 1235 3403 1302 aliis,
3425 1247 3482 1292 et
3502 1238 3621 1308 glo-

2038 1339 2057 1372 σ
2091 1321 2226 1375 riam
2256 1337 2405 1376 suam
2438 1321 2625 1376 aliena:
2657 1323 2821 1393 genti.
2852 1322 3213 1381 lncenderunt
3237 1326 3468 1383 electam
3498 1344 3622 1384 san-

2038 1430 2057 1462 ι
2091 1411 2293 1466 ctitatis
2310 1411 2587 1466 civitatem
2604 1453 2618 1477 ,
2636 1421 2692 1466 et
2711 1414 2952 1469 desertas
2972 1415 3217 1470 fecerunt
3235 1418 3352 1473 vias
3372 1419 3544 1489 ipsius
3562 1422 3619 1475 in

2037 1523 2055 1555 ι
2089 1518 2251 1557 manu
2283 1501 2532 1557 Ieremia:
2548 1543 2564 1568 ,
2588 1518 2713 1557 nam
2737 1503 2877 1558 male
2904 1512 3270 1560 tractaverunt
3293 1507 3444 1563 illum
3464 1509 3559 1579 qui
3585 1526 3621 1565 a

2038 1611 2058 1645 ε
2092 1601 2279 1648 ventre
2301 1592 2490 1647 matris
2512 1600 2859 1647 consecratus
2887 1601 2971 1647 est
2992 1594 3272 1663 propheta,
3295 1606 3541 1651 evertere
3564 1606 3625 1652 et

2039 1699 2059 1733 ι
2089 1694 2299 1747 eruere,
2315 1688 2370 1735 et
2390 1682 2633 1751 perdere,
2648 1690 2702 1735 et
2724 1681 2920 1736 iterum
2942 1682 3209 1739 mdificare
3224 1692 3280 1738 et
3298 1700 3583 1740 renovare.
3597 1705 3619 1738 ο

354 1785 595 1854 iniquam
626 1782 750 1838 odio
798 1780 963 1835 habui
1004 1780 1022 1849 (
1048 1778 1194 1855 Psal.
1227 1793 1391 1832 cxvm
1416 1776 1455 1847 ).
1488 1795 1507 1827 ι
1542 1775 1618 1829 De
1647 1789 1753 1844 quo
1785 1772 1933 1827 Scri-
1963 1758 2009 1815 Β
2038 1773 2178 1840 Quid
2203 1773 2454 1841 estquod
2475 1772 2636 1836 dicit,
2665 1773 2718 1826 in
2745 1787 2907 1826 manu
2934 1771 3182 1828 Jereniize
3210 1784 3399 1846 gentes
3423 1777 3617 1832 incen—

354 1884 511 1943 ptura
546 1879 766 1934 narrat,
799 1870 943 1941 quod
973 1885 1097 1924 cuni
1133 1869 1308 1923 adhuc
1346 1875 1487 1921 esset
1520 1880 1675 1935 puer,
1709 1864 1938 1933 coeperit

354 1977 599 2033 quaerere
632 1962 920 2016 Dominum
952 1960 1126 2030 patris
1158 1958 1238 2013 sui
1272 1957 1440 2011 David
1460 1997 1475 2020 ,
1509 1963 1563 2010 et
1595 1950 1937 2009 mandaverit

353 2051 549 2109 Judam
581 2059 637 2107 et
664 2050 1000 2105 Hierusalem
1029 2049 1097 2103 ab
1122 2047 1382 2110 excelsis,
1414 2054 1469 2100 et
1506 2045 1675 2108 lucis,
1709 2042 1934 2098 simula-

354 2144 608 2213 crisque,
646 2150 700 2195 et
734 2139 1103 2209 seulptilibus,
1140 2136 1577 2204 destruxeritque
1615 2148 1740 2188 aras
1769 2142 1824 2188 et
1856 2133 1934 2186 si-

355 2232 597 2289 mulacra
616 2272 631 2297 ,
662 2229 813 2285 lucos
841 2240 897 2283 et
924 2227 1193 2297 seulptilia
1232 2225 1543 2280 succiderit.
1575 2222 1816 2292 Ossaque
1845 2237 1932 2276 sa-

354 2322 633 2377 cerdotum
675 2316 1033 2374 combusserit
1062 2316 1114 2370 in
1144 2314 1404 2368 altaribus
1441 2312 1739 2375 idolorum,
1781 2325 1937 2364 mun-

356 2413 673 2481 daveritque
696 2408 893 2465 ludam
922 2416 978 2462 et
1008 2405 1384 2469 Hierusalem;
1420 2403 1514 2458 sed
1549 2411 1601 2456 et
1629 2402 1682 2455 in
1715 2400 1936 2455 urbibus

357 2503 604 2559 Manasse
646 2509 703 2556 et
744 2499 1000 2569 Ephraim
1054 2505 1110 2552 et
1153 2496 1370 2551 Simeon
1415 2508 1588 2563 usque
1631 2490 1934 2561 Nephtalim

358 2601 553 2649 cuncta
578 2590 922 2647 subverterit.
952 2588 1258 2644 Secundum
1287 2586 1598 2657 allegoriam
1625 2592 1806 2638 autem
1836 2582 1933 2637 Jo-

367 2685 480 2740 sias
504 2687 609 2740 iste
631 2692 815 2756 typum
841 2690 987 2737 tenet
1010 2680 1220 2736 Domini
1247 2678 1563 2741 Salvatoris,
1593 2677 1683 2747 qui
1713 2675 1859 2730 salus
1883 2682 1939 2729 et

357 2775 620 2832 fortitudo
640 2775 851 2830 Domini
879 2773 1075 2828 merito
1101 2773 1320 2836 dicitur,
1347 2770 1471 2840 quia
1498 2770 1613 2839 ipse
1637 2775 1721 2822 est
1742 2767 1809 2821 de
1831 2779 1936 2835 quo

360 2866 641 2938 Scriptura
676 2866 845 2921 dicit:
878 2882 897 2915 ‹
927 2864 1187 2918 Dominus
1222 2861 1407 2926 fortis,
1449 2858 1710 2914 Dominus
1744 2864 1937 2926 potens

359 2960 416 3014 in
440 2957 626 3028 praelia
651 2955 672 3027 (
699 2954 844 3009 Psaf.
876 2969 1013 3008 χχιιι
1037 2953 1079 3026 ).
1113 2973 1132 3005 ι
1158 2953 1223 3008 Ει
1249 2952 1375 3006 alibi
1408 2970 1421 3005 :
1458 2970 1475 3001 ι
1504 2951 1621 3021 lpsc
1648 2950 1795 3005 enim
1824 2949 1936 3005 sal-

356 3065 483 3106 vum
511 3048 676 3105 faciet
698 3046 953 3118 populum
980 3060 1136 3101 suum
1162 3059 1193 3098 a
1218 3043 1457 3114 peccatis
1480 3057 1666 3097 eorum
1697 3040 1716 3113 (
1741 3041 1932 3096 Matth.

2035 1864 2165 1919 dere
2190 1864 2461 1919 civitatem
2487 1863 2713 1920 electam
2746 1864 3070 1929 sanctitatis,
3094 1874 3150 1919 et
3170 1866 3415 1922 desertas
3439 1866 3626 1924 facere

2035 1956 2153 2013 vias
2187 1955 2365 2021 illius,
2395 1956 2499 2011 nisi
2534 1957 2678 2025 quod
2708 1956 2762 2010 in
2794 1956 3014 2025 scriptis
3042 1954 3291 2011 Jeremiaa
3323 1967 3382 2011 et
3409 1973 3622 2014 sermo—

2036 2050 2195 2104 nibus
2220 2046 2370 2116 ejus,
2400 2048 2670 2118 patefacta
2701 2055 2786 2102 est
2811 2047 3046 2102 vastatio
3076 2046 3251 2103 futura
3282 2048 3621 2105 Hierusalem

2034 2148 2090 2194 et
2112 2140 2343 2195 filiarum
2368 2139 2521 2210 ejus?
2543 2138 2669 2192 Fuit
2691 2138 2834 2192 enim
2859 2138 3001 2193 idem
3025 2138 3308 2208 propheta,
3337 2139 3481 2194 sicut
3509 2139 3624 2209 ipse

2036 2238 2293 2297 testatur,
2325 2229 2661 2300 temporibus
2688 2227 2883 2294 Josite,
2913 2227 3161 2284 Joachim
3179 2270 3194 2294 ,
3225 2228 3501 2284 Jeehonia:
3521 2270 3538 2294 ,
3565 2238 3625 2284 et

2036 2320 2316 2376 Sedet-inite
2354 2334 2542 2387 regum
2578 2318 2713 2374 Jurla
2744 2337 2757 2372 :
2792 2334 3007 2388 semper
3031 2318 3288 2389 populum
3320 2335 3348 2372 a
3379 2320 3624 2388 peccatis

2036 2424 2416 2479 compescens,
2449 2416 2506 2464 et
2534 2408 2602 2463 ad
2632 2410 3043 2463 (ouversionem
3073 2417 3236 2478 atque.
3272 2409 3417 2464 bona
3454 2424 3623 2479 opera

2036 2515 2377 2572 provocans;
2411 2498 2504 2554 sed
2539 2499 2639 2569 ipsi
2675 2498 2814 2554 male
2846 2507 3218 2553 tractaverunt
3246 2498 3399 2552 illum
3419 2539 3435 2562 ,
3465 2498 3560 2568 qui
3587 2513 3620 2552 a

2036 2602 2223 2648 ventre
2252 2591 2444 2646 matris
2472 2598 2820 2645 consecratus
2853 2598 2937 2644 est
2964 2590 3227 2660 propheta
3248 2630 3264 2653 ,
3295 2597 3546 2646 evertere
3568 2598 3625 2645 et

2036 2696 2230 2738 eruere
2263 2690 2320 2736 et
2354 2682 2584 2751 perdere
2603 2721 2619 2746 ,
2654 2689 2710 2736 et
2739 2682 2934 2735 itr'rum
2965 2681 3235 2736 mdiﬁcare
3263 2690 3318 2737 et
3348 2696 3616 2739 renovare

2039 2777 2056 2843 (
2080 2773 2191 2828 Jer.
2214 2790 2239 2838 γι
2265 2773 2304 2845 ).
2334 2773 2413 2827 Ita
2440 2772 2583 2826 enim
2612 2772 2665 2825 in
2697 2771 2885 2827 eodem
2913 2772 3179 2843 propheta
3206 2773 3474 2843 scriptum
3504 2781 3621 2839 est,

2039 2865 2252 2920 dicente
2279 2864 2346 2918 ad
2372 2877 2497 2917 eum
2526 2861 2751 2916 Domino
2778 2875 2792 2915 :
2828 2879 2846 2912 ι
2877 2860 3015 2916 Ecce
3040 2876 3139 2931 ego
3161 2862 3424 2916 constitui
3450 2872 3503 2917 te
3529 2863 3624 2918 ho-

2040 2957 2129 3011 die
2160 2971 2324 3026 super
2353 2965 2540 3027 gentes
2567 2964 2622 3011 et
2650 2972 2811 3027 super
2849 2973 3015 3029 regna
3036 2998 3050 3022 ,
3082 2964 3142 3012 ut
3165 2957 3400 3021 evellas,
3431 2965 3489 3012 et
3522 2958 3620 3014 de-

2041 3057 2240 3110 struas,
2266 3053 2321 3101 et
2347 3046 2644 3116 disperdas,
2673 3057 2728 3103 et
2758 3048 3008 3129 dissipes,
3036 3057 3092 3103 et
3114 3047 3369 3113 .edifices,
3393 3057 3449 3103 et
3474 3049 3625 3118 plan-

360 3141 442 3215 ι).
474 3160 493 3193 ι
522 3140 642 3211 Ipse
676 3115 895 3210 quidem
935 3137 1051 3192 zelo
1085 3136 1172 3192 dei
1212 3136 1437 3189 mundat
1473 3143 1673 3190 terram
1706 3133 1842 3188 Juda
1882 3142 1937 3189 et
1965 3115 2009 3177 Ο
2042 3145 2122 3192 tes
2152 3137 2386 3209 (ΗΜ).
2417 3115 2439 3191 »ί
2464 3115 3095 3208 Considerandumquod
3121 3147 3356 3208 quatuor
3383 3115 3626 3194 tristibus

360 3231 698 3287 Hierusalem
736 3232 805 3286 ab
840 3229 1090 3286 omnibus
1120 3227 1475 3282 immunditiis
1498 3235 1553 3281 et
1580 3228 1941 3282 abominatio-

266 3318 275 3325 ’
361 3323 554 3387 nibus,
582 3322 676 3392 qui
706 3335 801 3391 per
824 3320 1150 3390 Prophetam
1176 3316 1350 3372 dixit:
1380 3336 1398 3368 ι
1429 3318 1587 3373 Zelus
1610 3317 1801 3373 domus
1835 3327 1942 3374 tute

336 3412 600 3485 comedit
624 3427 712 3467 me
740 3410 933 3483 (Psal.
961 3425 1124 3466 vam
1150 3409 1190 3479 ).
1225 3428 1243 3460 ι
1272 3408 1349 3464 De
1378 3424 1484 3479 quo
1508 3416 1564 3464 et
1592 3406 1828 3465 Joannes
1855 3410 1941 3464 di-

362 3504 477 3558 cit:
511 3520 530 3553 r
558 3501 723 3574 Cujus
744 3501 1109 3556 ventilabrum
1136 3500 1190 3555 in
1230 3514 1393 3555 manu
1434 3515 1565 3565 sua,
1603 3510 1659 3556 et
1688 3498 1944 3571 purgabit

363 3605 548 3648 aream
575 3590 772 3661 suam.(
797 3588 989 3644 Matth.
1016 3605 1076 3644 ιιι
1103 3590 1142 3660 ).
1175 3607 1195 3640 ι
1221 3588 1299 3645 De
1323 3605 1430 3659 quo
1455 3597 1510 3643 et
1536 3588 1829 3644 Malacbias
1856 3589 1941 3643 di-

363 3681 471 3736 cit:
494 3699 513 3732 ι
535 3681 675 3736 Ecce
695 3679 865 3744 venit,
887 3678 1019 3735 dicit
1039 3678 1296 3734 Dominus
1317 3678 1685 3743 exercituum;
1710 3676 1832 3747 quis
1852 3691 1945 3746 po-

375 3774 506 3830 terit
533 3772 771 3844 cogitare
804 3770 945 3825 diem
981 3771 1244 3825 adventus
1271 3767 1419 3837 ejus,
1450 3776 1506 3825 et
1534 3768 1655 3838 quis
1683 3767 1847 3822 stabit
1864 3752 1942 3821 ‘ad

362 3863 655 3919 videndum
691 3862 861 3917 eum?
896 3860 1011 3931 ipse
1050 3860 1194 3916 enim
1233 3860 1388 3930 quasi
1430 3859 1570 3931 ignis
1594 3856 1865 3924 conﬂans,
1890 3866 1947 3912 et

373 3952 529 4023 quasi
554 3952 722 4008 herba
751 3951 1013 4007 fullonum
1040 3968 1055 4016 ;
1084 3959 1135 4007 et
1166 3951 1376 4006 sedebit
1403 3948 1644 4005 conflans
1670 3958 1729 4006 et
1751 3964 1943 4005 emun-

366 4045 507 4099 dans
532 4051 815 4114 argentum
832 4084 846 4105 ,
880 4051 935 4097 et
962 4042 1215 4113 purgabit
1243 4041 1381 4096 fdios
1407 4040 1571 4104 Levi,
1602 4047 1660 4096 et
1689 4040 1946 4097 conflabit

366 4149 461 4189 eos
497 4132 655 4203 quasi
692 4146 885 4186 aurum
907 4171 921 4197 ,
952 4139 1008 4186 et
1033 4131 1188 4201 quasi
1216 4138 1495 4202 argentum
1523 4146 1537 4195 ;
1570 4136 1626 4185 et
1650 4136 1812 4185 erunt
1835 4130 1942 4185 Do-

369 4226 516 4281 mino
539 4222 826 4279 offerentes
849 4221 1121 4278 sacrificia
1150 4222 1202 4275 in
1223 4219 1433 4289 justitia
1455 4262 1470 4286 ,
1494 4229 1550 4275 et
1573 4220 1808 4292 placebit
1834 4219 1946 4276 Deo

366 4315 698 4372 sacrificium
733 4313 871 4370 Juda
912 4321 967 4370 et
1002 4313 1301 4370 Jerusalem
1338 4314 1480 4370 sicut
1506 4314 1621 4369 dies
1649 4313 1864 4379 saeculi,
1891 4321 1947 4369 et

366 4410 509 4465 sicut
531 4409 657 4464 anni
686 4407 912 4477 antiqui.
950 4407 1019 4461 Et
1051 4407 1401 4462 accedam-ad
1424 4422 1521 4462 vos
1550 4408 1602 4461 in
1629 4405 1865 4476 judicio,
1890 4416 1949 4462 et

2042 3230 2149 3285 duo
2179 3229 2299 3284 laeta
2330 3228 2642 3285 succedant.
2680 3228 2867 3299 Neque
2888 3237 3140 3300 poterant
3163 3229 3424 3285 mdiﬁcari
3452 3230 3621 3295 bona,

2041 3320 2144 3376 nisi
2193 3324 2464 3376 destructa
2518 3330 2699 3377 essent
2746 3322 2922 3389 mala,
2972 3338 3075 3378 nec
3111 3322 3343 3394 plantari
3381 3325 3623 3396 optima,

2040 3412 2146 3467 nisi
2183 3412 2597 3467 eradicareutur
2633 3412 2889 3483 pessima.
2920 3432 2939 3464 ι
2970 3412 3158 3469 Omnis
3189 3413 3336 3468 enim
3366 3413 3627 3484 plantatio

2042 3521 2204 3576 quam
2264 3520 2372 3560 non
2422 3505 2688 3575 plantavit
2733 3505 2975 3561 cmlestis
3025 3505 3209 3569 Pater,
3261 3506 3631 3561 eradicabitur

2043 3593 2063 3666 (
2090 3593 2281 3648 Matth.
2310 3610 2381 3649 xv
2406 3593 2446 3666 ).
2473 3613 2491 3645 ι
2523 3595 2590 3649 Ει
2617 3594 2905 3651 aedificatio
2931 3610 3051 3666 quae
3077 3611 3241 3665 super
3268 3604 3484 3665 petram
3522 3613 3629 3652 non

2043 3687 2207 3741 habet
2227 3684 2636 3740 fundamentum
2655 3726 2671 3751 ,
2694 3686 2787 3741 sed
2814 3685 2865 3740 in
2888 3702 3049 3741 arena
3072 3695 3351 3741 exstructa
3375 3695 3494 3752 est,
3519 3703 3633 3743 ser-

2045 3790 2205 3830 mone
2245 3774 2343 3830 Dei
2377 3774 2662 3830 suﬂoditur
2698 3783 2862 3843 atque
2893 3774 3230 3840 destruitur;
3265 3774 3416 3829 illam
3448 3783 3630 3830 autem

2045 3881 2207 3936 quam
2250 3873 2534 3920 consumet
2566 3864 2729 3921 Iesus
2766 3865 2959 3936 spiritu
2995 3866 3107 3920 oris
3142 3865 3257 3929 sui,
3294 3872 3351 3919 et
3388 3864 3634 3919 destruet

2046 3957 2277 4011 adventu
2306 3954 2606 4026 praesentia:
2632 3970 2763 4020 suae,
2795 3973 2813 4003 ι
2835 3969 3050 4009 onmem
3075 3954 3283 4009 scilicet
3308 3953 3631 4024 sacrilegam
3706 3947 3719 3955 ’

2044 4060 2466 4117 perversamque
2518 4044 2817 4100 doctrinam
2872 4044 3147 4114 disperdet
3201 4044 3254 4098 in
3307 4052 3633 4114 perpetuum

2048 4135 2134 4208 (11
2160 4134 2339 4190 Thess.
2364 4134 2448 4206 ιι).
2475 4153 2493 4185 ι
2512 4133 2681 4190 Porro
2705 4149 2767 4189 ea
2792 4150 2910 4204 qua:
2933 4134 3216 4190 elevantur
3235 4143 3431 4188 contra
3454 4134 3635 4189 scien-

2045 4229 2178 4283 tiam
2219 4227 2346 4293 Dei,
2382 4235 2437 4281 et
2474 4227 2528 4281 in
2567 4242 2662 4282 sua
2703 4225 2982 4281 confidunt
3009 4224 3306 4294 sapientia,
3340 4238 3463 4293 qua:
3493 4225 3636 4294 apud

2046 4319 2217 4375 Deum
2244 4319 2469 4374 stultitia
2495 4325 2609 4383 est,
2636 4316 2921 4388 dissipabit
2943 4329 3105 4385 atque
3129 4316 3391 4385 deponet,
3418 4322 3482 4369 ut.
3505 4315 3638 4369 mili-

2049 4410 2278 4466 ﬁcentur
2298 4424 2396 4479 pro
2421 4409 2507 4463 his
2529 4408 2771 4470 humilia,
2796 4415 2849 4462 et
2872 4407 2925 4461 in
2950 4406 3126 4462 locum
3148 4405 3495 4474 superiorum
3518 4421 3639 4474 qua:

367 4518 464 4559 ero
501 4502 656 4557 testis
694 4499 851 4556 velox
889 4496 1182 4564 maleficis,
1221 4506 1275 4554 et
1308 4498 1569 4554 adulteris
1592 4506 1647 4553 et
1670 4497 1904 4569 periuris
1928 4514 1943 4563 ;
1971 4463 2023 4524 Β
2051 4463 2324 4555 destructa
2342 4506 2488 4562 sunt,
2515 4506 2569 4552 et
2593 4497 2798 4561 evulsa,
2821 4503 3173 4551 exstruantur
3198 4463 3363 4565 atque
3388 4463 3640 4565 planten-

366 4602 422 4649 et
445 4594 537 4664 qui
562 4591 964 4649 calumniantur
989 4591 1289 4645 mercedem
1316 4590 1634 4645 mercenarii
1653 4630 1667 4655 ,
1693 4598 1749 4644 et
1773 4590 1951 4644 humi-

368 4688 502 4742 liant
534 4686 728 4742 viduas
764 4692 820 4741 et
854 4682 1115 4755 pupillos,
1143 4690 1198 4736 et
1231 4682 1542 4751 opprimunt
1569 4681 1911 4751 peregrinum
1931 4721 1947 4748 ,

369 4795 469 4835 nec
489 4780 787 4835 timuerunt
807 4792 914 4843 me,
936 4776 1066 4831 dicit
1087 4774 1346 4829 Dominus
1368 4774 1701 4829 exercituum
1725 4772 1948 4845 (Malae.

369 4869 488 4942 ιιι).
512 4890 532 4923 ι
553 4870 706 4938 Quod
731 4878 912 4924 autem
937 4868 990 4922 in
1019 4866 1269 4921 laudibus
1284 4863 1447 4920 Josim
1468 4865 1645 4919 adhuc
1669 4863 1948 4919 subditur:

448 4980 466 5012 ι
497 4961 702 5016 Ριδεεῑθι·
741 4959 909 5015 David
929 5000 943 5024 ,
972 4967 1027 5013 et
1054 4957 1341 5012 Ezechiam
1359 4996 1373 5020 ,
1404 4965 1459 5010 et
1488 4954 1691 5010 Josiam
1715 4995 1730 5021 ,
1759 4970 1949 5010 omnes

378 5073 397 5105 σ
427 5061 707 5125 peccatum
730 5050 1146 5115 commiserunt;
1171 5065 1292 5103 nam
1314 5048 1654 5119 reliquerunt
1674 5046 1847 5118 legem
1866 5046 1952 5101 Al-

377 5167 395 5198 ι
427 5144 617 5202 tissimi
641 5158 795 5215 reges
806 5140 965 5197 Juda.
988 5161 1007 5195 ι
1027 5141 1269 5197 lnsinuat
1286 5142 1386 5196 hos
1402 5150 1514 5196 tres
1539 5155 1693 5211 reges
1714 5139 1950 5194 maxime

372 5243 483 5298 Deo
501 5238 770 5312 placuisse
789 5235 859 5292 ob
880 5235 1218 5291 devotionem
1242 5233 1420 5289 cordis
1436 5241 1491 5287 et
1510 5233 1713 5288 cultum
1732 5231 1950 5301 pietatis

374 5350 532 5405 quem
559 5331 866 5390 habuerunt
916 5329 971 5383 in
1001 5326 1260 5397 obsequio
1286 5325 1402 5381 Dei.
1435 5325 1671 5393 Quilibet
1693 5324 1745 5379 in
1770 5323 1950 5392 aliquo

372 5426 601 5482 crimine
625 5423 769 5494 capti
795 5422 906 5477 sint
935 5427 990 5475 et
1029 5416 1480 5488 reprehensibiles
1519 5414 1741 5478 inventi,
1773 5422 1948 5468 tamen

374 5532 471 5588 per
501 5516 822 5587 condignam
851 5510 1226 5584 paenitentiam
1257 5509 1575 5564 deleverunt
1600 5505 1741 5576 quod
1771 5504 1953 5572 inique

376 5617 681 5681 gesserunt,
721 5604 867 5662 unde
910 5611 966 5659 et
991 5601 1287 5674 perfectam
1320 5597 1705 5668 indulgentiam
1741 5609 1955 5649 merue-

380 5711 521 5755 rzutt.
565 5699 798 5753 Fuerunt
843 5696 1002 5751 etiam
1042 5703 1093 5749 et
1124 5693 1213 5748 alii
1259 5708 1412 5761 reges
1438 5690 1488 5743 in
1526 5687 1690 5749 Juda,
1722 5702 1951 5757 quorum

2052 4598 2163 4655 tur,
2186 4604 2306 4659 qua:
2326 4587 2703 4644 ecclesiastica:
2724 4586 3052 4644 conveniunt
3072 4586 3311 4648 veritati,
3334 4595 3390 4639 et
3413 4586 3641 4655 implea-

2054 4687 2146 4732 tur
2173 4678 2300 4732 illud
2325 4678 2467 4747 quod
2504 4677 2634 4733 dicit
2661 4676 2951 4747 Apostolus
2976 4694 2990 4730 :
3018 4695 3035 4727 ι
3065 4676 3158 4730 Dei
3185 4674 3513 4739 aediﬁcatio,
3543 4675 3638 4729 Dei

2054 4768 2383 4839 agricultura
2406 4768 2536 4823 estis
2562 4766 2623 4838 (Ι
2646 4766 2768 4820 Cor.
2795 4765 2910 4835 ιιι).
2944 4786 2961 4817 ι
2990 4765 3136 4819 Multi
3166 4766 3314 4820 hunc
3336 4763 3523 4819 locum
3548 4781 3636 4819 su-

2052 4877 2151 4934 per
2174 4876 2405 4931 persona
2430 4860 2629 4914 Christi
2658 4858 2981 4929 intelligunt.
3009 4855 3276 4911 Jeremias
3298 4857 3450 4911 enim
3478 4857 3640 4911 inter-

2051 4958 2297 5020 pretatur
2318 4948 2564 5005 excelsus
2583 4946 2830 5010 Domini,
2854 4945 2946 5015 qui
2971 4946 3239 5000 destruxit
3261 4960 3432 5016 regna
3455 4945 3642 4999 diabo-

2051 5045 2109 5109 li,
2126 5060 2244 5113 qute
2264 5042 2364 5098 sibi
2390 5042 2441 5095 iu
2471 5038 2684 5095 excelso
2706 5038 2903 5093 montis
2922 5037 3253 5092 ostenderat.
3278 5035 3639 5091 Adversarias

2052 5134 2287 5206 perdidit
2325 5138 2651 5201 potestates,
2691 5128 2875 5185 delens
2916 5127 3335 5196 chirographum
3386 5141 3636 5181 errorum

2055 5225 2109 5280 in
2138 5238 2319 5278 cruce.
2350 5221 2427 5275 De
2454 5220 2653 5290 quibus
2680 5228 2735 5274 et
2768 5219 2820 5272 in
2849 5218 3056 5289 psalmo
3080 5225 3202 5287 post
3227 5217 3472 5271 historia:
3500 5214 3640 5270 veri-

2057 5327 2224 5374 tatem
2250 5323 2503 5396 τροπικῶς
2531 5315 2797 5384 loquitur:
2823 5332 2841 5365 ι
2861 5312 3038 5379 Quare
3062 5309 3399 5366 fremuerunt
3428 5318 3639 5381 gentes.

2057 5421 2111 5467 et
2133 5411 2312 5482 populi
2341 5409 2586 5464 meditati
2614 5417 2739 5463 sunt
2765 5407 2986 5462 inania?
3008 5405 3313 5460 Astiterunt
3339 5418 3499 5474 reges
3527 5410 3639 5456 ter-

2060 5518 2167 5567 rte,
2206 5509 2262 5555 et
2285 5500 2559 5570 principes
2590 5504 2959 5554 convenerunt
2992 5495 3046 5550 in
3083 5510 3247 5549 unum
3284 5491 3471 5564 (Paul.
3500 5491 3634 5557 11).»

2058 5592 2166 5651 Pro
2196 5592 2282 5647 bis
2317 5590 2550 5656 evulsis,
2577 5589 2902 5651 destructis,
2928 5586 3153 5658 perditis
3191 5594 3247 5641 et
3283 5585 3336 5639 in
3382 5584 3642 5638 inferiora

2061 5684 2351 5747 detractis,
2384 5682 2678 5737 (ρλὶῆνῖιιιιν
2703 5684 2864 5750 atan
2895 5679 3166 5748 plautatnr
3192 5676 3434 5731 Ecclesia
3469 5674 3585 5730 Dei.
