3934 6186
325 342 462 398 H09

882 455 1109 513 CAPUT
1150 456 1336 515 XXIII.

912 592 989 647 De
1024 593 1315 650 Ezechiele.

400 738 420 771 ι
457 721 707 777 Ezechiel
752 723 844 793 qui
891 723 1028 779 vidit
1076 735 1425 796 conspectum
1479 728 1690 799 gloriae,
1741 745 1904 801 quam

325 829 343 862 ε
377 812 615 866 ostendit
652 811 725 867 illi
764 813 815 866 in
856 829 1018 868 curru
1059 816 1362 871 cherubim.
1400 816 1535 872 Nam
1577 834 1907 874 commemo-

328 923 344 954 ‹
378 913 530 960 ratus
557 912 642 960 est
669 905 1011 961 inimicorum
1038 907 1092 961 in
1125 908 1317 974 imbre,
1346 918 1402 964 et
1425 910 1564 965 bene
1591 909 1773 965 facere
1799 911 1904 967 illis

326 1013 344 1043 ι
376 993 469 1062 qui
508 995 864 1050 ostenderunt
902 1004 1080 1052 rectas
1110 998 1248 1054 vias.
1281 1019 1300 1052 ι
1330 999 1583 1055 Ezechiel
1607 1015 1736 1070 ergo
1771 1016 1892 1071 pro-

319 1087 481 1155 pheta
528 1088 583 1141 in
627 1088 803 1158 prima
850 1089 1060 1145 visione
1099 1105 1206 1161 qua
1251 1093 1462 1147 viderat
1499 1101 1731 1163 quatuor
1772 1084 1901 1149 ‘ani-

319 1176 480 1230 malia
502 1184 737 1247 quatuor
756 1178 1057 1249 specierum
1077 1219 1092 1245 ,
1123 1189 1177 1235 et
1205 1189 1438 1251 quatuor
1466 1191 1614 1237 rotas
1633 1184 1789 1254 juxta
1814 1199 1898 1251 ea,

319 1265 453 1320 vidit
490 1267 717 1337 gloriam
749 1269 960 1324 Domini
989 1284 1088 1339 per
1115 1270 1521 1327 similitudinem
1554 1274 1710 1345 quasi
1747 1289 1902 1345 aspe-

320 1367 467 1411 ctum
489 1360 726 1415 hominis
760 1362 999 1417 sedentis
1027 1378 1190 1434 super
1214 1364 1467 1420 thronum
1491 1383 1505 1432 ;
1532 1375 1589 1421 et
1613 1367 1667 1421 in
1695 1367 1798 1423 alia
1822 1368 1903 1424 vi-

319 1444 473 1499 sione
509 1445 646 1501 vidit
680 1446 907 1517 gloriam
948 1449 1159 1504 Domini
1189 1466 1351 1521 super
1385 1453 1697 1521 cherubim,
1728 1464 1782 1511 et
1809 1472 1899 1511 so-

317 1534 465 1588 nitus
508 1534 716 1590 alarum
740 1538 1021 1593 cherubim
1061 1540 1383 1597 audiebatur
1408 1558 1579 1612 usque
1606 1545 1672 1599 ad
1698 1547 1898 1601 atrium

318 1626 577 1691 exterius,
600 1628 754 1696 quasi
781 1644 883 1683 vox
909 1630 1001 1685 Dei
1024 1632 1409 1703 omnipotentis
1432 1634 1718 1704 loquentis.
1745 1638 1901 1705 Quod

318 1724 496 1770 autem
539 1717 669 1773 dicit
707 1734 831 1775 eum
869 1732 1351 1779 commemoratum
1390 1741 1511 1782 esse
1555 1728 1894 1784 inimicorum

1187 344 1543 407 CORIMENT.
1588 349 1655 404 IN
1696 351 2311 412 ECCI.ESI.-\STICU.\I.
2358 389 2419 397 —
2466 357 2589 412 LII}.
2632 356 2699 413 Χ.

1936 472 1987 532 Α

3460 376 3594 431 ΗΜ

2571 469 2799 527 CAPUT
2822 472 2987 527 XXV.

2267 558 2347 614 De
2371 560 2661 615 Zorobabel
2684 571 2731 617 et
2756 562 2884 617 Jesu
2902 564 3015 632 ﬁlio
3044 564 3322 623 Iosedech.

1976 665 1981 671 ν
2082 669 2101 701 ι
2136 650 2417 719 Quomodo
2446 652 2838 724 ampliﬁcemus
2864 655 3345 715 Zorobabcl?nam
3383 671 3439 718 ct
3477 658 3603 735 ipse

2011 758 2031 792 r
2064 744 2216 811 quasi
2242 744 2453 815 signum
2485 744 2539 798 in
2560 744 2782 799 dextera
2823 761 2981 800 mann
3009 747 3202 816 Israel;
3228 759 3284 806 et
3308 749 3492 809 Jesum
3530 756 3595 809 li-

2010 852 2028 883 ‹
2057 831 2184 886 lium
2204 831 2504 889 Iosedech?
2528 834 2618 913 qui
2642 833 2695 887 in
2722 833 2912 890 diebus
2940 836 3054 891 suis
3071 838 3475 897 aediﬁcaverunt
3497 845 3593 900 do-

2010 943 2028 975 (
2064 941 2208 978 mum
2223 925 2663 981 etexaltaverunt
2684 926 2940 997 templum
2957 940 3201 985 sanetum
3226 933 3471 1001 Domino,
3503 952 3594 1006 pa-

2009 1032 2028 1064 ‹
2068 1022 2241 1067 ratum
2271 1014 2322 1068 in
2339 1015 2565 1085 gloriam
2579 1015 2980 1086 sempiternam.
3005 1037 3023 1068 ι
3051 1018 3347 1076 Zorobabel
3375 1022 3474 1077 iste
3489 1025 3594 1077 dux

2000 1103 2104 1159 fuit
2145 1105 2326 1175 populi
2350 1105 2533 1171 Israel,
2557 1106 2648 1175 qui
2681 1122 2802 1161 cum
2833 1105 2960 1163 Jesu
2999 1110 3252 1179 pontiﬁce
3289 1111 3400 1167 ﬁlio
3442 1111 3594 1169 Jose-

2002 1193 2159 1258 dech,
2184 1202 2240 1248 et
2258 1195 2470 1249 caeteris
2498 1194 2755 1251 Israelitis
2778 1197 2990 1253 rediens
3011 1200 3076 1253 de
3097 1200 3367 1271 Babylone
3387 1211 3595 1257 restan—

2002 1283 2143 1337 ravit
2189 1284 2448 1354 templum
2478 1285 2687 1339 Domini
2719 1286 2771 1339 in
2798 1285 3119 1353 Jerusalem,
3175 1290 3313 1345 sicut
3355 1307 3594 1362 praesens

1999 1378 2149 1434 locus
2192 1378 2532 1443 manifestat;
2574 1380 2843 1449 quomodo
2880 1390 3060 1436 autem
3105 1382 3218 1452 ipse
3260 1384 3475 1455 signum
3520 1386 3592 1440 sit

2000 1468 2053 1523 in
2089 1485 2249 1524 manu
2278 1469 2467 1524 dextra
2493 1470 2679 1537 Israel,
2702 1470 2913 1543 Aggens
2936 1473 3194 1543 propheta
3229 1474 3280 1528 in
3321 1463 3427 1529 ﬁne
3469 1475 3593 1530 libri

1999 1559 2082 1617 sui
2109 1561 2487 1627 demonstrat,
2515 1561 2737 1617 dicens:
2778 1582 2796 1614 ‹
2834 1563 2891 1617 In
2916 1565 3001 1618 die
3028 1565 3137 1630 illa,
3175 1566 3306 1621 dicit
3334 1567 3594 1623 Dominus

1998 1651 2335 1706 exercituum
2365 1669 2377 1704 :
2410 1651 2694 1707 Assumam
2727 1661 2800 1719 te,
2835 1655 3131 1711 Zorobabel
3188 1656 3258 1712 ﬁli
3291 1656 3584 1723 Salathiel,

2000 1756 2155 1796 serve
2198 1756 2372 1808 meus,
2406 1743 2537 1797 dicit
2587 1744 2845 1799 Dominus
2890 1748 3223 1800 exercituum
3255 1789 3270 1813 ,
3305 1756 3360 1803 et
3389 1764 3585 1818 ponam

319 1805 372 1860 in
406 1807 609 1874 imbre,
642 1818 697 1863 et
724 1810 1045 1869 benefacere
1075 1814 1182 1869 illis
1209 1817 1300 1885 qui
1334 1819 1691 1873 ostenderunt
1720 1831 1899 1877 rectas
1927 1815 1973 1873 B
2006 1838 2057 1885 te
2081 1832 2237 1901 quasi
2277 1805 2614 1903 signaculum
2640 1874 2655 1898 ,
2696 1833 2821 1902 quia
2851 1842 2902 1888 te
2944 1834 3113 1906 elegi,
3159 1805 3290 1891 dicit
3328 1805 3591 1893 deinus

315 1899 434 1955 vias
452 1940 468 1964 ,
498 1901 770 1973 signiﬁcat
793 1905 938 1973 quod
971 1906 1086 1976 ipse
1113 1908 1491 1977 praedicaverit
1516 1924 1679 1981 super
1705 1927 1901 1982 pecca-

317 1998 465 2046 tores
483 2000 767 2048 venturam
791 2010 912 2051 esse
931 1997 1168 2066 pluviam
1190 2000 1463 2067 vindictas,
1491 2010 1548 2056 et
1576 2004 1717 2058 viam
1748 2020 1902 2060 man-

318 2083 567 2139 datorum
606 2085 701 2142 Dei
741 2089 1112 2159 gradientibus
1136 2094 1452 2163 promiserit
1478 2096 1900 2154 consolationem

315 2175 720 2234 misericordize.
745 2179 823 2237 De
852 2181 954 2237 hac
977 2183 1063 2239 via
1083 2184 1370 2241 Psalmista
1400 2186 1686 2242 Dominum
1710 2189 1903 2259 depre-

316 2276 495 2334 catur,
526 2269 713 2326 dicens
738 2288 752 2324 :
781 2291 800 2323 ‹
829 2271 1029 2344 Legem
1059 2275 1192 2330 mihi
1221 2276 1521 2343 constitue,
1555 2277 1812 2345 Domine,
1844 2279 1899 2334 in

313 2359 401 2415 via
429 2369 519 2416 tua
537 2402 552 2427 ,
583 2370 641 2417 et
669 2363 840 2435 dirige
868 2380 957 2419 me
985 2366 1040 2420 in
1066 2368 1258 2422 semita
1291 2380 1437 2424 recta
1468 2378 1692 2440 propter
1719 2371 1901 2426 inimi-

312 2468 407 2508 eos
432 2468 583 2510 meos
608 2453 790 2526 (Post.
818 2457 1018 2524 xxvu)»
1041 2458 1268 2531 Mystice
1292 2470 1473 2517 autem
1498 2462 1778 2529 Ezechiel,
1805 2464 1899 2534 qui

311 2545 602 2601 roboratus
637 2561 668 2601 a
705 2547 815 2603 Deo
842 2549 1251 2619 interpretatur,
1283 2561 1338 2607 et
1368 2553 1423 2608 in
1451 2552 1730 2626 Babylone
1758 2570 1895 2611 eon-

311 2648 541 2690 versans
561 2635 707 2706 plebi
731 2640 1022 2709 peceatrici
1044 2641 1294 2712 praedixit
1311 2643 1684 2715 captivitatem
1707 2653 1900 2701 ventu-

311 2740 460 2793 ram,
491 2734 546 2782 et
573 2729 850 2785 conversis
884 2742 1047 2803 atque
1069 2735 1458 2804 paenitentibus
1489 2738 1741 2808 promisit
1772 2752 1899 2809 pec-

312 2822 558 2872 catorum
598 2819 813 2875 veniam
837 2861 854 2888 ,
896 2821 1167 2893 signiﬁeat
1198 2825 1487 2882 Dominum
1523 2827 1858 2885 Salvatorem
1878 2870 1894 2896 ,

310 2907 404 2975 qui
436 2914 521 2963 est
547 2909 723 2966 virtus
749 2918 808 2967 et
834 2914 1099 2983 sapientia
1126 2915 1252 2982 Dei,
1280 2924 1338 2972 et
1368 2917 1652 2974 brachium
1681 2920 1893 2976 Domini

308 3012 341 3052 a
366 2998 630 3069 propheta
660 3003 1094 3073 cognominatur,
1125 3022 1226 3063 nos
1254 3007 1309 3061 in
1338 3009 1710 3079 captivitatem
1732 3010 1896 3067 istius

307 3088 490 3144 saeculi
525 3092 733 3161 positos
762 3093 1034 3151 visitasse.
1075 3095 1178 3153 Ubi
1208 3106 1265 3154 et
1291 3100 1670 3168 peccatoribus
1703 3116 1895 3172 poenas

2004 1923 2337 1983 exercituum
2385 1922 2537 1996 (Agg.
2578 1923 2660 1996 ii).
2722 1946 2740 1977 ι
2797 1926 3038 1996 Denique
3090 1927 3313 1996 jubetur
3357 1929 3591 2000 propheo

2002 2020 2058 2068 ta
2104 2014 2173 2068 ad
2228 2014 2403 2070 solum
2451 2016 2748 2071 Zorobabel
2813 2016 2981 2087 loqui,
3055 2018 3312 2087 quoniam
3360 2019 3412 2073 in
3467 2029 3595 2091 typo

2001 2102 2201 2159 Christi
2246 2112 2470 2173 propter
2508 2106 2931 2176 assumptionem
2987 2107 3229 2177 corporis
3271 2122 3337 2162 ex
3382 2109 3592 2164 semine

2001 2194 2193 2259 David,
2224 2210 2348 2251 eum
2376 2197 2723 2266 praecessisse
2757 2198 3268 2255 demonstravimus.
3298 2199 3436 2256 lluie
3458 2216 3590 2272 ergo

2002 2288 2257 2343 dicuntur
2286 2304 2406 2358 qua:
2438 2288 2493 2342 in
2539 2288 2646 2343 ﬁne
2687 2297 2916 2344 ventura
2946 2298 3109 2356 sunt,
3157 2290 3300 2362 quod
3346 2299 3589 2348 transeat

2001 2380 2172 2452 ﬁgura
2194 2378 2357 2450 hujus
2400 2381 2603 2446 mundi,
2627 2389 2683 2436 et
2734 2381 2830 2436 ﬁat
2873 2382 3071 2439 cadum
3108 2400 3303 2439 novum
3333 2392 3388 2438 et
3443 2391 3589 2439 terra

2001 2488 2160 2537 nova,
2187 2483 2243 2526 et
2264 2479 2602 2528 commoveat
2651 2471 2914 2529 Dominus
2952 2473 3147 2529 cmlum
3187 2482 3245 2529 et
3278 2484 3502 2541 terram,
3535 2485 3591 2530 et

2002 2560 2243 2616 destruat
2271 2576 2485 2616 omnem
2510 2561 2896 2632 principatum,
2943 2571 2997 2617 et
3020 2572 3365 2634 potestatem,
3389 2571 3444 2619 et
3477 2564 3589 2619 viro

2004 2658 2193 2716 tutem,
2221 2658 2277 2704 et
2301 2651 2715 2720 dissipet_sedes
2760 2663 3118 2722 regum,post
3159 2653 3585 2709 destructionem

1999 2740 2143 2796 enim
2198 2740 2457 2796 soliorum
2492 2750 2547 2795 et
2577 2740 2912 2797 fortitudinis
2959 2745 3301 2814 regnantium
3328 2786 3344 2812 ,
3370 2753 3426 2801 et
3447 2760 3583 2815 qua-

2000 2829 2296 2899 drigarum,
2313 2838 2368 2885 et
2390 2845 2596 2899 equoru
2622 2848 2673 2897 r,
2698 2839 2754 2887 et
2777 2833 3040 2902 equitum.
3073 2853 3092 2885 ‹
3117 2834 3175 2888 1η
3202 2835 3289 2891 die
3316 2835 3427 2902 illa,
3452 2836 3586 2897 dicit

2000 2922 2261 2977 Dominus
2310 2923 2647 2978 exercituum
2698 2942 2711 2979 τ
2776 2923 3067 2980 Assumam
3118 2935 3210 2999 te,
3286 2928 3583 2984 Zorobabel

1999 3013 2170 3069 ﬁlium
2198 3012 2458 3069 Salathiel
2488 3029 2703 3070 servum
2750 3030 2951 3071 meum.
2985 3036 3005 3070 ›
3036 3016 3239 3073 Servus
3285 3026 3467 3073 autem
3496 3017 3583 3073 di-

2000 3105 2143 3161 citur
2164 3112 2390 3175 propter
2437 3118 2637 3175 corpus
2684 3106 3003 3173 humanum,
3049 3108 3175 3178 quia
3213 3116 3343 3164 tunc
3383 3117 3439 3164 et
3466 3109 3583 3179 ipse

305 3180 560 3250 praedixit
588 3180 834 3251 futuras,
864 3193 921 3240 et
947 3162 1338 3256 pmnitentibus
1364 3178 1606 3245 remedia
1645 3162 1969 3261 promisitc
2000 3196 2145 3251 ﬁlius
2165 3162 2492 3265 subjicietur
2529 3162 2603 3262 ὲί,
2631 3196 2723 3265 qui
2771 3195 2876 3252 sibi
2925 3162 3358 3266 subjecitomnia
3387 3162 3577 3265 ,Vet‘in

306 3278 532 3327 acterna.

865 3407 1098 3467 CAPUT
1133 3410 1326 3468 XXIV.

742 3520 823 3579 De
854 3524 1133 3583 duodecim
1164 3529 1431 3601 praphetis

381 3666 405 3700 ε
437 3648 505 3705 Et
532 3648 816 3707 duodecim
839 3656 1224 3727 prophetarum
1245 3675 1369 3716 ossa
1387 3660 1657 3732 pullulant
1683 3664 1752 3721 de
1774 3665 1894 3722 loco

307 3757 326 3790 ι
365 3754 486 3796 suo.
518 3739 653 3797 Nam
682 3744 1172 3804 corroboraverunt
1197 3749 1401 3821 Iacob,
1447 3761 1501 3809 et
1546 3755 1896 3813 redemerunt

318 3849 338 3881 α
372 3845 432 3885 se
459 3830 514 3887 in
542 3832 649 3888 ﬁde
674 3835 913 3893 virtutis.
944 3858 964 3892 ›
1004 3839 1298 3897 Duodecim
1326 3844 1620 3915 prophetas
1649 3845 1769 3901 illos
1789 3888 1804 3913 ,
1834 3847 1890 3901 ni

300 3920 487 3989 fallor,
512 3938 804 3997 nuncupat,
830 3944 967 4000 quos
990 3947 1091 3988 nos
1116 3934 1356 3991 minores
1381 3937 1631 4004 dicimus,
1657 3954 1890 4009 quorum

300 4010 472 4068 libelli
510 4015 668 4070 simul
703 4027 918 4075 exstant
947 4023 1272 4095 conscripti,
1305 4040 1535 4096 quorum
1572 4028 1739 4084 etiam
1774 4029 1888 4099 pri-

299 4117 426 4158 mus
464 4104 520 4161 in
559 4108 808 4180 catalogo
836 4119 920 4167 est
945 4112 1112 4181 Osee,
1141 4114 1367 4173 ultimus
1395 4133 1524 4174 vero
1554 4117 1885 4185 Malachias;

300 4209 464 4263 quem
504 4194 732 4253 Esdram
769 4200 1002 4258 scribam
1028 4245 1043 4271 ,
1082 4204 1325 4277 legisque
1362 4208 1640 4265 doctorem
1677 4209 1888 4268 Hebraei

298 4299 426 4338 esse
462 4295 766 4343 autumant.
805 4289 1008 4363 Horum
1034 4308 1166 4364 ergo
1193 4311 1316 4352 ossa
1345 4299 1411 4355 de
1437 4298 1556 4356 loco
1587 4315 1686 4356 suo
1713 4301 1890 4370 pullu-

296 4373 602 4448 lant,'quia
628 4379 843 4453 dignam
869 4387 1190 4443 memoriam
1214 4389 1480 4445 bonorum
1512 4392 1885 4463 exemplorum

292 4468 532 4537 posteris
559 4471 670 4526 suis
698 4474 1057 4545 reliquerant,
1085 4480 1179 4550 qui
1205 4482 1700 4543 corroboraverunt
1719 4481 1888 4539 Jacoh

222 4630 229 4635 θ
294 4557 781 4625 praedicationibus
818 4566 963 4633 suis,
1003 4576 1060 4624 et
1088 4570 1437 4627 redemerunt
1467 4588 1525 4629 se
1556 4574 1608 4628 in
1643 4574 1746 4631 ﬁde
1776 4575 1890 4630 vir-

294 4649 469 4715 tutis,
515 4655 732 4722 quando
769 4659 1154 4716 annuntiantes
1187 4661 1387 4732 populo
1422 4665 1647 4719 verbum
1687 4666 1783 4721 Dci
1828 4681 1887 4723 se

296 4739 575 4797 immunes
614 4742 860 4801 fecerunt
893 4764 922 4802 a
962 4750 1190 4806 crimine
1230 4753 1407 4808 noxiae
1454 4753 1881 4822 taciturnitatis;

284 4830 449 4903 juxta
485 4834 631 4891 illam
666 4842 992 4897 sententiam
1030 4843 1241 4899 Domini
1278 4861 1385 4916 qua
1432 4847 1499 4902 ad
1544 4847 1884 4903 Ezechielem

290 4925 617 4994 prophetam
654 4930 731 4983 ait
760 4948 773 4984 :
806 4950 825 4983 ι
861 4930 963 4987 Fili
1010 4934 1279 5001 hominis,
1328 4937 1725 5009 speculatorem
1761 4939 1883 4995 dedi

291 5024 350 5069 te
389 5017 573 5073 domui
610 5018 795 5077 Israel.
840 5022 1082 5082 Audiens
1116 5042 1245 5099 ergo
1283 5044 1348 5084 ex
1388 5043 1482 5085 ore
1509 5046 1629 5086 meo
1668 5046 1880 5087 sermo-

288 5121 454 5172 nem,
486 5112 835 5169 annuntiabis
862 5114 944 5170 eis
971 5131 1041 5172 ex
1070 5132 1176 5171 me.
1216 5118 1273 5173 Si
1303 5134 1391 5175 tne
1427 5119 1640 5180 dicente
1678 5121 1745 5176 ad
1779 5121 1881 5176 im-

285 5200 445 5270 pium
470 5200 723 5275 :-Impie,
763 5215 940 5262 morte
983 5209 1272 5266 morieris:
1313 5227 1421 5268 non
1464 5212 1631 5270 fueris
1667 5214 1879 5271 locutus

284 5300 350 5345 ut
381 5307 443 5347 se
467 5296 736 5352 custodiat
760 5298 959 5368 impius
987 5315 1017 5354 a
1046 5301 1133 5356 via
1161 5317 1258 5358 sua
1276 5344 1291 5370 ,
1324 5304 1439 5375 ipse
1467 5305 1664 5376 impius
1690 5307 1746 5362 in
1773 5306 1877 5362 ini-

281 5386 501 5453 quitate
524 5403 617 5445 sua
642 5391 922 5459 morietur,
947 5396 1266 5467 sanguinem
1287 5406 1466 5454 autem
1488 5396 1606 5467 ejus
1625 5399 1692 5455 de
1712 5413 1872 5455 manu

279 5485 382 5533 tua
423 5480 719 5551 requiram.
763 5482 821 5539 Si
861 5493 1043 5541 autem
1084 5489 1441 5545 annuntiante
1470 5499 1523 5546 te
1550 5491 1617 5547 ad
1645 5489 1872 5562 impium

271 5579 345 5625 ut
388 5587 421 5626 a
458 5573 561 5630 viis
599 5577 711 5632 suis
745 5588 1112 5649 convertatur,
1153 5598 1262 5639 non
1299 5582 1465 5639 fuerit
1502 5597 1798 5640 conversus
1839 5597 1871 5638 a

272 5665 371 5719 via
411 5681 542 5734 sua,
583 5669 697 5740 ipse
734 5670 788 5725 in
829 5671 1116 5742 iniquitate
1152 5690 1249 5730 sua
1285 5676 1585 5743 morietur;
1617 5689 1779 5744 porro
1808 5681 1864 5729 tu

275 5760 530 5814 animant
557 5771 701 5818 tuam
731 5764 968 5821 liberasti
996 5765 1016 5825 (
1042 5766 1232 5823 Ezech.
1265 5784 1325 5824 ιιι
1346 5768 1388 5829 l.
1422 5789 1440 5821 )

1999 3286 2260 3357 subjectis
2295 3287 2550 3342 omnibus
2591 3285 2867 3341 videbitur
2892 3296 2948 3342 et
2992 3287 3107 3357 ipse
3134 3285 3440 3356 subjectus;
3487 3288 3581 3343 sed

1998 3396 2121 3437 eum
2163 3381 2268 3435 hoc
2313 3378 2479 3434 fuerit
2529 3378 2828 3449 impletum,
2878 3388 3045 3450 ponet
3091 3396 3216 3436 eum
3245 3381 3389 3437 Deus
3424 3380 3583 3451 quasi

1997 3468 2336 3541 signaculum
2375 3469 2426 3523 in
2474 3483 2637 3522 manu
2678 3484 2795 3523 sua.
2848 3468 3004 3525 Hunc
3052 3470 3196 3525 enim
3236 3471 3415 3541 signat
3442 3469 3586 3529 Deus

1994 3557 2180 3624 Pater,
2201 3566 2258 3613 et
2302 3558 2393 3612 hic
2433 3564 2518 3613 est
2557 3558 2735 3629 imago
2771 3557 2867 3613 Dei
2898 3559 3208 3624 invisibilis,
3234 3567 3290 3615 et
3327 3560 3499 3615 forma
3528 3571 3583 3616 et

1996 3649 2296 3707 substantia
2323 3647 2463 3717 ejus,
2504 3656 2563 3702 ut
2609 3649 2917 3718 quicunque
2949 3648 3240 3703 crediderit
3293 3650 3347 3703 in
3380 3648 3573 3712 Deum,

1994 3743 2100 3798 hoc
2129 3740 2285 3812 quasi
2340 3739 2540 3795 annqu
2594 3740 2960 3810 consignetur.
3005 3739 3158 3807 Quod
3196 3748 3376 3796 autem
3412 3740 3580 3795 Zoro-

1991 3831 2152 3888 babel
2199 3840 2255 3886 et
2304 3829 2464 3885 Jesus
2501 3829 2905 3886 {ediﬁcaverunt
2955 3831 3175 3885 domum
3217 3829 3578 3896 destructam,

1992 3936 2049 3983 et
2092 3926 2471 3982 cxaltaverunt
2520 3924 2777 3996 templum
2833 3931 3083 3980 sanctum
3113 3923 3374 3990 Domino,
3406 3924 3577 3996 signi-

1993 4018 2120 4074 ﬁcat
2142 4017 2286 4089 quod
2301 4033 2398 4087 per
2422 4016 2649 4088 gratiam
2672 4014 2883 4070 Domini
2900 4014 3069 4070 nostri
3095 4011 3223 4069 Iesu
3235 4012 3457 4080 Christi,
3486 4015 3577 4084 qui

1992 4126 2089 4166 rex
2139 4117 2194 4165 et
2224 4108 2479 4164 sacerdos
2523 4115 2708 4162 noster
2728 4114 2840 4173 est,
2870 4114 2992 4177 post
3018 4105 3388 4175 captivitatem
3424 4121 3575 4163 reso-

1992 4201 2155 4257 lutam
2182 4200 2525 4256 daemoniaca:
2566 4197 2969 4261 dominationis,
3003 4196 3079 4251 illi
3123 4197 3214 4266 qui
3247 4196 3574 4266 resipiscunt

1989 4311 2020 4350 a
2046 4293 2247 4350 diaboli
2275 4292 2503 4363 laqueis,
2546 4291 2742 4361 quibus
2770 4291 2911 4361 capti
2944 4291 3269 4344 tenebantur
3292 4289 3360 4344 ad
3404 4288 3573 4359 ipsius

1988 4386 2344 4449 voluntatem,
2382 4394 2435 4439 et
2466 4399 2572 4438 non
2616 4381 2790 4437 solum
2829 4380 2952 4435 ﬁdei
3001 4380 3371 4435 sinceritatem
3412 4386 3575 4448 atque

1914 4512 1966 4572 Β
1993 4480 2360 4553 integritatem
2388 4479 2513 4533 boni
2553 4476 2730 4548 operis
2775 4475 3143 4545 perdiderunt,
3185 4472 3571 4572 verum-etiarn

1994 4587 2091 4641 per
2123 4570 2472 4625 acerbitatem
2511 4567 2775 4623 scelerum
2823 4564 3114 4635 gentilibus
3160 4578 3225 4618 ac
3269 4562 3574 4654 publicanis

1991 4661 2276 4718 assimilati
2330 4659 2585 4721 fuerant,
2633 4658 2788 4729 juxta
2841 4655 2969 4710 illud
3007 4653 3346 4709 Dominieum
3380 4653 3467 4706 τι
3513 4653 3571 4708 Si

1990 4763 2172 4810 autem
2201 4751 2495 4809 Eeclesiam
2526 4765 2632 4805 non
2658 4748 2910 4813 audierit,
2930 4748 3001 4803 sit
3028 4747 3124 4802 tibi
3155 4747 3297 4802 sicut
3320 4745 3570 4802 ethnicus

1987 4856 2039 4903 et
2062 4842 2603 4918 publicanus(lllatth.
2631 4841 2838 4912 XVIII).)
2857 4839 2990 4896 Post
3011 4839 3347 4910 septuaginta
3374 4854 3564 4905 annos,

1990 4939 2095 4994 hoc
2119 4946 2203 4994 est
2240 4944 2361 5007 post
2411 4933 2816 5005 scptemplieem
2847 4931 3077 5003 gratiam
3124 4930 3358 5002 Spiritus
3394 4931 3569 4988 sancti

1990 5046 2088 5102 per
2135 5027 2434 5085 custodiam
2478 5025 2729 5096 Decalogi
2756 5065 2769 5089 ,
2823 5024 2915 5095 qui
2969 5039 3064 5079 eos
3114 5022 3355 5079 visitavit
3405 5031 3569 5094 atque

1987 5121 2298 5179 consolatus
2331 5126 2413 5173 est
2440 5117 2763 5181 liberantur,
2786 5130 2849 5170 ac
2865 5115 3084 5170 domum
3099 5113 3194 5169 Dei
3218 5121 3272 5168 et
3292 5113 3563 5169 civitatem

1985 5224 2228 5271 sanctam
2259 5212 2610 5277 reaediﬁcant,
2640 5211 2767 5280 quia
2814 5224 3203 5279 nonnunquam
3247 5208 3303 5263 hi
3334 5209 3425 5278 qui
3469 5220 3566 5275 per

1982 5323 2079 5363 sua
2104 5313 2325 5379 peccata
2361 5320 2391 5359 a
2431 5303 2808 5359 communione
2842 5315 2909 5355 ac
2948 5300 3208 5355 societate
3239 5303 3439 5353 sanctae
3461 5294 3565 5349 Ec-

1983 5398 2162 5454 clesiae
2208 5394 2443 5466 separati
2479 5391 2777 5449 inﬁdelium
2822 5389 3070 5446 societati
3106 5403 3171 5443 ac
3200 5399 3426 5441 numero
3469 5398 3561 5439 eo-

1981 5487 2327 5561 pulabantur,
2351 5500 2567 5541 rursum
2599 5497 2698 5555 per
2736 5482 2937 5538 donum
2967 5477 3140 5535 sancti
3187 5474 3424 5546 Spiritus
3447 5482 3560 5528 stu-

1980 5583 2131 5639 diose
2162 5588 2340 5634 actum
2367 5577 2523 5633 bona:
2558 5573 2887 5645 operationis
2904 5575 3181 5636 exercent,
3201 5582 3267 5623 ac
3298 5582 3399 5639 per
3432 5567 3558 5630 hoc,

1979 5671 2309 5729 consortium
2356 5667 2591 5722 ﬁdelium
2620 5707 2634 5730 ,
2688 5665 2877 5719 domus
2918 5659 3169 5717 videlicet
3220 5666 3280 5715 et
3322 5658 3561 5715 civitatis

1982 5764 2210 5832 Domini,
2250 5763 2316 5817 de
2362 5776 2465 5830 qua
2497 5759 2711 5815 fuerant
2754 5755 2930 5826 cjecti,
2994 5753 3281 5826 recipiunt,
3336 5760 3395 5811 et
3422 5753 3559 5810 bene
