3934 6186
405 382 535 435 II!I

1041 382 1102 434 Il.
1149 381 1399 434 RABANI
1440 380 1657 435 MAUIII
1696 380 1951 435 AllCIIIE

2058 380 2359 436 MOGL'N'I‘.
2398 380 2683 435 OPERUSI
2723 381 2903 436 PARS
2942 383 2985 437 I.

3540 390 3687 445 IIIB

403 494 619 557 dicitur,
666 496 808 564 quod
853 494 1105 562 templum
1157 494 1262 547 hoc
1327 503 1573 547 sanctum
1626 501 1871 563 paratum
1909 493 1981 548 sit
2008 500 2055 557 Α
2084 494 2320 563 quandiu
2356 492 2673 556 Jerusalem,
2714 495 2817 550 hoc
2866 504 2951 550 est
2976 497 3241 553 visionem
3291 500 3466 569 pacis,
3508 519 3679 571 quam

404 582 630 637 Domino
659 584 710 636 in
745 583 968 651 gloriam
997 584 1403 653 sempiternam,
1432 584 1556 653 quia
1584 598 1688 637 non
1716 583 1975 652 templum

401 672 678 731 iuateriale
704 676 847 743 quod
889 674 1142 729 Salomon
1172 675 1480 738 aedificavit,
1528 675 1623 728 sed
1650 674 1793 743 quod
1820 672 1978 728 Chri-
2024 710 2029 715 -

399 774 516 820 stus
544 766 608 818 de
651 765 788 818 vivis
834 763 1101 833 lapidibus
1132 764 1453 830 construxit,
1508 764 1561 818 in
1591 763 1813 834 gloriam
1835 778 1972 818 sem-

398 855 665 925 piternam
692 856 949 909 manel‘it.

955 945 1182 1000 CAPUT
1223 944 1410 998 XXVI.

991 1035 1068 1089 De
1100 1034 1375 1090 Nehemia.

471 1168 489 1200 ι
525 1148 593 1201 Et
622 1146 907 1202 Neliemias
943 1147 996 1200 in
1044 1147 1304 1200 memoria
1350 1146 1500 1200 multi
1549 1146 1806 1214 temporis
1832 1186 1846 1210 ,
1879 1145 1972 1214 qui

400 1259 418 1291 ‹
451 1240 626 1295 erexit
666 1240 820 1295 nobis
863 1255 1046 1294 muros
1072 1254 1309 1302 eversos,
1362 1247 1415 1293 et
1441 1247 1587 1293 stare
1636 1238 1760 1292 fecit
1790 1246 1971 1308 portas

398 1348 416 1383 α
448 1340 503 1386 et
553 1347 723 1395 setas,
776 1331 867 1401 qui
915 1330 1088 1385 erexit
1123 1330 1311 1383 domos
1346 1339 1576 1383 nostras.
1612 1349 1629 1379 ι
1665 1328 1835 1382 Porro
1865 1326 1972 1381 Ne-

390 1419 595 1474 hemias
615 1421 705 1489 qui
730 1422 1117 1489 interpretatur
1138 1417 1330 1472 Latine
1357 1416 1664 1472 consolator
1685 1417 1967 1480 Dominus,

390 1513 695 1568 consolatus
729 1530 759 1567 a
798 1514 1027 1567 Domino
1052 1555 1064 1577 ,
1111 1513 1202 1581 qui
1261 1513 1539 1567 renovavit
1587 1527 1769 1566 muros
1809 1509 1966 1565 Jeru-

390 1604 579 1667 salem,
620 1605 687 1658 ab
718 1606 953 1659 hostium
996 1604 1342 1658 insultatione
1372 1603 1656 1657 liberatum
1686 1603 1737 1655 in
1776 1602 1964 1656 divina

388 1696 522 1765 legis
562 1695 903 1751 observantia
930 1696 1255 1756 sublimavit,
1309 1695 1551 1765 profecto
1594 1704 1807 1750 constat
1842 1696 1965 1764 quia

386 1797 441 1841 ct
488 1787 768 1852 vocabulo,
813 1798 867 1841 et
916 1803 1103 1856 opere,
1152 1796 1207 1839 et
1231 1801 1457 1855 persona
1493 1802 1589 1839 sua
1637 1800 1741 1839 non
1776 1786 1964 1839 incon-

2081 585 2235 639 nobis
2283 584 2542 639 Dominus
2589 585 2809 654 reliquit
2849 594 2906 640 et
2932 588 3299 644 commodavit
3325 630 3341 655 ,
3396 606 3496 661 per
3523 594 3673 648 bella

2079 674 2474 729 dissensionum
2539 684 2770 730 cernunt
2816 691 2935 732 esse
2989 678 3303 746 desertam;
3364 694 3421 737 et
3478 693 3675 752 portas

2079 766 2358 831 virtutum,
2395 780 2532 835 quas
2557 766 2713 835 juxta
2749 767 2942 823 Isaiam
2980 767 3220 825 laudatio
3265 786 3538 843 occupare
3567 776 3673 829 de-

2077 857 2292 924 buerat,
2348 858 2765 927 praevalentibus
2816 859 3115 916 inferorum
3186 866 3362 933 portis
3424 866 3677 936 deiectas

2078 960 2242 1020 atque
2270 953 2560 1021 opprobrio
2591 952 2809 1008 habitas
2841 962 3189 1010 contuentur.
3225 956 3380 1014 Unde
3408 968 3677 1033 satagunt

2078 1051 2139 1096 ut
2173 1041 2415 1096 collectis
2465 1043 2519 1096 in
2577 1058 2741 1098 unam
2799 1044 3120 1100 industriam
3174 1049 3327 1103 verbi
3375 1050 3671 1116 ministris,

2077 1132 2236 1186 citius
2262 1148 2324 1187 ea
2346 1148 2467 1202 qua:
2480 1134 2756 1189 destructa
2783 1151 2902 1191 esse
2928 1137 3272 1204 videbantur,
3291 1138 3673 1198 Iideiacbonae

2076 1223 2302 1278 actionis
2320 1224 2545 1279 aedilicia
2583 1234 2887 1297 resurgant.

2642 1337 2870 1393 CAPUT
2904 1338 3120 1394 XXVII.

2422 1417 2428 1422 ‘
2509 1407 2894 1479 Recapitulatio
2919 1410 2983 1463 de
3006 1409 3213 1465 Enoch.

2151 1515 2170 1546 ι
2205 1496 2374 1551 Nemo
2402 1507 2565 1552 natus
2610 1499 2774 1552 estin
2822 1507 2971 1553 terra
3022 1499 3171 1566 talis,
3200 1502 3377 1570 qualis
3422 1504 3609 1560 Enocb
3642 1524 3663 1561 :

2080 1606 2099 1638 ι
2140 1603 2263 1642 nam
2286 1598 2341 1643 et
2369 1590 2483 1659 ipse
2523 1598 2775 1660 receptus
2802 1599 2887 1645 est
2912 1605 2941 1644 a
2971 1598 3137 1645 terra.
3174 1611 3193 1644 ι
3231 1591 3369 1659 Quid
3404 1605 3487 1650 est
3515 1598 3665 1666 quod

2072 1678 2137 1732 de
2163 1678 2348 1734 Enoch
2378 1696 2539 1750 supra
2558 1680 2874 1745 disserebat,
2908 1689 2963 1736 et
2985 1696 3128 1738 nunc
3152 1683 3218 1738 de
3236 1685 3428 1740 eodem
3459 1688 3664 1743 iterum

2071 1769 2413 1837 recapitulat,
2444 1770 2547 1824 nisi
2584 1770 2727 1839 quod
2776 1771 3127 1828 translatione
3156 1789 3252 1828 sua
3286 1782 3472 1845 typum
3511 1793 3663 1847 pra:-

391 1877 670 1931 veuienter
715 1878 1070 1931 mediatorem
1124 1877 1218 1929 Dei
1273 1887 1326 1930 et
1362 1878 1639 1932 hominum
1692 1879 1953 1933 hominen

2075 1856 2285 1914 ferebat
2339 1862 2677 1917 ascensionis
2720 1862 2934 1917 Domini
2985 1865 3159 1921 nostri
3184 1863 3313 1921 Jesu
3356 1866 3563 1924 Christi
3588 1871 3664 1925 ad

385 1964 564 2019 Jcsum
596 1966 870 2021 Christum
910 1968 1172 2036 designet,
1217 1968 1306 2037 qui
1340 1983 1399 2021 se
1448 1969 1513 2021 ad
1540 1968 1975 2023 consolationem

384 2072 678 2126 pauperum
720 2059 909 2128 spiritu
938 2060 1161 2113 missum
1188 2060 1442 2121 insinuat,
1494 2075 1614 2114 cum
1638 2074 1966 2115 ascensurus

383 2147 437 2201 in
478 2149 673 2204 emtum
706 2150 982 2219 discipulis
1026 2151 1101 2203 ait
1136 2168 1147 2202 :
1188 2169 1205 2200 ‹
1246 2150 1355 2219 Ego
1405 2150 1606 2219 rogabo
1640 2148 1882 2215 Patrem,
1910 2156 1965 2203 ct

385 2241 550 2295 alium
611 2239 973 2303 Paracletum,
1026 2241 1127 2295 hoc
1181 2251 1261 2294 est
1291 2282 1305 2305 ,
1351 2240 1773 2304 consolatorem,
1815 2240 1964 2295 dabit

382 2329 557 2395 vobis,
597 2352 615 2382 ι
650 2346 678 2383 a
711 2345 818 2400 quo
847 2330 1215 2384 aedificandam
1246 2331 1515 2384 civitatem
1548 2329 1666 2395 Dei,
1716 2341 1961 2385 sanctam

382 2421 635 2475 videlicet
680 2420 978 2474 Ecclesium
1029 2420 1262 2473 simulet
1295 2418 1653 2474 consolandos
1683 2433 1803 2472 esse
1824 2434 1962 2473 mm-

381 2519 563 2565 rentcs
592 2510 823 2563 ostendit
849 2509 1134 2563 Psalmista
1174 2525 1293 2562 cum
1319 2510 1531 2563 diccbat
1558 2528 1569 2562 :
1606 2527 1625 2558 ι
1663 2507 1963 2563 Ᾱίιιίῐὶωῐιε

382 2600 683 2655 Jerusalem
714 2598 993 2661 Dominus,
1046 2608 1100 2653 et
1128 2600 1490 2669 dispersioncs
1516 2599 1680 2654 Israel
1727 2614 1959 2669 congre-

380 2709 533 2763 gans.
560 2692 647 2761 qui
682 2700 836 2745 sanat
862 2689 1123 2744 contritos
1149 2689 1332 2753 corde,
1364 2700 1471 2743 etc.
1506 2687 1677 2761 (1)δαί.
1704 2690 1907 2762 exul).
1933 2710 1952 2742 ι

377 2780 639 2851 Congruit
662 2780 829 2851 ﬁgura
857 2780 1133 2834 Nehemia:
1170 2788 1225 2833 et
1263 2779 1467 2833 sanctis
1488 2780 1955 2848 prmdicatoribus,

380 2886 611 2941 quorum
643 2871 940 2925 ministerio
967 2885 1196 2940 superna
1222 2870 1377 2924 nobis
1417 2870 1712 2925 consolatio
1742 2879 1937 2940 praesta

376 2971 484 3027 tur,
540 2962 667 3015 dum
704 2971 926 3031 propter
978 2960 1184 3029 lapsum
1245 2961 1455 3029 peccati
1510 2975 1661 3029 spem
1694 2959 1865 3013 venia:
1894 2975 1957 3014 ac

369 3052 770 3125 propitiationis
798 3051 991 3105 divinae
1025 3051 1415 3121 paenitentibus
1442 3050 1777 3120 pollicentes,
1801 3050 1954 3119 quasi

372 3146 549 3201 diruta
580 3142 648 3197 ab
672 3142 916 3197 hostibus
952 3140 1408 3213 Jerosolymorum
1436 3142 1636 3195 mtenia
1663 3157 1954 3211 murosque

285 3294 289 3299 ,
370 3244 711 3298 testam-aut;
739 3234 933 3304 quibus
963 3234 1101 3289 bene
1136 3234 1465 3288 conveniunt
1492 3234 1654 3288 verba
1679 3231 1953 3290 Nebemim

371 3329 631 3383 dicentis:
667 3347 682 3377 ι
725 3328 789 3381 Et
817 3327 937 3383 veni
969 3324 1304 3388 Jerusalem,
1340 3335 1395 3380 et
1447 3326 1621 3381 mansi
1667 3325 1740 3381 ibi
1781 3326 1954 3382 tribus

369 3421 577 3481 diebus,
605 3429 659 3473 et
687 3420 895 3473 surrexi
930 3426 1087 3472 nocte
1114 3434 1213 3489 ego
1233 3426 1287 3471 et
1316 3417 1415 3471 viri
1448 3417 1602 3487 pauci
1639 3431 1867 3481 mecum,
1900 3426 1955 3472 et

366 3526 473 3565 non
509 3509 737 3563 indicari
778 3509 1027 3579 cuiquam
1059 3498 1186 3579 quid
1229 3509 1467 3563 dedisset
1503 3509 1648 3563 Deus
1689 3509 1741 3562 in
1788 3509 1952 3563 corde

2065 1952 2271 2017 caelos,
2327 1953 2419 2022 qui
2455 1954 2508 2007 in
2565 1956 2859 2012 novissima
2897 1966 3056 2013 aetate
3107 1960 3291 2014 saeculi
3336 1961 3665 2021 incarnatus

2065 2054 2168 2107 est,
2201 2046 2287 2100 cui
2309 2061 2500 2101 omnes
2526 2048 2851 2115 patriarcha:
2888 2057 2945 2104 et
2971 2050 3249 2120 prophetze
3277 2052 3663 2111 testimonium

2063 2137 2448 2206 prmbuerunt?
2473 2137 2548 2192 De
2590 2139 2707 2208 ipso
2731 2139 2874 2194 enim
2903 2148 3048 2195 recte
3073 2141 3291 2205 dicitur,
3321 2143 3465 2211 quod
3488 2159 3656 2199 nemo

2063 2234 2222 2281 natus
2250 2236 2335 2283 est
2362 2227 2415 2281 in
2440 2236 2586 2282 terra
2618 2228 2763 2292 talis,
2796 2229 2971 2299 qualis
3003 2230 3213 2296 Enoch,
3236 2232 3341 2286 hoc
3367 2241 3472 2297 est,
3502 2234 3662 2291 dedi-

2063 2318 2229 2382 catio,
2257 2318 2348 2387 qui
2380 2318 2650 2374 dedicavit
2675 2319 2976 2376 Ecclesium
3016 2337 3169 2376 suam
3188 2362 3203 2384 ,
3231 2332 3287 2378 et
3313 2327 3661 2380 consecravit

2062 2412 2325 2480 sanguine
2380 2420 2573 2468 saneto
2628 2428 2745 2468 suo.
2801 2412 2902 2468 llic
2952 2414 3068 2469 sine
3107 2427 3334 2485 peccato
3395 2417 3548 2472 venit
3600 2418 3658 2472 in

2062 2502 2344 2566 mundum,
2382 2510 2439 2558 et
2484 2519 2608 2559 cum
2641 2504 2808 2574 gloria
2839 2514 3089 2575 receptus
3116 2514 3200 2561 est
3236 2507 3291 2560 in
3323 2506 3547 2561 culum.
3579 2508 3660 2562 De

2062 2610 2170 2665 quo
2198 2604 2253 2650 et
2282 2594 2567 2651 Psalmista
2606 2597 2726 2652 ait:
2768 2616 2785 2648 ι
2824 2597 3113 2667 Speciosus
3162 2599 3336 2653 forma
3381 2615 3499 2670 pra:
3527 2600 3660 2655 filiis

2060 2685 2338 2741 hominum
2389 2684 2561 2757 (Paul.
2593 2688 2771 2759 xuv);
2816 2709 2835 2740 ι
2888 2696 2944 2745 et
3001 2690 3231 2746 iterum:
3268 2710 3287 2743 ‹
3328 2691 3654 2748 Asceudens

2062 2775 2117 2830 in
2140 2774 2331 2841 altum,
2377 2778 2646 2847 captivam
2678 2779 2835 2851 dusit
2865 2762 3260 2849 captivitatem,
3306 2782 3457 2838 dedit
3509 2782 3656 2839 dona

2061 2865 2377 2922 hominibus
2406 2866 2578 2939 (Paul.
2609 2870 2796 2940 vau).
2830 2889 2849 2922 ι

2620 2979 2847 3036 CAPUT
2865 2979 3097 3036 XXVIII.

2686 3050 2761 3105 De
2798 3052 3013 3122 Ioseph.

2135 3161 2154 3193 ι
2190 3142 2258 3197 Ει
2305 3141 2502 3212 Joseph
2540 3151 2701 3198 natus
2745 3152 2831 3199 est
2861 3145 3047 3210 homo,
3094 3147 3353 3216 princeps
3392 3146 3650 3215 fratrum,

2063 3247 2081 3281 ι
2121 3228 2522 3289 firmamentum
2557 3233 2752 3303 gentis,
2804 3243 2986 3290 rector
3014 3234 3269 3302 fratrum,
3315 3237 3650 3294 stabilimen-

2060 3341 2077 3373 ι
2114 3330 2226 3376 tum
2255 3322 2453 3393 populi.
2473 3323 2679 3379 Etossa
2700 3325 2867 3395 ipsius
2888 3326 3109 3381 visitata
3132 3337 3325 3383 suntet
3352 3339 3479 3400 post
3505 3347 3649 3386 mor-

2059 3429 2077 3461 ι
2121 3418 2225 3466 tem
2250 3412 2725 3482 prophetaverunt.
2767 3433 2784 3465 ι
2811 3412 3009 3485 Josepb
3049 3416 3252 3486 itaque,
3308 3420 3403 3488 qui
3427 3422 3646 3475 nomine

2050 3512 2107 3558 et
2136 3512 2291 3574 gestu
2330 3512 2516 3576 typum
2553 3505 2875 3576 prmfercbat
2914 3507 3125 3563 Domini
3161 3508 3475 3576 salvatoris,
3517 3521 3644 3581 apte

2049 3592 2251 3648 dicitur
2270 3595 2521 3665 princeps
2540 3604 2597 3650 et
2610 3605 2790 3651 rector
2813 3611 2935 3652 esse
2960 3596 3211 3662 fratrum,
3226 3608 3283 3654 et
3314 3599 3637 3657 firmamen-

2049 3693 2166 3739 tum
2195 3685 2392 3755 gentis,
2418 3693 2581 3755 atque
2606 3686 3034 3743 stabilimentum
3061 3689 3266 3760 populi.
3299 3690 3641 3762 Interpreta-

2048 3781 2139 3830 tur
2161 3776 2306 3830 enim
2332 3773 2530 3846 Joseph
2555 3785 2769 3844 auctus,
2792 3779 3119 3835 etDominus
3144 3788 3332 3836 noster
3346 3785 3548 3839 merito
3564 3786 3647 3841 di-

2047 3866 2191 3921 citur
2214 3876 2428 3931 auctus,
2450 3868 2576 3937 quia
2608 3871 2782 3939 gratia
2810 3869 2905 3937 Dei
2927 3870 3295 3941 plenissimus,
3317 3876 3406 3931 cui
3427 3895 3448 3927 ι
3482 3876 3646 3933 Pata-

2046 3972 2153 4012 non
2177 3958 2245 4013 ad
2266 3974 2575 4014 mensuram
2603 3960 2751 4015 dedit
2778 3959 3063 4031 Spiritum,
3086 3964 3183 4019 sed
3203 3965 3388 4020 omnia
3406 3981 3530 4035 qua:
3546 3968 3637 4022 ha~

2046 4046 2139 4101 bet
2166 4046 2348 4113 Pater,
2374 4047 2490 4117 ejus
2542 4058 2686 4114 sunt,
2711 4058 2769 4106 et
2796 4051 2849 4105 in
2879 4067 2988 4122 quo
3019 4052 3298 4123 plenitudo
3340 4056 3644 4114 divinitatis

2046 4136 2632 4209 babitatcorporaliter.
2654 4142 2726 4197 De
2745 4143 2897 4211 cujus
2916 4151 2971 4199 et
2992 4160 3090 4200 nos
3101 4145 3436 4219 plenitudine
3450 4164 3641 4206 omnes

2046 4231 2357 4300 accepimus
2386 4234 2616 4304 gratiam
2656 4250 2758 4305 pro
2781 4237 2975 4307 gratia.
3006 4237 3064 4293 In
3091 4254 3200 4309 quo
3231 4239 3397 4295 etiam
3440 4258 3635 4297 omnes

2046 4323 2281 4378 thesauri
2316 4325 2594 4394 sapientia:
2619 4336 2674 4382 et
2698 4329 2940 4385 scientiae
2969 4341 3099 4386 sunt
3123 4332 3452 4389 absconditi.
3484 4354 3501 4385 ι
3536 4334 3636 4391 llic

2042 4414 2297 4485 princeps
2331 4425 2386 4471 et
2440 4429 2618 4473 rector
2667 4428 2753 4474 est
2800 4419 3069 4487 fratrum,
3116 4423 3331 4480 illorum
3385 4426 3639 4482 videlicet

2045 4502 2294 4571 fratrum,
2325 4507 2389 4561 de
2414 4508 2610 4578 quibus
2650 4509 2765 4579 ipse
2811 4511 2889 4566 ait
2920 4530 2934 4566 :
2964 4512 3063 4578 Ite,
3095 4515 3344 4571 nuntiate
3374 4517 3638 4574 fratribus

2046 4594 2179 4648 meis
2214 4594 2233 4665 (
2265 4594 2455 4650 Matth.
2479 4599 2670 4672 xxvm)
2702 4618 2713 4653 :
2762 4620 2780 4652 ι
2820 4610 2878 4657 et
2924 4601 3195 4674 Propheta
3223 4647 3238 4669 ,
3283 4623 3301 4656 ι
3331 4606 3631 4675 Nuntiabo,

2044 4685 2236 4755 inquit,
2253 4702 2448 4742 nomen
2465 4697 2615 4744 tuum
2646 4690 2903 4748 fratribus
2919 4694 3073 4760 meis,
3093 4695 3148 4749 in
3163 4696 3340 4751 medio
3365 4696 3629 4754 Ecclesia

2043 4776 2271 4832 laudabo
2302 4786 2352 4831 te
2368 4775 2539 4847 (Psal.
2560 4779 2697 4851 xxx).
2733 4801 2751 4833 ›
2770 4780 2915 4837 Idem
2930 4785 3330 4840 firmamentum
3344 4796 3433 4841 est
3464 4790 3634 4859 gentis

2042 4865 2261 4935 Judaete,
2292 4879 2347 4924 et
2387 4870 2806 4928 stabilimentum
2823 4874 3005 4944 populi
3026 4873 3347 4938 Christiani,
3368 4879 3503 4948 quia
3528 4880 3631 4950 ipse

2048 4978 2067 5011 ι
2090 4960 2286 5016 missus
2299 4970 2379 5016 est
2394 4962 2576 5018 lumen
2593 4964 2659 5017 ad
2676 4965 3058 5021 revelationem
3074 4968 3314 5037 gentium
3339 4979 3393 5024 et
3407 4971 3628 5041 gloriam

2042 5054 2215 5123 plebis
2245 5072 2356 5113 sua)
2399 5058 2563 5114 Israel
2594 5059 2744 5132 (Luc.
2775 5060 2855 5131 ll).
2894 5081 2911 5114 ι
2949 5062 3102 5128 Quod
3134 5072 3317 5119 autem
3354 5065 3626 5120 dicitosa

2040 5145 2237 5217 Joseph
2270 5150 2483 5205 visitata
2528 5167 2668 5218 esse,
2709 5163 2764 5208 et
2791 5164 2913 5224 post
2953 5163 3184 5211 mortem
3228 5157 3618 5226 prophetasse;

2042 5236 2396 5295 bistorialiter
2455 5242 2557 5297 hoc
2610 5253 3026 5309 commemorat,
3063 5246 3206 5314 quod
3258 5246 3378 5315 ipse
3432 5246 3623 5317 Joseph

2041 5339 2168 5383 ante
2220 5343 2450 5387 mortem
2510 5350 2661 5389 suam
2716 5338 3166 5406 prmnuntiaverit
3214 5337 3483 5393 fratribus
3521 5341 3624 5395 suis

2041 5418 2419 5478 liberationem
2458 5425 2523 5480 de
2566 5424 2804 5497 {Egypto
2834 5468 2849 5492 ,
2901 5443 3026 5482 cum
3077 5427 3463 5483 consolaretur
3514 5443 3618 5489 eos,

2037 5529 2201 5592 atque
2231 5519 2457 5574 dixisset
2486 5535 2498 5571 :
2539 5536 2557 5569 ι
2598 5518 2739 5573 Deus
2774 5519 3017 5574 visitabit
3048 5534 3146 5575 vos
3175 5537 3189 5573 :
3229 5529 3511 5590 asportate
3538 5534 3617 5569 vo-

2037 5611 2242 5666 biscum
2273 5627 2396 5665 ossa
2434 5626 2551 5665 mea
2587 5611 2654 5665 de
2681 5610 2800 5665 loco
2846 5611 2950 5665 isto
2978 5608 3131 5682 (Cen.
3165 5611 3251 5684 ι.);
3293 5632 3311 5663 ι
3339 5613 3485 5682 quod
3523 5610 3614 5663 far-

2036 5710 2148 5755 tum
2171 5710 2274 5763 est,
2308 5710 2366 5753 ut
2396 5700 2533 5754 liber
2561 5701 2733 5754 Exodi
2763 5702 3031 5767 meminit,
3058 5717 3182 5757 cum
3207 5703 3612 5772 egrediebantur

2035 5790 2315 5853 Illiilst‘acl
2364 5791 2428 5845 de
2470 5788 2739 5862 :ligypto;
2800 5801 2855 5846 ct
2902 5802 3189 5865 postquam
3244 5803 3502 5851 venerunt
3560 5791 3609 5844 in

368 3616 510 3665 meo,
543 3610 598 3655 ut
639 3600 872 3655 facerem
900 3599 1230 3665 Jerusalem;
1262 3602 1336 3655 "et
1353 3599 1658 3667 jumentum
1698 3612 1803 3653 non
1833 3608 1953 3654 erat

367 3708 600 3757 mecum,
615 3692 716 3745 nisi
737 3692 934 3745 animal
965 3691 1049 3746 cui
1070 3692 1341 3746 sedebam.
1364 3691 1427 3744 Et
1449 3705 1697 3760 egressus
1715 3705 1832 3745 sum
1853 3705 1952 3760 per

365 3796 574 3854 portam
615 3784 768 3838 vallis
791 3793 968 3849 nocte,
1002 3803 1019 3835 ›
1052 3795 1181 3847 ete.,
1202 3798 1369 3852 usque
1396 3782 1522 3835 dum
1550 3782 1626 3836 ait
1658 3799 1711 3835 ει
1747 3790 1799 3837 et
1822 3796 1951 3836 eon-

366 3876 671 3930 siderabam
705 3891 941 3937 murum,
972 3882 1025 3927 ct
1053 3889 1300 3928 reversus
1334 3874 1451 3927 veni
1497 3872 1564 3926 ad
1593 3881 1806 3942 portam
1836 3871 1949 3926 val-

364 3966 448 4031 lis,
477 3976 532 4022 et
564 3966 696 4020 redii
738 3965 900 4037 (Neh.
931 3965 991 4037 ι).
1026 3983 1043 4015 ι
1083 3966 1301 4019 Diversa
1332 3965 1482 4019 urbis
1513 3965 1785 4019 destructa
1829 3963 1947 4020 loca

363 4057 641 4112 lustrando
673 4065 1021 4127 pervagitur,
1057 4063 1111 4109 et
1144 4054 1350 4125 singula
1391 4055 1508 4109 hare
1541 4055 1810 4123 quomodo
1849 4055 1943 4109 de-

362 4149 525 4203 beant
553 4149 792 4217 reparari
821 4147 1046 4202 sollicita
1088 4155 1265 4201 mente
1295 4155 1592 4200 scrutatur.
1625 4144 1715 4201 Sic
1752 4154 1807 4201 et
1836 4145 1943 4200 Do-

363 4250 571 4295 ctorum
594 4249 675 4294 est
704 4239 1030 4310 spiritalium
1061 4238 1258 4307 srepius
1290 4246 1447 4291 noctu
1483 4252 1725 4308 surgere,
1764 4253 1828 4291 ac
1857 4252 1943 4291 so-

363 4334 481 4390 lerti
508 4333 756 4407 indagine
792 4342 990 4389 statum
1026 4341 1224 4389 sanctae
1254 4331 1508 4387 Ecclesia:
1542 4331 1942 4401 quiescentibus

361 4433 574 4486 caeteris
600 4431 887 4501 inspicere,
918 4439 978 4484 ut
1004 4430 1290 4501 vigilanter
1316 4430 1591 4499 inquirant
1624 4429 1858 4499 qualiter
1878 4445 1942 4484 ea

361 4536 481 4592 qua:
520 4521 772 4575 vitiorum
818 4520 971 4575 bellis
1011 4521 1063 4574 in
1113 4520 1202 4574 illa
1256 4520 1529 4576 sordidata
1570 4519 1683 4574 sive
1731 4518 1939 4588 dejecta

360 4618 511 4675 sunt,
539 4611 857 4682 castigando
890 4610 1179 4665 emendent
1200 4619 1255 4665 et
1289 4610 1520 4681 erigant.
1552 4610 1734 4665 Murus
1752 4620 1937 4666 autem

358 4699 659 4757 Jerusalem
707 4702 1001 4773 dissipatus
1024 4701 1191 4772 jacet,
1240 4709 1295 4756 et
1321 4702 1658 4756 conversatio
1700 4701 1938 4757 fidelium

358 4795 593 4849 terrenis
625 4803 788 4864 atque
810 4794 1009 4850 inlimis
1046 4794 1227 4849 sordet
1274 4792 1575 4848 affectibus.
1607 4792 1785 4849 Porta:
1813 4805 1939 4850 sunt

358 4885 469 4955 igni
515 4895 869 4955 consumptae,
922 4901 1045 4940 cum
1079 4884 1193 4953 jam
1221 4900 1435 4955 quoque
1476 4885 1567 4954 qui
1599 4894 1654 4939 et
1681 4885 1803 4940 aliis
1841 4886 1939 4939 do-

358 4973 529 5028 cendo
576 4974 857 5029 introitum
911 4975 1035 5028 vita:
1084 4976 1321 5044 pandere
1374 4976 1699 5042 debuerant,
1751 4975 1939 5031 relicto

358 5059 605 5114 veritatis
632 5062 948 5132 magisterio
975 5065 1248 5119 communi
1301 5080 1422 5119 cum
1470 5066 1681 5121 caeteris
1724 5066 1939 5136 ignavia

358 5158 597 5221 torpent,
630 5167 694 5205 ac
729 5154 1115 5221 temporalibus
1153 5156 1299 5210 curis
1345 5156 1663 5211 inserviunt.
1710 5156 1776 5214 Et
1802 5156 1943 5211 dixit

357 5244 474 5298 eis:
520 5262 539 5294 ‹
572 5242 680 5297 Vos
723 5245 895 5298 nostis
948 5242 1288 5314 aillictionem
1336 5246 1388 5299 in
1435 5261 1540 5317 qua
1573 5260 1782 5309 sumus,
1809 5247 1936 5316 quia

357 5332 656 5388 Jerusalem
682 5333 891 5388 deserta
923 5342 1025 5395 est,
1049 5343 1102 5386 et
1124 5344 1291 5403 portae
1317 5335 1434 5403 ejus
1454 5343 1789 5403 consumptae
1811 5346 1937 5391 sunt

359 5422 487 5492 igni.
516 5421 709 5478 Venite
759 5430 814 5478 et
856 5424 1153 5479 (BtIlIICCItII‘
1189 5438 1377 5477 murus
1418 5422 1739 5488 Jerusalem,
1773 5435 1877 5480 etc.
1912 5448 1929 5477 ι

356 5526 529 5582 usque
577 5514 700 5569 dum
731 5515 825 5578 ait,
865 5533 883 5565 ι
916 5523 970 5569 et
993 5512 1310 5568 confortatus
1349 5521 1475 5568 sunt
1511 5530 1703 5569 manus
1746 5531 1932 5570 eorum

358 5602 411 5654 in
465 5603 605 5658 bono
662 5604 822 5674 (Neh.
858 5621 938 5670 ny.
970 5625 988 5656 ι
1035 5603 1200 5657 Plana
1248 5614 1373 5658 sunt
1431 5604 1545 5660 haec
1597 5613 1652 5659 et
1704 5607 1933 5675 spiritali

356 5692 538 5745 sensui
567 5694 727 5748 nimis
759 5694 1125 5758 accommoda,
1157 5695 1283 5765 quia
1316 5695 1565 5749 doctores
1598 5697 1790 5760 sancti,
1822 5698 1932 5753 imo

357 5794 544 5836 omnes
556 5784 643 5853 qui
661 5784 774 5839 zelo
789 5787 877 5840 Dei
896 5789 1121 5853 fervent,
1146 5786 1198 5843 in
1220 5785 1505 5843 alilictioue
1522 5796 1647 5843 sunt
1670 5788 1931 5857 maxima,
