3934 6186
271 338 412 396 Hi5

1097 375 1104 382 .
1150 331 1512 390 COMMENT.
1551 331 1618 386 IN
1658 328 2265 388 ECCLESIASTICUII.
2297 355 2370 370 -ι
2405 329 2535 385 LIB.
2574 328 2645 383 Χ.

3391 328 3529 386 HM

270 475 469 521 terram
491 455 958 531 repromissionis,
985 455 1316 527 sepelierunt
1348 469 1472 512 eum
1500 455 1556 509 in
1602 451 1843 517 Siebem,
1873 453 1921 513 A
1947 457 2070 521 pto,
2109 447 2250 521 apud
2279 446 2492 521 Syriam
2523 462 2653 502 vero
2687 454 2744 501 et
2769 444 2953 500 Asiam
2992 443 3280 510 Seleucus,
3309 453 3366 500 et
3387 443 3530 514 apud

265 557 318 612 in
344 553 564 610 civitate
613 550 784 621 patris
810 550 892 603 sui
921 565 934 601 :
965 561 1085 616 quae
1129 554 1184 600 et
1212 560 1356 600 nunc
1385 543 1634 616 Neapolis
1681 557 1843 597 voea-

265 656 372 713 tur,
419 644 550 700 urbs
604 639 1071 695 Samaritanorum
1118 637 1255 709 (Jos.
1289 635 1459 706 xxw).
1514 633 1846 704 Spiritaliter

265 746 443 791 autem
473 732 578 787 hoc
597 730 740 800 quod
764 728 986 798 Ioseph,
1010 727 1153 783 s'eut
1178 736 1334 797 pater
1359 727 1478 796 ejus
1505 723 1692 789 Iacob,
1724 731 1843 778 ter-

266 842 380 880 ram
409 822 844 894 repromissionis
897 825 1010 874 tota
1054 826 1234 872 mente
1285 817 1648 881 desiderabat,
1693 815 1846 870 ineo-

264 917 537 985 latumque
566 913 786 986 Egypti
813 912 1134 974 detestatur,
1182 923 1282 965 nos
1313 909 1555 971 instruit.
1587 918 1650 964 ut
1671 918 1846 979 quau-

266 1009 354 1066 diu
399 1022 588 1062 sumus
617 1006 671 1060 in
701 1005 803 1058 hoc
833 1003 1058 1067 mundo,
1107 1017 1321 1070 semper
1367 1001 1734 1057 desideremus
1759 1000 1848 1054 in-

264 1099 408 1170 gredi
440 1107 643 1153 terram
670 1095 988 1160 viventium,
1005 1094 1183 1162 ibique
1210 1094 1550 1162 requiescere
1573 1101 1842 1162 optemus,

263 1189 402 1259 quod
448 1197 580 1244 tunc
627 1187 786 1258 digne
827 1185 908 1250 ﬁt,
941 1185 988 1240 si
1041 1198 1325 1238 numerum
1356 1199 1622 1239 annorum
1668 1181 1847 1238 astatis

265 1279 432 1348 ipsius
477 1277 719 1332 moribus
769 1275 1070 1330 imitemur.
1110 1272 1337 1328 Centum
1385 1287 1516 1344 ergo
1551 1280 1607 1328 et
1660 1273 1846 1328 decem

265 1370 388 1422 vita:
436 1383 548 1420 sum
584 1366 740 1420 annis
780 1365 1008 1434 expletis
1060 1371 1306 1417 mortuus
1357 1371 1470 1427 est;
1526 1371 1581 1418 et
1607 1378 1706 1418 nos
1731 1373 1845 1417 stu-

263 1459 508 1522 deamus,
539 1470 647 1526 quo
678 1471 775 1526 per
799 1453 1042 1524 decalogi
1073 1451 1472 1507 observantiam
1495 1452 1563 1507 ad
1587 1460 1846 1508 aeternam

262 1549 672 1612 beatitudinem,
699 1562 864 1617 quam
894 1543 1242 1600 centenarius
1275 1559 1536 1600 numerus
1577 1544 1844 1616 designat,

263 1639 664 1709 perveniamus.

827 1724 1056 1782 CAPUT
1089 1725 1281 1781 XXIX.

829 1818 905 1872 De
931 1817 1056 1873 Selh
1092 1827 1140 1872 et
1169 1817 1315 1872 Sem.

336 1930 359 1963 θ
403 1910 535 1966 Setb
560 1919 612 1965 et
640 1907 766 1965 Sem
792 1907 932 1978 apud
961 1907 1210 1962 homines
1239 1907 1465 1978 gloriam
1496 1907 1676 1977 adepti
1699 1914 1846 1970 sunt,

267 2025 285 2056 ί
319 2011 372 2057 et
399 2017 560 2072 super
579 2015 792 2054 omnem
806 1999 1040 2053 animam
1074 2002 1126 2053 in
1153 2000 1360 2070 origine
1379 1999 1571 2052 Adam.
1595 2018 1613 2051 ι
1647 1999 1850 2054 Ordine

260 2102 590 2166 priepostero
617 2093 766 2164 prius
798 2093 1091 2162 prephetas
1113 2091 1314 2162 posuit,
1344 2100 1598 2162 etpustea
1623 2079 1851 2162 patriar-

262 2192 395 2244 chas
421 2186 845 2258 antiquissimos.
877 2184 986 2238 Sed
1008 2185 1095 2238 hic
1112 2199 1244 2238 usus
1271 2182 1742 2252 frequentissimus
1763 2192 1850 2237 est

263 2281 559 2350 Scriptura:
577 2293 769 2340 sacrae,
791 2285 850 2329 ut
869 2274 983 2329 loca
1007 2283 1061 2328 et
1081 2281 1319 2342 tempora
1343 2273 1394 2326 in
1419 2273 1730 2326 narratione
1752 2287 1850 2326 sua

260 2376 574 2426 commutet.
601 2369 735 2424 Seth
753 2381 882 2438 ergo
901 2365 1040 2420 filius
1063 2365 1235 2418 Adam
1249 2371 1302 2416 et
1317 2361 1442 2416 Sem
1456 2363 1852 2435 primogenitus

259 2461 372 2516 Noe
399 2459 538 2530 apud
567 2459 813 2513 homines
827 2456 1051 2528 gloriam
1082 2453 1263 2522 adepti
1286 2459 1432 2516 sunt,
1456 2452 1581 2521 quia
1601 2460 1709 2505 tam
1725 2451 1851 2516 fide,

261 2569 423 2624 quam
436 2553 596 2606 etiam
613 2549 768 2605 bonis
785 2547 1022 2602 moribus
1039 2545 1179 2599 illius
1200 2544 1298 2598 :evi
1316 2543 1622 2596 hominibus
1638 2541 1802 2611 prmla
1812 2542 1849 2596 ti

259 2657 407 2713 sunt,
423 2645 639 2717 quando
651 2638 865 2714 plurimi
881 2638 1193 2696 idololatriae
1208 2634 1600 2700 deserviebanl,
1618 2641 1672 2688 et
1686 2634 1854 2688 Deum

257 2739 516 2812 pusuituit
560 2736 832 2791 hominem
889 2747 950 2786 se
979 2730 1172 2784 fecisse
1226 2729 1478 2782 interra.
1522 2723 1629 2780 Sed
1679 2725 1725 2778 si
1767 2724 1856 2778 hic

259 2846 454 2887 sensus
499 2827 596 2883 tibi
643 2823 1004 2896 displicuerit,
1041 2818 1274 2875 transfer
1300 2827 1354 2872 te
1394 2817 1461 2872 ad
1511 2815 1848 2888 allegoriam,

259 2934 319 2979 et
341 2922 582 2992 intellige
605 2921 656 2974 in
684 2919 802 2974 istis
847 2915 1054 2971 duobus
1081 2911 1391 2968 hominibus
1419 2910 1582 2964 'hunc
1605 2907 1854 2979 praeﬁgu—

259 3025 464 3080 ratum,
498 3013 590 3083 qui
612 3011 755 3067 Deus
779 3017 833 3062 et
851 3009 1020 3063 homo
1051 3011 1154 3068 est,
1189 3016 1352 3072 quem
1378 3001 1520 3054 Deus
1545 2998 1708 3052 Pater
1735 3013 1856 3052 sus-

261 3107 501 3165 citavita
531 3103 783 3166 mortuis,
837 3109 891 3154 et
930 3094 1212 3152 constituit
1269 3091 1337 3145 ad
1379 3089 1658 3144 dexteram
1698 3102 1852 3141 suam

1949 542 2266 598 Macedones
2299 541 2618 612 Antigonus.
2662 539 2819 594 Patet
2857 537 3098 608 profecto
3141 537 3198 592 in
3236 538 3342 593 hoc
3385 539 3548 609 quod.
3649 547 3671 560 ‘

1945 634 2107 704 hujus
2151 633 2392 688 Simonis
2438 631 2755 687 modestiam
2799 641 2855 685 et
2896 629 3132 684 studium
3177 628 3384 698 liquido
3429 629 3534 687 iste
3594 666 3602 673 -

1945 723 2104 779 Iesus
2145 723 2458 793 expressit,
2505 721 2648 792 quod
2698 736 2808 775 uno
2853 721 3149 790 eodemque
3193 726 3434 788 tempore
3477 718 3534 773 in

1947 825 2108 888 gente
2131 813 2313 869 Iudaea
2336 813 2496 868 ambo
2517 812 2696 877 fuere;
2727 827 2852 866 nam
2875 811 2918 866 si
2945 811 3064 882 ejus
3089 810 3256 864 vitam
3275 818 3331 864 et
3351 825 3532 866 mores

1947 909 2254 979 ignoraret,
2283 919 2624 976 nequaquam
2666 912 2774 958 tam
2803 901 3032 972 pleniter
3058 903 3123 955 de
3165 916 3230 955 eo
3260 909 3529 956 nanaret.

1948 997 2058 1052 Nos
2087 1005 2266 1051 autem
2308 995 2452 1065 quod
2481 991 2642 1062 hujus
2675 993 2772 1046 viri
2806 1001 2958 1047 actus
2993 991 3120 1046 alibi
3150 991 3374 1045 minime
3404 991 3534 1060 legi-

1949 1103 2096 1152 mus,
2149 1087 2346 1158 ignotaa
2388 1086 2466 1141 rei
2515 1084 2948 1157 explanationem
2995 1081 3174 1139 facere
3225 1084 3532 1152 nequimus.

1947 1179 2110 1234 Juxta
2147 1178 2435 1250 mysticum
2475 1192 2606 1232 vero
2647 1191 2863 1232 sensum
2905 1175 3064 1246 hujus
3101 1175 3338 1232 Simonis
3383 1186 3536 1232 actus

1948 1269 2244 1324 laudabiles
2281 1278 2335 1324 et
2381 1277 2660 1324 strenuum
2705 1268 3066 1322 ministerium
3115 1269 3184 1322 ad
3225 1277 3534 1323 sanctorum

1949 1361 2228 1416 doctorum
2276 1360 2522 1414 ordinem
2572 1365 2627 1412 et
2665 1356 2898 1413 ofﬁcium
2939 1357 3233 1413 transferre
3269 1357 3533 1423 valemus,

1953 1448 2150 1520 quibus
2185 1457 2308 1520 apte
2344 1448 2582 1504 Simonis
2609 1461 2805 1503 nomen
2847 1448 3127 1514 convenit,
3155 1447 3246 1518 qui
3275 1447 3538 1518 praedica-

1955 1540 2118 1596 tionis
2144 1541 2310 1595 verbo
2337 1540 2633 1594 humanum
2659 1554 2830 1610 genus
2860 1540 2928 1593 ad
2951 1539 3323 1609 ptenitentiam
3348 1554 3538 1610 pecca-

1950 1645 2128 1690 torum
2157 1641 2473 1705 provoeant,
2505 1640 2560 1687 et
2588 1633 2858 1688 mandatis
2885 1632 2980 1688 Dei
3006 1632 3226 1688 obedire
3254 1631 3535 1688 mandant.

1949 1727 2342 1798 Interpretatur
2367 1733 2546 1779 autem
2574 1723 2760 1779 Simon
2787 1739 2926 1794 pone
2951 1739 3240 1781 maerorem
3263 1765 3278 1792 ,
3303 1723 3388 1780 vel
3412 1725 3535 1780 audi

1876 1806 1924 1866 Β
1953 1819 2250 1874 tristitiam.
2280 1817 2479 1873 Verum
2508 1816 2610 1871 iste
2635 1814 2825 1871 Simon
2850 1815 3108 1885 spiritalis
3137 1826 3380 1885 tempore
3401 1831 3544 1886 prte-

1951 1911 2123 1967 sentis
2162 1911 2288 1965 vitae
2321 1923 2572 1964 sermone
2609 1907 2868 1963 doctrinae
2907 1905 3144 1962 suffulcit
3185 1907 3404 1962 domum
3439 1907 3544 1962 Ee-

1952 2003 2166 2066 elesim,
2217 2010 2271 2056 et
2317 2002 2633 2056 corroborat
2683 1999 2940 2070 templum
2983 1999 3050 2054 de
3092 1998 3234 2054 vivis
3277 1999 3544 2070 lapidibus

1951 2102 2359 2158 constructum;
2399 2091 2580 2160 templi
2610 2091 2775 2146 etiam
2803 2090 3030 2146 altitudo
3063 2093 3132 2146 ab
3169 2092 3287 2162 ipso
3319 2091 3540 2146 fundata

1953 2195 2055 2240 est.
2090 2186 2293 2254 Duplex
2325 2184 2626 2246 a'dificatio,
2661 2183 2858 2238 excelsi
2890 2183 3124 2254 parietes
3157 2184 3362 2254 templi.
3391 2183 3545 2239 Unde

1952 2292 2051 2346 per
2085 2276 2308 2330 Paulum
2351 2275 2548 2329 dicitur
2590 2291 2603 2326 :
2646 2291 2664 2324 ι
2709 2273 2802 2327 Dei
2843 2275 2987 2328 enim
3029 2287 3216 2328 sumus
3244 2271 3541 2341 adjutores,

1955 2366 2050 2420 Dei
2082 2365 2410 2436 agricultura
2439 2364 2594 2428 estis,
2623 2362 2716 2418 Dei
2745 2362 3030 2417 aedificatio
3057 2363 3208 2417 estis.
3235 2359 3542 2415 Secundum

1955 2455 2181 2525 gratiam
2203 2496 2217 2520 ,
2248 2470 2370 2525 quze
2405 2455 2528 2509 data
2556 2462 2639 2508 est
2669 2453 2800 2507 mihi
2821 2493 2836 2518 ,
2869 2462 2928 2506 ut
2965 2452 3181 2524 sapiens
3214 2451 3547 2506 architectus

1956 2543 2364 2598 fundamentum
2411 2544 2563 2614 posui
2617 2561 2632 2597 :
2691 2543 2828 2598 alius
2875 2552 3056 2598 autem
3109 2542 3542 2612 supermditlcat;

1957 2635 2328 2704 unusquisque
2381 2642 2562 2690 autem
2609 2634 2790 2688 videat
2838 2633 3108 2703 quomodo
3151 2631 3551 2703 supermdilicet

1959 2729 2024 2802 (I
2054 2729 2178 2785 Cor.
2221 2731 2337 2802 tu).
2379 2748 2401 2784 ι
2440 2729 2874 2785 Fundamentum
2915 2737 3092 2782 autem
3137 2726 3298 2796 hujus
3335 2727 3548 2782 aedificii

1957 2822 2116 2891 quale
2142 2822 2212 2876 sit
2241 2829 2572 2877 memoratus
2600 2821 2875 2890 apostolus
2913 2819 3282 2890 subjungendo
3319 2819 3550 2874 manife-

1959 2921 2109 2968 stat:
2146 2929 2167 2964 ι
2213 2911 2641 2966 Fundamentum
2679 2911 2820 2965 enim
2860 2910 3004 2964 aliud
3043 2925 3203 2964 nemo
3233 2915 3410 2979 potest
3449 2925 3548 2980 po-

1957 3016 2109 3065 nere,
2138 3010 2337 3072 praeter
2361 3001 2414 3055 id
2444 3001 2586 3070 quod
2614 3001 2848 3071 positum
2877 3007 2982 3063 est,
3010 2999 3154 3068 quod
3182 3007 3267 3053 est
3297 2997 3548 3055 Christus

1958 3094 2136 3151 Iesus.
2167 3114 2187 3148 ι
2216 3095 2476 3150 Doctores
2501 3109 2630 3164 ergo
2657 3093 2827 3148 sancti
2853 3093 3037 3162 templi
3064 3091 3403 3146 altitudinem
3423 3091 3549 3146 fun-

261 3199 318 3254 iu
345 3195 659 3253 coelestibus
683 3208 848 3262 supra
870 3202 1085 3245 omnem
1114 3181 1496 3257 principatum.
1526 3186 1583 3234 et
1618 3185 1852 3248 potesla-
1883 3179 1927 3240 C
1959 3187 2119 3251 dant,
2173 3185 2389 3256 quando
2418 3184 2620 3239 Christi
2659 3183 3083 3238 incarnationem
3103 3223 3118 3248 ,
3159 3183 3462 3252 passionem
3497 3193 3555 3240 et

263 3300 398 3356 tem,
426 3297 481 3344 et
510 3289 789 3347 virtutem,
819 3289 874 3336 et
897 3279 1342 3340 dominationem,
1374 3281 1609 3332 etomnc
1631 3285 1852 3337 nomen,

263 3382 409 3452 quod
432 3379 760 3439 nominatur,
788 3389 892 3428 non
919 3371 1093 3426 solum
1115 3370 1167 3422 in
1197 3368 1298 3424 hoc
1324 3366 1538 3430 smculo,
1563 3365 1659 3420 sed
1688 3363 1855 3418 etiam

261 3475 321 3531 in
349 3474 554 3534 futuro,
577 3477 633 3524 et
656 3467 835 3524 omnia
861 3462 1089 3532 subjecit
1113 3462 1214 3517 sub
1243 3459 1468 3532 pedibus
1489 3459 1628 3530 ejus.

833 3576 1061 3634 CAPUT
1097 3573 1268 3631 XXX.

262 3680 344 3736 De
375 3678 586 3736 Simone
613 3675 725 3744 ﬁlio
758 3671 914 3744 Quia:
941 3668 1227 3744 sacerdotis
1246 3705 1262 3732 ,
1287 3663 1445 3744 έμλοᾴ
1473 3671 1716 3744 constans
1741 3643 1863 3744 fug-

339 3727 714 3805 fitfit—intimare
746 3742 884 3808 Dei,
925 3751 970 3795 et
998 3727 1256 3810 templum
1277 3727 1492 3789 Domini
1515 3727 1858 3799 miri/ice'ad-

342 3818 625 3875 ornaverit.

340 3934 494 4008 (Car.
528 3933 606 4004 ι..)
639 3951 656 3981 ι
693 3929 878 3984 Simon
908 3925 1060 3982 Onia:
1097 3923 1269 3989 filius,
1317 3917 1572 3976 sacerdos
1611 3930 1858 4008 magnus,

270 4049 292 4080 ι
334 4004 428 4098 qui
462 4025 515 4080 in
549 4023 659 4077 vita
689 4035 788 4076 sua
817 4016 1049 4074 suffulsit
1078 4016 1294 4070 domum
1315 4051 1330 4078 ,
1353 4019 1419 4066 et
1449 4010 1504 4064 in
1535 4007 1723 4063 diebus
1749 4004 1862 4060 suis

269 4140 290 4172 ι
332 4095 707 4176 corroboravit
744 4110 1022 4182 templum.
1066 4105 1273 4175 Templi
1321 4103 1485 4159 etiam
1521 4099 1748 4155 altitudo
1795 4095 1865 4152 ab

269 4231 291 4262 ι
332 4211 456 4280 ipso
484 4207 704 4261 fundata
734 4210 849 4268 est,
883 4199 1080 4270 duplex
1117 4195 1406 4253 tediiieatio
1426 4235 1441 4257 ,
1468 4201 1522 4248 et
1547 4189 1744 4247 excelsi
1769 4203 1866 4258 pa-

269 4323 291 4352 ι
333 4302 502 4356 rietes
533 4294 737 4366 templi.
777 4311 797 4345 ι
831 4291 958 4345 Post
996 4289 1204 4359 priores
1231 4293 1414 4356 patres
1441 4283 1672 4352 scriptor
1697 4280 1866 4334 histo-

261 4394 368 4448 riae
406 4390 472 4444 ad
513 4386 594 4442 sui
629 4383 886 4452 temporis
915 4378 1160 4452 pervenit
1196 4377 1459 4432 homines.
1501 4373 1636 4428 Nam
1679 4370 1865 4426 Simon

265 4485 380 4538 iste
413 4479 556 4532 filius
579 4476 681 4530 fuit
708 4472 858 4528 Onire
877 4511 891 4535 ,
925 4468 1017 4540 qui
1047 4467 1114 4522 de
1139 4464 1363 4521 Simone
1390 4468 1746 4532 cognomento
1773 4456 1866 4512 Iu-

1962 3280 2415 3337 resurreelionem
2453 3279 2506 3333 in
2539 3276 2644 3332 fide
2670 3276 3004 3332 credentium
3037 3274 3334 3340 collocant,
3371 3282 3432 3329 ut
3463 3282 3549 3330 to-

1963 3373 2070 3430 tius
2099 3371 2312 3427 zedificii
2341 3386 2577 3434 summa,
2605 3369 2708 3424 hoc
2734 3377 2818 3422 est
2846 3367 2970 3422 boni
3001 3366 3180 3436 operis
3205 3364 3397 3430 forma,
3431 3363 3554 3420 inde

1961 3472 2272 3534 consurgat.
2310 3463 2464 3518 Unde
2505 3461 2564 3515 ﬁt
2592 3461 2734 3534 quod
2763 3459 2960 3528 duplex
2990 3457 3284 3513 aedificatio
3310 3457 3555 3512 excelsos

1958 3553 2196 3622 parietes
2237 3550 2420 3620 templi
2450 3549 2646 3614 faciat,
2674 3549 2892 3618 quando
2921 3547 3084 3600 verbo
3109 3554 3166 3600 et
3199 3547 3449 3615 exemplo
3485 3545 3555 3600 de

1959 3643 2160 3700 Iudazis
2195 3652 2250 3698 ct
2288 3642 2541 3712 gentibus
2567 3639 2830 3709 plurimos
2853 3637 2920 3692 ad
2955 3651 3135 3713 arcem
3161 3635 3422 3690 virtutum
3454 3635 3552 3690 do-

1962 3732 2133 3788 cendo
2169 3740 2225 3786 et
2255 3728 2592 3785 exhortando
2622 3729 2865 3797 erigunt;
2908 3725 3140 3794 parietes
3173 3725 3316 3779 enim
3359 3723 3554 3778 domus

1962 3823 2058 3878 Dei
2098 3822 2151 3876 in
2183 3820 2520 3891 expositione
2547 3818 2934 3874 catholicorum
2974 3814 3198 3869 Patrum
3225 3815 3359 3868 duos
3385 3827 3557 3882 popu-

1962 3913 2045 3968 los
2073 3911 2376 3968 intellectos
2399 3925 2522 3966 esse
2563 3907 2894 3979 reperimus,
2932 3913 2987 3960 et
3021 3904 3248 3967 merito,
3278 3902 3405 3972 quia
3430 3902 3555 3956 inde

1965 4016 2294 4074 consurgens
2321 4008 2594 4056 structura
2619 3998 2814 4053 crescit
2840 3997 2892 4051 in
2929 3993 3186 4064 templum
3216 3999 3464 4047 sanctum
3498 3990 3553 4044 in

1965 4095 2214 4151 Domino.

2044 4209 2062 4241 ι
2084 4187 2140 4242 In
2167 4187 2355 4243 diebus
2379 4185 2548 4256 ipsius
2568 4188 2985 4239 remanaverunt
3013 4178 3155 4249 putei
3183 4190 3472 4248 aquarum,
3500 4181 3555 4230 et

1975 4301 1994 4334 ι
2028 4281 2180 4352 quasi
2209 4295 2360 4336 mare
2383 4278 2656 4349 adimpleti
2682 4284 2807 4332 sunt
2831 4289 2992 4345 supra
3015 4273 3253 4328 modum.
3284 4289 3303 4322 ι
3329 4269 3557 4324 Puteum

1969 4387 2234 4444 aquarum
2261 4387 2368 4427 non
2391 4371 2554 4424 alium
2583 4368 2776 4424 melius
2796 4365 3042 4436 accipere
3067 4376 3370 4434 possumus,
3395 4373 3558 4428 quam

1969 4462 2388 4534 profunditatem
2447 4460 2684 4515 scientia:
2738 4467 3047 4512 sanctarum
3109 4451 3509 4522 Scripturarum
3539 4488 3557 4515 ,

263 4586 360 4630 sto
391 4577 610 4642 propter
639 4538 1008 4620 sollicitam—in
1041 4561 1212 4616 Deum
1241 4558 1556 4630 religionem
1595 4561 1652 4610 et
1693 4553 1746 4607 in
1778 4551 1858 4606 ci-
1885 4547 1938 4608 D
1962 4573 2082 4628 qu:e
2113 4555 2169 4610 in
2211 4553 2408 4608 divinis
2443 4550 2594 4604 libris
2622 4548 2775 4618 quasi
2813 4545 3068 4602 conclusa
3105 4541 3292 4613 figuris
3333 4538 3554 4604 latebat,

263 4680 372 4719 ves
403 4675 530 4717 suos
563 4673 788 4729 pronam
825 4654 1172 4710 clementiam
1219 4658 1380 4704 natus
1414 4654 1548 4702 erat.
1591 4643 1642 4698 Is
1682 4649 1863 4696 autem

263 4757 478 4820 Onias,
509 4761 568 4806 ut
595 4749 862 4819 Iosephus
897 4744 1094 4810 refert,
1126 4740 1383 4817 parvulus
1409 4743 1592 4792 mc’nte
1617 4741 1672 4789 et
1704 4747 1864 4804 pecu-

263 4852 386 4910 niis
417 4861 615 4902 avarus
639 4844 902 4908 existens,
925 4837 1215 4894 Ptolemaeo
1241 4833 1354 4904 regi
1385 4832 1586 4886 tributa
1612 4843 1716 4884 non
1751 4825 1870 4882 red-

263 4941 446 5004 dens,
485 4937 552 4992 ad
580 4936 716 4990 iram
742 4947 869 4988 eum
895 4927 1125 5000 impulit.
1149 4924 1350 4980 Verum
1373 4921 1641 4992 Iosephus
1673 4920 1755 4973 vir
1777 4917 1864 4972 in-

268 5045 365 5088 ter
408 5042 538 5084 suos
582 5024 810 5090 nobilis,
851 5022 1059 5092 legatus
1097 5033 1129 5073 a
1172 5015 1372 5072 Iudaeis
1409 5013 1479 5068 ad
1513 5010 1867 5068 Ptolemteum

265 5125 506 5188 missus,
527 5135 651 5176 cum
679 5114 1098 5172 familiaritatem
1130 5110 1272 5182 regis
1299 5108 1368 5164 ob
1403 5105 1634 5178 plurima
1663 5103 1716 5158 in
1744 5114 1866 5155 eum

268 5213 576 5274 meruisset
611 5206 900 5276 obsequia,
939 5203 1046 5259 dux
1078 5199 1276 5256 Iudaeae
1309 5205 1364 5252 et
1394 5195 1670 5266 regionum
1708 5189 1871 5276 ﬁniti-

267 5273 500 5364 inarum
541 5273 904 5357 constituitur.
947 5293 1156 5348 Mortuo
1199 5297 1377 5345 autem
1415 5285 1672 5357 pnedieto
1710 5273 1868 5346 0nia,

265 5395 649 5472 principatum
677 5385 964 5446 sacerdotii
993 5383 1204 5440 Simoni
1250 5381 1359 5436 filio
1405 5375 1689 5446 dereliquit
1716 5391 1730 5428 :
1763 5387 1872 5442 quo

266 5465 456 5548 etiam
478 5497 690 5540 mortuo
716 5481 856 5536 illius
883 5477 999 5548 ejus
1018 5475 1183 5534 Onias
1201 5474 1256 5530 in
1277 5474 1482 5528 honore
1506 5467 1790 5532 successit,
1807 5465 1872 5522 ad

265 5594 450 5653 quem
481 5592 574 5630 rex
604 5571 1130 5628 Lacedzemoniorum
1162 5567 1354 5621 Darius
1379 5563 1699 5635 legationem
1727 5559 1872 5614 dire—

265 5647 366 5730 x—it
393 5677 453 5723 et
477 5665 750 5738 epistoias.
789 5661 914 5716 Fuit
949 5669 1126 5714 autem
1162 5657 1252 5712 hic
1287 5656 1476 5710 Simon
1516 5649 1752 5724 pontifex
1780 5647 1876 5702 Iu-

265 5767 528 5823 dwurum
552 5769 812 5832 tempore,
844 5771 949 5828 quo
969 5752 1289 5808 Ptoleuueus
1316 5749 1605 5818 Evergetcs
1635 5746 1684 5798 in
1708 5742 1876 5824 (Egy-

1967 4648 2061 4702 sed
2089 4654 2399 4702 sanctorum
2425 4642 2839 4713 praedicatorum
2868 4653 2965 4693 ore
2997 4637 3061 4692 ad
3090 4633 3448 4704 plurimorum
3471 4643 3561 4684 sa-

1967 4739 2210 4793 tietatem
2251 4735 2405 4806 quasi
2451 4747 2603 4788 mare
2639 4731 3007 4794 redundabat;
3048 4725 3192 4797 quod
3233 4723 3380 4780 enim
3407 4721 3558 4792 prius

1968 4827 2122 4898 quasi
2169 4825 2457 4882 obscurum
2521 4823 2725 4878 latebat
2779 4821 2833 4875 in
2876 4817 3146 4890 profundo
3191 4812 3436 4886 mysterii
3465 4809 3560 4865 ad-

1971 4926 2216 4990 apertum
2247 4914 2517 4987 prolatum
2543 4919 2627 4969 est
2660 4927 2760 4983 per
2784 4910 3022 4966 laborem
3056 4901 3424 4978 praedicatoris
3463 4915 3558 4957 or-

1973 5008 2216 5065 thodoxi.

2052 5119 2072 5153 ι
2107 5099 2209 5167 Qui
2245 5097 2454 5154 curavit
2496 5102 2709 5168 gentem
2747 5106 2932 5156 suam,
2975 5097 3032 5146 et
3067 5087 3319 5144 liberavit
3355 5084 3498 5140 illam
3527 5097 3560 5137 a

1986 5211 2005 5245 ι
2035 5191 2293 5264 pernicie.
2324 5209 2343 5244 ι
2383 5187 2658 5260 Evangelii
2689 5184 2898 5242 scilicet
2919 5182 3110 5245 verbo,
3140 5187 3194 5235 et
3216 5173 3563 5248 baptismatis

1978 5263 2350 5346 sacramento,
2391 5278 2643 5335 liberavit
2687 5276 2960 5331 auditores
3006 5287 3134 5328 suos
3167 5283 3198 5322 a
3235 5263 3472 5336 peccatis
3504 5271 3560 5318 et

1978 5371 2342 5428 dominatione
2367 5368 2600 5424 Satanzc.

2058 5484 2078 5518 ι
2109 5464 2210 5532 Qui
2245 5463 2528 5534 prmvaluit
2565 5459 2898 5530 amplificare
2939 5453 3241 5511 civitatem,
3285 5463 3306 5498 ι
3346 5441 3562 5514 quando

1975 5573 2074 5630 per
2093 5557 2322 5630 gratiam
2343 5554 2542 5610 Christi
2565 5550 2979 5624 pnedieatorum
2996 5543 3148 5598 labor
3167 5534 3563 5630 proficiebat—ad

1977 5624 2333 5720 plurimorum
2357 5643 2607 5700 salutem.
2633 5641 2837 5696 Civitas
2854 5636 2996 5691 enim
3019 5632 3113 5687 Dei
3139 5635 3329 5684 sancta
3352 5633 3439 5720 est
3463 5624 3566 5720 Ee-

1978 5713 2162 5797 clesia.
2191 5741 2264 5794 De
2286 5752 2392 5806 qua
2422 5735 2472 5788 in
2500 5732 2706 5802 psalmo
2728 5727 2987 5798 scriptum
3009 5731 3092 5778 est
3123 5735 3136 5776 :
3168 5737 3188 5772 ι
3218 5715 3462 5775 Gloriosa
3483 5713 3568 5770 di-
