3934 6186
355 380 497 441 “15
950 388 959 395 ‘
1030 374 1091 428 Β.
1134 371 1386 427 MBAN]
1427 371 1642 428 M-AI‘lll
1682 368 1998 427 ARClllEP.
2040 365 2349 423 MOGUNT.
2391 363 2673 422 CPERBI
2702 364 2890 422 918$
2918 364 2963 419 1.
3488 366 3632 423 ωδ

352 513 443 553 (Ἧι
485 502 609 551 sunt
648 492 713 546 de
752 497 835 551 te,
878 487 1070 543 civitas
1108 487 1203 541 Dei
1241 484 1413 559 (I’sal.
1452 484 1693 556 cxxxvl).
1731 505 1748 536 ι
1785 483 1933 538 lianc
1958 479 2643 550 Abusquoqncpretiosis
2664 478 2926 533 virtutum
2946 479 3111 536 decor
3132 477 3475 550 exprimitur.
3490 480 3634 538 Cum

352 581 790 657 magna.»
802 587 1112 636 sanctor-um
1126 579 1538 648 przedicatornm
1550 574 1937 644 nutuqueduo
2032 587 2168 641 ergo
2195 572 2423 625 virtutes
2447 584 2617 625 sacrm
2643 568 2835 642 fulgori
2859 570 3136 639 sapientite
3162 570 3632 635 iutermiscentur,

350 691 479 733 eam
512 688 610 745 per
638 671 863 726 verbum
906 668 1308 739 praedicationis
1330 676 1386 721 et
1409 674 1805 721 sacramentum
1840 664 1936 718 ha-
2039 680 2136 719 vas
2173 662 2369 717 anima:
2391 662 2510 716 brae
2536 660 2743 716 habens
2768 660 3220 730 pretiosissimum
3252 677 3374 718 esse
3399 663 3635 719 demon-

356 767 630 840 ptismatis
661 769 822 835 auget
860 763 914 816 in
954 761 1288 816 credentium
1334 773 1578 813 numero.
1610 758 1685 813 De
1709 771 1937 826 quorum

353 856 708 913 conversione
732 854 895 909 etiam
928 850 1041 920 ipse
1077 849 1466 921 glorificabitur
1494 848 1546 901 in
1576 845 1782 917 prtemii
1819 860 1941 915 per-

355 948 624 1019 ceptione.
660 943 812 1000 Unde
841 940 1182 1009 subjungitur
1212 958 1224 993 :

436 1058 454 1089 σ
489 1038 592 1104 Qui
622 1037 847 1105 adeptus
867 1044 950 1088 est
972 1033 1197 1104 gloriam
1230 1032 1283 1085 in
1310 1028 1720 1084 conversatione
1764 1025 1942 1098 gentis

364 1151 385 1182 ι
421 1138 476 1186 et
527 1130 771 1198 ingressu
807 1126 996 1181 domus
1037 1132 1091 1178 et
1117 1122 1238 1177 atrii
1276 1120 1636 1192 amplificatus
1669 1126 1756 1173 est
1788 1117 1942 1187 quasi

364 1242 383 1273 ‹
421 1221 573 1277 stella
619 1219 883 1275 matutina
929 1218 981 1271 in
1036 1215 1213 1270 medio
1252 1213 1479 1269 nebulae.
1529 1212 1595 1265 Et
1627 1210 1782 1281 quasi
1818 1209 1940 1263 luna

362 1333 383 1363 ί
422 1312 577 1382 plena
607 1311 662 1365 in
690 1309 881 1364 diebus
906 1307 1020 1361 suis
1051 1306 1222 1369 lucet,
1253 1313 1308 1359 et
1343 1302 1495 1373 quasi
1536 1301 1616 1357 sol
1649 1300 1940 1371 refulgens,

363 1424 385 1455 ι
423 1405 503 1459 sic
530 1403 619 1457 ille
649 1400 849 1457 effulsit
891 1400 943 1453 in
983 1397 1182 1467 templo
1208 1396 1323 1451 Dei.
1361 1414 1379 1447 ι
1413 1395 1661 1465 lngressu
1690 1406 1821 1461 ergo
1852 1390 1946 1445 do-

361 1509 482 1548 mus
506 1499 564 1547 et
587 1490 709 1545 atrii
740 1487 1227 1544 excellentissimus
1252 1484 1387 1539 ordo
1415 1493 1725 1538 sanctorum
1753 1478 1947 1549 praedi-

361 1590 608 1636 catorum
645 1576 1004 1648 amplificatns
1041 1581 1155 1640 est,
1193 1572 1317 1643 quia
1351 1581 1458 1627 tam
1491 1571 1545 1625 in
1572 1570 1709 1634 illis,
1733 1568 1826 1638 qui
1856 1583 1946 1621 ru-

361 1674 457 1727 des
487 1670 664 1726 adhuc
703 1675 831 1724 sunt
867 1667 922 1722 in
960 1665 1064 1721 fide
1085 1706 1099 1732 ,
1130 1665 1273 1735 quod
1298 1664 1493 1718 atrium
1525 1662 1751 1733 figurat,
1783 1674 1945 1730 quam

357 1761 524 1814 etiam
562 1756 892 1828 imperfectis
920 1755 1139 1811 domum
1165 1754 1260 1808 Dei
1294 1754 1505 1808 incessu
1532 1752 1796 1807 bonorum
1819 1764 1948 1819 ope-

2041 763 2265 811 strator.

2116 887 2135 919 ι
2161 868 2324 934 Quasi
2350 867 2490 923 oliva
2512 864 2802 935 pullulans,
2823 874 2876 919 et
2905 879 3194 936 cypressns
3212 864 3266 919 in
3288 863 3635 921 altitudinem

2047 980 2064 1012 ι
2094 976 2151 1016 se
2171 958 2451 1014 extollens.
2485 977 2503 1009 ι
2534 956 2592 1011 ln
2622 956 2762 1011 oliva
2810 953 2900 1008 lux
2935 954 3057 1009 lldei
3088 964 3142 1008 et
3165 952 3389 1010 affectus
3415 956 3638 1011 miseri-

2041 1052 2257 1117 eordite,
2277 1051 2330 1105 in
2351 1062 2608 1121 cypresso
2628 1062 2761 1102 vero
2783 1045 3009 1100 altitudo
3028 1044 3404 1114 perfectionis,
3421 1053 3478 1101 et
3500 1047 3642 1101 odor

2043 1142 2400 1198 suavissimus
2428 1140 2585 1195 bonae
2633 1136 2947 1201 voluntatis,
2986 1150 3150 1205 quam
3179 1134 3383 1189 habent
3435 1136 3640 1196 sancti.

2042 1233 2179 1287 bene
2229 1229 2458 1298 intelligi
2487 1235 2683 1298 potest.
2736 1224 2844 1280 Sed
2871 1224 2916 1280 si
2950 1223 3072 1293 quis
3101 1223 3260 1279 oliva:
3306 1230 3362 1278 et
3390 1225 3639 1294 cypressi

2045 1324 2463 1397 significantiam
2511 1322 2722 1392 plenius
2766 1334 2928 1375 nosse
2971 1318 3226 1385 voluerit,
3271 1318 3325 1374 in
3361 1320 3643 1390 prioribus

2046 1416 2289 1471 invenire
2316 1421 2515 1484 potest.

2122 1567 2141 1601 ‹
2176 1547 2233 1603 In
2260 1545 2576 1616 accipiendo
2602 1542 2795 1599 stolam
2820 1541 3025 1614 gloriaz,
3056 1548 3112 1597 et
3142 1541 3331 1597 vestiri
3357 1557 3481 1598 eum
3509 1557 3643 1597 con—

2052 1658 2071 1690 c
2105 1636 2467 1694 summatione
2498 1634 2736 1689 virtutis.
2768 1633 2827 1689 In
2854 1647 3083 1689 ascensu
3108 1632 3297 1688 altaris
3323 1633 3497 1689 sancti
3521 1634 3643 1705 glo-

2053 1750 2072 1782 ι
2105 1730 2241 1784 riam
2269 1728 2417 1784 dedit
2458 1725 2765 1781 sanctitatis
2790 1723 3070 1779 amictum.
3097 1723 3154 1779 In
3202 1726 3519 1795 accipiendo
3540 1742 3644 1781 au-

562 1803 889 1828 ....,,-.------
923 1803 1139 1811 ..----_._-
1167 1803 1260 1808 η-
1294 1803 1504 1808 "me"
1534 1803 1691 1807 _-,,-,
1855 1803 1872 1819 _

362 1865 482 1903 rum
512 1845 939 1917 ingredientibus
965 1846 1348 1914 magistrorum
1377 1841 1646 1896 excrescit
1670 1840 1943 1903 meritum,

2058 1837 2073 1870 ι
2110 1826 2218 1873 tem
2257 1803 2544 1887 partcs'de
2583 1830 2746 1869 manu
2790 1814 3153 1869 sacerdotum.
3188 1834 3208 1866 ι
3240 1814 3298 1870 1n
3323 1815 3645 1886 accipiendo

363 1940 671 1995 redundans
715 1937 821 1993 illis
856 1936 925 1990 ad
960 1935 1182 1995 cmleste
1221 1933 1521 2003 praemium.
1567 1931 1719 1999 Quod
1765 1938 1945 1985 autem

359 2048 458 2087 eos
493 2039 775 2100 comparat
817 2028 985 2084 stella:
1022 2027 1302 2082 matutinae
1342 2033 1398 2079 et
1438 2024 1546 2079 luci
1584 2022 1745 2089 lunae,
1786 2029 1947 2092 atque

364 2122 558 2193 fulguri
583 2121 731 2186 solis,
764 2119 1074 2174 distantiam
1098 2116 1419 2172 eruditionis
1453 2122 1508 2170 et
1551 2114 1866 2168 meritorum
1892 2113 1946 2167 in

361 2214 496 2284 ipsis
537 2210 845 2269 doctoribus
879 2208 1167 2280 significat.
1207 2206 1266 2261 In
1297 2206 1494 2277 quibus
1527 2203 1758 2259 invicem
1799 2201 1948 2258 diffe-

363 2314 490 2361 runt
518 2306 780 2361 habentes
813 2301 1015 2374 gratias
1046 2300 1310 2365 diversas,
1337 2298 1482 2367 quia,
1510 2303 1571 2350 ut
1592 2294 1791 2350 Paulus
1822 2294 1900 2348 ait
1931 2310 1944 2347 :
1990 2356 1993 2357 ν

366 2417 388 2448 ‹
431 2396 723 2464 unicuique
759 2394 919 2449 datur
960 2389 1325 2445 manifestatio
1373 2387 1608 2458 Spiritus
1648 2385 1716 2441 ad
1754 2384 1952 2439 utilita-

363 2495 475 2543 tem
503 2503 520 2541 :
548 2485 639 2540 alii
664 2482 880 2554 quidem
908 2496 1006 2552 per
1044 2480 1307 2550 Spiritum
1335 2478 1495 2534 datur
1521 2491 1701 2532 sermo
1732 2475 1948 2545 sapien-

365 2576 486 2640 tiae,
525 2573 616 2628 alii
651 2582 833 2627 autem
868 2586 1060 2626 sermo
1100 2568 1341 2625 scientiae
1371 2567 1665 2624 secundum
1700 2565 1948 2620 eumdem

365 2664 656 2734 Spiritum,
694 2663 853 2718 alteri
891 2662 1025 2717 fides
1060 2661 1116 2716 in
1154 2662 1344 2717 eodem
1375 2658 1612 2729 Spiritu,
1652 2657 1743 2713 alii
1774 2657 1950 2729 gratia

365 2756 660 2811 sanitatum
685 2754 742 2809 in
766 2767 874 2808 uno
898 2751 1121 2823 Spiritu,
1152 2750 1243 2807 alii
1271 2751 1513 2822 operatio
1546 2750 1830 2816 virtutum,
1857 2748 1950 2803 alii

364 2845 645 2916 prophetia
665 2885 680 2910 ,
719 2844 811 2898 alii
852 2843 1105 2900 discretio
1133 2841 1464 2914 Spirituum,
1495 2841 1588 2896 alii
1623 2856 1821 2915 genera
1849 2840 1952 2896 lin-

365 2952 595 3010 guarum
620 2975 636 3001 ,
681 2935 771 2990 alii
815 2934 1190 3005 interpretatio
1224 2949 1556 2990 sermonum.
1602 2933 1729 2990 Ilaec
1767 2941 1950 2989 autem

365 3025 548 3081 omnia
579 3031 836 3094 operatur
862 3038 1004 3079 unus
1030 3030 1193 3094 atque
1232 3023 1376 3079 idem
1406 3021 1671 3092 Spiritus,
1704 3021 1951 3079 dividens

367 3115 595 3186 singulis
617 3123 781 3184 prout
802 3113 917 3168 vult
950 3111 1003 3185 (Ι
1032 3112 1156 3168 Cor.
1188 3111 1307 3184 xu).
1349 3132 1368 3167 ι
1399 3112 1537 3167 Hinc
1564 3120 1621 3167 et
1649 3111 1776 3167 alibi
1825 3111 1904 3167 ait
1932 3127 1947 3163 :

372 3222 393 3256 ι
421 3205 541 3261 Alia
569 3205 789 3261 claritas
811 3211 897 3259 est
923 3202 1075 3269 solis,
1100 3203 1209 3258 alia
1233 3203 1454 3259 claritas
1475 3203 1635 3270 lunae,
1663 3202 1768 3259 alia
1788 3202 1953 3260 clari-

364 3305 454 3352 tas
486 3295 784 3351 stellarum.
819 3294 984 3350 Stella
1012 3294 1159 3350 enim
1194 3294 1263 3350 ab
1296 3294 1452 3351 stella
1486 3294 1669 3351 differt
1705 3295 1760 3350 in
1789 3295 1954 3352 clari—

366 3398 501 3445 tate.
543 3388 743 3445 Omnes
778 3390 994 3459 quidem
1032 3388 1242 3456 lucent,
1283 3387 1379 3445 sed
1414 3389 1710 3445 secundum
1752 3388 1954 3444 donum

367 3480 471 3536 sibi
498 3480 683 3535 datum
713 3494 745 3535 a
774 3479 884 3535 Deo
917 3478 970 3552 (Ι
1001 3478 1123 3534 Cor.
1156 3479 1303 3552 μὴ.»

442 3592 463 3626 ‹
494 3572 563 3627 Ει
583 3572 737 3643 quasi
758 3587 919 3627 arcus
946 3570 1218 3644 refulgens
1260 3564 1403 3627 inter
1443 3571 1666 3628 nebulas
1690 3570 1895 3643 gloriae.
1929 3590 1949 3624 ι

368 3660 473 3717 Per
491 3677 677 3718 arcum
705 3662 932 3718 scientia
959 3670 1266 3717 sanctarum
1289 3660 1691 3732 Scripturarum
1716 3662 1957 3718 insinua-

367 3760 473 3819 tur,
502 3768 601 3824 per
638 3769 801 3825 quam
826 3754 1033 3824 spicula
1075 3753 1379 3809 divinorum
1427 3754 1860 3810 testimoniorum
1898 3753 1956 3808 in

366 3846 531 3901 corda
568 3846 903 3901 audientium
941 3845 1267 3916 jaculantur,
1315 3852 1372 3901 et
1409 3844 1545 3901 bene
1598 3860 1785 3899 arcum
1823 3844 1958 3901 dicit

370 3933 642 4006 refulgere
671 3935 815 3990 inter
853 3935 1075 3990 nebulas
1116 3935 1332 4007 gloriae;
1367 3934 1494 4005 quia
1539 3934 1594 3989 in
1626 3935 1959 3991 obscuritate

368 4026 640 4098 allegoriae
669 4026 874 4082 relucet
907 4026 1163 4097 splendor
1182 4026 1380 4081 divina:
1405 4024 1705 4095 sapientiai.

445 4136 465 4169 ι
500 4115 568 4173 Et
588 4117 744 4187 quasi
790 4115 888 4171 llos
930 4131 1176 4170 rosarum
1204 4116 1258 4170 iu
1289 4115 1478 4170 diebus
1520 4115 1683 4179 veris,
1725 4122 1781 4170 et
1800 4114 1957 4185 quasi

374 4227 395 4261 ι
428 4209 541 4263 lilia
569 4224 691 4279 quae
719 4214 847 4263 sunt
877 4207 930 4261 in
958 4207 1189 4262 transitu
1236 4221 1410 4276 aqum.
1440 4224 1460 4258 ι
1490 4205 1630 4273 Quid
1672 4221 1772 4276 per
1797 4206 1958 4262 ﬂores

369 4316 620 4356 rosarum
660 4299 715 4353 in
739 4298 931 4354 diebus
961 4298 1125 4364 veris,
1165 4296 1271 4353 nisi
1300 4306 1603 4368 martyrum
1649 4297 1869 4368 sanguis
1902 4297 1956 4352 in

368 4392 547 4446 virore
594 4389 869 4445 nascentis
918 4388 1176 4445 Ecclesiae
1230 4387 1587 4457 exprimitur,
1647 4388 1773 4458 quia
1829 4395 1960 4443 tunc

369 4480 607 4535 maxime
640 4480 1023 4550 przedicatores
1066 4479 1241 4535 sancti
1288 4478 1540 4535 trucidati
1570 4486 1696 4534 sunt
1732 4494 1830 4549 pro
1856 4479 1953 4534 do-

2052 1923 2182 1979 ergo
2210 1905 2403 1963 stolam
2445 1904 2650 1976 gloriae,
2682 1910 2738 1957 et
2765 1902 3044 1958 vestiendo
3084 1918 3145 1959 se
3170 1905 3646 1962 consummatione

2049 2000 2335 2063 virtutum,
2351 2011 2505 2053 sacer
2525 1995 2659 2050 ordo
2682 1993 3099 2064 praedicatorum
3117 1992 3382 2063 judicium
3401 1996 3646 2069 dignita-

2050 2094 2121 2147 tis
2146 2107 2257 2147 sua:
2297 2105 2419 2147 cum
2442 2096 2635 2144 ornatu
2662 2094 2824 2142 recta:
2864 2085 2987 2141 ﬁdei
3020 2093 3077 2141 et
3100 2086 3299 2142 vestitu
3325 2088 3487 2143 bona:
3514 2105 3647 2159 ope-

2052 2183 2279 2238 rationis
2305 2179 2591 2235 manifeste
2616 2179 2971 2234 demonstrat.
3000 2177 3091 2232 Sic
3110 2177 3254 2232 enim
3303 2177 3356 2233 in
3384 2179 3647 2235 sacerdo-

2051 2270 2144 2326 tali
2171 2269 2357 2324 habitu
2386 2267 2597 2338 Moyses
2620 2266 2814 2337 ephod,
2844 2266 2897 2320 id
2920 2273 3005 2320 est
3036 2266 3506 2335 superhumerale,
3531 2268 3645 2338 pri-

2050 2376 2200 2417 mum
2247 2359 2365 2415 fieri
2395 2359 2638 2422 mandat,
2683 2357 2810 2428 quia
2841 2357 2897 2412 in
2943 2359 3225 2413 sacerdote
3267 2356 3472 2414 Christi
3504 2360 3648 2417 bene

2051 2462 2157 2520 est,
2178 2462 2240 2511 ut
2263 2456 2407 2511 bona
2432 2453 2676 2524 operatio
2696 2452 2929 2523 primum
2951 2451 3238 2516 clarescat,
3260 2461 3315 2506 et
3339 2453 3420 2507 sic
3446 2453 3519 2507 ad
3548 2455 3646 2509 do-

2052 2546 2281 2603 cendum
2324 2544 2461 2600 alios
2492 2543 2768 2614 procedat.
2800 2541 3042 2597 Primum
3091 2540 3208 2610 ejus
3246 2542 3446 2597 debent
3475 2558 3648 2613 Opera

2052 2634 2328 2704 cognosci,
2352 2642 2413 2688 ut
2439 2633 2563 2688 dum
2591 2632 2697 2687 hoc
2734 2630 2877 2701 quod
2904 2629 3039 2687 foris
3066 2631 3318 2687 omnibus
3349 2640 3527 2702 patet,
3567 2634 3647 2688 ir-

2053 2721 2478 2794 reprehensibile
2506 2719 2773 2792 paruerit,
2802 2719 3186 2776 convenienter
3212 2735 3282 2775 ex
3318 2728 3570 2791 tempore
3591 2731 3652 2779 et

2051 2813 2334 2884 integritas
2380 2812 2561 2868 cordis
2610 2808 2747 2879 ejus,
2772 2816 2829 2865 et
2880 2809 3005 2865 fidei
3045 2810 3333 2867 sinceritas
3373 2822 3647 2871 servetur.

2050 2903 2188 2959 Nam
2222 2904 2289 2959 de
2330 2902 2446 2973 ipso
2484 2900 2726 2972 principe
2768 2907 3053 2969 pastorum
3098 2900 3175 2955 ita
3202 2901 3467 2971 scriptum
3517 2912 3649 2958 est:

2058 3013 2077 3047 ι
2107 2994 2285 3065 Coepit
2307 2991 2463 3048 Iesus
2494 2992 2673 3046 facere
2696 2998 2752 3046 et
2776 2990 2973 3045 docere
3007 2990 3145 3063 (Act.
3172 2990 3234 3064 ι).
3267 3011 3286 3043 ι
3316 2992 3472 3049 Unde
3499 3014 3520 3047 ι
3554 2995 3651 3065 qui

2053 3086 2246 3143 fecerit
2285 3085 2538 3141 mandata
2585 3083 2680 3139 Dei
2711 3091 2768 3137 et
2803 3080 3065 3147 docuerit,
3092 3097 3319 3153 magnus
3362 3085 3653 3140 vocabitur

1978 3197 2025 3261 ρ
2054 3179 2111 3234 in
2137 3193 2302 3250 regno
2327 3175 2611 3232 caelorum.
2635 3175 2736 3241 Qui
2754 3182 2936 3228 autem
2958 3172 3182 3229 solverit
3207 3189 3377 3229 unum
3404 3176 3473 3230 de
3495 3191 3650 3230 man-

2057 3270 2195 3327 datis
2221 3269 2315 3324 Dei
2350 3267 2610 3332 minimis,
2638 3274 2693 3321 et
2717 3264 2962 3321 docuerit
2991 3264 3071 3319 sic
3091 3264 3362 3331 homines,
3388 3265 3652 3323 minimus

2052 3361 2335 3418 vocabitur
2361 3360 2415 3415 in
2438 3374 2606 3431 regno
2637 3356 2898 3414 caelorum
2922 3354 3140 3429 (Matth.
3163 3354 3241 3427 v).
3277 3374 3296 3408 ι
3324 3355 3384 3410 In
3415 3371 3651 3413 ascensu

2053 3453 2253 3525 quippe
2284 3451 2474 3506 altaris
2524 3447 2831 3505 sanctitatis
2854 3447 3113 3502 amictum
3139 3444 3306 3512 dabit,
3346 3446 3438 3516 qui
3467 3461 3653 3503 sacer-

2053 3544 2185 3600 dotii
2219 3543 2302 3598 sui
2321 3540 2446 3612 jura
2472 3540 2575 3595 rite
2612 3538 2868 3603 custodit,
2894 3544 2954 3590 ut
2992 3544 3142 3592 recte
3166 3536 3415 3592 subditos
3451 3537 3651 3593 doceat

2054 3646 2111 3695 et
2128 3653 2228 3710 pro
2257 3611 2362 3693 illis
2402 3634 2644 3706 Quotidie
2683 3632 2753 3688 ad
2781 3632 2948 3687 Deum
2971 3611 3180 3703 'preces
3206 3628 3429 3697 fundat;
3459 3642 3651 3702 partes

2055 3739 2237 3787 autem
2265 3727 2463 3799 accipit
2489 3727 2555 3783 de
2601 3740 2764 3781 manu
2804 3722 3168 3792 sacerdotum,
3193 3722 3289 3793 qui
3312 3722 3472 3778 bona:
3516 3738 3653 3793 ope-

2055 3820 2283 3876 rationis
2305 3816 2640 3874 administris
2673 3815 2788 3871 suis
2830 3813 3137 3883 expostulat
3184 3822 3387 3878 actum,
3412 3814 3511 3882 qui
3537 3822 3649 3867 tam

2055 3913 2157 3969 sibi
2188 3926 2350 3983 quam
2381 3909 2545 3964 etiam
2587 3906 2694 3962 illis
2721 3905 2868 3961 utilis
2895 3905 3021 3971 fiat;
3054 3906 3158 3961 hoc
3197 3904 3365 3960 etiam
3396 3914 3530 3960 tunc
3561 3904 3652 3959 di-

2054 4019 2158 4077 gne
2183 4002 2266 4070 ﬁt,
2292 4003 2339 4058 si
2373 4001 2486 4072 ipse
2519 3999 2712 4055 doctor
2739 3999 2973 4071 primum
3000 4014 3186 4055 coram
3216 3998 3501 4069 discipulis
3533 3998 3650 4054 suis

2053 4094 2211 4150 bona:
2247 4089 2583 4161 operationis
2616 4088 2838 4147 exhibet
2883 4104 3064 4155 usum,
3109 4098 3377 4159 quatenus
3425 4090 3503 4144 illi
3550 4090 3651 4144 ha-

2054 4184 2220 4241 beant
2244 4181 2385 4238 unde
2410 4188 2628 4237 sumant
2653 4178 2871 4235 virtutis
2897 4178 3224 4251 exemplum.
3246 4178 3402 4236 Unde
3424 4178 3652 4248 subjun-

2055 4278 2199 4349 gitur
2221 4295 2235 4330 :
3472 4260 3524 4302 ’κ

2131 4407 2149 4440 ‹
2184 4387 2253 4442 Et
2285 4387 2400 4456 ipse
2449 4393 2603 4441 stans
2640 4384 2795 4455 juxta
2833 4400 3006 4451 aram,
3054 4384 3202 4439 circa
3243 4382 3395 4437 illum
3441 4398 3646 4437 corona

2066 4478 2373 4545 «fratrum,
2395 4487 2450 4534 et
2476 4479 2632 4549 quasi
2661 4477 2921 4549 plantatio
2945 4476 3186 4532 cedri'in
3211 4484 3394 4531 monte
3418 4474 3648 4540 Libano,

369 4583 548 4657 gmate
570 4573 895 4643 evangelicae
922 4572 1075 4638 fidei;
1125 4580 1181 4626 et
1202 4572 1333 4642 quid
1363 4587 1458 4642 per
1477 4571 1608 4638 lilia,
1640 4544 1750 4628 nisi
1772 4582 1953 4650 casto-
1983 4544 2034 4603 Ῑ)
2065 4590 2083 4623 ι
2116 4570 2196 4626 sic
2222 4544 2368 4625 circa
2389 4544 2539 4624 illum
2559 4544 2828 4624 steterunt
2855 4562 3011 4638 quasi
3048 4567 3182 4622 rami
3204 4567 3419 4636 palmae,
3449 4575 3507 4620 et
3525 4582 3646 4622 om-

371 4679 490 4718 rum
513 4672 571 4719 et
589 4664 856 4735 virginum
873 4662 1028 4728 ordo,
1053 4662 1145 4732 qui
1172 4663 1227 4716 in
1256 4663 1487 4717 transitu
1519 4662 1749 4717 labentis
1773 4664 1954 4720 surculi

371 4756 690 4824 semetipsos
715 4761 1090 4811 eastraverunt
1115 4761 1335 4824 propter
1355 4768 1595 4808 amorem
1617 4753 1748 4809 Dei?

445 4864 465 4895 ι
502 4845 669 4911 Quasi
695 4847 820 4902 thus
840 4845 1087 4901 redolens
1116 4845 1171 4899 in
1218 4843 1407 4900 diebus
1450 4845 1673 4909 aestatis,
1704 4852 1760 4899 et
1797 4845 1955 4914 quasi

379 4952 394 4982 ι
433 4935 572 5003 ignis
605 4933 884 5006 effulgens,
915 4943 970 4990 et
997 4935 1121 4988 thus
1164 4934 1360 4989 ardens
1404 4932 1460 4988 in
1484 4933 1625 4999 igne.
1664 4953 1683 4985 ι
1712 4933 1771 4987 In
1795 4934 1955 4989 thure

372 5040 502 5095 ergo
531 5041 666 5095 pura
702 5029 877 5082 oratio
902 5028 1258 5098 exprimitur,
1297 5043 1417 5099 qua:
1442 5026 1645 5083 redolet
1677 5028 1730 5082 in
1765 5027 1955 5082 diebus

372 5116 597 5178 aestatis,
628 5116 755 5185 quia
779 5116 895 5186 ejus
918 5118 1055 5173 odor
1077 5118 1350 5189 spargitur
1367 5118 1422 5172 in
1451 5118 1698 5173 claritate
1722 5117 1867 5183 ﬁdei,
1899 5125 1956 5172 et

373 5207 527 5263 ardet
559 5205 613 5260 in
641 5205 765 5277 igne
793 5208 1017 5263 amoris.
1042 5206 1193 5262 Licet
1224 5208 1368 5262 enim
1397 5208 1569 5263 thuris
1611 5208 1745 5263 odor
1767 5222 1866 5277 per
1895 5223 1955 5263 se

372 5301 513 5355 bene
539 5298 700 5362 cleat,
744 5296 838 5353 sed
864 5298 1141 5368 appositus
1165 5297 1295 5367 igni,
1320 5296 1511 5354 fortius
1539 5297 1767 5363 redolet,
1791 5299 1871 5352 sic
1898 5307 1954 5353 et

373 5391 550 5446 oratio
574 5389 862 5462 pura,licet
878 5404 976 5459 per
1001 5404 1060 5445 se
1086 5388 1196 5444 Deo
1224 5389 1296 5443 sit
1316 5397 1491 5460 grata,
1515 5397 1694 5445 tamen
1721 5389 1767 5445 si
1797 5390 1954 5445 adhi-

376 5483 488 5538 bito
516 5482 637 5554 igne
654 5480 962 5551 passionum
999 5480 1053 5534 in
1073 5479 1359 5535 dilectione
1386 5479 1837 5550 perseveraverit,
1864 5496 1955 5538 co-

377 5589 494 5629 ram
516 5573 686 5628 oculis
712 5572 805 5628 Dei
841 5573 1014 5644 magis
1041 5579 1227 5643 gratus
1253 5570 1533 5627 redolebit.

454 5680 472 5713 ι
507 5661 572 5715 Et
594 5663 748 5732 quasi
783 5679 880 5719 vas
907 5665 1023 5719 auri
1053 5662 1285 5719 solidum
1309 5671 1561 5718 ornatum
1587 5661 1733 5717 omni
1777 5661 1953 5732 lapide

385 5770 405 5803 ς
435 5754 691 5821 pretioso.
726 5774 744 5808 ι
770 5755 828 5811 In
862 5771 996 5813 auro
1044 5753 1295 5827 splendor
1351 5754 1648 5825 sapientiae,
1682 5754 1733 5808 in
1765 5754 1953 5825 lapidi-

2066 4681 2084 4715 t
2118 4677 2215 4717 nes
2235 4660 2331 4715 lilii
2353 4661 2534 4716 Aaron
2562 4660 2616 4714 in
2643 4660 2811 4731 gloria
2839 4675 2936 4715 sua
2961 4677 2975 4713 :
2997 4658 3200 4716 oblatio
3228 4667 3411 4714 autem
3433 4656 3647 4713 Domini

2069 4773 2085 4806 ι
2117 4755 2170 4809 in
2194 4752 2443 4809 manibus
2462 4754 2725 4823 ipsorum,
2748 4768 2931 4809 coram
2952 4750 3099 4808 omni
3120 4765 3392 4823 synagoga
3405 4748 3592 4806 Israel.
3624 4768 3644 4800 ι

2060 4842 2267 4899 Bonum
2298 4850 2384 4897 est
2406 4856 2556 4913 ergo,
2587 4849 2648 4896 ut
2671 4840 2764 4911 qui
2790 4841 3000 4910 primus
3029 4847 3114 4894 est
3157 4839 3211 4893 in
3248 4839 3463 4906 ordine,
3505 4854 3646 4909 pne—

2061 4936 2251 5005 eipuus
2289 4931 2384 4986 fiat
2410 4931 2464 4986 in
2493 4932 2633 4985 bona
2678 4929 2993 5000 operatione
3020 4937 3075 4985 et
3114 4929 3422 4984 eruditione
3444 4930 3646 4986 doctri-

2059 5041 2162 5079 nae.
2192 5021 2395 5078 Deinde
2440 5021 2636 5076 fratres
2687 5019 2802 5088 ejus
2850 5020 2999 5074 illum
3030 5020 3404 5086 circumstent,
3434 5019 3539 5075 hoc
3564 5028 3649 5075 est

2060 5114 2382 5179 imitentur;
2433 5111 2631 5166 fratres
2678 5111 2820 5166 enim
2871 5110 2961 5165 hic
3007 5125 3296 5179 possumus
3343 5110 3648 5182 intelligere

2059 5206 2428 5276 presbyteros,
2460 5202 2713 5257 diacones
2740 5211 2799 5256 et
2821 5210 3048 5257 caeteros
3077 5200 3305 5256 minoris
3343 5201 3552 5256 ordinis
3572 5202 3653 5255 vi-

2060 5311 2172 5359 ros,
2203 5295 2295 5364 qui
2328 5293 2455 5348 boni
2478 5292 2711 5364 pastoris
2731 5292 2878 5362 pium
2906 5301 3204 5362 sequantur
3227 5291 3562 5363 exemplum,
3588 5301 3650 5346 et

2059 5402 2243 5444 coram
2272 5386 2419 5440 omni
2465 5400 2737 5455 synagoga
2782 5382 2970 5449 lsrael,
3014 5383 3117 5438 hoc
3162 5390 3272 5447 est,
3303 5382 3647 5437 credentium

2059 5478 2406 5534 multitudine
2430 5477 2592 5548 digne
2620 5475 2702 5531 sui
2723 5475 2932 5531 ordinis
2951 5481 3113 5546 agant
3138 5471 3399 5537 cilicium,
3434 5481 3498 5527 ut
3522 5472 3649 5528 inde

2058 5584 2250 5627 omnes
2292 5574 2656 5639 provocentur
2699 5566 2769 5620 ad
2821 5564 3148 5620 laudandum
3210 5564 3648 5635 omnipotentem

2064 5662 2252 5716 Deum.
2280 5658 2360 5715 Ita
2384 5659 2532 5714 enim
2559 5658 2674 5728 ipsa
2706 5657 2919 5713 Veritas
2958 5656 3011 5711 in
3042 5656 3338 5726 Evangelio
3366 5656 3647 5727 praecepit.

2061 5755 2288 5810 dicens:
2323 5772 2342 5805 ί
2383 5751 2473 5807 Sic
2503 5750 2681 5807 luceat
2723 5749 2811 5805 lux
2866 5758 3040 5806 vestra
3076 5765 3259 5807 coram
3312 5748 3687 5809 hominibus“
