3934 6186
331 333 468 388 ΗΠ

1209 330 1561 389 COMMENT.
1600 331 1668 388 IN
1706 328 2320 388 ECCLESIASTICUM.
2360 360 2433 371 —
2470 324 2597 386 LIB.
2636 329 2711 385 Χ.

3445 336 3584 394 Illa

324 456 385 499 ut
426 445 646 499 videant
672 458 837 513 opera
865 453 1044 499 vestra
1083 444 1242 510 bona,
1269 452 1326 499 et
1347 444 1647 516 glorificent
1684 444 1904 499 Patrem
1932 447 1979 507 Α
2006 444 2528 500 consummationem
2557 444 2766 511 mundi,
2786 446 3005 516 quando
3048 460 3247 517 θοι-με
3268 448 3474 507 Christi
3494 450 3583 505 ia-

326 547 567 591 vestrum
593 537 684 606 qui
725 537 778 590 in
807 536 959 591 cmlis
985 545 1070 590 est
1098 536 1311 607 (Matth.
1344 534 1419 605 ιν).
1450 556 1469 586 ι

400 645 419 674 ε
456 625 524 680 Ει
544 626 1013 681 consummatione
1064 624 1297 695 fungens
1344 626 1399 679 in
1429 641 1547 686 ara,
1572 623 1902 694 ampliﬁcare

329 714 707 769 «oblationem
748 714 951 769 excelsi
998 715 1158 786 regis.
1205 714 1455 768 Porrexit
1483 729 1700 767 manum
1746 728 1902 768 suam

330 821 349 855 ι
387 804 439 857 in
472 804 749 868 lihatione,
777 812 833 858 et
876 803 1062 857 libavit
1109 802 1177 857 dc
1217 804 1481 873 sanguine
1525 818 1659 857 uva).
1704 801 1906 857 Effudit

328 913 348 946 ι
384 894 437 948 in
488 894 838 949 fundamento
883 893 1071 947 altaris
1120 894 1342 947 odorem
1394 893 1635 947 divinum
1683 889 1903 946 excelso

327 1003 348 1036 ι
379 986 627 1055 principi.
659 1006 678 1038 ι
721 987 1100 1041 Consummata
1152 986 1354 1039 oblatio
1404 984 1647 1056 fungitur
1685 984 1902 1040 excelso

323 1075 460 1145 regi,
486 1076 700 1144 quando
723 1090 918 1144 corpus
957 1075 1156 1130 Christi
1198 1075 1249 1128 in
1300 1090 1458 1130 sacro
1488 1075 1644 1129 altari
1679 1074 1905 1129 oﬂ'ertur

320 1166 432 1222 Deo
461 1166 698 1220 omnium
745 1165 1085 1225 dominatori,
1130 1165 1218 1218 ubi
1245 1171 1299 1218 et
1341 1164 1524 1218 libatio
1554 1163 1616 1217 fit
1643 1164 1902 1233 sanguine

321 1272 461 1320 uvre,
484 1256 697 1325 quando
738 1254 959 1325 sanguis
989 1253 1365 1322 Redemptoris
1406 1254 1691 1307 exhibetur
1719 1253 1772 1306 in
1811 1267 1901 1308 ca-

320 1346 424 1401 lice
453 1365 467 1400 :
498 1346 639 1415 quod
683 1344 1011 1399 fundendum
1041 1357 1124 1401 cst
1170 1347 1223 1400 in
1254 1346 1660 1400 fundamentum
1691 1346 1898 1413 altaris,

321 1438 423 1491 hoc
445 1446 528 1492 est
552 1445 720 1490 totum
744 1437 1007 1507 agendum
1036 1437 1087 1490 in
1112 1438 1680 1493 commemorationem
1727 1438 1899 1493 nostri

318 1527 723 1598 Redemptoris;
752 1528 863 1597 ipse
888 1536 971 1582 cst
1008 1528 1150 1582 enim
1181 1528 1584 1583 fundamentum
1610 1532 1754 1600 quod
1775 1545 1900 1600 por-

320 1626 400 1671 tat
426 1625 596 1672 totum
624 1617 877 1672 Ecclesia:
905 1618 1212 1674 redilicinm.
1243 1618 1408 1690 Cujus
1436 1621 1725 1678 oblationis
1764 1624 1899 1678 odor

319 1708 669 1762 suavissimus
689 1717 772 1762 est
795 1707 1011 1762 excelso
1036 1709 1286 1778 principi,
1315 1712 1442 1779 quia
1468 1711 1607 1766 bene
1624 1711 1801 1782 placet
1830 1729 1894 1769 ac

320 1798 627 1869 gratissima
651 1809 735 1854 est
760 1800 873 1855 Deo
897 1800 1044 1855 Patri
1075 1802 1449 1872 omnipotenti.

392 1906 411 1938 ι
446 1888 596 1943 Tunc
628 1888 1065 1944 exclamaverunt
1094 1889 1188 1945 filii
1226 1891 1429 1957 Aaron,
1466 1892 1595 1947 etin
1626 1893 1775 1950 tubis
1801 1894 1899 1949 du-

324 1996 342 2029 ι
372 1977 589 2034 etilibus
615 1989 935 2044 sonuerunt,
962 1988 1018 2035 et
1067 1982 1308 2036 auditam
1356 1981 1602 2037 fecerunt
1648 1999 1898 2055 magnam

324 2089 342 2120 ι
378 2085 564 2125 vocem
593 2070 644 2124 in
664 2071 982 2127 memoriam
1005 2087 1187 2127 coram
1219 2072 1468 2127 Domino.
1499 2091 1517 2124 ι
1552 2073 1674 2128 Filii
1702 2076 1899 2145 quippe

317 2161 498 2217 Aaron
535 2164 846 2218 sacerdotes
891 2172 1016 2219 sunt
1059 2164 1283 2226 Christi.
1326 2174 1382 2220 et
1418 2166 1651 2221 ministri
1709 2168 1900 2224 altaris

317 2252 513 2319 divini;
561 2255 617 2309 hi
654 2269 840 2309 vocem
893 2256 1137 2309 exaltant
1178 2255 1233 2310 in
1273 2257 1416 2310 tubis
1443 2255 1755 2323 ductilibus,
1796 2259 1901 2314 hoc

315 2350 418 2405 est,
442 2342 876 2411 praedicationem
905 2343 1162 2398 exhibent
1186 2345 1446 2399 doctrina:
1472 2361 1568 2414 per
1592 2346 1895 2415 passionem

316 2440 699 2486 consummate
733 2433 784 2486 in
820 2434 1136 2488 memoriam
1169 2450 1351 2489 coram
1380 2435 1624 2490 Domino.
1662 2437 1899 2492 Duetiles

317 2530 496 2575 autem
531 2532 654 2591 apte
680 2522 951 2589 dicuntur,
974 2524 1100 2593 quia
1136 2524 1322 2579 fideles
1365 2524 1597 2579 diversis
1627 2525 1896 2594 passioni—

316 2612 422 2666 bus
456 2614 599 2668 tunsi
627 2614 856 2669 Domino
880 2614 1141 2686 largiente
1165 2614 1474 2685 proficiunt,
1503 2622 1558 2669 et
1604 2623 1752 2670 tanto
1777 2615 1897 2685 plus

315 2715 586 2770 crescunt,
633 2714 835 2775 quanto
874 2704 1103 2775 amplius
1149 2706 1253 2761 diri
1283 2705 1460 2761 mallei
1499 2705 1702 2761 fuerint
1733 2706 1895 2761 itera-

315 2795 464 2849 tione
490 2796 759 2865 percussi;
796 2794 1019 2850 malleus
1061 2795 1204 2850 enim
1253 2805 1338 2850 est
1385 2795 1647 2861 diabolus,
1679 2796 1746 2850 de
1787 2811 1895 2865 quo

313 2886 576 2956 propheta
628 2886 762 2941 dicit
802 2905 816 2941 :
851 2905 870 2938 ι
902 2885 1179 2943 Contritus
1223 2894 1308 2942 est
1354 2885 1583 2942 malleus
1631 2887 1895 2942 universa:

317 2986 475 3034 terra:
497 2978 632 3051 (Jer.
661 2977 737 3053 ι).
772 2998 791 3032 ι

389 3088 409 3120 ι
439 3068 591 3126 Tune
629 3070 806 3126 omnis
846 3070 1075 3141 populus
1112 3069 1272 3126 simul
1315 3079 1781 3140 properaverunt,
1837 3079 1894 3127 et

321 3178 340 3211 ι
377 3160 689 3215 ceciderunt
708 3160 761 3213 iu
785 3131 975 3215 faciem
1024 3175 1187 3231 super
1221 3131 1433 3216 terram
1453 3160 1684 3215 adorare
1711 3160 1894 3215 Domi-
1919 3131 1963 3193 Ο

323 3268 342 3303 ι
378 3263 505 3305 num
528 3250 698 3306 Deum
733 3266 911 3316 suum,
942 3258 997 3306 et
1028 3251 1158 3306 dare
1182 3266 1372 3321 preces
1391 3252 1504 3307 Deo
1536 3251 1893 3321 omnipotenti

319 3359 341 3392 α
377 3340 608 3405 excelso,
642 3348 698 3395 et
724 3340 1190 3411 amplificaverunt
1238 3341 1530 3411 psallentes
1579 3341 1634 3396 in
1670 3342 1893 3398 vocibus

318 3453 339 3485 ι
373 3433 505 3489 suis.
539 3453 559 3487 ι
610 3432 746 3490 Cum
789 3448 919 3505 ergo
965 3435 1125 3504 digne
1177 3432 1410 3490 cilicium
1466 3434 1892 3515 ecclesiasticum

310 3537 412 3593 per
439 3523 715 3579 ministros
750 3523 939 3579 altaris
984 3523 1182 3579 Christi
1226 3524 1281 3578 in
1321 3526 1635 3580 memoriam
1677 3525 1893 3579 Domini

311 3614 515 3685 agitur,
548 3621 675 3668 tunc
700 3614 863 3668 etiam
885 3614 1134 3670 universa
1155 3614 1309 3684 plebs
1330 3614 1661 3669 credentium
1691 3615 1758 3669 ad
1779 3614 1894 3668 lau-

312 3707 549 3762 dandum
568 3714 624 3762 et
643 3708 971 3762 adorandum
994 3707 1279 3762 Dominum
1299 3715 1641 3776 provocatur,
1657 3714 1896 3776 proster-

298 3782 399 3851 nit
427 3810 487 3850 se
513 3794 568 3849 in
597 3794 811 3861 faciem,
842 3796 946 3851 hoc
991 3805 1095 3861 εει,
1125 3795 1305 3851 cordis
1348 3795 1432 3850 sui
1461 3805 1586 3850 ante
1610 3794 1779 3850 Deum
1806 3810 1897 3850 ει-

309 3886 467 3943 hibet
505 3878 894 3954 humilitatem;
942 3887 1034 3942 dat
1061 3901 1251 3958 preces
1283 3894 1339 3940 et
1365 3885 1548 3956 psallit
1575 3886 1629 3940 in
1655 3899 1787 3941 voce
1806 3884 1895 3954 ju-

308 3976 591 4033 bilatiouis
616 4018 633 4043 ,
678 3978 804 4048 quia
840 3978 1102 4047 quidquid
1145 3978 1199 4031 in
1249 3977 1441 4031 timore
1484 3984 1540 4031 et
1580 3990 1766 4030 amore
1796 3977 1894 4032 Dei

310 4071 449 4141 agit,
501 4078 674 4126 totum
717 4085 899 4126 coram
947 4071 1059 4125 Deo
1099 4068 1279 4124 oratio
1312 4076 1399 4124 est
1442 4075 1500 4123 et
1536 4068 1672 4123 odor
1712 4068 1894 4123 suavi-

311 4161 462 4215 tatis.

392 4273 411 4307 ι
440 4255 509 4309 Ει
535 4256 590 4310 in
629 4270 822 4327 magna
864 4254 1024 4311 domo
1062 4253 1239 4310 factus
1281 4261 1365 4309 est
1405 4267 1570 4309 sonus
1612 4252 1894 4307 suavitatis

319 4366 339 4400 ι
372 4348 589 4419 plenus.
612 4348 682 4403 Et
707 4348 915 4419 rogavit
939 4347 1167 4417 populus
1203 4346 1485 4401 Dominum
1520 4344 1794 4399 excelsum
1835 4344 1889 4398 in

317 4458 338 4491 ι
372 4453 559 4510 prece,
599 4452 771 4508 usque
795 4438 922 4492 dum
953 4435 1223 4507 perfectus
1259 4444 1342 4491 est
1366 4436 1540 4490 honor
1569 4433 1804 4498 Domini,
1836 4441 1893 4488 et

317 4548 337 4582 ι
372 4544 574 4584 munus
608 4543 764 4584 suum
814 4528 1178 4599 perfecerunt.
1209 4546 1228 4579 ι
1256 4526 1444 4597 Magna
1486 4526 1668 4594 itaque
1701 4525 1892 4579 domus

308 4630 399 4676 est
444 4619 691 4675 Ecclesia
734 4619 1020 4685 catholica,
1057 4619 1111 4673 in
1149 4632 1256 4687 qua
1297 4615 1529 4685 majores
1555 4625 1610 4670 et
1656 4616 1895 4670 minores

309 4726 511 4769 sonum
545 4727 765 4768 suavem
812 4712 1044 4767 reddunt
1071 4724 1086 4764 :
1111 4710 1237 4780 quia
1285 4710 1545 4779 quidquid
1588 4709 1643 4763 in
1687 4708 1895 4763 unitate

309 4813 480 4860 rectae
518 4804 640 4860 fldei
669 4803 778 4860 Deo
792 4803 1038 4870 offertur,
1063 4804 1164 4859 rite
1201 4810 1258 4858 et
1295 4802 1591 4858 secundum
1628 4801 1894 4856 rationem

307 4897 617 4966 praebetur;
645 4895 904 4965 quidquid
945 4904 1124 4949 autem
1172 4904 1325 4949 extra
1358 4893 1657 4948 Ecclesiam
1694 4893 1892 4963 agitur,

311 4998 489 5044 totum
520 4987 585 5041 ad
614 4988 943 5057 impietatem
973 4988 1280 5055 deputatur.
1306 4984 1528 5054 Magnus
1554 5000 1685 5054 ergo
1720 4984 1773 5038 in
1796 4984 1898 5038 Ec-

309 5078 479 5134 clesia
512 5077 571 5131 fit
605 5077 835 5141 sonitus,
870 5076 1084 5146 quando
1123 5075 1403 5131 orantibus
1452 5074 1823 5129 sacerdotibus
1843 5083 1899 5128 et

308 5169 775 5234 benedicentibus,
807 5168 1096 5238 respondet
1117 5167 1293 5223 omnis
1318 5166 1545 5236 populus
1568 5166 1737 5219 Amen
1762 5183 1775 5218 :
1803 5166 1895 5234 qui

308 5276 483 5317 sonus
529 5271 639 5315 tam
668 5262 734 5317 ad
764 5262 1054 5316 clamorem
1083 5260 1255 5325 vocis,
1278 5275 1437 5329 quam
1467 5260 1533 5312 ad
1561 5259 1897 5314 devotionem

306 5353 551 5425 pertinet
571 5353 772 5416 cordis,
789 5353 913 5423 quia
937 5353 1098 5408 homo
1118 5352 1263 5407 videt
1290 5352 1342 5405 in
1371 5349 1528 5415 facie,
1553 5349 1692 5403 Deus
1713 5357 1891 5401 autem

304 5445 560 5500 intuetur
585 5458 701 5498 eor.
748 5442 924 5513 Rogat
970 5460 1099 5514 ergo
1128 5440 1356 5512 populus
1403 5440 1684 5494 Dominum
1717 5438 1896 5494 excel-

303 5546 435 5590 sum
467 5534 520 5587 in
569 5547 731 5603 prece
775 5548 944 5601 usque
971 5535 1095 5589 dum
1137 5532 1412 5602 perficitur
1438 5532 1611 5585 honor
1658 5529 1891 5593 Domini,

305 5641 440 5695 quia
463 5625 640 5681 omnis
677 5625 915 5680 Ecclesia
947 5624 1178 5679 fidelium
1204 5624 1307 5679 hoc
1336 5622 1522 5684 ambit,
1548 5621 1671 5675 inde
1696 5619 1895 5691 satagit

306 5725 371 5773 ut
414 5723 726 5785 perseveret
765 5715 817 5769 in
871 5730 1027 5785 prere
1073 5723 1125 5767 ct
1174 5713 1421 5768 laudibus
1479 5710 1569 5764 Dci
1605 5724 1772 5779 usque
1825 5709 1891 5762 ad

2004 535 2354 605 corruptione
2397 535 2768 605 honorabili",
2817 544 2874 593 et
2917 536 3313 609 conjungcntur
3340 539 3583 598 membra

2003 626 2166 695 capiti
2206 641 2329 682 suo.

2078 733 2097 765 ι
2129 715 2279 769 Tunc
2298 715 2630 772 descendens
2656 719 2851 774 extulit
2902 734 3095 775 manus
3119 735 3245 776 suas
3281 722 3347 785 in_
3366 736 3580 779 omnem

2008 819 2027 853 α
2063 805 2536 874 congregationem
2563 805 2796 862 ﬁliorum
2845 807 3031 874 Israel,
3060 809 3191 865 dare
3220 809 3445 881 gloriam
3473 810 3584 869 Deo

2007 912 2026 945 ι
2059 892 2114 947 in
2141 892 2297 948 labiis
2328 895 2460 961 suis,
2485 904 2540 950 et
2588 897 2641 950 in
2686 898 2903 953 nomine
2932 900 3099 969 ipsius
3124 901 3362 972 gloriari.
3398 902 3466 957 Et
3487 903 3585 960 ite-

2011 1000 2029 1032 ‹
2065 983 2206 1037 ravit
2236 984 2536 1040 orationem
2565 1001 2739 1051 suam,
2785 987 2971 1043 volens
3002 990 3287 1046 ostendere
3329 991 3582 1048 virtutem

2007 1089 2027 1122 ι
2060 1071 2177 1126 Dei.
2205 1072 2273 1126 Et
2297 1072 2417 1142 plus
2461 1075 2636 1130 oravit
2667 1076 2950 1131 Dominum
2976 1078 3237 1147 omnium,
3264 1080 3354 1149 qui
3389 1097 3583 1153 magna

2008 1178 2028 1212 ι
2065 1160 2194 1216 fecit
2214 1162 2269 1217 in
2299 1164 2446 1218 omni
2471 1172 2634 1226 terra.
2669 1165 2759 1234 qui
2788 1168 2937 1221 auxit
2957 1169 3072 1223 dies
3098 1178 3315 1226 nostros
3342 1186 3371 1225 a
3394 1181 3584 1228 ventre

2007 1268 2027 1302 ι
2062 1252 2253 1307 matris
2274 1260 2492 1319 nostrae,
2534 1263 2589 1309 et
2612 1253 2740 1309 fecit
2774 1257 3054 1312 nobiscum
3097 1260 3392 1314 secundum
3427 1277 3583 1316 suam

2007 1356 2026 1390 ι
2060 1340 2508 1409 misericordiam,
2541 1342 2635 1398 det
2672 1344 2832 1400 nobis
2864 1346 3260 1416 jucunditatem
3300 1349 3499 1414 cordis,
3528 1358 3585 1405 et

2007 1448 2024 1481 ι
2062 1430 2179 1487 ﬁeri
2227 1448 2415 1504 pacem
2459 1434 2514 1489 in
2558 1436 2750 1491 diebus
2790 1438 2993 1493 nostris
3023 1438 3076 1492 in
3124 1438 3286 1494 Israel
3332 1455 3431 1509 per
3466 1440 3582 1495 dies

2006 1539 2026 1572 ι
2057 1525 2444 1594 sempiternos;
2472 1526 2697 1582 credere
2730 1527 2894 1584 Israel
2920 1527 3196 1584 nobiscum
3220 1544 3339 1584 esse
3368 1531 3584 1585 miseri-

2006 1630 2025 1663 ι
2058 1614 2297 1670 eordiam
2326 1617 2421 1672 Dei
2446 1626 2506 1672 ut
2546 1617 2738 1673 liberet
2769 1634 2868 1674 nos
2898 1618 2952 1672 in
2991 1618 3179 1674 diebus
3218 1619 3348 1675 suis.
3381 1639 3399 1672 ι
3435 1619 3585 1676 Tunc

2000 1706 2144 1760 enim
2175 1714 2348 1761 coetus
2376 1718 2689 1763 sanctorum
2731 1709 3012 1764 doctorum
3057 1710 3334 1767 exsultans
3376 1712 3586 1768 extollit

1927 1790 2193 1848 Bmanus
2249 1809 2375 1850 suas
2426 1796 2479 1849 in
2540 1810 2758 1851 omnem
2810 1798 3283 1868 congregationem
3351 1800 3584 1855 ﬁliorum

1998 1886 2185 1950 Israel,
2210 1888 2427 1956 quando
2448 1888 2653 1960 gratias
2677 1890 2788 1944 Deo
2817 1890 2928 1959 agit
2950 1905 3049 1960 pro
3089 1890 3420 1960 perfectione
3446 1892 3589 1947 labo-

1999 1977 2075 2032 ris
2098 1978 2179 2032 sui
2219 1987 2274 2033 et
2312 1978 2486 2033 salute
2513 1980 2751 2035 universi
2784 1980 2997 2050 pepuli;
3034 1990 3161 2035 tunc
3195 1982 3379 2037 laudes
3407 1982 3590 2037 multi-

1996 2065 2181 2135 plicat,
2216 2074 2344 2122 tunc
2372 2068 2674 2123 orationem
2703 2068 2887 2133 iterat,
2937 2071 3062 2138 quia
3096 2086 3369 2140 nunquam
3398 2087 3427 2125 a
3472 2072 3588 2126 lau-

1997 2156 2156 2211 dibus
2179 2158 2273 2212 Dei
2297 2167 2499 2224 cessat,
2527 2158 2711 2213 volens
2740 2160 3028 2215 ostendere
3054 2161 3307 2216 virtutem
3334 2163 3453 2227 Dei,
3482 2162 3584 2218 hoc

1997 2257 2103 2313 est,
2127 2264 2386 2304 enarrare
2425 2256 2481 2304 et
2522 2251 2821 2319 praedicare
2861 2251 3289 2307 misericordiam
3340 2255 3456 2321 ejus
3493 2254 3584 2323 qui

1999 2345 2090 2397 dat
2114 2344 2269 2398 nobis
2308 2341 2698 2410 jucunditatem
2725 2346 2905 2400 cordis
2943 2352 2997 2399 et
3024 2361 3212 2414 pacem
3247 2346 3301 2400 in
3336 2348 3588 2417 tempori-

1996 2432 2098 2487 bus
2123 2434 2361 2493 acternis.
2394 2444 2662 2504 quatenus
2682 2450 2871 2490 omnes
2904 2436 3180 2502 lsraelitaa,
3209 2438 3313 2492 hoc
3340 2448 3442 2500 est.
3468 2440 3581 2494 veri

1995 2524 2230 2579 cultores
2260 2526 2351 2579 Dei
2379 2534 2434 2579 et
2483 2536 2754 2582 amatores
2804 2529 2948 2598 regis
2973 2530 3180 2593 mterni,
3226 2540 3584 2600 agnoscentes

1994 2617 2289 2685 praedicent
2312 2618 2614 2686 potentiam
2636 2628 2691 2673 et
2717 2620 3016 2676 bonitatem
3050 2622 3144 2677 Dei
3179 2622 3232 2676 in
3264 2622 3583 2680 liberatione

1994 2708 2177 2777 populi
2206 2709 2309 2764 sui.

2071 2825 2089 2856 ι
2122 2805 2264 2861 Duas
2294 2815 2481 2878 gentes
2519 2809 2635 2864 odit
2654 2809 2834 2864 anima
2860 2824 2979 2866 mea
3008 2829 3021 2866 :
3051 2811 3211 2866 tertia
3258 2822 3439 2868 autem
3471 2829 3580 2870 non

1999 2914 2017 2947 ι
2052 2905 2136 2952 εει
2156 2913 2308 2968 gens,
2341 2914 2502 2968 quam
2532 2900 2773 2966 oderim;
2798 2902 2889 2971 qui
2930 2902 3125 2957 sedent
3151 2902 3204 2956 in
3231 2911 3412 2958 monte
3435 2902 3579 2971 Seir,

1999 3007 2015 3040 ι
2052 2998 2106 3044 ει
2129 2989 2479 3055 Philisthiim,
2502 2999 2557 3045 et
2576 2992 2773 3047 stultus
2798 2993 3024 3064 populus
3042 2995 3135 3063 qui
3168 2995 3378 3051 habitat
3406 2997 3460 3052 in
3497 2996 3584 3053 Si-

2001 3098 2019 3132 ι
2052 3081 2264 3136 cbimis.
2297 3101 2315 3133 ι
2350 3083 2494 3137 Duas
2521 3090 2709 3153 gentes
2729 3083 2863 3138 dicit
2889 3100 2948 3139 se
2971 3084 3152 3140 odisse
3177 3103 3189 3139 :
3214 3101 3443 3156 quarum
3471 3103 3581 3143 una

1995 3182 2081 3229 est
2118 3188 2251 3245 gens
2277 3172 2500 3229 Iudaica
2546 3175 2648 3230 sub
2691 3176 2826 3247 legis
2876 3176 3058 3232 littera
3102 3179 3416 3245 constituta,
3459 3194 3581 3251 quae

1994 3264 2155 3319 etiam
2180 3272 2233 3317 et
2259 3262 2382 3319 Seir
2410 3266 2629 3321 nomine
2666 3266 2921 3322 denotata
2960 3276 3060 3333 est,
3086 3269 3228 3337 quod
3254 3268 3579 3340 interpreta-

1995 3365 2082 3412 tur
2105 3357 2348 3428 hispidus
2386 3358 2469 3414 vel
2499 3360 2725 3428 pilosus.
2770 3359 2892 3416 Seir
2915 3361 3059 3415 enim
3099 3361 3241 3416 idem
3282 3360 3386 3417 fuit
3407 3362 3500 3432 qui
3526 3370 3581 3418 et

1992 3447 2155 3513 Esau,
2179 3448 2322 3518 quod
2350 3449 2747 3519 interpretatur
2784 3453 3006 3517 rubens,
3040 3449 3217 3520 major
3258 3452 3402 3508 filius
3430 3453 3581 3508 Isaac

1992 3546 2047 3593 et
2069 3538 2353 3605 Rebeccae;
2386 3539 2565 3594 minor
2596 3549 2776 3595 autem
2804 3540 3100 3597 vocabatur
3127 3540 3321 3597 Jacob.
3347 3541 3455 3597 Sed
3484 3559 3583 3598 cur

1992 3630 2083 3686 ille
2112 3639 2254 3686 totus
2278 3632 2477 3686 rubens
2505 3638 2559 3685 et
2584 3632 2850 3701 hispidus,
2881 3632 2986 3687 nisi
3015 3634 3141 3709 quia
3170 3633 3406 3703 populus
3433 3634 3585 3703 prior

1991 3720 2374 3790 prophetarum
2401 3729 2456 3776 et
2480 3720 2681 3776 Christi
2707 3720 2809 3775 fuit
2848 3737 3040 3776 cruore
3065 3722 3318 3791 pollutus,
3348 3738 3414 3777 ac
3451 3738 3579 3793 pec-

1993 3811 2097 3865 cati
2136 3817 2192 3864 et
2215 3810 2468 3880 nequitim
2493 3810 2743 3880 squalore
2781 3811 2991 3866 exstitit
3041 3813 3444 3868 circumdatus?
3468 3813 3579 3869 Cu-

1984 3898 2075 3968 jus
2104 3901 2223 3954 ideo
2252 3901 2429 3964 minor
2449 3901 2760 3957 calcaneum
2812 3902 3006 3967 tenuit,
3034 3904 3157 3973 quia
3197 3905 3421 3974 mystice
3464 3922 3582 3960 ma-

1986 3989 2161 4059 jorem
2196 3989 2453 4059 populum
2502 3991 2681 4045 minor
2737 4000 3090 4061 superaturos
3138 4000 3275 4047 erat.
3322 3991 3448 4048 llzec
3498 4003 3582 4050 est

1992 4079 2137 4133 enim
2179 4080 2456 4149 generatio
2503 4095 2668 4150 prava
2716 4088 2771 4135 et
2814 4096 3069 4152 perversa
3099 4092 3261 4153 atque
3311 4083 3579 4151 adultera,

1984 4168 2140 4238 juxta
2163 4168 2454 4225 veridicam
2488 4186 2673 4226 vocem
2706 4172 3003 4244 Evangelii,
3035 4188 3156 4243 qua:
3226 4173 3427 4229 occidit
3451 4190 3581 4244 pro-

1990 4260 2204 4330 phetas,
2230 4268 2286 4314 et
2308 4259 2564 4329 lapidavit
2590 4277 2685 4316 eos
2706 4262 2795 4331 qui
2838 4262 2904 4317 ad
2927 4276 2986 4318 se
3025 4263 3172 4318 missi
3207 4272 3353 4317 sunt.
3392 4263 3580 4320 Novis-

1992 4349 2127 4405 sime
2173 4357 2350 4404 autem
2388 4351 2442 4404 in
2489 4351 2663 4420 ipsum
2710 4352 2976 4407 baeredem
3023 4368 3128 4406 non
3165 4354 3584 4422 pcrtimescebat

1921 4478 1969 4536 Β
1992 4453 2188 4493 manus
2212 4439 2404 4508 impias
2432 4439 2656 4508 injicere
2686 4450 2740 4495 et
2772 4442 3042 4496 trucidare
3077 4442 3267 4497 Filium
3294 4443 3387 4498 Dei
3421 4442 3574 4515 (Luc.

1994 4529 2136 4601 xm).
2224 4529 2372 4586 Hanc
2397 4545 2525 4599 ergo
2554 4542 2767 4601 gentem
2798 4533 2919 4587 ideo
2966 4534 3263 4588 detestatur
3290 4534 3578 4602 sapientia,

1993 4620 2120 4688 quia
2156 4619 2340 4675 sedulo
2380 4630 2693 4690 perseverat
2737 4623 2790 4699 in
2832 4623 3012 4678 cordis
3038 4623 3237 4678 duritia
3284 4631 3339 4678 et
3387 4639 3582 4679 sensus

1995 4711 2242 4766 stultitia.
2275 4712 2403 4768 Haec
2454 4721 2632 4768 autem
2663 4715 2862 4769 dicitur
2909 4716 3100 4771 sedere
3134 4716 3187 4770 in
3235 4724 3438 4782 monte,
3470 4731 3578 4772 non

1996 4801 2051 4857 in
2073 4802 2393 4857 celsitudine
2420 4804 2608 4873 utique
2632 4805 2913 4869 virtutum,
2937 4807 3030 4861 sed
3067 4807 3121 4861 in
3156 4814 3373 4862 tumore.
3391 4823 3580 4877 super-

1995 4889 2129 4956 bite,
2148 4890 2271 4958 quia
2318 4907 2534 4960 semper
2561 4895 2670 4947 Deo
2699 4895 2829 4948 dura
2860 4895 3072 4949 cervice
3095 4904 3151 4949 et
3200 4896 3580 4953 incircumciso

1997 4982 2159 5035 corde
2211 4980 2522 5036 rebellabat.
2555 4982 2737 5037 Altera
2783 4998 2916 5052 gens
2955 4992 3040 5038 est
3080 4983 3428 5052 Philisthiim,
3457 5002 3580 5057 quae

1997 5072 2384 5143 interpretatur
2404 5074 2563 5128 ruina
2586 5076 2804 5145 duplex,
2833 5076 3140 5146 significans
3168 5085 3379 5148 gentem
3412 5077 3581 5133 natio-

1999 5178 2149 5227 num,
2177 5179 2296 5230 qua:
2317 5172 2373 5218 et
2397 5163 2449 5216 in
2475 5165 2779 5219 idololatria
2806 5167 3143 5236 scelestaque
3172 5170 3577 5224 conversatione

1998 5253 2159 5308 simul
2201 5254 2402 5323 polluta
2450 5254 2572 5319 fuit,
2598 5264 2654 5310 et
2682 5256 2802 5311 ideo
2833 5257 3063 5323 odibilis,
3089 5258 3215 5327 quia
3240 5257 3395 5327 longe
3419 5271 3451 5310 a
3476 5270 3577 5323 ve-

1998 5344 2177 5397 ritatis
2203 5343 2291 5396 via
2320 5344 2552 5398 errando
2579 5346 2822 5400 recessit.
2838 5345 3019 5400 Tertia
3046 5354 3224 5400 autem
3250 5353 3332 5399 est
3363 5344 3577 5398 haereti-

1998 5449 2183 5489 corum
2211 5448 2501 5503 synagoga,
2525 5435 2678 5503 cujus
2703 5436 2899 5491 stultus
2917 5436 3144 5507 populus
3174 5435 3381 5490 habitat
3402 5436 3457 5489 in
3485 5434 3571 5489 Si-

1998 5524 2217 5589 chimis,
2238 5524 2339 5578 hoc
2361 5533 2466 5589 est,
2494 5525 2549 5579 in
2572 5525 2815 5582 humeris
2841 5528 2953 5582 sive
2974 5525 3270 5591 laboribus,
3293 5539 3419 5580 cum
3439 5539 3577 5595 quo-

2002 5615 2129 5669 tidie
2157 5627 2409 5683 perversa
2424 5613 2719 5670 Scribendo
2745 5624 2907 5685 atque
2935 5630 3098 5686 prava
3120 5615 3383 5679 docendo,
3410 5614 3576 5669 stulte

2000 5704 2237 5762 laborem
2266 5718 2420 5758 suum
2445 5705 2732 5760 consumit.
2755 5704 2907 5772 Quod
2934 5713 3111 5761 autem
3142 5703 3274 5761 dicit
3304 5705 3443 5761 hanc
3467 5714 3574 5762 noti
