3934 6186
367 369 504 426 “19
1008 364 1069 417 Β.
1112 361 1364 417 ΒᾹΒΑΝΙ
1404 362 1620 418 MAURI
1659 359 1974 416 ARCHIEP.

2085 358 2326 414 )CL‘N'l'.
2369 358 2653 414 OPERUM
2695 358 2871 413 PARS
2911 359 2949 412 Ι.
3495 358 3635 413 ΗΞῡ

368 494 488 537 esse
514 485 745 548 gentem,
771 475 1008 529 ostendit
1039 473 1166 543 quia
1198 487 1301 527 non
1331 488 1400 528 ex
1437 488 1543 527 una
1581 471 1947 544 generatione,
1978 478 2025 534 Α
2055 486 2161 524 non
2201 469 2484 524 habentem
2515 470 2778 523 maculam
2810 480 2901 523 aut
2942 486 3153 540 rugam,
3182 480 3277 524 aut
3303 470 3511 539 aliquid
3539 471 3641 524 hu-

368 570 456 625 vel
498 566 729 637 simplici
761 580 947 620 errore
991 563 1112 633 ipsi'
1138 563 1377 618 hmretici
1424 562 1713 633 prodeunt,
1748 562 1842 617 sed
1884 577 1951 616 ex
2048 560 2305 630 jusmodi,
2332 562 2425 616 sed
2449 561 2809 616 utsitsancta
2836 572 2890 617 et
2918 561 3258 616 immaculata
3283 561 3306 632 (.
3358 558 3502 616 Ibid.
3564 561 3636 631 ).ι

373 661 600 718 diversis
621 657 755 712 locis
782 655 887 711 orti
918 655 1133 724 plurimi
1162 664 1286 709 sunt
1330 655 1607 709 erroribus
1633 652 1872 716 obnoxii,
1899 659 1956 706 et

374 760 555 806 tamen
584 749 724 802 inter
747 761 805 801 se
840 745 1070 799 invicem
1099 744 1388 799 contrarii:
1412 742 1570 797 aliter
1594 741 1737 796 enim
1767 739 1954 794 Ariani

374 839 589 899 docent,
638 844 798 905 atque
838 834 994 889 aliter
1044 832 1363 899 Sabelliani;
1419 832 1578 887 aliter
1633 830 1953 893 Novatiani,

377 936 538 997 atque
564 926 721 980 aliter
749 925 1074 985 Donatista;
1106 924 1354 977 similiter
1388 930 1443 976 et
1469 923 1649 977 cmteri
1679 921 1832 976 falsis
1857 921 1956 975 do-

379 1016 646 1087 gmatibus
677 1015 746 1070 ab
785 1015 1016 1069 invicem
1055 1012 1371 1069 discordant
1409 1013 1805 1081 dissimilesque
1831 1020 1959 1069 sunt

381 1121 651 1169 sermone,
675 1105 767 1159 sed
791 1120 950 1175 pares
975 1120 1181 1160 errore.

455 1216 474 1248 ι
519 1196 832 1251 Doctrinam
870 1196 1145 1266 sapientiae
1192 1202 1249 1250 et
1285 1194 1590 1263 disciplinae
1640 1194 1857 1262 scripsit
1905 1194 1958 1248 in

388 1306 407 1339 ι
443 1285 626 1342 codice
656 1286 759 1341 isto
778 1285 937 1341 Jesus
977 1284 1120 1341 ﬁlius
1161 1285 1354 1340 Sirach
1401 1285 1836 1356 Hierosolymita,
1868 1285 1960 1354 qui

389 1399 408 1431 ι
446 1377 724 1434 renovavit
748 1378 1066 1448 sapientiam
1095 1377 1162 1431 de
1199 1378 1362 1432 corde
1399 1392 1519 1433 suo.
1564 1376 1763 1430 Beatus
1793 1375 1962 1445 quiin

391 1486 410 1519 ι
448 1468 566 1522 istis
589 1474 838 1523 versatur
880 1466 1067 1532 bonis;
1092 1467 1184 1536 qui
1222 1468 1377 1537 ponit
1421 1466 1506 1520 illa
1559 1467 1612 1521 in
1639 1467 1800 1521 corde
1843 1482 1962 1530 suo,

394 1580 413 1612 ι
450 1563 663 1631 sapiens
687 1560 790 1614 erit
824 1574 1056 1627 semper.
1086 1558 1144 1614 Si
1173 1559 1318 1613 enim
1361 1558 1477 1613 haec
1524 1557 1735 1623 fecerit,
1765 1559 1830 1613 ad
1857 1574 1967 1613 om-

393 1672 411 1703 σ
444 1651 535 1705 nia
589 1650 803 1715 valebit,
853 1650 977 1719 quia
1030 1649 1121 1703 lux
1170 1649 1265 1703 Dei
1315 1649 1599 1719 vestigium
1641 1648 1758 1717 ejus
1808 1659 1909 1705 est.
1942 1670 1959 1700 ι

389 1743 593 1797 Auctor
614 1741 733 1794 libri
782 1747 970 1794 narrat
994 1740 1060 1795 de
1086 1738 1268 1794 labore
1295 1755 1415 1803 suo,
1460 1748 1514 1792 et
1547 1739 1611 1794 de
1638 1739 1866 1792 utilitate
1890 1739 1969 1808 ip-

2057 652 2155 706 llic
2180 668 2310 721 ergo
2337 652 2551 719 adjutor
2577 661 2631 706 et
2652 660 2929 721 protector
2955 651 3132 707 factus
3161 660 3246 706 est
3264 666 3480 720 sponsa:
3511 666 3643 714 sum,

2057 756 2180 795 cum
2223 742 2441 795 tradidit
2473 742 2822 810 semetipsum
2854 756 2953 811 pro
2994 740 3106 806 illa,
3145 749 3204 795 ut
3230 740 3486 795 liberaret
3526 754 3647 794 eam

2059 846 2090 883 a
2143 831 2441 898 perditione
2488 830 2541 883 in
2578 845 2739 898 quam
2790 845 2887 899 per
2934 831 3434 901 praevaricationem
3480 830 3649 899 primi

2059 922 2293 976 hominis
2346 920 2492 991 lapsa
2547 930 2653 985 est,
2702 931 2758 976 et
2806 938 2836 975 a
2870 921 3060 991 laqueo
3096 922 3290 991 linguze
3345 920 3578 990 iniqua,
3619 937 3648 974 a

2060 1010 2391 1080 blasphemia
2421 1011 2675 1065 nimirum
2722 1011 3060 1076 idololatria),
3086 1026 3154 1065 ne
3184 1009 3516 1073 immolaret,
3559 1023 3651 1064 ne-

2062 1119 2166 1172 que
2196 1104 2421 1159 serviret
2446 1114 2707 1159 creatura:
2750 1106 2928 1174 potius
2956 1120 3119 1173 quam
3142 1103 3396 1167 creatori,
3428 1110 3480 1156 et
3514 1117 3545 1155 a
3571 1102 3652 1155 lao

2062 1197 2166 1252 biis
2194 1196 2534 1265 cperantium
2557 1196 2914 1259 mendacium,
2941 1196 3045 1250 hoc
3081 1203 3187 1259 est,
3210 1193 3475 1249 doctrinis
3501 1191 3655 1248 falsis

2064 1288 2504 1358 pliileOphorum
2528 1295 2691 1356 atque
2709 1287 3107 1340 btereticorum.

2142 1397 2159 1428 ι
2198 1378 2265 1432 Et
2289 1379 2341 1431 in
2370 1386 2658 1447 conspectu
2700 1376 2992 1430 astantium
3036 1376 3212 1429 factus
3248 1389 3309 1429 es
3338 1376 3474 1430 mihi
3501 1376 3651 1443 adju-

2074 1485 2092 1517 ι
2130 1477 2233 1521 tor.
2258 1467 2325 1521 Et
2347 1466 2587 1521 liberasti
2618 1482 2702 1520 me
2732 1466 3031 1521 secundum
3060 1464 3457 1520 multitudinem
3493 1467 3655 1522 mise-

2075 1576 2094 1608 ι
2130 1558 2378 1613 ricordire
2420 1558 2651 1612 nominis
2681 1558 2756 1611 tui
2799 1573 2830 1611 a
2871 1557 3209 1627 rugientibus
3240 1559 3566 1627 praeparatis
3588 1559 3656 1612 ad

2077 1667 2095 1699 α
2131 1664 2333 1703 escam.
2365 1668 2382 1700 ι
2412 1647 2526 1702 lloc
2549 1647 2856 1702 testimonio
2874 1648 3128 1716 exprimit
3150 1657 3533 1718 persecutores
3560 1650 3656 1703 Ec-

2072 1740 2269 1805 clesiae,
2316 1739 2407 1808 qui
2440 1748 2662 1809 pr0pter
2704 1739 2886 1795 odium
2942 1739 3178 1795 nominis
3220 1738 3423 1796 Christi
3448 1750 3657 1811 perse-

389 1833 502 1888 sius
533 1832 732 1900 operis,
762 1831 1054 1885 ostendens
1083 1837 1341 1899 quantum
1365 1829 1553 1898 gratiae
1586 1828 1661 1882 illi
1701 1827 1965 1892 conferat,
2000 1829 2042 1886 Β
2071 1840 2309 1902 quuntur
2343 1832 2549 1896 fideles,
2605 1839 2658 1886 et
2708 1831 2927 1886 tradunt
2972 1846 3067 1886 eos
3107 1832 3387 1901 suppliciis
3424 1832 3655 1887 diversis

390 1923 484 1993 qui
511 1923 564 1975 in
590 1937 654 1976 eo
696 1920 941 1974 meditari
972 1927 1028 1974 et
1070 1920 1281 1988 operari
1332 1935 1439 1974 non
1488 1922 1768 1975 detrectat.
1815 1919 1969 1987 Quod

390 2022 569 2066 autem
613 2010 944 2079 temporibus
971 2009 1240 2064 Ptolemaei
1274 2009 1551 2079 Evergetis
1589 2011 1642 2063 in
1677 2008 1969 2079 {Egyptum

391 2103 632 2165 veniens,
659 2111 976 2171 praesentem
1008 2100 1201 2154 librum
1230 2100 1368 2153 idem
1394 2098 1549 2154 Jesus
1570 2099 1970 2168 interpretando

391 2193 642 2257 ediderit,
666 2192 919 2261 prologus
956 2190 1125 2259 ipsius
1152 2190 1271 2243 libri
1306 2190 1459 2244 testis
1500 2198 1601 2252 est,
1628 2189 1717 2257 qui
1748 2189 1846 2242 sub
1870 2189 1972 2242 hoc

392 2297 664 2348 sermone,
695 2281 847 2350 cujus
890 2282 940 2335 in
989 2281 1241 2350 pra‘scnti
1284 2280 1515 2349 capitulo
1560 2281 1760 2336 mentio
1791 2282 1972 2335 habita

392 2384 497 2439 est,
521 2381 706 2428 narrat
740 2372 886 2426 illum
920 2373 1059 2425 hunc
1098 2370 1389 2440 perfecisse
1418 2371 1690 2424 hominem
1733 2370 1798 2424 ad
1825 2370 1972 2424 utili-

396 2474 562 2521 tatem
611 2463 873 2517 duntaxat
915 2478 1124 2527 eorum,
1153 2462 1244 2530 qui
1287 2476 1411 2516 eum
1454 2461 1659 2515 intente
1692 2461 1890 2530 legunt,
1920 2468 1975 2515 et

396 2554 555 2610 factis
598 2554 803 2608 monita
830 2552 972 2606 illius
1017 2552 1247 2605 fideliter
1289 2552 1680 2620 obsequuntur.
1712 2550 1863 2604 Unde
1890 2550 1973 2604 di-

395 2647 491 2712 cit,
524 2664 542 2697 ι
573 2646 771 2698 Beatus
802 2644 893 2712 qui
946 2643 998 2696 in
1045 2642 1163 2696 istis
1207 2650 1454 2695 versatur
1481 2641 1656 2703 bonis,
1689 2659 1706 2690 ι
1735 2639 1833 2693 hoc
1870 2648 1973 2705 est,

396 2741 576 2798 divina
609 2747 871 2809 prmcepta
900 2736 1226 2800 meditando,
1263 2746 1315 2789 et
1345 2736 1598 2804 operibus
1633 2733 1721 2787 illa
1753 2732 1977 2801 implen-

397 2838 465 2892 do
491 2853 503 2890 :
532 2833 588 2888 Si
617 2833 782 2895 enim,
820 2830 1013 2900 inquit,
1043 2831 1159 2885 haec
1203 2829 1411 2892 fecerit,
1455 2827 1522 2883 ad
1550 2827 1730 2882 omnia
1757 2825 1897 2880 bona
1922 2834 1976 2878 et

395 2927 549 2982 utilia
591 2923 810 2987 valebit,
833 2922 960 2991 quia
989 2922 1079 2976 lux
1108 2923 1223 2987 Dei,
1255 2922 1358 2975 hoc
1382 2927 1487 2985 est,
1509 2919 1771 2988 sapientia
1799 2917 1977 2971 divina

2073 1922 2233 1977 morti
2256 1920 2587 1986 alliciendos,
2604 1929 2870 1991 quatenus
2888 1936 2981 1976 eos
3003 1930 3251 1976 avertant
3268 1937 3299 1975 a
3313 1922 3657 1978 confessione

2073 2010 2351 2065 catholicae
2390 2009 2535 2076 ﬁdei,
2564 2020 2618 2064 et
2642 2026 2671 2064 a
2704 2010 2917 2066 cultura
2942 2012 3054 2064 veri
3091 2018 3148 2066 et
3178 2011 3333 2066 unius
3369 2012 3488 2078 Dei,
3512 2015 3656 2082 quod

2071 2101 2208 2155 bene
2234 2107 2516 2168 comparat
2540 2098 2952 2165 srevisbcstiis,
2981 2115 3100 2169 qua:
3126 2102 3306 2171 rugitu
3334 2099 3465 2156 forti
3495 2111 3553 2157 et
3582 2104 3656 2158 fe-

2074 2192 2183 2245 roci
2210 2190 2358 2245 hiatu
2388 2205 2568 2244 escam
2594 2197 2883 2259 appetunt;
2921 2191 3016 2243 sed
3054 2190 3121 2244 de
3148 2190 3233 2245 his
3260 2190 3523 2247 Dominus
3553 2193 3657 2248 ele-

2074 2290 2189 2335 ctos
2216 2295 2343 2334 suos
2380 2280 2596 2344 liberat,
2621 2294 2743 2333 cum
2776 2279 2984 2333 animas
3030 2295 3218 2335 eorum
3257 2296 3288 2334 a
3324 2284 3658 2351 persecutio-

2076 2383 2202 2421 num
2228 2368 2448 2422 testibus
2494 2367 2691 2422 illmsos
2720 2376 2922 2433 servat,
2965 2377 3187 2438 propter
3229 2386 3463 2439 quarum
3510 2388 3660 2427 ever-

2074 2458 2279 2512 sionem
2304 2459 2431 2513 saevi
2470 2466 2849 2529 persecutores
2885 2473 3114 2529 corpora
3154 2461 3391 2516 maxime
3432 2461 3655 2516 laniant.

2076 2547 2231 2603 Unde
2259 2549 2504 2619 sequitur
2537 2567 2550 2601 :

2150 2657 2169 2690 ‹
2207 2639 2282 2694 De
2311 2639 2558 2695 manibus
2589 2640 2945 2708 quaerentium
2973 2642 3210 2695 animam
3260 2618 3559 2707 meamaet
3599 2644 3657 2699 de

2082 2750 2100 2784 ‹
2140 2732 2312 2803 portis
2358 2732 2763 2787 tribulationum
2806 2747 2927 2801 qua:
2964 2732 3441 2787 circumdederunt
3485 2749 3596 2788 me.
3637 2754 3653 2786 ι

2075 2828 2267 2883 Portas
2295 2842 2427 2897 ergo
2452 2826 2883 2890 tribulationum,
2907 2841 3042 2894 quas
3079 2826 3273 2881 melius
3300 2827 3509 2882 sentire
3540 2842 3658 2896 pos-

2078 2934 2287 2982 sumus,
2315 2933 2477 2987 quam
2521 2932 2619 2973 ora
2651 2917 2954 2986 principum
2996 2923 3051 2970 et
3097 2918 3489 2986 tyrannorum?
3520 2918 3660 2973 Unde

394 3018 513 3088 ejus
555 3014 839 3084 vestigium
869 3020 974 3077 est,
1015 3023 1069 3067 el
1116 3012 1326 3067 ductrix
1366 3011 1419 3065 in
1454 3011 1542 3064 via
1579 3009 1852 3071 νθτίιειῑίες
1884 3021 1980 3076 μεν
2078 3013 2237 3067 minae
2260 3013 2527 3083 prodeunt
2546 3020 2603 3065 et
2622 3009 2973 3064 fraudulentae
2997 3011 3661 3072 suasiones,indictiones-

394 3121 557 3181 quam
580 3105 648 3159 ad
671 3104 907 3175 quietem
934 3103 1084 3174 regni
1112 3102 1368 3167 cmlestis,
1396 3101 1442 3155 si
1469 3101 1523 3153 in
1558 3099 1672 3168 ejus
1694 3097 1829 3153 calle
1863 3112 1981 3166 per—
2030 3180 2045 3181 ί
2079 3118 2183 3174 que
2212 3104 2615 3173 suppliciorum,
2643 3109 2703 3155 ut
2738 3102 2852 3156 sive
2881 3116 2978 3171 per
3001 3100 3124 3156 ﬁcta
3154 3101 3550 3167 blandimenta,
3574 3117 3657 3157 seu

394 3180 535 3251 fecte
560 3194 854 3265 gradiendo
880 3192 1256 3263 permanserit,
1288 3189 1573 3260 pervenire
1607 3186 1822 3241 valebit.
1850 3185 1981 3241 Post
2006 3180 2050 3240 C
2083 3209 2178 3266 per
2199 3194 2404 3249 atrocia
2446 3201 2741 3255 tormenta,
2766 3205 2955 3246 servos
2972 3190 3066 3244 Dei
3093 3190 3252 3245 ﬁdem
3278 3190 3481 3247 Chrisu
3507 3192 3658 3245 alme.

394 3287 513 3341 hinc
542 3285 785 3353 sequitur
813 3284 988 3338 oratio
1020 3278 1260 3353 ejusdem
1294 3278 1443 3345 Iesu.
1490 3295 1650 3349 quam
1680 3277 1871 3332 melius
1895 3291 1985 3348 ΕΘ·
2080 3302 2210 3358 gare
2257 3285 2495 3340 faciant:
2529 3283 2623 3339 sed
2655 3303 2674 3334 ι
2706 3282 2949 3338 immittit
3003 3281 3252 3349 angelum
3308 3282 3574 3337 Dominus
3607 3281 3655 3337 in

395 3368 655 3431 neraliter
677 3374 743 3427 ad
768 3381 930 3428 totam
956 3372 1253 3427 Ecclesiam
1275 3368 1668 3433 transierimus,
1684 3382 1846 3437 quam
1869 3381 1982 3435 spe—

396 3468 607 3522 cialiter
630 3466 695 3520 ad
726 3464 1009 3533 cujuslibet
1044 3464 1143 3519 viri
1166 3478 1481 3534 personam;
1507 3463 1629 3531 quia
1658 3477 1777 3517 cum
1803 3459 1982 3515 multa:

396 3555 775 3610 describuntur
814 3555 865 3608 in
897 3570 958 3610 ea
982 3555 1189 3625 species
1230 3553 1655 3616 tribulationum,
1687 3559 1742 3605 et
1767 3551 1980 3605 diversa

396 3646 585 3700 solatia
607 3645 967 3716 juvaminum,
996 3644 1184 3699 melius
1210 3645 1274 3697 ad
1304 3651 1473 3697 totum
1510 3657 1707 3710 corpus
1738 3640 1983 3695 referun-

396 3744 487 3789 tur
508 3752 669 3807 quam
701 3735 768 3790 ad
798 3737 1084 3804 quamdam
1124 3744 1333 3805 partem
1362 3735 1624 3804 corporis.
1669 3732 1799 3788 Orat
1836 3733 1982 3788 enim

396 3826 638 3881 Ecclesia
671 3826 957 3880 Dominum
985 3840 1139 3879 suum
1168 3840 1345 3894 regem
1372 3825 1671 3891 Christum,
1700 3833 1753 3878 ct
1780 3823 1983 3895 gratias

396 3910 472 3972 illi
508 3917 673 3971 refert
702 3918 769 3972 de
798 3916 1076 3973 beneﬁciis
1127 3916 1227 3970 sibi
1259 3916 1631 3986 copiosissime
1678 3914 1743 3968 ab
1773 3929 1836 3970 eo
1873 3912 1984 3968 col-

395 4008 540 4074 latis,
568 4011 673 4066 hoc
702 4010 860 4064 modo
888 4010 1173 4080 incipiens.

941 4095 1169 4179 CAPUT
1221 4121 1410 4175 χχχι.

399 4212 669 4283 Confessio
708 4222 756 4266 et
801 4213 991 4277 oratio,
1035 4212 1110 4267 vel
1155 4213 1416 4333 calaticum
1465 4210 1700 4281 ejusdem
1750 4208 1851 4278 ﬁlii
1898 4207 1985 4263 Si-

1112 4299 1256 4333 φησι.

1112 4299 1256 4334 racu.

467 4382 620 4445 (CAP.
635 4381 758 4452 Lt.)¢
781 4381 1088 4437 Confitebor
1102 4381 1215 4447 tibi,
1234 4382 1455 4436 Domine
1474 4397 1589 4445 rex,
1603 4380 1983 4436 etcollaudabo

404 4494 422 4528 ι
457 4485 509 4531 te
532 4476 698 4530 Deum
730 4476 1051 4530 salvatorem
1081 4491 1276 4529 mettm.
1306 4474 1617 4530 Confitehor
1640 4474 1843 4529 nomini
1869 4481 1978 4536 tuo,

2080 3376 2308 3432 circuitu
2338 3377 2639 3432 timentium
2661 3391 2807 3441 eum,
2831 3383 2887 3430 et
2915 3375 3112 3445 eripiet
3129 3390 3243 3430 eos.
3276 3394 3296 3426 ι

2156 3487 2175 3519 ι
2205 3468 2251 3521 Α
2278 3483 2533 3538 pressura
2571 3466 2802 3521 flamma:
2844 3482 2963 3535 qua:
2988 3464 3343 3520 circumdedit
3377 3479 3487 3527 me,
3526 3474 3582 3518 et
3610 3464 3658 3518 in

2085 3577 2104 3610 ι
2144 3558 2319 3613 medio
2355 3557 2493 3628 ignis
2525 3572 2633 3612 non
2675 3572 2794 3611 sum
2840 3564 3121 3611 mstuatus.
3158 3574 3177 3608 ι
3206 3554 3321 3609 Hoc
3346 3554 3661 3624 plerumque

2079 3648 2431 3705 historialiter
2459 3648 2515 3702 in
2540 3647 2881 3718 passionibus
2911 3655 3205 3716 martyrum
3251 3645 3552 3713 contigisse
3594 3642 3658 3696 le-

2080 3740 2276 3809 gimus.
2306 3739 2375 3795 Ut
2400 3738 2543 3794 sicut
2571 3745 2683 3793 tres
2710 3738 2861 3808 pueri
2885 3737 2939 3792 in
2967 3737 3184 3791 camino
3210 3735 3352 3805 ignis
3373 3735 3443 3789 ab
3469 3734 3658 3789 ardore

2081 3830 2312 3887 flamma:
2359 3830 2506 3886 illaesi
2536 3831 2734 3885 servati
2778 3837 2921 3895 sunt,
2965 3829 3039 3883 ita
3082 3836 3139 3883 et
3173 3827 3262 3882 isti
3308 3827 3380 3881 ab
3419 3826 3660 3881 incendio

2082 3922 2221 3992 ignis
2258 3919 2666 3976 incontaminati
2713 3926 3093 3982 servarentur;
3126 3918 3220 3973 sed
3251 3915 3380 3987 quia
3420 3917 3526 3972 hoc
3547 3931 3658 3970 σωκ

2081 4012 2242 4067 nibus
2282 4010 2610 4080 martyribus
2633 4009 2727 4065 Dei
2774 4024 2878 4064 non
2913 4016 2997 4063 est
3022 4022 3363 4071 concessum,
3393 4020 3517 4060 cum
3548 4005 3659 4074 plu.

2085 4102 2204 4161 rimi
2247 4116 2437 4157 eorum
2462 4101 2518 4155 in
2556 4100 2682 4170 igne
2723 4098 3079 4168 corporaliter
3106 4097 3439 4153 concremati
3467 4103 3656 4157 essent,

2082 4201 2453 4246 verumtamen
2481 4190 2675 4264 animae
2699 4204 2887 4243 eorum
2910 4188 3079 4242 libere
3101 4187 3167 4241 ad
3193 4186 3320 4242 εαξη
3345 4196 3555 4241 secreta
3577 4201 3658 4256 pe-

2083 4283 2302 4349 tierant,
2336 4282 2525 4337 melius
2547 4282 2637 4337 hic
2681 4281 2803 4351 igne
2833 4288 2888 4334 ct
2914 4278 3131 4334 ﬂamma
3153 4278 3389 4333 validum
3420 4294 3657 4349 persecu-

2083 4374 2247 4433 tionis
2267 4382 2456 4427 zcstum
2486 4370 2857 4451 intelligimus,
2883 4369 2974 4439 qui
3017 4368 3143 4424 licet
3168 4377 3387 4423 sanctos
3411 4368 3507 4423 Dei
3539 4376 3657 4421 teni-

2084 4464 2343 4535 poraliter
2391 4461 2628 4532 aﬂligere
2674 4468 2877 4530 posset,
2926 4474 3095 4528 usque
3140 4458 3207 4513 ad
3246 4459 3446 4513 anima:
3494 4467 3658 4513 tamen

403 4586 421 4617 ι
457 4566 708 4635 quoniam
735 4565 949 4634 atljtthI‘
976 4574 1033 4620 et
1054 4574 1327 4634 protector
1364 4564 1537 4619 factus
1561 4580 1621 4619 es
1650 4563 1804 4628 mihi,
1834 4571 1890 4616 ct
1913 4562 1981 4616 li-
2009 4523 2060 4582 Β
2088 4554 2510 4610 internecionem
2542 4551 2851 4621 pertingere
2898 4565 3005 4603 non
3054 4547 3247 4618 potuit.
3279 4547 3408 4601 Ideo
3456 4544 3660 4603 subiun-

403 4679 421 4712 ι
455 4660 656 4715 berasti
688 4675 882 4729 corpus
905 4673 1083 4713 meum
1109 4673 1138 4710 a
1170 4658 1489 4726 perditione,
1513 4673 1544 4710 a
1567 4657 1758 4724 laqueo
1786 4655 1982 4725 lingua:

404 4772 423 4804 ι
461 4753 681 4822 iniquae,
704 4762 759 4806 et
797 4768 826 4805 a
857 4751 1015 4806 labiis
1041 4749 1382 4819 operantium
1427 4747 1788 4801 mendacium.
1821 4766 1841 4798 ι
1877 4747 1983 4800 Do-

401 4846 580 4899 minus
625 4845 767 4898 enim
797 4854 853 4899 et
898 4858 1013 4906 rex,
1043 4841 1187 4895 Deus
1228 4848 1284 4894 et
1325 4838 1573 4893 Salvator
1610 4836 1864 4892 Ecclesiae
1899 4844 1982 4890 est

398 4933 556 4989 Jcsus
598 4933 867 4999 Christus,
909 4934 1001 5003 qui
1045 4940 1100 4988 et
1146 4943 1308 5002 caput
1356 4939 1411 4985 ct
1447 4944 1674 4999 sponsus
1715 4925 1831 4995 ejus
1873 4935 1981 4980 est.

403 5021 556 5077 Unde
588 5020 870 5088 Apostolus
899 5022 1167 5078 monendo
1198 5021 1451 5076 mulieres
1490 5019 1620 5074 viris
1658 5018 1771 5074 suis
1799 5017 1984 5072 subdi-

305 5177 312 5183 ε
402 5122 489 5167 tas
516 5124 658 5174 esse,
681 5111 747 5165 ad
772 5112 1034 5182 Ephesios
1059 5112 1295 5182 scripsit,
1319 5113 1505 5167 dicens
1534 5128 1547 5163 :
1574 5128 1593 5160 ε
1631 5108 1882 5164 Mulieres
1904 5107 1984 5161 vi-

400 5201 481 5259 ris
509 5199 623 5255 suis
665 5198 919 5267 subjecta:
956 5201 1086 5265 sint,
1130 5200 1271 5254 sicut
1306 5200 1535 5255 Domino
1560 5213 1575 5251 :
1599 5198 1855 5268 quoniam
1899 5195 1984 5249 vir

402 5301 569 5364 caput
611 5299 696 5346 est
723 5290 987 5356 mulieris,
1037 5292 1176 5346 sicut
1217 5298 1271 5344 et
1309 5289 1558 5344 Christus
1585 5296 1747 5357 caput
1770 5295 1855 5341 est
1882 5286 1984 5341 Ec-

403 5383 603 5440 clesiae.
653 5381 769 5451 Ipse
821 5380 1072 5436 Salvator
1126 5388 1210 5434 est
1255 5380 1498 5447 corporis
1549 5377 1709 5448 (Eph.
1756 5376 1831 5445 v).
1871 5397 1889 5429 ι
1921 5377 1988 5430 Ει

404 5475 560 5538 item,
590 5492 609 5524 ι
640 5472 779 5537 Viri,
822 5472 1016 5543 inquit,
1062 5470 1268 5538 diligite
1306 5482 1502 5522 uxores
1530 5475 1737 5522 vestras
1759 5466 1898 5520 sicut
1930 5473 1987 5520 et

405 5561 656 5618 Christus
683 5562 868 5618 dilexit
893 5561 1214 5625 Ecclesiam,
1256 5566 1311 5614 et
1354 5558 1591 5626 seipsum
1645 5556 1863 5611 tradidit
1890 5571 1989 5625 pro

407 5667 494 5718 ea,
525 5662 586 5707 ut
611 5653 753 5708 illam
785 5655 1148 5711 sanctificaret
1191 5650 1456 5706 mundans
1494 5648 1710 5703 lavacro
1753 5660 1907 5714 aqua:
1934 5645 1988 5698 in

407 5747 596 5811 verbo.
625 5755 687 5802 ut
729 5748 1011 5804 exhiberet
1058 5748 1173 5816 ipse
1211 5743 1316 5800 sibi
1358 5740 1649 5811 gloriosam
1693 5738 1990 5796 Ecclesiam

2087 4648 2230 4717 gitur
2254 4664 2266 4699 :

2163 4755 2180 4787 ς
2220 4736 2294 4789 De
2320 4733 2602 4787 altitudine
2633 4732 2840 4786 ventris
2859 4729 3039 4792 inferi,
3069 4738 3126 4783 et
3165 4744 3194 4782 a
3214 4727 3404 4800 lingua
3434 4728 3664 4798 coinqui-

2092 4846 2110 4879 ‹
2146 4835 2295 4889 nata,
2322 4832 2375 4879 et
2401 4838 2431 4878 a
2470 4823 2636 4878 verbo
2663 4821 2954 4884 mendacii,
2978 4835 3009 4873 a
3039 4835 3164 4890 rege
3200 4819 3414 4888 iniquo,
3435 4831 3493 4873 et
3519 4835 3549 4873 a
3578 4819 3663 4872 liu-

2093 4938 2111 4970 ‹
2145 4934 2248 4989 gua
2290 4916 2509 4986 injuste.
2542 4933 2560 4966 ι
2602 4910 2935 4967 Subauditur
2962 4910 3197 4964 liberavit
3226 4926 3344 4974 me;
3374 4925 3488 4964 non
3532 4909 3664 4963 enim

2090 5013 2415 5085 praevalebat
2449 5010 2532 5064 vis
2559 5006 2789 5063 nefanda
2815 5006 3155 5061 inimicorum
3193 5020 3369 5074 usque
3394 5006 3465 5059 ad
3490 5004 3667 5059 interi-

2093 5082 2205 5157 tum
2234 5099 2518 5172 pervenire
2546 5098 2850 5152 animarum
2893 5096 3075 5166 (quem
3119 5096 3209 5150 hic
3240 5082 3495 5151 ventrem
3522 5093 3671 5150 inferi

2091 5191 2364 5264 appellat),
2413 5204 2517 5244 nec
2552 5188 2734 5258 lingua
2771 5188 3113 5257 coinquinata
3159 5186 3537 5256 blasphemiis,
3580 5198 3671 5238 nec

2089 5283 2252 5338 verba
2301 5280 2579 5336 mendacia
2624 5293 2655 5332 a
2708 5292 2835 5348 rege
2878 5276 3065 5346 iniquo
3123 5283 3179 5329 et
3231 5274 3419 5346 lingua
3481 5272 3675 5344 injust:

2090 5371 2297 5442 prolata
2349 5375 2639 5440 potuerunt
2686 5367 2867 5437 aliquo
2912 5368 3071 5421 modo
3117 5365 3323 5421 violare
3369 5352 3675 5421 sanctorum

2093 5460 2424 5535 prmcordia;
2457 5458 2551 5513 sed
2587 5457 2714 5512 licet
2739 5471 2967 5524 corpora
2998 5455 3173 5525 poenis
3196 5454 3365 5509 variis
3384 5454 3673 5513 adicerent,

2097 5564 2152 5610 et
2178 5552 2338 5609 morti
2359 5549 2640 5620 temporali
2661 5546 2976 5602 addicerent
3002 5561 3016 5599 :
3043 5547 3239 5601 anima:
3263 5555 3446 5601 tamen
3472 5546 3527 5599 in
3547 5560 3673 5600 eou-

2099 5642 2333 5700 fessione
2359 5641 2592 5697 nominis
2624 5638 2825 5693 Christi
2852 5651 3023 5708 usque
3044 5639 3112 5693 ad
3157 5638 3321 5691 finem
3345 5638 3469 5692 vita:
3490 5633 3672 5706 persti-

2099 5743 2297 5792 terunt.
2330 5733 2479 5789 Unde
2507 5741 2562 5786 et
2591 5730 2799 5786 felicius
2845 5743 2967 5800 post
2995 5738 3221 5785 mortem
3253 5730 3305 5782 in
3336 5738 3538 5784 teteriia
3569 5726 3667 5775 vita
