3928 6168
369 253 499 307 illi

1265 256 1614 313 COMMENT.
1656 256 1721 310 IN
1761 254 2366 312 ECCLESIASTICUM.
2406 288 2474 298 —
2514 259 2639 314 LIB.
2673 261 2736 320 X.

3485 270 3622 327 “~22

367 380 492 420 cum
514 365 715 419 sanctis
739 367 939 437 angelis
968 367 1058 420 Dei
1091 369 1204 422 sine
1253 369 1355 421 fine
1393 369 1715 437 gaudebunt.
1738 368 1813 422 De
1835 382 1940 436 quo
1970 374 2013 430 Α
2043 367 2357 437 corriperet,
2398 370 2670 424 turbatum
2717 387 2775 426 se
2820 385 2939 426 esse
2989 387 3235 429 asserens
3283 388 3394 445 prae
3442 378 3519 433 ira
3567 391 3623 435 et

367 465 426 510 et
450 455 698 509 subditur
724 474 736 508 :

444 563 463 595 ι
497 543 764 599 Laudabit
805 564 974 616 usque
1001 550 1066 602 ad
1112 559 1340 605 mortem
1388 552 1564 604 anima
1607 566 1724 604 mea
1764 549 1946 605 Domi-

372 650 393 685 t
426 645 580 698 num;
606 643 663 689 et
688 636 799 690 vita
844 653 959 691 mea
993 641 1425 710 appropinquans
1475 649 1591 695 erat
1632 641 1685 693 in
1736 640 1946 695 inferno

374 742 395 775 ι
428 724 701 779 deorsum.
734 745 753 778 ι
782 726 958 781 Vitam
998 746 1149 784 suam
1184 731 1237 785 in
1281 730 1491 786 inferno
1514 732 1945 802 apprOpinquare

366 813 518 878 dicit,
554 815 682 884 quia
719 817 902 870 carnis
939 816 1048 872 vita
1086 820 1325 889 quotidie
1371 822 1669 877 deficiendo
1697 823 1764 876 ad
1802 836 1946 876 mor-

371 912 479 958 tem
506 906 918 976 appropinquat.
951 908 1198 965 lnfernus
1236 913 1379 967 enim
1408 913 1495 967 lno
1522 929 1621 982 pro
1646 923 1818 968 morte
1843 928 1944 984 po-

364 996 508 1052 situs
534 1004 640 1061 est,
686 998 812 1066 quia
862 1014 1006 1054 mors
1055 1002 1233 1056 carnis
1272 1004 1731 1071 praevaricationis
1758 1007 1945 1075 primae

364 1095 452 1140 est
503 1087 765 1153 vindicta,
796 1088 936 1143 sicut
965 1090 1206 1146 infernus
1235 1095 1614 1161 peccatricium
1643 1097 1945 1152 animarum

362 1188 623 1249 perpetua
678 1194 867 1249 paena;
920 1183 1013 1236 sed
1056 1195 1285 1239 mortem
1314 1187 1494 1241 carnis
1542 1204 1700 1243 nemo
1743 1191 1940 1245 evadit.

362 1265 500 1333 Quis
538 1275 622 1322 est
667 1269 810 1324 enim
840 1269 1000 1325 homo
1034 1273 1125 1341 qui
1157 1273 1290 1328 vivit
1328 1283 1383 1328 et
1426 1291 1532 1330 non
1558 1278 1762 1333 videbit
1794 1294 1943 1334 mor-

363 1358 514 1411 tem?
551 1357 701 1413 Unde
729 1359 853 1413 alibi
900 1361 1157 1431 scriptnm
1185 1372 1270 1418 est
1295 1382 1306 1418 :
1345 1383 1363 1415 ο
1399 1365 1563 1420 Nemo
1589 1374 1672 1422 est
1699 1382 1828 1438 ergo
1852 1369 1944 1437 qni

361 1464 581 1519 semper
600 1450 766 1516 vivat,
782 1458 837 1505 et
859 1451 1017 1521 hujus
1038 1454 1112 1507 rei
1136 1454 1333 1509 habeat
1355 1454 1600 1511 ﬁduciam
1625 1456 1791 1529 (Eccl.
1808 1458 1905 1529 ix).
1919 1477 1938 1511 ι

360 1542 566 1597 Inferni
596 1558 726 1599 vero
751 1544 1050 1599 cruciatum
1086 1546 1261 1600 sancti
1302 1549 1546 1603 homines
1581 1563 1680 1619 per
1715 1551 1944 1621 gratiam

359 1632 565 1687 Christi
594 1635 822 1688 evadere
847 1642 1090 1704 possunt,
1119 1637 1244 1705 quia
1284 1637 1350 1692 de
1378 1640 1562 1694 carnis
1590 1641 1804 1696 vinculo
1849 1641 1945 1697 ab-

359 1724 524 1779 soluti
555 1727 622 1781 ad
643 1725 863 1781 caeleste
896 1727 1149 1797 gaudium
1172 1743 1297 1784 mox
1328 1730 1658 1802 migrabunt.

440 1835 460 1867 ‹
492 1815 975 1871 Circumdederunt
996 1831 1082 1872 me
1102 1818 1359 1889 undique,
1387 1827 1442 1874 et
1465 1836 1571 1875 non
1594 1829 1711 1875 erat
1734 1821 1825 1892 qui
1853 1821 1946 1876 ad-

366 1920 386 1954 (
421 1902 653 1971 juvaret.
677 1903 995 1974 Respiciens
1017 1920 1167 1960 eram
1199 1907 1265 1960 ad
1292 1908 1616 1978 adjutorium
1644 1910 1943 1978 hominum,

368 2011 386 2045 ι
424 2002 480 2048 et
528 2008 633 2048 non
682 2002 821 2048 erat.
854 1994 1182 2052 Memoratus
1225 2011 1344 2052 sum
1387 1999 1770 2054 misericordias
1816 2009 1943 2067 tute,

368 2101 387 2135 ι
424 2084 669 2150 Domine,
700 2093 755 2140 et
792 2087 1186 2155 cooperatiouis
1222 2094 1330 2143 tua:
1369 2104 1488 2157 qua:
1531 2104 1563 2143 a
1587 2090 1784 2145 saeculo
1816 2098 1896 2145 est
1928 2109 1941 2145 :

365 2193 386 2226 ε
422 2174 679 2245 quoniam
709 2176 857 2232 eruis
893 2178 1231 2234 sustinentes
1260 2188 1332 2245 te,
1377 2181 1619 2247 Domine,
1648 2193 1702 2236 et
1747 2182 1947 2238 liberas

366 2284 388 2317 ι
425 2279 522 2321 eos
548 2267 616 2322 de
660 2268 908 2322 manibus
939 2270 1198 2338 gentium.
1232 2289 1251 2322 ι
1278 2271 1489 2331 Videas
1514 2271 1753 2326 Ecclesia
1777 2287 1947 2325 mem-

360 2354 460 2410 bra
492 2370 588 2409 sua
629 2356 867 2426 undique
912 2358 981 2411 ab
1024 2359 1270 2413 hostibus
1297 2360 1641 2426 circumdari,
1673 2368 1729 2416 et
1757 2361 1947 2415 huma-

358 2460 491 2500 num
529 2445 781 2501 solatium
812 2446 1020 2513 defieri,
1050 2448 1176 2503 inde
1201 2449 1395 2519 qumrit
1433 2449 1780 2518 adjutorium,
1803 2452 1945 2507 unde

358 2537 514 2593 novit
535 2538 776 2591 omnium
808 2537 1071 2595 bonorum
1098 2541 1285 2595 venire
1310 2539 1635 2609 profectum.
1665 2541 1781 2596 Non
1816 2557 1944 2613 ergo

358 2625 475 2681 suis
515 2624 721 2679 meritis
744 2641 844 2681 nec
869 2627 1120 2681 humanis
1166 2629 1399 2695 actibus,
1427 2631 1521 2684 sed
1559 2629 1946 2685 misericordia:

358 2716 456 2771 Dei
487 2716 699 2782 tribuit,
730 2716 873 2786 quod
904 2730 962 2770 se
1004 2718 1072 2772 ab
1099 2716 1332 2773 inimicis
1373 2726 1613 2787 ereptam
1653 2727 1709 2773 et
1746 2719 1945 2773 libera-

358 2816 472 2863 tam
509 2823 637 2863 esse'
660 2809 939 2879 agnoscit;
983 2819 1040 2864 et
1066 2824 1170 2864 non
1198 2810 1368 2866 solum
1411 2811 1715 2877 liberatam,
1758 2813 1865 2866 imo
1893 2821 1949 2867 et

352 2897 467 2968 jam
511 2899 720 2956 honore
755 2903 1017 2958 virtutum
1049 2905 1412 2971 sublimatam,
1445 2916 1607 2978 atque
1651 2908 1944 2964 miraculo-

356 3003 481 3042 rum
506 2988 712 3061 fulgore
741 2992 1115 3062 glorificatam.
1145 2995 1300 3051 Unde
1325 2997 1486 3051 dicit:

2052 454 2388 511 inveterasse
2435 457 2575 512 inter
2625 474 2815 513 omnes
2869 460 3116 516 inimicos
3160 479 3333 529 suos;
3377 469 3623 536 protinus

2047 546 2199 614 quasi
2235 546 2346 615 jam
2388 547 2454 601 de
2495 549 2746 604 evasione
2776 565 2871 604 sua
2913 550 2979 605 ab
3016 552 3247 607 inimicis
3271 569 3494 612 securus
3532 573 3626 612 ex-

2047 636 2262 702 clamat,
2305 637 2491 694 diccns
2521 658 2534 693 :
2594 658 2614 690 ι
2663 641 2925 697 Discedite
2955 659 2982 696 a
3007 659 3113 708 me,
3145 660 3333 700 omnes
3372 647 3463 717 qui
3498 664 3626 718 ope-

2046 726 2241 780 ramini
2304 726 2669 798 iniquitatem,
2738 731 2990 800 quoniam
3035 734 3310 788 exaudivit
3359 735 3619 795 Dominus

2045 831 2233 871 vocem
2284 817 2439 874 fletus
2490 821 2619 887 mei,
2670 822 2943 878 exaudivit
2983 826 3237 881 Dominus
3287 828 3624 898 deprecatio-

2046 923 2168 962 nem
2198 924 2398 977 meam,
2456 911 2716 967 Duminus
2771 916 3067 969 orationem
3102 933 3278 973 meam
3332 922 3624 991 assumpsit

2048 996 2220 1069 (Psal.
2254 999 2352 1069 v1).
2391 1020 2411 1053 ι
2495 1001 2600 1056 Sed
2632 1011 2686 1057 et
2734 1003 2822 1059 hic
2857 1004 3097 1059 Ecclesia
3141 1007 3448 1062 exauditam
3502 1026 3620 1064 ora-

2048 1088 2245 1142 tionem
2288 1105 2445 1144 suam
2491 1100 2822 1160 protestans,
2895 1103 3133 1164 ereptam
3180 1111 3237 1151 se
3281 1097 3349 1151 ab
3394 1099 3625 1155 inimicis

2045 1187 2260 1244 asserit,
2310 1188 2365 1234 et
2407 1181 2476 1234 ab
2510 1182 2791 1252 iniquitate
2829 1185 3111 1252 praesentis
3153 1186 3275 1240 vitae
3322 1187 3622 1251 liberatam,

2045 1267 2133 1321 ubi
2186 1267 2358 1339 magis
2402 1269 2644 1324 confusio
2673 1272 2929 1339 praevalet
2971 1287 3077 1340 qua
3105 1274 3265 1327 modo
3293 1258 3534 1344 spondet.
3567 1292 3625 1331 se

2045 1359 2274 1427 ereptori
2315 1373 2413 1413 suo
2453 1358 2664 1414 laudern
2714 1369 2768 1415 et
2799 1361 3187 1417 confessionem
3235 1375 3491 1435 perpetuo
3531 1367 3623 1421 des

2046 1460 2403 1506 cantaturam.

2119 1561 2140 1593 ι
2182 1542 2319 1597 Cum
2342 1544 2517 1600 adhuc
2551 1544 2738 1614 junior
2762 1562 2901 1613 sum,
2957 1549 3274 1620 priusquam
3308 1552 3620 1608 oherrarem

2051 1651 2071 1685 ‹
2118 1635 2337 1701 (ιιιωείνὶ
2365 1636 2683 1704 sapientiam
2715 1639 2888 1707 palam
2927 1640 2980 1692 in
3011 1641 3253 1695 oratione
3280 1657 3418 1696 mea.
3477 1643 3619 1697 Ante

1970 1711 2019 1770 Β
2052 1742 2071 1776 ι
2114 1733 2322 1795 tempus
2348 1727 2684 1797 postulabam
2709 1744 2809 1797 pro
2830 1729 2940 1793 illa,
2964 1738 3019 1784 et
3043 1747 3212 1800 usque
3235 1732 3288 1786 in
3316 1733 3625 1788 novissimis

2054 1834 2072 1867 σ
2116 1815 2383 1885 inquiram
2436 1817 2601 1872 illam.
2640 1837 2658 1870 ι
2709 1819 2840 1874 Post
2862 1821 3164 1875 orationem
3216 1836 3375 1892 quam
3404 1839 3469 1877 ex
3498 1839 3621 1892 per-

2042 1918 2179 1959 sona
2234 1905 2489 1961 Ecclesia:
2516 1908 2740 1978 protulit
2768 1909 3016 1964 conditor
3052 1907 3210 1977 hujus
3252 1912 3431 1980 operis
3458 1913 3625 1968 refert

2046 2012 2153 2066 quo
2177 1997 2335 2052 modo
2363 1997 2431 2051 ab
2456 1997 2681 2052 infantia
2728 2014 2823 2053 sua
2854 2000 3167 2068 quaesiverit
3191 2001 3529 2070 sapientiam,
3568 2011 3625 2057 et

2046 2084 2333 2141 Dominum
2374 2103 2474 2157 pro
2495 2103 2557 2142 ea
2577 2088 2849 2159 petiverit.
2883 2088 3033 2155 Quod
3059 2097 3239 2143 autem
3278 2089 3411 2144 dicit
3442 2091 3621 2159 prius—-

2046 2176 2407 2246 qtiamjunior
2435 2187 2579 2234 esset
2605 2188 2787 2245 aetate,
2832 2181 3091 2249 quaisisse
3118 2180 3285 2247 illam,
3325 2190 3449 2235 ante
3486 2192 3623 2236 tem-

2045 2280 2150 2334 pus
2182 2267 2456 2335 postulare
2478 2282 2577 2337 pro
2602 2268 2710 2333 illa,
2754 2270 3092 2325 demonstrat
3141 2286 3200 2325 se
3231 2279 3357 2325 ante
3383 2286 3623 2325 errorem

2045 2357 2290 2424 pueritia:
2319 2367 2481 2427 atque
2507 2358 2906 2425 adolescentiae,
2946 2368 2999 2414 et
3025 2371 3151 2415 ante
3173 2369 3382 2431 tempus
3403 2361 3616 2428 juveni-

2048 2446 2114 2501 lis
2142 2447 2322 2502 :etatis
2385 2447 2530 2502 illam
2558 2447 2919 2514 desiderasse,
2968 2457 3024 2505 et
3053 2466 3082 2505 a
3121 2450 3348 2505 Domino
3379 2451 3477 2505 sibi
3508 2451 3626 2505 dari

2048 2537 2315 2592 instanter
2367 2537 2665 2607 postulasse
2732 2554 2892 2608 quam
2946 2554 3116 2610 usque
3160 2541 3228 2595 ad
3276 2542 3624 2595 novissimum

2046 2627 2312 2696 promittit
2357 2642 2417 2682 se
2452 2627 2855 2697 inquisitorum.
2904 2630 2961 2684 In
2998 2629 3165 2684 multo
3197 2631 3340 2685 enim
3380 2631 3623 2701 periculo

2046 2726 2225 2772 exstat
2252 2717 2634 2783 adolescentia,
2659 2726 2713 2772 et
2738 2717 2992 2786 juvenilis
3029 2728 3182 2786 aetas,
3214 2721 3341 2790 quia
3383 2721 3623 2775 exterio-

2046 2807 2123 2862 ris
2153 2808 2384 2861 hominis
2424 2817 2579 2862 actus
2624 2808 2679 2862 in
2730 2822 2793 2862 ea
2832 2816 2989 2863 tetate
3019 2809 3254 2864 maxime
3280 2811 3575 2880 praevalent
3604 2830 3616 2865 :

2048 2896 2188 2951 sicut
2231 2896 2488 2951 Salomon
2537 2899 2594 2952 in
2640 2897 2945 2953 Proverbiis
2991 2899 3110 2953 ait:
3154 2918 3173 2951 ‹
3216 2900 3367 2954 Viam
3413 2898 3628 2967 juvenis

2051 2986 2106 3040 in
2146 2986 2510 3041 adolescentia
2547 3002 2643 3041 sua
2696 3003 2755 3043 se
2797 2988 3014 3057 penitus
3072 2989 3344 3060 ignorasse
3413 2988 3619 3061 (Prov.)

433 3098 453 3132 α
495 3056 769 3137 Exaltasti
796 3098 957 3153 super
980 3094 1181 3140 terram
1225 3088 1611 3143 habitationem
1642 3104 1837 3155 meam,
1889 3101 1944 3145 ct
1972 3056 2017 3117 ϐ
2060 3077 2236 3147 XXX);
2287 3096 2306 3129 ι
2367 3085 2423 3131 ει
2483 3076 2752 3147 Propheta
2797 3078 3079 3133 Dominum
3131 3082 3473 3149 deprecatur:
3553 3097 3622 3136 ηθ

363 3191 382 3224 ε
428 3187 527 3241 pro
547 3183 720 3228 morte
741 3174 1008 3229 defluente
1039 3177 1355 3246 deprecatus
1376 3194 1514 3233 sum.
1554 3200 1571 3231 ι
1609 3182 1765 3236 Videt
1794 3182 1940 3237 enim

356 3276 418 3316 se
468 3263 724 3317 doctrina
755 3262 878 3317 fidei
903 3272 959 3319 et
984 3265 1246 3320 virtutum
1277 3269 1445 3338 signis
1467 3268 1519 3322 in
1545 3271 1743 3325 mundo
1772 3271 1945 3326 clare-

358 3367 534 3418 scere,
587 3355 683 3409 sed
709 3370 812 3408 non
845 3363 1099 3411 contenta
1136 3358 1240 3412 hoc
1275 3358 1388 3413 solo
1438 3368 1522 3413 est
1574 3376 1816 3426 uulnere,
1869 3362 1943 3416 ita

357 3449 419 3496 ut
439 3441 571 3495 nolit
593 3442 820 3511 amplius
850 3432 1053 3513 aliquid
1078 3460 1321 3515 quaerere
1350 3464 1364 3511 ;
1389 3447 1516 3516 quin
1549 3449 1725 3516 potius
1769 3456 1943 3503 certat

357 3532 639 3602 angustias
662 3534 942 3600 praesentis
962 3535 1086 3588 vitae
1113 3536 1364 3603 precibus
1393 3537 1634 3591 honestis
1661 3552 1938 3606 superare,

356 3631 415 3677 et
440 3622 514 3677 ita
550 3624 618 3679 ad
652 3625 888 3694 quietem
930 3639 1175 3694 superum
1224 3627 1412 3695 patria:
1466 3627 1695 3682 feliciter
1747 3642 1941 3699 perve-

357 3715 498 3769 nire.

438 3822 458 3856 ε
500 3803 752 3859 lnvocavi
771 3804 1058 3860 Dominum
1086 3804 1303 3861 Patrem
1334 3806 1545 3861 Domini
1572 3807 1695 3870 mei,
1745 3815 1808 3863 ut
1838 3823 1944 3864 non

364 3915 384 3949 ι
427 3896 765 3967 derelinquat
814 3913 902 3952 me
944 3898 998 3951 in
1032 3898 1119 3953 die
1162 3899 1528 3955 tribulationis
1565 3916 1718 3965 meaa,
1783 3909 1840 3955 et
1890 3901 1943 3956 in

364 4008 385 4041 ε
431 3996 672 4058 tempore
698 3992 1055 4059 superborum
1095 3992 1210 4047 sine
1234 3991 1519 4060 adjutorio.
1552 3992 1808 4049 Laudabo
1848 4009 1948 4049 no—

365 4097 385 4131 ι
431 4095 554 4134 men
578 4088 729 4133 tuum
767 4080 1002 4145 assidue,
1048 4089 1104 4135 et
1129 4081 1444 4137 collaudabo
1469 4083 1602 4138 illud
1647 4083 1701 4137 in
1735 4083 1947 4140 confes-

365 4187 387 4219 ι
431 4169 599 4223 sione.
638 4188 658 4221 ι
708 4169 835 4237 Dies
859 4170 1003 4224 enim
1026 4170 1388 4227 tribulationis
1430 4181 1486 4226 et
1508 4181 1716 4243 tempus
1760 4189 1949 4244 snper-

358 4260 574 4325 borum,
626 4275 866 4330 praesens
897 4268 984 4316 est
1012 4262 1145 4326 vita,
1197 4262 1289 4317 ubi
1323 4262 1833 4328 boni‘tribulantur,
1894 4270 1951 4317 et

2047 3167 2240 3223 delicta
2307 3167 2633 3238 juventutis'
2676 3177 2730 3223 et
2780 3169 3095 3239 ignorantiae
3140 3186 3250 3225 sua:
3319 3171 3631 3226 meminerit

2045 3258 2217 3331 (Psal.
2273 3256 2446 3350 xxxv):
2488 3276 2506 3310 ι
2562 3258 2700 3312 Hinc
2746 3261 2911 3312 etiam
2961 3258 3267 3329 Philosophi
3316 3260 3359 3313 Y
3389 3260 3627 3314 litteram

2045 3351 2294 3404 humanae
2342 3349 2469 3405 vita:
2524 3349 2948 3414 conformantes,
3026 3351 3302 3405 sinistram
3355 3352 3628 3406 tramitem

2043 3440 2288 3509 pueritiae
2316 3449 2372 3495 et
2401 3441 2798 3505 adolescentiae,
2833 3440 3082 3494 dextram
3113 3455 3238 3495 vero
3280 3441 3485 3511 apicem
3514 3441 3626 3495 for-

2045 3528 2172 3584 tiori
2203 3531 2348 3584 aetati
2372 3531 2708 3595 adscribunt,
2759 3532 2974 3599 quando
3017 3531 3129 3600 jam
3162 3532 3465 3586 intellectus
3491 3534 3627 3587 vali-

2046 3620 2164 3674 dior
2206 3622 2458 3690 reprobat
2511 3622 2794 3675 stultitiam
2831 3636 3021 3677 sensus
3048 3620 3265 3689 prioris.
3311 3619 3443 3675 Nam
3487 3623 3626 3676 hanc

2044 3709 2281 3766 litteram
2335 3713 2670 3782 Pythagoras
2739 3714 2806 3768 ad
2854 3712 3155 3782 exemplum
3214 3714 3335 3767 vita:
3381 3714 3631 3769 humanm

2045 3802 2251 3869 primus
2276 3802 2349 3855 ita
2376 3803 2628 3867 instituit,
2653 3805 2729 3857 uti
2754 3803 2959 3873 virgula
2980 3802 3245 3867 subtilior,
3275 3818 3394 3873 qua:
3437 3803 3491 3857 in
3520 3804 3629 3863 imo

2047 3901 2150 3957 est,
2185 3893 2447 3948 incertum
2475 3903 2673 3949 statum
2698 3895 2884 3964 prima:
2917 3895 3092 3948 aetatis
3128 3894 3476 3964 significaret,
3506 3911 3626 3965 qua:

2050 3982 2226 4037 adhuc
2246 3998 2345 4039 nec
2371 3985 2536 4049 vitiis,
2595 4002 2693 4040 nec
2728 3986 3018 4039 virtutibus
3068 3986 3244 4040 dedita
3271 3995 3384 4052 est;
3426 3988 3629 4045 bivium

2049 4085 2228 4129 autem
2256 4077 2399 4144 quod
2425 4085 2669 4145 superest
2715 4077 2780 4130 ab
2810 4076 3172 4131 adolescentia
3206 4078 3407 4147 incipit,
3458 4077 3611 4147 cujus

2048 4165 2237 4220 dextra
2276 4182 2400 4235 pars
2426 4172 2590 4221 ardua
2638 4176 2742 4231 est,
2791 4168 2885 4222 sc-l
2930 4168 2995 4221 ad
3049 4168 3258 4222 beatam
3312 4169 3479 4222 vitam
3505 4178 3626 4224 ten-

2050 4255 2202 4319 dens,
2245 4256 2463 4310 sinistra
2488 4256 2718 4322 facilior,
2769 4259 2867 4312 sed
2909 4259 2975 4312 ad
3027 4259 3200 4313 labem
3246 4259 3629 4328 interitumque

361 4350 511 4419 impii
534 4350 587 4404 in
624 4352 931 4420 superbiam
970 4352 1319 4407 extolluntur.
1370 4353 1502 4410 Orat
1546 4354 1690 4408 enim
1750 4369 1946 4425 sponsa
1972 4392 2026 4455 Β
2051 4352 2342 4405 deducens.
2388 4351 2462 4406 De
2491 4367 2593 4420 qua
2624 4354 2702 4407 sic
2737 4351 2953 4407 Persius
3000 4353 3075 4406 ait
3108 4370 3120 4405 :

360 4441 561 4497 Christi
585 4452 645 4497 ut
688 4443 831 4499 Deus
870 4445 1210 4515 omnipotens
1255 4445 1416 4500 Pater
1452 4445 1664 4501 Domini
1693 4446 1774 4501 sui
1818 4444 1946 4502 Jesu

361 4534 563 4590 Christi
609 4551 668 4591 se
704 4551 810 4590 non
855 4538 1191 4607 derelinquat
1231 4538 1287 4593 in
1318 4547 1561 4608 tempore
1604 4540 1947 4595 necessitatis

320 4620 493 4689 'suaa,
537 4626 753 4694 quando
783 4628 1033 4696 superbia
1062 4628 1403 4683 inimicorum
1433 4642 1551 4683 eam
1593 4628 1826 4701 atlligere
1855 4631 1948 4685 de-

361 4716 568 4770 siderat
609 4717 851 4771 cruciatu
881 4725 1295 4781 tormentorum,
1341 4720 1713 4788 promittitque
1751 4734 1810 4774 se
1849 4736 1947 4775 no-

360 4820 487 4860 men
519 4805 633 4877 ejus
659 4806 1266 4877 assitluetlaudaturam,
1310 4815 1361 4862 et
1394 4806 1707 4862 collaudarc
1730 4807 1861 4863 illud
1888 4809 1943 4862 in

352 4895 725 4964 confessione,
780 4898 882 4952 hoc
919 4904 1003 4951 est
1029 4897 1083 4951 in
1106 4896 1444 4952 confessione
1473 4898 1706 4952 nominis
1729 4897 1845 4966 ejus
1864 4914 1953 4953 us-

361 5002 470 5057 que
495 4986 549 5040 in
573 4986 735 5042 tinem
768 4989 892 5041 vita
915 5001 1306 5057 perseverare;
1343 4995 1399 5042 et
1424 4988 1579 5056 quasi
1605 4988 1718 5058 jam
1755 5003 1947 5044 secura

361 5079 437 5134 sit
481 5079 547 5134 de
572 5078 860 5148 impetrato
885 5078 1103 5143 auxilio,
1147 5080 1391 5148 sequitur
1424 5080 1644 5134 dicens:

441 5186 462 5219 ί
508 5167 773 5222 Exaudita
814 5175 899 5223 est
925 5168 1100 5223 oratio
1140 5182 1290 5235 mea;
1322 5169 1565 5223 liberasti
1586 5169 1732 5224 enim
1766 5183 1851 5223 me
1882 5168 1950 5223 de

368 5277 390 5309 ε
435 5258 755 5327 perditione,
807 5264 860 5312 et
904 5258 1149 5327 eripuisti
1180 5270 1267 5311 me
1316 5257 1383 5311 de
1427 5266 1667 5327 tempore
1714 5258 1943 5327 iniquo;

368 5368 390 5402 ί
436 5358 727 5419 propterea
774 5348 1094 5415 confitebor,
1152 5356 1209 5404 et
1249 5348 1462 5403 laudem
1513 5349 1687 5403 dicam
1720 5349 1837 5413 tibi,
1891 5358 1947 5402 et

371 5457 392 5490 ι
435 5440 750 5495 benedicam
783 5455 980 5495 nomen
1004 5439 1238 5494 Domini.
1278 5457 1298 5490 ι
1352 5436 1487 5492 Huic
1516 5439 1691 5493 simile
1717 5447 1798 5494 est
1816 5438 1946 5493 illud

364 5530 511 5599 quod
548 5532 602 5584 in
630 5541 784 5586 sexto
805 5531 1011 5601 psalmo
1043 5530 1332 5600 Propheta,
1378 5543 1500 5584 cum
1526 5529 1842 5599 deprecatus
1865 5537 1946 5583 est

367 5623 656 5678 Dominum
708 5638 859 5679 nese
889 5625 942 5677 in
988 5624 1068 5678 ira
1117 5630 1387 5694 argueret,
1441 5634 1615 5690 neque
1666 5625 1719 5676 in
1763 5620 1946 5676 furore

2176 4459 2233 4508 Et
2255 4462 2338 4509 ubi
2365 4466 2437 4509 cui
2463 4463 2647 4510 Samios
2671 4461 2872 4510 deduxit
2899 4459 3061 4508 littera
3090 4474 3270 4517 ramos.

2174 4523 2468 4582 Surgentem
2493 4526 2672 4571 dextro
2706 4524 2984 4581 monstravit
3010 4522 3166 4572 limite
3189 4523 3378 4572 callem.

2123 4645 2141 4678 ‹
2185 4626 2252 4680 Et
2273 4623 2520 4681 deﬂoruit
2575 4635 2828 4694 tanquam
2858 4639 3071 4693 przecox
3095 4639 3196 4679 uva
3227 4642 3239 4677 :
3275 4625 3512 4679 laetatum
3548 4638 3630 4682 est

2054 4736 2072 4768 ι
2114 4716 2403 4772 cornicum
2436 4718 2486 4771 in
2511 4732 2593 4771 ea.
2633 4716 2941 4770 Ambulavit
2963 4731 3055 4784 pes
3080 4731 3230 4770 meus
3262 4716 3364 4771 iter
3387 4725 3589 4771 rectum
3613 4738 3625 4772 :

2054 4826 2072 4859 ι
2117 4823 2146 4861 a
2170 4806 2452 4875 iuventute
2488 4822 2609 4861 mea
2644 4807 3032 4874 investigabam
3067 4822 3208 4860 eam.
3249 4826 3267 4859 ι
3314 4807 3460 4863 Bene
3498 4826 3632 4879 quo-

2052 4914 2156 4968 que
2218 4899 2467 4953 decorem
2510 4898 2787 4967 sapientia:
2838 4897 3104 4952 assimilat
3148 4912 3447 4967 praecoqua:
3493 4916 3627 4965 uvze,

2049 5000 2110 5044 ut
2136 4990 2381 5045 ostendat
2417 4988 2808 5057 jucunditatem
2843 4989 2980 5058 apud
3011 5004 3133 5043 eum
3157 4991 3392 5045 maxime
3429 4991 3628 5055 valere,

2057 5080 2143 5149 qui
2182 5079 2295 5149 jam
2325 5079 2391 5133 ad
2414 5093 2531 5133 eam
2562 5078 2878 5147 capiendam
2906 5087 3215 5148 promptam
3248 5080 3509 5149 impendit
3538 5096 3632 5133 vo-

2051 5166 2329 5221 luntatem.
2379 5166 2683 5236 Przecoqute
2728 5182 2859 5237 ergo
2906 5182 3024 5220 uva:
3057 5168 3181 5221 inde
3225 5177 3352 5223 sunt
3404 5176 3626 5227 vocate.

2040 5258 2192 5327 quod
2232 5257 2342 5312 cito
2379 5265 2766 5319 maturescant,
2819 5264 2873 5311 et
2897 5265 3022 5311 ante
3042 5272 3229 5311 omnes
3252 5256 3362 5309 sole
3387 5270 3625 5322 coquan-

2049 5354 2170 5400 tur:
2202 5346 2301 5401 has
2326 5345 2498 5401 Graeci
2533 5345 2681 5416 lagos
2705 5347 2910 5410 dicunt,
2951 5340 3092 5415 quod
3123 5350 3338 5398 current
3361 5340 3427 5393 ad
3455 5350 3628 5393 matu-

2040 5438 2268 5493 ritatem
2309 5438 2584 5501 velociter,
2634 5447 2692 5490 ut
2725 5437 2914 5507 lepus;
2946 5437 3088 5490 unde.
3114 5436 3226 5502 ipse
3251 5431 3380 5484 dicit
3410 5447 3421 5481 :
3456 5449 3475 5480 ι
3522 5429 3627 5495 Qui

2037 5546 2208 5587 ’mane
2256 5531 2596 5601 vigilaverint
2637 5531 2702 5585 ad
2736 5546 2855 5595 me,
2899 5526 3167 5581 invenient
3193 5537 3310 5584 me;
3352 5540 3371 5572 ι
3423 5529 3478 5576 et
3508 5523 3629 5591 quis

2048 5620 2243 5676 melius
2268 5634 2386 5674 eam
2409 5619 2648 5674 invenire
2671 5619 2889 5687 poterit,
2918 5630 3075 5686 quam
3105 5614 3151 5668 is
3174 5613 3266 5683 qui
3295 5612 3392 5666 iter
3420 5619 3629 5667 rectum
