3934 6186
344 293 486 351 1125

986 260 1049 339 B.
1089 280 1341 337 BADANI
1380 277 1600 335 MAURI
1640 274 1956 331 ARCIIIEP.
1994 273 2301 331 MOGUNT.
2343 272 2626 330 OI’ERUM
2665 271 2845 327 PARS
2882 272 2922 328 ι.

3468 274 3611 330 lli!

333 405 711 462 mandatorum
750 398 846 453 Dei
888 394 1170 452 custodit?
1209 393 1287 448 De
1332 406 1441 462 quo
1487 391 1749 460 scriptum
1794 398 1879 443 est
1906 404 1919 441 :
1951 392 1999 448 Α
2027 385 2259 440 laverint
2283 387 2350 440 ad
2379 401 2484 452 me,
2510 386 2786 442 invenient
2809 402 2896 441 me
2918 384 3099 457 (Prov.
3122 386 3263 455 vni).
3297 408 3316 441 ι
3348 389 3415 446 Et
3434 391 3611 447 alibi;

343 512 363 547 ι
405 490 752 561 Concupiscis
799 486 1141 555 sapientiam,
1181 498 1337 538 serva
1369 481 1642 546 mandata,
1693 488 1749 534 et
1778 479 1919 534 Deus

337 582 572 639 servabit
593 580 735 634 illam
763 577 857 630 tibi
890 573 1058 647 (Eccl.
1086 573 1148 643 ι).
1173 592 1192 625 i

415 693 434 725 ε
473 670 727 726 Incliiavi
776 668 983 722 modice
1006 680 1192 719 aurem
1225 678 1398 717 meam
1448 670 1501 717 et
1532 662 1718 731 excepi
1753 661 1917 725 illam,

344 782 361 815 ι
403 760 625 815 multam
657 758 835 812 inveni
882 757 933 810 in
970 756 1175 824 mcipso
1212 752 1554 823 sapientiam,
1599 760 1655 807 et
1694 751 1919 806 multum

343 872 361 903 ι
405 849 607 922 profeci
655 849 709 902 in
734 864 816 902 ea.
858 866 875 898 ι
925 847 1006 900 Ad
1047 843 1433 915 perfectionem
1473 843 1616 897 enim
1644 842 1921 911 sapientiae

340 940 625 1013 pervenire
650 955 754 992 non
777 947 859 992 est
877 936 1099 991 humani
1128 935 1312 999 studii,
1343 933 1436 988 sed
1466 932 1709 987 muneris
1730 931 1916 986 divini.

342 1030 496 1088 Unde
554 1030 825 1084 modicum
872 1027 974 1082 sibi
1031 1028 1240 1081 videtur
1288 1026 1535 1081 laborare
1582 1039 1681 1094 pro
1726 1024 1922 1092 adeptu

341 1137 548 1193 magna:
586 1119 971 1190 intelligentiae,
1019 1132 1184 1187 quam
1227 1116 1337 1171 Deo
1365 1116 1600 1171 donante
1643 1114 1921 1183 pra‘cepit.

339 1212 451 1269 Hoc
480 1222 659 1267 tamen
688 1210 966 1267 sciendum
1004 1208 1146 1278 quod
1172 1206 1339 1262 multa
1366 1205 1622 1260 distantia
1649 1211 1731 1258 est
1783 1203 1924 1259 inter

339 1303 579 1359 studiose
604 1308 935 1371 quaerentem
964 1305 1020 1353 et
1046 1297 1315 1353 desidiose
1367 1296 1749 1366 negligentem.
1799 1292 1926 1348 Om-

339 1394 425 1448 nis
449 1392 593 1447 enim
624 1392 714 1461 qui
736 1390 873 1460 petit
896 1388 1112 1459 accipit,
1171 1396 1226 1443 et
1250 1387 1342 1457 qui
1369 1386 1566 1456 quierit
1593 1384 1820 1449 invenit,
1869 1391 1926 1439 et

339 1481 573 1552 pulsanti
601 1481 890 1550 aperietur.
922 1478 1024 1544 Qui
1047 1485 1225 1531 autem
1253 1475 1520 1531 desidiose
1546 1474 1677 1546 agit,
1710 1473 1923 1528 lucrum

341 1572 484 1642 quod
508 1571 736 1642 adipisci
763 1586 859 1641 per
883 1569 1159 1625 solertiam
1187 1567 1380 1638 potuit,
1415 1581 1510 1637 per
1539 1564 1922 1637 negligentiam

341 1662 537 1734 perdit.

343 1861 473 1917 ergo
498 1846 589 1901 dat
618 1845 840 1914 gloriam
872 1842 1046 1896 datori
1072 1840 1312 1895 omnium
1339 1840 1606 1893 bonorum
1655 1851 1753 1905 pro
1784 1837 1924 1891 dono

346 1936 624 2008 sapientiae
657 1935 757 1989 sibi
786 1947 1065 1998 concesso,
1120 1932 1244 2002 quia
1298 1930 1433 1985 tanti
1469 1928 1708 1984 muneris
1754 1926 1925 1997 possi-

346 2025 476 2081 dere
504 2024 807 2094 largitatem
829 2012 1069 2095 agnoscit
1087 2037 1191 2077 non
1213 2036 1323 2075 suae
1337 2019 1588 2084 solertiae,
1614 2019 1709 2073 sed
1731 2018 1926 2072 divina:

343 2116 551 2189 gratiae.
596 2114 699 2169 Sed
727 2112 996 2183 quomodo
1013 2112 1218 2183 justum
1246 2119 1331 2165 est
1371 2118 1431 2164 ut
1468 2116 1591 2180 post
1613 2118 1925 2178 perceptum

345 2207 544 2262 donum
584 2204 952 2275 intelligentia:
1000 2204 1160 2258 homo
1191 2202 1539 2270 semetipsum
1580 2210 1834 2255 exerceat
1870 2199 1926 2253 in

346 2297 487 2353 bona
565 2294 917 2365 operatione,
982 2292 1084 2347 iste
1141 2300 1355 2346 amator
1407 2291 1602 2345 divina:
1650 2288 1928 2360 sapientia:

346 2402 503 2443 suum
545 2384 852 2454 exemplum
900 2393 1297 2452 consequenter
1347 2379 1552 2450 profert
1588 2381 1640 2436 in
1669 2380 1924 2446 medium,

348 2485 408 2531 ut
452 2477 667 2532 auditor
718 2476 958 2530 intentus
986 2488 1142 2527 suum
1185 2472 1427 2527 imitetur
1474 2470 1731 2526 studium.

426 2585 445 2618 ι
490 2565 817 2621 Consiliatus
846 2579 965 2619 sum
988 2564 1134 2617 enim
1167 2572 1227 2616 ut
1256 2561 1492 2617 facerem
1516 2561 1683 2615 illam.
1714 2560 1930 2617 Zelatus

356 2672 377 2708 ι
422 2670 540 2711 sum
563 2655 786 2719 bonum,
818 2661 872 2709 et
895 2668 1000 2708 non
1023 2651 1360 2718 confundar;
1395 2651 1678 2707 colluctata
1705 2659 1790 2706 est
1817 2651 1932 2707 ani-

358 2765 378 2800 ‹
421 2742 510 2802 nia
550 2761 670 2801 mea
708 2746 763 2800 in
793 2745 905 2811 illa,
952 2754 1008 2800 et
1045 2745 1098 2799 in
1132 2745 1374 2800 faciendo
1422 2759 1543 2799 eam
1582 2742 1933 2799 confirmatus

358 2856 378 2890 σ
421 2853 561 2893 sum.
599 2855 619 2888 ι
664 2835 895 2891 Attende
922 2835 1064 2905 quod
1090 2835 1323 2904 primum
1346 2834 1479 2888 dicit
1511 2848 1572 2888 se
1600 2834 1765 2889 inisse
1803 2848 1932 2889 con-

356 2931 536 2987 silium
578 2937 638 2983 ut
666 2928 869 2983 faceret
897 2927 1062 2993 illam,
1111 2925 1302 2981 deinde
1331 2926 1459 2981 boni
1506 2924 1623 2982 zelo
1672 2926 1929 2983 exardes-

350 3035 496 3083 cere,
534 3027 720 3090 postea
749 3018 985 3072 animam
1015 3032 1169 3072 suam
1224 3017 1277 3071 in
1312 3010 1398 3070 illa
1423 3016 1734 3081 colluctare,
1773 3024 1829 3071 et
1876 3016 1931 3071 in

357 3110 604 3167 faciendo
654 3123 774 3165 eam
823 3122 882 3163 se
917 3105 1294 3179 confirmatum
1331 3119 1472 3173 esse,
1529 3114 1585 3161 et
1633 3104 1932 3175 intelligere
1961 3090 2004 3152 C

352 3202 496 3273 quod
522 3201 757 3273 primum
781 3196 864 3254 esi
883 3199 1172 3254 ineundum
1207 3198 1488 3254 consilium
1535 3205 1597 3252 ut
1620 3208 1935 3253 secernatur

351 3296 553 3351 bonum
582 3308 613 3347 a
636 3292 796 3346 malo.
822 3291 1023 3345 Deinde
1045 3291 1372 3348 voluntatem
1396 3292 1464 3346 ad
1488 3292 1592 3347 hoc
1619 3293 1935 3348 vertendam

354 3392 417 3440 ut
453 3385 507 3439 id
547 3383 689 3453 quod
735 3384 933 3438 bonum
981 3391 1064 3438 est
1110 3394 1338 3441 ametur.
1390 3380 1671 3440 Postremo
1696 3386 1935 3441 studium

356 3474 485 3530 boni
521 3475 700 3545 operis
744 3473 1126 3540 adhibendum,
1151 3485 1207 3531 et
1234 3476 1307 3530 ita
1347 3486 1405 3530 ut
1448 3492 1554 3531 non
1593 3492 1761 3546 parvo
1802 3485 1938 3532 tem-

359 3581 489 3637 pore
511 3567 605 3621 sed
632 3567 888 3621 continuo
917 3582 981 3621 ac
1024 3566 1248 3622 feliciter
1274 3568 1327 3621 in
1374 3568 1563 3623 eodem
1594 3577 1791 3626 conatu
1817 3586 1937 3640 per-

361 3662 598 3709 maneat.
633 3653 725 3711 Sic
753 3656 896 3709 enim
925 3656 1273 3712 confirmatus
1300 3656 1366 3711 ad
1398 3656 1630 3713 fructum
1661 3660 1940 3729 perveniet

358 3746 654 3816 sapientiai.
689 3745 837 3803 Unde
880 3746 936 3800 in
976 3745 1284 3802 Proverbiis
1332 3746 1445 3816 ipsa
1493 3746 1768 3817 Sapientia
1810 3748 1886 3802 ait
1919 3766 1933 3802 :

363 3857 383 3891 ι
421 3837 595 3893 Meum
624 3847 708 3892 est
731 3836 1038 3903 consilium,
1062 3844 1118 3892 et
1155 3836 1400 3906 mquitas,
1429 3854 1547 3893 mea
1581 3846 1663 3893 est
1704 3838 1939 3907 pruden-

359 3927 457 3994 tia,
486 3942 605 3982 mea
633 3935 717 3983 est
736 3927 1013 3983 fortitudo.
1040 3927 1097 3981 ln
1121 3925 1459 3995 viisjnstitize
1484 3928 1718 3993 ambulo,
1744 3928 1796 3982 in
1828 3942 1941 3982 me-

357 4018 448 4074 dio
485 4019 798 4074 semitarum
831 4016 1040 4086 judicii,
1066 4028 1123 4072 ut
1165 4018 1328 4072 ditem
1367 4018 1652 4088 diligentes
1684 4033 1790 4083 me,
1821 4018 1940 4073 the-

357 4100 548 4164 saurOs
575 4122 760 4162 eorum
785 4108 1021 4178 repleam
1047 4106 1227 4178 (Prov.
1256 4106 1393 4178 vui).
1425 4127 1444 4160 ι

435 4216 454 4250 ι
489 4197 677 4253 Manus
707 4212 855 4253 meas
898 4196 1115 4252 extendi
1166 4197 1219 4250 in
1268 4197 1458 4262 altum,
1486 4205 1537 4253 et
1574 4198 1626 4252 in
1675 4197 1939 4273 sapientia

363 4308 383 4343 ι
417 4286 535 4358 ejus
553 4286 690 4343 luxit
713 4287 893 4341 anima
937 4301 1073 4353 mea,
1103 4295 1158 4342 et
1198 4287 1533 4358 ignorantias
1571 4304 1720 4345 meas
1744 4289 1941 4346 illumi—

365 4397 383 4429 ι
421 4377 588 4433 navit.
620 4375 872 4430 Animam
911 4391 1087 4431 meam
1116 4377 1288 4432 direxi
1326 4378 1395 4432 ad
1425 4377 1591 4444 illam,
1618 4386 1674 4433 et
1709 4379 1764 4433 in
1787 4380 1938 4450 agni-

364 4484 383 4518 ι
420 4466 565 4520 tione
599 4464 776 4519 inveni
797 4480 939 4519 eam.
971 4464 1192 4521 Possedi
1219 4481 1339 4522 cum
1366 4468 1483 4537 ipsa
1525 4484 1618 4524 cor
1642 4469 1711 4523 ab
1736 4469 1889 4524 initio
1917 4488 1931 4523 :

364 4577 383 4612 ι
419 4569 639 4630 propter
663 4560 767 4615 hoc
792 4575 899 4615 non
924 4559 1287 4628 derelinquar.
1328 4579 1347 4611 ι
1379 4560 1568 4616 Manus
1611 4562 1855 4616 extendit
1879 4562 1935 4617 in

359 4652 548 4717 altum,
572 4653 663 4722 qui
688 4652 938 4722 precibus
960 4651 1065 4720 piis
1101 4666 1395 4720 supernum
1426 4653 1619 4721 quaerit
1653 4653 1930 4718 auxilium,

361 4743 417 4798 in
442 4744 703 4813 sapientia
738 4742 882 4798 illius
919 4740 1085 4797 eluxit
1131 4741 1334 4807 anima,
1358 4741 1451 4811 qui
1488 4742 1555 4796 ad
1582 4741 1727 4796 illam
1770 4743 1939 4799 medi-

361 4833 580 4889 tandam
621 4833 882 4889 benevola
923 4831 1107 4903 dirigit
1149 4832 1466 4902 praecordia.
1511 4832 1664 4887 Unde
1699 4832 1753 4885 in
1783 4833 1934 4902 agni-

365 4924 509 4978 tione
547 4922 716 4991 ipsius
744 4921 980 4977 inveniet
1006 4936 1146 4987 eam,
1174 4921 1280 4978 hoc
1317 4931 1402 4978 est
1434 4921 1579 4977 enim
1622 4922 1939 4992 sapientiam

366 5014 610 5069 invenire
636 5014 935 5070 illuminata
969 5023 1149 5069 mente
1184 5014 1414 5084 pleniter
1436 5028 1556 5069 eam
1585 5015 1860 5085 accipere;
1886 5024 1943 5072 et

368 5105 623 5177 quoniam
667 5106 772 5161 hoc
806 5122 916 5161 non
958 5106 1080 5161 aliis
1116 5107 1428 5162 conceditur
1465 5107 1688 5173 donum,
1728 5107 1832 5163 nisi
1871 5106 1937 5162 il-

364 5197 433 5252 lis
460 5194 552 5266 qui
600 5194 655 5249 in
684 5193 801 5262 ejus
841 5196 1181 5265 perceptione
1211 5203 1515 5265 prieparant
1538 5212 1634 5251 cor
1661 5197 1938 5262 mundum,

364 5289 490 5346 ideo
521 5287 653 5344 dicit
678 5305 692 5341 :
731 5305 750 5337 i
776 5284 994 5340 Possedi
1019 5300 1141 5340 cum
1168 5284 1299 5353 ipsis
1321 5300 1416 5339 cor
1433 5285 1503 5338 ab
1531 5286 1702 5341 initio.
1733 5304 1753 5338 ι
1785 5285 1863 5341 Ac
1889 5288 1937 5342 si

366 5381 590 5445 diceret,
621 5398 640 5431 ι
674 5378 847 5433 Dilexi
871 5390 990 5432 eam
1009 5392 1144 5447 puro
1165 5376 1327 5430 corde
1352 5376 1421 5429 ab
1450 5376 1624 5442 initio,
1655 5387 1940 5446 propterea

366 5487 476 5530 non
504 5470 883 5541 derelinquar:
913 5486 933 5522 ι
960 5465 1291 5538 impossibile
1313 5473 1398 5521 est
1433 5465 1578 5520 enim
1607 5474 1667 5519 ut
1711 5481 1939 5523 exsecu-

368 5568 456 5615 tor
481 5574 623 5616 verie
643 5560 916 5628 sapientia:
934 5556 1337 5626 derelinquatur
1364 5556 1433 5612 ab
1454 5570 1539 5621 ea,
1563 5571 1686 5612 cum
1723 5557 1838 5627 ipsa
1856 5558 1940 5613 di-

366 5661 500 5706 cat:
536 5668 557 5703 ι
591 5651 707 5722 Ego
738 5650 1021 5721 diligentes
1050 5663 1138 5705 me
1157 5647 1397 5719 diligam,
1424 5655 1480 5704 et
1501 5647 1594 5719 qui
1616 5662 1773 5705 mane
1800 5649 1938 5720 vigi-

2028 501 2047 533 i
2085 481 2187 549 Qui
2231 490 2524 552 operantur
2552 482 2607 536 in
2650 497 2757 545 me,
2794 496 2898 535 non
2948 482 3275 551 peccabunt,
3305 483 3397 553 qui
3433 483 3618 539 eluci-

2023 571 2154 627 dant
2181 586 2288 634 me,
2316 572 2483 625 vitam
2513 580 2770 625 :eternam
2801 571 3074 625 habebunt
3100 570 3269 642 (Eccl.
3304 572 3477 645 xxiv).
3514 593 3535 625 ι

2099 683 2116 715 i
2152 663 2352 719 Venter
2379 679 2534 718 meus
2584 665 2939 718 conturbatus
2980 673 3065 719 est
3098 666 3385 733 quaerendo
3414 665 3565 720 illam
3597 685 3614 719 :

2028 770 2048 804 ι
2080 760 2365 822 propterea
2400 753 2684 823 possidebo
2728 753 2921 806 bonam
2960 754 3375 822 possessionem.
3407 774 3425 806 ι
3455 754 3620 821 Quod

2023 844 2156 900 dicit
2202 852 2448 898 ventrem
2481 860 2638 898 suum
2674 846 3054 899 conturbatum
3093 844 3411 913 inquirendo
3440 845 3617 909 illam,

2023 936 2107 989 vel
2151 936 2252 990 hoc
2294 935 2532 989 insinuat
2570 934 2714 1003 quod
2764 934 2816 987 in
2850 933 2964 1001 ejus
3010 933 3359 989 meditatione
3389 934 3619 987 anxium

2023 1024 2557 1087 habueritanimum,
2588 1023 2714 1091 quia
2748 1023 2922 1077 omnis
2949 1022 3231 1091 disciplina
3261 1024 3314 1077 in
3361 1024 3618 1093 praesenti

2025 1128 2206 1167 amara
2237 1123 2349 1178 est;
2381 1113 2463 1167 vel
2494 1114 2596 1167 hoc
2639 1113 2854 1166 intimat
2896 1114 3038 1182 quod
3079 1129 3177 1183 per
3220 1115 3336 1184 ejus
3364 1115 3619 1169 notitiam

2027 1205 2094 1258 ad
2127 1215 2472 1274 peccatorum
2501 1219 2721 1259 suorum
2744 1213 3099 1273 compunctus
3120 1203 3186 1258 si'
3213 1205 3617 1273 pmnitentiam.

1980 1292 1997 1301 “
2026 1294 2181 1350 Unde
2208 1297 2467 1365 scriptum
2494 1305 2579 1350 est
2608 1313 2620 1348 :
2654 1316 2672 1347 i
2709 1296 2808 1361 Qui
2841 1297 2989 1349 addit
3016 1296 3300 1351 scientiam
3346 1298 3497 1352 addit
3525 1301 3622 1353 do-

2028 1386 2195 1441 lorem
2224 1404 2238 1439 :
2272 1405 2291 1437 ι
2324 1386 2447 1440 hinc
2468 1394 2524 1439 et
2550 1384 2786 1441 Joannes
2817 1386 2868 1439 in
2896 1385 3215 1457 Apocalypsi
3238 1397 3443 1453 narrat,
3471 1389 3616 1458 quod

2026 1480 2250 1552 angelus
2288 1479 2445 1534 daret
2471 1480 2571 1534 sibi
2599 1480 2817 1541 librum,
2852 1490 2906 1534 et
2927 1480 3132 1535 diceret
3157 1482 3208 1535 ei
3233 1498 3245 1533 :
3278 1500 3297 1531 ι
3324 1482 3528 1551 Accipe
3555 1483 3622 1536 lio

2026 1570 2205 1633 brum,
2234 1577 2292 1623 et
2314 1570 2510 1622 devora
2540 1568 2687 1622 illum
2715 1585 2729 1622 :
2761 1578 2817 1623 et
2846 1567 3003 1623 faciet
3036 1570 3340 1625 amaricare
3370 1581 3620 1627 ventrem

2029 1668 2202 1723 tuum,
2228 1660 2321 1716 sed
2344 1659 2396 1713 in
2431 1674 2526 1715 ore
2555 1667 2648 1715 tuo
2674 1660 2779 1714 erit
2806 1658 2961 1714 dulce
2993 1668 3245 1729 tanquam
3272 1662 3397 1716 mel.
3426 1662 3496 1716 Et
3529 1679 3622 1717 ac.

420 1714 639 1810 {bimi
680 1754 810 1808 mihi
858 1752 1179 1823 sapientiam
1210 1714 1638 1820 dabo'gloriam.
1680 1766 1698 1798 ι
1754 1746 1923 1801 Recte
1951 1736 1996 1795 Β
2030 1753 2146 1823 cepi
2187 1714 2447 1807 libellum
2477 1752 2544 1807 de
2584 1714 2746 1806 manu
2793 1750 2990 1821 angeli,
3021 1760 3078 1806 et
3099 1714 3617 1807 ldevoraviiil‘lnmi:

2025 1853 2082 1900 et
2108 1854 2227 1900 erat
2253 1843 2307 1898 in
2335 1859 2431 1899 ore
2463 1858 2583 1899 meo
2625 1852 2882 1911 tanquam
2920 1842 3025 1897 mel
3052 1842 3226 1898 dulce.
3253 1844 3319 1898 Et
3363 1860 3486 1900 cum
3524 1847 3622 1900 de-

2024 1950 2302 1990 vorassem
2330 1950 2476 2000 eum,
2504 1934 2832 1989 amaricatus
2879 1941 2963 1988 est
3011 1944 3202 1989 venter
3252 1936 3617 2007 meus(Apor.

2026 2024 2104 2097 x).
2128 2044 2146 2077 ι
2167 2025 2273 2080 Sed
2295 2025 2536 2095 possidet
2556 2024 2609 2078 in
2630 2025 2733 2079 hoc
2756 2025 2950 2079 bonam
2969 2024 3384 2092 possessionem,
3398 2027 3622 2094 quando

2024 2131 2124 2187 per
2142 2114 2511 2184 hujuscemodi
2531 2113 2939 2169 conversionem
2962 2113 3030 2167 ad
3050 2121 3309 2168 aeternam
3334 2114 3621 2183 perveniet

2028 2205 2288 2273 requiem.
2324 2223 2342 2256 ι
2373 2204 2474 2271 Qui
2511 2203 2656 2258 enim
2707 2218 3002 2258 conversus
3038 2203 3386 2273 ingemuerit,
3423 2204 3619 2258 salvus

2028 2298 2134 2351 erit
2156 2295 2373 2367 (Ezech.
2406 2293 2523 2366 in);
2571 2314 2589 2346 ι
2625 2301 2702 2360 et,
2738 2312 2756 2345 ι
2790 2294 2938 2349 Beati
2968 2294 3062 2362 qui
3086 2294 3269 2364 lugent
3296 2310 3462 2360 nunc,
3487 2310 3627 2365 quo-

2028 2386 2175 2441 niam
2213 2385 2318 2455 ipsi
2347 2385 2770 2441 consolabuutur
2793 2383 3004 2455 (Matth.
3027 2384 3103 2455 v).
3134 2404 3154 2437 ι

2100 2494 2123 2530 ι
2171 2476 2329 2532 Dedit
2373 2477 2517 2532 enim
2565 2476 2699 2531 mihi
2736 2477 2993 2531 Dominus
3040 2475 3276 2545 linguam
3311 2478 3627 2533 mercedem

2036 2587 2054 2620 ι
2086 2582 2283 2632 meam,
2311 2576 2367 2622 et
2399 2567 2453 2622 in
2481 2568 2598 2638 ipsa
2629 2567 2862 2622 laudabo
2885 2581 3031 2622 eum.
3066 2586 3086 2618 ι
3116 2565 3265 2621 Bona
3295 2582 3510 2622 merces
3540 2577 3630 2623 est

2030 2659 2212 2731 lingua
2232 2660 2446 2715 erudita
2484 2669 2541 2715 et
2584 2658 2712 2715 boni
2743 2658 2937 2729 loqu-ax
2967 2676 2981 2711 :
3014 2673 3176 2727 quam
3208 2658 3301 2727 qui
3349 2658 3497 2713 dono
3524 2658 3628 2714 Dei

2032 2751 2215 2817 habet,
2249 2752 2417 2807 Deum
2448 2759 2596 2807 recte
2625 2750 2868 2813 laudare,
2901 2757 2958 2803 et
2988 2750 3298 2819 proximum
3331 2765 3492 2803 suum
3522 2750 3629 2805 rite

2032 2841 2176 2899 valet
2198 2841 2490 2897 instruere.
2525 2838 2677 2895 Unde
2695 2854 2792 2910 per
2815 2838 3013 2893 Isaiam
3033 2838 3231 2893 dicitur
3262 2856 3276 2891 :
3307 2857 3327 2890 ι
3360 2839 3629 2893 Dominus

2035 2932 2183 2988 dedit
2211 2930 2342 2987 mihi
2389 2930 2624 3001 linguam
2653 2929 2944 2993 eruditam,
2992 2936 3053 2983 ut
3096 2929 3268 2984 sciam
3312 2938 3630 2987 sustentare

2037 3039 2159 3078 eum
2185 3037 2277 3093 qui
2298 3022 2481 3092 lapsus
2500 3031 2586 3077 est
2613 3021 2799 3076 verbo.
2833 3040 2852 3074 ι

2112 3133 2131 3165 ‹
2151 3112 2592 3183 Appropinquate
2620 3112 2687 3167 ad
2710 3126 2819 3176 me,
2849 3111 3070 3175 indocti,
3097 3120 3153 3167 et
3178 3114 3506 3185 congregate
3531 3130 3629 3169 vos

2039 3220 2059 3254 ι
2092 3203 2146 3257 in
2177 3202 2398 3257 domum
2427 3202 2742 3271 disciplinae.
2771 3201 2839 3254 Et
2870 3202 3000 3271 quid
3025 3204 3203 3257 adhuc
3233 3206 3544 3268 retardatis,
3570 3214 3628 3260 et

2039 3311 2058 3345 ι
2090 3292 2221 3362 quid
2242 3291 2421 3347 dicitis
2442 3291 2497 3345 in
2519 3290 2636 3346 his?
2657 3290 2851 3345 anima:
2876 3300 3070 3347 vestrae
3110 3292 3302 3346 sitiunt
3324 3294 3625 3349 vehemen-

2040 3399 2059 3434 ι
2094 3392 2194 3438 ter.
2225 3401 2244 3436 ι
2277 3381 2537 3437 Hortatur
2559 3381 2645 3435 vir
2673 3380 2888 3450 sapiens
2943 3388 3169 3451 paterno
3215 3380 3415 3437 aﬂ'ectu
3467 3384 3628 3438 indo-

2035 3486 2154 3534 ctos
2176 3486 2339 3547 atque
2381 3474 2808 3545 indisciplinatos
2840 3475 3107 3540 homines,
3134 3484 3196 3529 ut
3232 3476 3351 3531 sine
3379 3477 3629 3531 retarda-

2036 3570 2182 3625 tione
2208 3577 2369 3637 atque
2411 3565 2836 3621 contradictione
2865 3573 3156 3634 properent
3196 3572 3255 3618 et
3287 3576 3626 3634 congregem

2035 3675 2095 3717 se
2115 3660 2171 3715 in
2190 3660 2405 3714 domum
2424 3656 2739 3727 disciplinae,
2753 3671 2873 3725 qua:
2888 3662 2972 3710 est
2988 3653 3250 3717 Ecclesia,
3279 3655 3370 3710 ubi
3390 3656 3628 3725 prodat-

2036 3752 2111 3806 tia
2139 3765 2270 3805 vera
2293 3749 2537 3814 discitur,
2566 3757 2622 3802 et
2664 3762 2875 3802 morum
2904 3747 3160 3801 honestas
3203 3747 3422 3801 assidue
3453 3746 3624 3802 habe-

2037 3849 2154 3908 tur;
2186 3856 2287 3897 nec
2314 3855 2420 3895 non
2445 3846 2500 3892 et
2516 3853 2610 3893 eos
2640 3837 2819 3908 arguit
2838 3844 2894 3891 et
2918 3837 3278 3905 reprehendit,
3307 3837 3451 3907 quod
3492 3837 3623 3891 dum

2037 3932 2183 3987 sitim
2205 3929 2358 3985 verbi
2386 3927 2481 3984 Dei
2505 3928 2803 3997 patiantur,
2829 3925 3171 3996 refrigerium
3212 3926 3474 3981 doctrina:
3510 3927 3625 3995 spi—

2038 4020 2212 4076 ritalis
2259 4019 2431 4074 nolint
2474 4017 2737 4087 recipere,
2767 4024 2824 4071 et
2878 4015 3008 4085 quid
3046 4015 3149 4071 sibi
3197 4014 3504 4070 faciendum
3549 4016 3625 4069 sit

2036 4116 2284 4183 protinus
2305 4109 2679 4181 subjungendo
2707 4106 3036 4162 manifestat.

2113 4224 2132 4257 i
2165 4205 2366 4276 Aperui
2418 4218 2482 4260 os
2518 4217 2718 4267 meum,
2760 4210 2815 4256 et
2861 4201 3071 4255 locutus
3113 4215 3232 4255 sum
3261 4198 3623 4270 :Comparate

2045 4315 2065 4349 ι
2098 4296 2251 4353 vobis
2280 4296 2397 4352 sine
2428 4301 2654 4365 argento
2697 4291 3042 4361 sapientiam,
3072 4299 3127 4345 et
3152 4289 3350 4345 collum
3378 4299 3620 4344 vestrum

2045 4408 2064 4441 i
2097 4387 2345 4457 subjicite
2362 4385 2492 4457 jugo
2520 4383 2655 4453 ejus,
2684 4392 2740 4440 et
2765 4384 3025 4452 suscipiat
3046 4383 3226 4437 anima
3253 4391 3432 4437 vestra
3458 4382 3624 4437 disci-

2045 4496 2064 4529 ι
2098 4477 2320 4547 plinam.
2349 4475 2407 4529 1n
2430 4475 2675 4544 proximo
2693 4480 2777 4528 est
2797 4472 2942 4527 enim
2987 4472 3230 4526 invenire
3256 4485 3399 4525 eam.
3432 4490 3453 4522 ι
3484 4470 3625 4524 Mer-

2036 4568 2331 4624 ciinonium
2357 4566 2622 4636 optimum
2649 4573 2753 4627 est,
2785 4563 2873 4617 ubi
2919 4561 3133 4617 devotio
3173 4562 3278 4616 hoc
3320 4560 3622 4631 promereri

2037 4658 2198 4726 valet,
2225 4658 2368 4729 quod
2403 4656 2754 4727 pecuniarum
2791 4654 3014 4725 grandis
3048 4654 3291 4724 impensa
3329 4654 3624 4722 impetrare

2036 4765 2143 4806 non
2172 4757 2381 4820 potest;
2409 4747 2503 4817 qui
2531 4761 2660 4817 ergo
2688 4745 2896 4800 intente
2940 4744 3122 4808 discit,
3162 4753 3219 4798 et
3264 4743 3626 4814 disciplinaLi-

2036 4842 2160 4896 liter
2185 4840 2336 4904 vivit,
2361 4840 2557 4895 donum
2585 4838 2821 4894 caelestis
2865 4837 3139 4905 sapientizc
3180 4838 3451 4892 veraciter
3485 4838 3625 4892 obti-

2041 4932 2208 4988 nebit.
2242 4931 2378 4985 Huic
2399 4931 2679 4986 sententia:
2706 4928 2882 4985 simile
2918 4938 3003 4983 est
3028 4928 3157 4983 illud
3183 4927 3363 4994 Isaiae,
3391 4943 3502 4998 quo
3542 4928 3625 4983 di—

2040 5020 2151 5075 cit:
2178 5039 2197 5071 ι
2224 5018 2425 5075 Omnes
2467 5018 2711 5073 sitientes
2740 5018 2919 5073 venite
2943 5018 3011 5074 ad
3033 5032 3203 5088 aquas
3235 5026 3329 5072 :et
3374 5018 3469 5087 qui
3516 5033 3623 5072 non

2040 5111 2251 5166 habetis
2299 5117 2604 5178 argentum,
2648 5118 2958 5179 properate,
3002 5109 3186 5174 emite,
3231 5117 3290 5163 et
3332 5109 3622 5165 comedite.

2042 5201 2254 5265 Venite,
2286 5200 2451 5256 emite
2502 5200 2706 5269 absque
2743 5208 2970 5270 argento
3001 5208 3055 5255 et
3083 5201 3293 5269 absque
3329 5199 3440 5254 ulla
3477 5215 3626 5255 eom-

2042 5290 2341 5345 niutatione
2363 5290 2546 5344 vinum
2574 5298 2629 5345 et
2655 5290 2758 5345 lae.
2786 5289 2967 5357 Quare
3009 5290 3313 5361 appenditis
3339 5301 3626 5361 argentum

2039 5396 2147 5435 non
2188 5380 2244 5434 iu
2275 5381 2525 5450 panibus,
2551 5389 2607 5436 et
2649 5380 2890 5436 laborem
2920 5391 3158 5437 vestrum
3194 5397 3302 5436 non
3344 5382 3399 5436 in
3425 5382 3628 5437 saturi-

2039 5472 2184 5525 tate?
2208 5470 2402 5525 Audite
2446 5470 2725 5525 audientes
2769 5486 2875 5536 me,
2907 5480 2963 5527 et
3006 5472 3274 5527 comedite
3317 5472 3541 5537 bonum,
3570 5480 3629 5526 et

2039 5559 2396 5615 delectabitur
2418 5559 2476 5613 in
2493 5560 2858 5617 crassitudine
2883 5563 3060 5616 anima
3084 5569 3262 5616 vestra
3289 5560 3445 5622 (Iani.
3476 5560 3584 5626 ιν).
3599 5580 3623 5612 ι

2042 5649 2234 5722 Spreto
2264 5650 2432 5722 igitur
2471 5650 2562 5707 illo
2589 5659 2816 5721 argento
2847 5660 2905 5708 et
2943 5654 3207 5723 pecuniis,
3229 5653 3430 5722 quibus
3454 5665 3630 5719 aquas
