3928 6168
269 220 411 276 Ηέΰ

989 220 1339 278 COMMENT.
1382 219 1448 275 IN
1485 219 1729 275 uanos
1768 218 2343 278 manusuam.
2386 251 2455 261 —
2490 198 2891 279 ramosas?

3408 220 3543 279 H28

266 336 484 396 Domini
508 349 691 392 emere
721 350 825 391 non
851 350 1157 405 possumus,
1186 351 1474 407 pergamus
1517 337 1584 390 ad
1614 350 1737 391 eum
1766 337 1856 406 qui
1887 341 1933 400 Λ
1963 336 2152 390 mium.
2204 336 2498 393 Pretiosior
2550 347 2635 394 est
2684 352 2813 410 ergo
2856 337 3135 410 disciplina
3179 336 3549 398 ecclesiastica

268 440 463 485 tenens
500 425 731 482 calicem
776 426 1105 480 sacramenti
1167 426 1446 496 discipulis
1492 426 1859 495 loquebatur:

272 541 292 572 ι
323 518 571 588 Accipite
598 526 654 571 et
674 516 866 581 bibite,
894 515 984 571 hic
1004 524 1089 571 cst
1114 517 1335 587 sanguis
1353 531 1506 571 meus
1526 518 1617 585 qui
1644 532 1744 586 pro
1773 533 1865 572 vo-

268 611 353 667 bis
395 609 704 665 ell'undetur
751 608 805 662 in
839 608 1214 664 remissionem
1256 618 1600 679 peccatorum
1648 609 1861 680 (ΜαιιΙι.

268 702 445 774 xxvi).
479 721 500 754 ι
533 700 687 768 Quod
717 701 903 755 vinum
932 701 1170 767 miscuit,
1195 711 1249 756 et
1276 705 1541 774 sapientia
1573 706 1625 759 in
1657 712 1866 759 cratere

268 810 372 851 suo
416 808 608 850 omnes
663 791 860 847 stultos
904 793 1086 848 szeculi
1115 834 1130 858 ,
1190 795 1485 865 mundique
1544 795 1863 864 sapientiam

267 902 379 940 non
423 883 687 939 habentes
730 898 1035 954 provocans
1067 884 1135 939 ad
1180 883 1492 951 bibendum,
1536 894 1588 940 et
1636 901 1742 940 non
1772 899 1864 937 so-

265 981 384 1036 lum
405 980 595 1035 vinum
625 993 891 1044 emamus,
915 979 1010 1034 sed
1054 987 1111 1034 et
1146 979 1231 1035 lac
1263 999 1274 1032 :
1304 981 1446 1049 quod
1491 980 1758 1051 significat
1793 980 1868 1033 in-

270 1069 582 1125 nocentiam
625 1068 993 1138 parvulorum.
1045 1068 1123 1124 De
1192 1085 1301 1139 quo
1354 1070 1497 1125 lacte
1546 1070 1761 1125 dicebat
1812 1077 1869 1124 et

270 1162 475 1217 Paulus
503 1179 518 1216 :
553 1180 572 1213 ς
600 1160 709 1215 Lac
732 1160 885 1216 vobis
906 1169 1094 1230 potum
1123 1161 1266 1227 dedi,
1304 1178 1409 1215 non
1436 1161 1665 1216 solidum
1687 1161 1866 1216 cibum

274 1253 324 1326 (ι
371 1251 498 1308 Cor.
526 1251 631 1324 ut).
661 1271 680 1305 ι
711 1252 779 1306 Ει
799 1251 996 1307 Petrus
1028 1269 1042 1305 :
1074 1271 1092 1303 ς
1122 1250 1288 1319 Quasi
1319 1253 1479 1307 modo
1506 1252 1617 1306 nati
1659 1251 1868 1323 parvuli

274 1343 599 1417 rationabile
620 1342 704 1398 lac
727 1341 1031 1397 desiderate
1054 1339 1106 1414 (I
1133 1341 1277 1395 Petr.
1313 1340 1395 1413 ιι).
1422 1361 1440 1393 ι
1473 1340 1628 1396 Unde
1649 1349 1703 1395 et
1724 1339 1870 1410 Moy-

273 1450 386 1502 ses,
402 1434 588 1488 vinum
608 1441 665 1488 et
682 1432 768 1487 lac
793 1431 846 1486 iu
861 1430 1062 1487 Christi
1085 1430 1390 1501 intelligens
1418 1430 1726 1500 passionem
1754 1444 1870 1499 my-

271 1528 415 1584 stico
435 1539 688 1582 sermone
709 1532 939 1580 testatur
964 1541 977 1577 :
998 1541 1018 1575 c
1047 1522 1269 1594 gratiosi
1289 1522 1428 1578 oculi
1448 1522 1565 1593 ejus
1589 1537 1619 1576 a
1644 1523 1790 1586 vino,
1815 1530 1870 1576 ct

272 1616 491 1672 candidi
508 1616 701 1671 dentes
718 1613 833 1684 eius
848 1629 879 1668 a
892 1614 1030 1670 lacte
1045 1611 1196 1686 (Gen.
1213 1612 1381 1685 xux).
1395 1632 1413 1665 ι
1429 1613 1574 1684 Ergo
1590 1627 1694 1667 non
1712 1609 1868 1680 juxta

1965 432 2134 488 multo
2176 448 2401 488 numero
2445 434 2653 505 argenti
2685 442 2741 489 et
2764 435 2981 504 copiosa
3012 433 3353 503 possessione
3397 434 3548 501 auri,

1962 524 2093 594 quia
2145 524 2261 579 hazc
2313 532 2546 579 aeternas
2594 534 2862 595 praeparat
2912 524 3168 590 delicias,
3211 525 3315 579 ista
3367 532 3550 579 autem

1964 629 2153 684 parvo,
2182 622 2237 668 et
2259 631 2313 668 ιιι
2342 615 2492 669 brevi
2525 616 2741 685 penitus
2769 615 3030 670 deﬁciunt
3074 624 3317 684 tempore
3349 632 3362 669 :
3394 631 3555 671 mun-

1965 709 2066 765 dus
2104 709 2247 763 enim
2271 692 2466 763 transit
2495 715 2550 762 et
2573 707 3005 777 concupiscentia
3028 706 3161 775 ejus.
3209 706 3311 774 Qui
3355 716 3536 763 autem

1966 802 2096 859 facit
2120 802 2452 858 voluntatem
2478 801 2575 857 Dei
2607 808 2787 856 manet
2808 801 2860 854 in
2890 810 3173 855 aeternum.

2040 910 2060 945 ι
2104 892 2341 946 Laetetur
2368 892 2547 945 anima
2585 898 2769 946 vestra
2817 891 2870 944 in
2909 889 3279 944 misericordia
3322 888 3459 960 ejus,
3490 898 3545 945 et

1972 999 1991 1032 ο
2035 996 2143 1035 non
2170 980 2573 1036 confundemini
2603 980 2655 1034 in
2686 980 2842 1034 laude
2880 979 3068 1048 ipsius.
3111 996 3128 1030 ι
3172 978 3401 1034 Pulchre
3428 980 3558 1037 hor-

1968 1078 2117 1124 tatur
2147 1071 2384 1125 animam
2413 1069 2583 1124 lmtari
2631 1071 2686 1123 in
2723 1070 3090 1125 misericordia
3118 1069 3232 1134 Dei,
3280 1071 3405 1140 quia
3439 1087 3556 1126 ma-

1968 1179 2071 1234 gna
2101 1162 2358 1217 alacritas
2385 1170 2470 1217 est
2498 1162 2699 1227 cordis,
2740 1161 2867 1216 dum
2896 1162 3216 1216 recordatur
3244 1163 3551 1218 misericor—

1967 1253 2111 1307 diam
2142 1252 2361 1322 superni
2382 1250 2603 1320 judicis,
2645 1271 2664 1304 ι
2710 1252 3110 1322 Beneplacitum
3138 1260 3219 1306 est
3260 1252 3403 1306 enim
3454 1252 3561 1309 Do-

1968 1342 2117 1397 mino
2166 1357 2329 1412 super
2353 1343 2607 1399 timentes
2635 1358 2778 1408 eum,
2827 1351 2880 1397 et
2908 1343 2960 1396 in
2989 1357 3082 1397 eos
3117 1343 3210 1412 qui
3256 1340 3474 1411 sperant
3503 1344 3559 1398 in

1970 1434 2339 1488 misericordia
2392 1432 2508 1501 ejus
2565 1432 2738 1505 (Psal.
2797 1432 2998 1503 cum).
3035 1451 3053 1483 ι
3114 1451 3133 1484 ‹
3174 1433 3243 1486 Et
3281 1447 3386 1487 non
3428 1448 3561 1488 con-

1969 1526 2290 1593 fundcmini,
2342 1526 2536 1594 inquit,
2569 1525 2622 1579 in
2672 1524 2831 1579 laude
2880 1524 3066 1594 ipsius.
3098 1542 3117 1575 ›
3166 1523 3283 1579 Non
3338 1525 3565 1580 confun-

1970 1621 2128 1677 detur
2153 1617 2456 1689 'quisquam
2488 1619 2541 1673 in
2562 1618 2719 1672 laude
2745 1616 2980 1683 Domini,
3014 1616 3108 1672 sed
3136 1616 3225 1672 ille
3247 1617 3338 1686 qui
3384 1618 3566 1688 ingra-

273 1708 661 1765 abundantiam
705 1707 878 1778 ipsam
901 1714 958 1761 et
982 1706 1243 1761 delicatos
1266 1705 1436 1771 cibos,
1465 1713 1521 1759 et
1549 1703 1867 1759 crassitudi—
1894 1703 1942 1762 B
1971 1719 2058 1764 tus
2107 1710 2271 1772 dono,
2327 1708 2438 1763 Deo
2482 1707 2706 1777 negligit
2742 1705 2942 1760 referre
2986 1706 3190 1775 gratias
3241 1706 3365 1775 ipsi.
3420 1706 3564 1760 Dicit

274 1814 400 1854 netu
421 1796 690 1868 corporis,
717 1810 954 1865 avesque
977 1794 1252 1865 phasides,
1280 1802 1337 1849 et
1362 1808 1578 1848 crassas
1602 1800 1863 1856 turtures,

274 1887 515 1943 mulsum
557 1900 788 1951 merum,
837 1899 1066 1940 uxorum
1100 1883 1577 1956 pulchritudinem,
1612 1882 1865 1938 examina

272 1976 591 2044 liberorum.
636 1974 897 2030 Dominus
935 1974 1128 2030 anima:
1151 1972 1453 2044 pollicetur,
1502 1971 1596 2026 sed
1626 1970 1747 2026 illas
1776 1972 1869 2026 de-

274 2065 434 2122 licias
458 2066 529 2121 ad
556 2080 695 2136 quos
720 2079 820 2120 nos
848 2065 1076 2136 mystice
1103 2069 1384 2134 provocat,
1413 2062 1602 2118 dicens
1626 2075 1642 2115 :
1692 2077 1713 2113 ι
1764 2061 1869 2116 De-

273 2157 479 2213 lectare
548 2156 663 2212 sive
710 2156 920 2212 deliciis
967 2154 1144 2212 fruere
1188 2155 1243 2209 in
1284 2154 1536 2219 Domino,
1613 2161 1671 2209 et
1716 2150 1866 2207 dabit

277 2251 376 2306 tibi
422 2250 710 2321 petitiones
746 2249 926 2306 cordis
953 2248 1028 2303 tui
1091 2245 1264 2318 (Psal.
1298 2245 1505 2315 xxxvn).
1537 2264 1557 2298 ι
1596 2245 1662 2299 Et
1689 2243 1816 2299 alibi
1847 2262 1860 2298 :

277 2342 460 2397 Credo
533 2341 718 2397 videre
788 2339 927 2395 bona
992 2334 1233 2394 Domini'
1269 2338 1323 2392 in
1373 2345 1519 2393 terra
1571 2335 1869 2391 viventium

285 2429 464 2502 (Ptal.
496 2427 665 2501 mu).
704 2447 724 2481 ι
749 2429 818 2485 Et
849 2431 903 2484 in
928 2427 1033 2483 alio
1052 2427 1257 2499 psalmo
1285 2443 1300 2482 ς
1340 2440 1356 2478 ι
1389 2424 1648 2491 Benedic,
1676 2428 1859 2479 anlma

285 2537 432 2587 mea,
468 2518 718 2586 Domino,
752 2531 807 2575 et
833 2519 1013 2575 omnia
1042 2517 1301 2573 interiora
1330 2529 1447 2570 mea
1476 2516 1679 2570 nomini
1732 2531 1861 2572 sau-

284 2625 375 2667 cto
390 2612 510 2682 ejus
539 2609 710 2684 (Paul.
735 2616 852 2682 cu).
884 2629 903 2663 ι
930 2609 1036 2676 Qui
1062 2610 1326 2678 impletin
1345 2608 1504 2664 bonis
1522 2608 1856 2663 desiderium

288 2714 451 2777 tuum
476 2702 645 2774 (Paul.
677 2702 798 2774 cu).
842 2701 1084 2771 Denique
1113 2700 1277 2755 infert
1310 2716 1324 2756 :
1358 2718 1377 2750 ι
1411 2698 1616 2754 Audite
1648 2713 1755 2761 me,
1804 2707 1861 2753 et

285 2794 433 2848 vivet
462 2792 641 2847 anima
664 2801 845 2848 vestra
870 2790 1043 2864 (Psal.
1064 2790 1235 2860 ωινι).
1264 2807 1283 2841 ι
1312 2786 1563 2844 Omnium
1590 2786 1857 2842 bonorum

288 2886 582 2953 promissio
614 2886 722 2940 vita
751 2891 836 2941 est
864 2883 1217 2951 sempiterna.

360 2990 382 3024 ‹
430 2971 619 3029 Videte
653 2974 824 3029 oculis
843 2975 1065 3041 vestris,
1091 2976 1348 3046 quoniam
1407 2973 1678 3029 modicum
1716 2970 1865 3028 labo-

1970 1798 2115 1855 enim
2136 1798 2420 1853 Psalmista
2454 1815 2467 1851 :
2497 1816 2515 1849 ‹
2551 1796 2796 1852 Universi
2824 1795 2913 1864 qui
2943 1803 2993 1849 te
3014 1803 3348 1863 exspectant,
3378 1794 3566 1851 Domi-

1969 1905 2058 1956 ne,
2100 1905 2207 1943 non
2254 1887 2647 1944 confundentur
2690 1884 2861 1958 (Paul.
2896 1892 3065 1957 xxiv).
3102 1903 3121 1936 ι
3156 1884 3568 1940 Confundcntur

1970 1981 2141 2051 iniqui
2182 1980 2442 2035 facientes
2478 1994 2631 2033 vana.
2692 1976 2846 2044 Quali
2869 1986 3050 2031 autem
3077 1975 3318 2031 clausula
3364 1975 3563 2032 artifex

1969 2075 2071 2129 iste
2098 2073 2150 2127 in
2181 2072 2286 2127 fine
2315 2087 2452 2142 opus
2479 2086 2635 2125 suum
2665 2068 2971 2131 concludat,
3004 2068 3305 2123 audiamus.
3358 2087 3375 2119 ‹
3416 2066 3561 2136 Ope-

1968 2163 2163 2219 ramini
2192 2178 2328 2232 opus
2371 2170 2615 2215 vestrum
2665 2167 2792 2213 ante
2823 2166 3057 2227 tempus,
3112 2167 3169 2212 et
3204 2158 3353 2213 dabit
3411 2158 3563 2213 vobis

1968 2254 2274 2309 mercedem
2334 2260 2568 2306 vestram
2622 2250 2676 2304 in
2717 2257 2959 2318 tempore
2994 2263 3112 2303 suo.
3172 2268 3191 2301 ι
3250 2247 3387 2303 Huic
3437 2264 3561 2303 sen-

1968 2344 2152 2400 tentite
2182 2358 2355 2399 canon
2394 2341 2559 2396 totius
2583 2339 2777 2394 divina:
2808 2340 2942 2409 legis
2995 2338 3311 2402 concordat,
3375 2346 3431 2392 et
3462 2338 3566 2392 hoc

1968 2442 2206 2499 resonat,
2247 2434 2351 2488 hoc
2380 2432 2537 2487 docet
2563 2431 2771 2499 hocque
2794 2429 3060 2490 hortatur,
3110 2434 3169 2481 ut
3195 2426 3321 2481 dum
3356 2435 3567 2496 tempus

1965 2526 2249 2590 habemus,
2313 2537 2527 2593 semper
2562 2523 2704 2575 bono
2730 2519 2882 2588 operi
2908 2518 3241 2581 insistamus,
3287 2524 3561 2587 quatenus

1966 2619 2023 2674 in
2053 2625 2301 2688 tempore
2328 2624 2652 2685 opportuno,
2677 2611 2979 2682 justissimo
2994 2608 3177 2678 judice
3209 2609 3563 2670 retribuente.

1964 2716 2221 2764 aeternam
2268 2706 2573 2761 mercedem
2621 2719 2719 2773 pro
2767 2705 2869 2757 hoc
2916 2701 3270 2770 accipiamus.
3348 2698 3557 2754 Taliter

1965 2798 2325 2857 Ecclesiastes
2372 2796 2568 2850 librum
2599 2808 2754 2848 suum
2800 2791 3091 2855 concludit,
3126 2790 3312 2875 dicens
3344 2807 3358 2842 :
3411 2808 3428 2839 ι
3468 2788 3562 2843 Fi-

1971 2904 2096 2945 nem
2160 2887 2435 2957 loquendi,
2524 2899 2713 2941 omnes
2756 2885 2963 2954 pariter
3012 2882 3316 2937 audiamus.
3395 2881 3565 2935 Deum

1967 2978 2118 3044 time,
2201 2986 2257 3032 et
2301 2976 2483 3032 omnia
2535 2976 2792 3030 mandata
2837 2973 2955 3043 ejus
3000 2974 3278 3029 observa:
3320 2972 3423 3027 hoc
3479 2979 3564 3027 est

286 3062 495 3128 oravi,
544 3070 600 3117 et
636 3062 815 3119 inveni
838 3063 973 3118 mihi
1019 3064 1242 3121 multam
1267 3064 1532 3135 requiem.
1587 3063 1863 3119 Assumite
1891 3046 1936 3109 Ο
1965 3071 2110 3126 enim
2163 3070 2338 3127 omnis
2374 3069 2555 3132 homo,
2608 3077 2665 3123 et
2690 3076 2884 3123 cuncta
2935 3083 3056 3137 qua:
3105 3068 3260 3131 ﬁunt,
3330 3066 3562 3120 adducet

287 3171 308 3204 ι
352 3152 694 3223 disciplinam
723 3155 778 3210 in
797 3155 966 3211 multo
993 3154 1478 3227 numero'argeuti,
1510 3163 1566 3211 et
1587 3155 1868 3225 cepiosum

288 3261 308 3295 ι
353 3257 548 3297 aurum
600 3243 869 3314 possidete
916 3245 970 3300 in
997 3260 1081 3300 ea.
1120 3263 1141 3298 ι
1192 3246 1402 3301 Bonum
1442 3245 1679 3300 studium
1724 3245 1869 3316 quod
1908 3238 1915 3247 ’

282 3333 636 3390 mediocriter
677 3335 981 3406 impensum
1011 3344 1271 3391 aeternum
1299 3338 1700 3407 promerebitur
1726 3351 1867 3407 prat-

1969 3163 2116 3217 Deus
2172 3160 2229 3215 in
2278 3159 2542 3231 judicium
2581 3174 2680 3229 pro
2716 3157 2864 3213 omni
2920 3156 3257 3223 abscondito,
3309 3156 3423 3212 sive
3466 3155 3564 3211 bo-

1969 3265 2098 3306 num
2134 3251 2247 3306 sive
2291 3249 2495 3305 malum
2540 3249 2613 3304 sit
2650 3247 2876 3321 (Eccles.
2926 3246 3072 3319 ult.).
3121 3264 3143 3300 ι

3117 3485 3561 3522 m

288 3490 3252 3526 mw

880 3650 1452 3764 BEATI
1526 3649 2266 3762 ΒΔΒΔΝῙ
2336 3650 2966 3762 ΜΔΠΒῙ

1010 3858 1397 3918 FULDENSIS
1434 3857 1726 3916 ABBATIS
1765 3857 1854 3913 ET
1893 3857 2279 3915 MOGUNTINI
2314 3854 2839 3914 ARCHIEPISCOPI

371 4043 1409 4163 COMMENTARIA
1495 4045 1642 4159 IN
1728 4041 2232 4157 LIBROS
2317 4037 3490 4156 MACHABAZORUM.

1526 4262 1803 4334 (amca
1844 4262 2129 4324 ANNUM
2161 4258 2329 4341 ato.)

1624 4513 2219 4589 PROLOGUS.

1332 4670 1419 4726 AD
1454 4664 1862 4724 LUDOVICUM
1900 4665 2143 4722 REGEM
2181 4664 2524 4722 FRANCIIE.
2588 4662 2595 4671 ’

365 4897 594 4957 Domino
640 4889 1116 4953 excellentissimo,
1172 4896 1228 4943 et
1278 4886 1332 4941 in
1365 4885 1514 4941 cultu
1554 4883 2198 4954 Christiantengrandis
2246 4880 2564 4953 qumstionis
2618 4880 2749 4935 mihi
2808 4880 3053 4952 angustia
3106 4880 3159 4937 in
3209 4882 3390 4940 animo
3447 4901 3567 4943 ver-

290 4989 570 5064 religipnis
621 4984 1020 5046 strenuissimo,
1083 4980 1356 5035 Lunovrco
1406 4979 1542 5049 regi,
1601 4977 1873 5043 RABANUS,

288 5054 589 5140 vilissimus
609 5090 887 5133 servorum
911 5073 1027 5137 Dei,
1052 5071 1104 5125 in
1127 5070 1355 5126 Domino
1383 5069 1725 5125 dominorum
1755 5083 1878 5139 per-

290 5183 511 5246 petuam
543 5174 694 5240 optat
719 5166 946 5222 salutem

364 5264 500 5319 Cum
548 5260 651 5316 sim
699 5264 981 5327 promptus
1035 5253 1215 5308 animo
1260 5252 1326 5306 ad
1386 5250 1681 5321 parendum
1717 5258 1880 5319 atque

294 5351 641 5410 serviendum
678 5356 874 5404 vestrae
910 5344 1198 5410 voluntati,
1254 5343 1495 5413 quotidie
1541 5343 1721 5414 cogito
1751 5342 1879 5412 quid

295 5438 724 5499 honorificentia;
780 5444 975 5491 vestrae
1029 5443 1239 5505 gratum
1288 5432 1597 5497 exhibeam,
1655 5440 1716 5486 ut
1774 5432 1879 5486 mei

294 5530 559 5590 memoria
588 5527 775 5584 sedulo
799 5527 939 5596 apud
958 5539 1056 5579 vos
1085 5530 1322 5590 maneat,
1358 5531 1415 5578 et
1441 5522 1658 5577 devotio
1684 5521 1881 5575 mentis

294 5640 435 5681 mea:
479 5637 606 5694 erga
680 5619 995 5688 obsequium
1058 5623 1299 5672 ves'rum
1360 5623 1613 5685 appareat
1672 5630 1684 5667 :
1740 5611 1881 5667 unde

1981 4981 2157 5040 satur,
2189 4973 2449 5044 cogitanti
2481 4971 2612 5042 quid
2639 4971 2976 5041 potissimum
3024 4975 3344 5031 reverentiae
3370 4987 3566 5034 vestrae

1981 5068 2227 5132 offeram,
2259 5062 2475 5134 quando
2507 5061 2597 5116 alii
2622 5060 2776 5129 juxta
2799 5061 2851 5117 id
2886 5063 3028 5131 quod
3067 5064 3169 5119 sibi
3205 5066 3481 5130 condecet,
3511 5076 3567 5123 et

1980 5156 2253 5230 opulentia
2280 5168 2461 5210 rerum
2485 5153 2626 5207 vires
2654 5152 2758 5206 illis
2784 5152 3073 5220 ministrat,
3097 5154 3411 5225 multiplicia
3442 5172 3563 5210 mu-

1981 5263 2112 5303 nera
2140 5246 2295 5301 vobis
2321 5243 2588 5300 deferunt.
2631 5242 2743 5312 Ego
2774 5251 2953 5297 autem
2985 5242 3059 5297 ita
3090 5259 3191 5313 per
3212 5260 3297 5300 me
3322 5246 3424 5299 hoc
3450 5260 3559 5299 non

1981 5336 2191 5392 ellicere
2217 5349 2376 5404 posse
2428 5333 2627 5400 sentio;
2677 5332 2769 5388 sed
2822 5339 3001 5386 tamen
3034 5347 3232 5386 vacuus
3261 5347 3292 5385 a
3337 5346 3563 5389 munere

1983 5430 2196 5498 penitus
2246 5443 2353 5482 non
2391 5442 2525 5485 ero.
2574 5426 2701 5496 quia
2751 5425 2905 5495 juxta
2950 5431 3321 5495 paupertatem
3363 5423 3562 5480 virium

1985 5534 2226 5576 mearum
2265 5526 2320 5574 et
2364 5517 2582 5590 ingenui
2611 5516 2925 5572 tenuitatem
2975 5527 3037 5568 ea
3073 5525 3194 5582 quat
3231 5512 3287 5566 in
3333 5513 3563 5570 medita-

1985 5609 2130 5663 tione
2158 5616 2468 5664 sanctarum
2497 5605 2901 5677 Scripturarum
2925 5600 3220 5669 elaboravi,
3249 5598 3444 5659 offerre
3461 5601 3561 5660 tle-
