3934 6186
394 250 532 306 1127

1056 241 1117 294 Β.
1158 237 1411 293 ΚΑΒΑΝΙ
1452 234 1670 290 MAURI
1710 229 1983 287 A‘RClllEl

2085 226 2379 284 HOGUNT.
2418 220 2705 281 OPERUM
2744 216 2925 275 PARS
2960 216 3002 270 l.

3510 212 3653 265 “‘28

392 374 580 418 cerno.
607 354 737 421 Quae
766 355 889 410 licet
946 368 1048 407 non
1102 352 1209 407 sint
1235 350 1497 420 condigna
1534 346 1836 415 prudentia:
1868 358 1959 398 ve-
1991 349 2036 406 Λ
2065 341 2210 395 dicto
2228 353 2390 409 Opere
2420 334 2703 407 reperiatis
2728 332 2884 386 vobis
2909 346 2972 400 gr
3009 337 3197 382 tumet
3223 327 3321 380 rite
3351 325 3657 395 prolatum,

394 460 543 513 strue,
588 458 762 507 tamen
789 445 949 500 credo
976 459 1081 498 non
1109 451 1232 497 sunt
1259 442 1454 509 ubique
1477 438 1800 509 spernenda.
1823 436 1971 489 Prae-

400 542 561 597 terito
597 538 861 607 siquidem
891 552 1032 590 anno
1066 535 1341 589 transmisi
1370 532 1525 587 vobis
1571 538 1861 584 tractatum
1914 527 1969 581 in

395 631 669 688 Danielem
722 628 1059 700 prophetam,
1111 641 1270 695 quem
1325 640 1430 679 non
1485 622 1656 677 solum
1694 636 1759 675 ex
1813 618 1971 672 dictis

395 723 680 790 maiorum,
722 721 850 789 quin
876 728 930 773 et
960 735 1026 772 ex
1061 727 1257 772 nostra
1301 711 1582 786 parvitatis
1628 726 1787 766 sensu
1829 708 1973 764 fecea

396 827 532 865 ram.
565 811 717 865 Nunc
743 825 873 865 vero
906 809 1029 878 quia
1062 817 1273 876 tempus
1299 814 1383 860 est
1424 804 1550 859 illud
1593 818 1698 872 quo
1725 801 1969 856 Romana

394 899 636 955 Ecclesia
678 898 959 954 constituit
997 896 1163 951 libros
1192 895 1616 949 Maehabzeorum
1644 891 1747 962 legi
1778 890 1829 944 in
1869 889 1971 944 Ec-

396 993 585 1057 clesia,
645 990 956 1046 eorumdem
1020 991 1278 1044 librorum
1337 986 1753 1057 expositionem,
1806 998 1970 1055 quam

395 1095 521 1139 ante
553 1099 722 1138 annos
760 1083 984 1153 aliquot,
1024 1082 1336 1152 rogantibus
1372 1080 1582 1144 amicis,
1610 1093 1767 1133 sensu
1798 1077 1969 1131 histo-

394 1176 509 1229 rico
568 1174 727 1229 simul
778 1183 832 1228 et
887 1173 1176 1243 allegorice
1233 1173 1581 1232 dictaveram,
1630 1166 1972 1222 Excellentize

396 1267 604 1321 Vestra:
648 1264 861 1329 defero;
915 1273 975 1318 ut
1018 1264 1063 1319 si
1112 1262 1399 1331 aliquando
1436 1274 1652 1315 sensum
1684 1258 1968 1328 mysticum

396 1356 534 1411 meis
574 1371 671 1411 vos
718 1356 1031 1426 dignoscere
1080 1352 1328 1415 delectet,
1357 1348 1602 1404 habeatis
1631 1349 1685 1401 in
1724 1353 1969 1414 promptu

397 1461 505 1517 quo
545 1445 694 1499 illum
745 1444 1056 1513 explicitum
1107 1440 1348 1496 invenire
1388 1437 1612 1492 valeatis
1658 1454 1671 1489 :
1706 1450 1812 1489 non
1852 1436 1971 1489 dico

398 1537 550 1592 valde
578 1536 777 1592 diserte
816 1542 871 1589 et
919 1535 1162 1587 oratione
1192 1531 1485 1593 rhetorica,
1524 1529 1617 1582 sed
1648 1527 1823 1581 lucido
1860 1540 1968 1579 ser-

398 1642 558 1683 mone
585 1634 641 1681 et
666 1624 932 1680 catholica
965 1623 1089 1678 (ide.
1126 1624 1228 1678 Vos
1269 1635 1483 1692 quoque
1510 1619 1554 1674 si
1587 1617 1716 1688 quid
1743 1618 1797 1671 in
1838 1631 1980 1687 pra:-

2066 432 2185 500 ejus
2214 432 2401 502 gratia:
2440 430 2543 483 hoc
2582 425 2851 495 deputetis
2892 440 2920 476 a
2951 437 3056 491 quo
3098 429 3181 475 cst
3222 435 3384 474 omne
3410 420 3659 479 bonum;

2068 525 2115 578 si
2149 523 2277 592 quid
2319 530 2498 575 autem
2552 519 2731 573 minus
2767 525 2911 571 recte
2947 514 3029 567 vel
3080 512 3529 566 intonvenienter
3556 525 3664 578 po-

2069 612 2235 667 situm
2258 610 2411 665 vobis
2454 609 2650 663 ibidem
2700 607 2967 669 videatur,
3002 604 3281 673 imperitia:
3311 619 3445 657 mea:
3480 607 3667 671 magis

2071 702 2339 772 deputetis
2367 716 2528 771 quam
2559 699 2795 763 malitiae,
2820 699 2910 767 qui
2940 698 3175 767 quandiu
3209 699 3259 750 in
3288 697 3393 750 hoc
3419 712 3661 766 corpus—

2069 792 2191 850 culo
2234 793 2439 855 vixero,
2498 792 2552 845 iu
2589 790 2788 845 Christi
2830 789 3069 852 servitio,
3111 796 3270 857 prout
3318 787 3664 856 possibilitas

2068 884 2248 950 fuerit,
2287 883 2533 938 laborare
2563 880 2848 936 contendo.
2901 878 3071 948 ipsius
3106 878 3250 931 enim
3300 884 3389 930 est
3438 876 3665 929 miscri-

2069 977 2290 1042 cordizc,
2315 983 2373 1029 ut
2401 974 2493 1044 qui
2522 973 2651 1026 mihi
2676 972 2728 1025 in
2767 971 2946 1024 animo
2974 969 3079 1023 hoc
3104 968 3272 1030 dedit,
3299 982 3445 1019 nunc
3476 966 3661 1034 ipsum

2069 1084 2157 1125 me
2186 1069 2328 1123 bono
2350 1079 2513 1135 opere
2556 1062 2716 1117 faciat
2742 1058 3129 1119 consummari,
3155 1058 3218 1112 de
3247 1070 3356 1124 quo
3377 1053 3659 1123 PrOpheta

2069 1161 2185 1213 ait:
2217 1155 2387 1227 Prope
2412 1165 2485 1210 est
2515 1155 2766 1208 Dominus
2812 1151 3050 1205 omnibus
3095 1150 3455 1203 invocantibus
3502 1164 3557 1200 se
3602 1149 3660 1200 in

2070 1250 2304 1310 ueritate,
2348 1256 2534 1301 etnon
2576 1242 2899 1311 derelinquit
2944 1255 3134 1294 omnes
3185 1239 3276 1307 qui
3324 1245 3547 1306 sperant
3603 1237 3661 1290 in

2070 1354 2150 1395 se.
2176 1338 2439 1391 Diviuitas
2470 1334 2682 1389 Domini
2734 1332 2902 1387 nostri
2932 1329 3059 1385 Jesu
3088 1315 3287 1384 Christi
3316 1328 3409 1382 diu
3436 1343 3534 1380 vos
3563 1327 3659 1380 hic

2070 1428 2370 1485 incolumes
2396 1434 2451 1480 et
2479 1425 2611 1493 legis
2658 1424 2751 1478 Dei
2780 1421 3062 1476 veritatem
3091 1428 3335 1473 amantes
3363 1419 3432 1472 ad
3461 1401 3659 1471 mullo-

2072 1535 2192 1575 rum
2218 1519 2446 1573 salutem
2468 1515 2755 1577 custodiat,
2782 1520 2977 1584 etpost
3002 1510 3161 1580 hujus
3188 1511 3312 1565 vita:
3340 1526 3560 1565 cursum
3587 1509 3661 1563 ad

2072 1624 2258 1664 veram
2281 1617 2336 1662 et
2358 1616 2616 1662 aeternam
2638 1604 3023 1659 beatitudinem
3052 1602 3337 1672 pervenire
3365 1602 3649 1656 concedat.

409 1741 3641 1790 MM

1645 1872 2061 1934 PROLOGUS
2104 1873 2391 1933 ALTER.

467 2112 956 2176 licvcrendissimo,
988 2119 1041 2167 et
1070 2110 1217 2165 omni
1256 2108 1540 2163 ebaritatis
1567 2105 1744 2160 ollicio
1775 2104 1975 2176 dignis-
2002 2112 2049 2171 B
2076 2103 2222 2159 solus
2259 2104 2665 2172 impetraveras,
2715 2103 2781 2158 ad
2812 2103 3167 2174 plurimorum
3196 2101 3486 2157 utilitatem
3538 2120 3666 2173 per-

398 2209 557 2271 simo,
587 2206 864 2269 Gsnowo,
893 2204 1031 2256 sacri
1059 2201 1242 2271 palatii
1267 2198 1670 2260 arcliidiacono,
1702 2196 1971 2260 Ramnes,

396 2298 520 2352 vilis
553 2308 830 2350 servorum
856 2291 950 2345 Dei
981 2304 1189 2353 servus,
1220 2289 1273 2342 in
1311 2286 1549 2349 Christo,
1579 2284 1829 2338 salutem.

469 2384 683 2442 Memini
716 2396 800 2437 me
832 2382 882 2435 in
910 2380 1111 2450 palatio
1142 2378 1476 2448 Vangionum
1504 2375 1742 2429 civitatis
1772 2371 1974 2427 consti-

402 2486 575 2533 tutum
599 2486 775 2530 tecum
802 2474 999 2527 habere
1020 2484 1322 2524 sermonem
1348 2468 1414 2521 de
1442 2464 1735 2520 eminentia
1766 2471 1979 2518 sancta-

398 2584 520 2625 rum
578 2566 999 2636 Scripturarum,
1059 2571 1113 2618 et
1172 2562 1238 2616 de
1298 2559 1612 2614 dillieultate
1672 2558 1977 2611 divinarum

402 2662 771 2723 historiarum,
795 2659 849 2712 in
878 2656 1071 2727 quibus
1105 2669 1211 2708 non
1240 2652 1410 2707 solum
1436 2665 1531 2720 per
1559 2650 1832 2718 aliquanta
1860 2647 1979 2701 loca

401 2760 622 2824 propter
672 2749 987 2804 varietatem
1045 2760 1222 2800 rerum
1266 2751 1322 2798 et
1374 2742 1533 2796 situm
1576 2738 1980 2809 provinciarum

400 2844 662 2897 obscurus
690 2847 773 2893 est
802 2852 1015 2901 sensus,
1045 2836 1173 2905 quin
1221 2842 1278 2888 et
1324 2847 1419 2903 per
1447 2839 1632 2899 tropos
1680 2827 1977 2899 figurarum

396 2932 647 2989 occultus
697 2938 780 2986 est
839 2928 1173 2991 intellectus;
1226 2931 1282 2978 et
1315 2923 1442 2993 quia
1491 2921 1682 2976 eodem
1739 2928 1982 2987 tempore

394 3020 822 3079 commentarios
851 3019 902 3072 in
934 3016 1100 3071 libros
1126 3014 1333 3085 Regum
1367 3025 1537 3082 nuper
1566 3024 1596 3062 a
1626 3008 1782 3063 nobis
1808 3006 1983 3063 editos

403 3114 696 3170 venerabili
741 3111 924 3167 abbati
976 3109 1226 3164 Rilduino
1274 3105 1623 3167 tradideram,
1663 3111 1719 3155 tu
1764 3100 1983 3170 quidem

396 3207 727 3277 parvitatem
776 3206 951 3257 ineam
1001 3200 1319 3254 exhortatus
1347 3211 1407 3251 es
1432 3203 1699 3264 quatenus
1728 3192 1782 3245 in
1814 3189 1983 3244 libros

407 3294 846 3370 Παραλιιπομένων
895 3299 1055 3359 atque
1096 3286 1524 3342 Machabreorum
1561 3279 1985 3338 commentarios

406 3387 554 3457 juxta
581 3382 806 3452 vestigia
859 3377 1119 3446 majorum
1164 3376 1283 3447 pari
1318 3374 1497 3431 studio
1522 3372 1831 3429 conderem.
1858 3370 1984 3425 Feci

2074 2196 2261 2250 venire
2294 2194 2479 2251 facias.
2515 2195 2590 2250 De
2634 2203 2833 2250 caetero
2881 2210 3094 2265 quoque
3136 2195 3259 2249 volo
3308 2197 3661 2250 sanctitatem

2078 2293 2225 2339 tuam
2268 2285 2407 2341 seire
2437 2285 2580 2354 quod
2610 2285 2781 2354 ipsum
2825 2300 2960 2353 opus
2991 2285 3110 2339 ideo
3137 2286 3333 2355 partim
3366 2287 3431 2339 de
3480 2287 3666 2340 divina

2075 2374 2323 2439 historia,
2347 2376 2542 2446 partim
2573 2375 2638 2428 de
2665 2372 2884 2444 Josephi
2936 2373 3241 2428 Judtcorum
3270 2374 3522 2429 historici
3554 2384 3669 2429 tra-

2077 2464 2299 2530 ditione,
2331 2466 2527 2536 partim
2558 2480 2687 2518 vero
2731 2465 2797 2518 de
2841 2464 3066 2518 aliarum
3099 2464 3339 2532 gentiqu
3385 2464 3668 2519 historicis

2078 2558 2352 2623 contexui,
2380 2566 2440 2611 ut
2471 2557 2594 2626 quia
2624 2572 2731 2610 non
2757 2563 2966 2610 tantum
3008 2556 3183 2625 gentis
3208 2554 3409 2609 Judazze
3431 2572 3498 2609 ae
3525 2558 3670 2625 prin-

2079 2646 2260 2716 cipum
2282 2646 2418 2713 ejus,
2452 2647 2545 2700 sed
2569 2653 2625 2698 et
2662 2644 2887 2698 aliarum
2911 2645 3146 2714 gentium
3186 2644 3435 2698 similiter
3462 2646 3519 2698 in
3552 2647 3669 2715 ipsa

2078 2735 2218 2795 libro
2256 2741 2461 2794 mentio
2498 2738 2578 2801 ﬁt,
2623 2754 2691 2793 ex
2742 2738 3028 2791 multorum
3068 2737 3328 2791 librorum
3378 2737 3669 2794 collatione

2081 2833 2295 2887 veritas
2321 2846 2487 2886 sacra:
2530 2831 2766 2885 historhe
2795 2836 2995 2899 pateat,
3030 2837 3085 2883 et
3110 2843 3299 2883 sensus
3336 2831 3670 2885 narrationis

2081 2924 2198 2993 ejus
2219 2924 2406 2980 lectori
2437 2922 2665 2977 lucidior
2705 2922 2815 2976 fiat.
2844 2920 2926 2975 Tu
2962 2936 3114 2984 vero,
3147 2921 3191 2976 si
3218 2922 3348 2990 quid
3379 2922 3434 2975 in
3461 2938 3669 2977 memo-

2082 3022 2202 3069 rato
2221 3028 2381 3084 Opere
2410 3012 2506 3065 tibi
2531 3020 2742 3082 gratum
2773 3018 2935 3080 atque
2967 3009 3095 3064 utile
3123 3009 3418 3073 inveneris,
3442 3010 3673 3080 largitor

2083 3104 2323 3160 omnium
2371 3103 2637 3157 bonorum
2669 3099 2800 3153 mihi
2831 3099 3032 3170 gratias
3063 3097 3291 3162 referat;
3318 3100 3365 3152 si
3396 3099 3529 3168 quid
3571 3115 3674 3153 au-

2038 3253 2047 3264 ,
2085 3203 2193 3249 tem
2245 3190 2668 3263 reprehensibile
2716 3191 2770 3244 in
2818 3204 2883 3245 eo
2922 3204 3043 3245 esse
3064 3189 3436 3258 prospexeris,
3468 3199 3673 3244 nostra:

2086 3285 2385 3342 infirmitati
2417 3292 2473 3338 et
2515 3283 2800 3352 imperitia:
2839 3280 3064 3351 deputes
3092 3289 3148 3335 et
3172 3281 3313 3351 apud
3349 3279 3674 3334 clementem

2079 3376 2314 3445 judicem
2337 3376 2549 3430 veniam
2579 3374 2856 3444 impetrari
2884 3374 3041 3427 nobis
3065 3387 3164 3441 per
3187 3387 3375 3426 sacras
3397 3373 3676 3426 orationes

409 3480 672 3544 quantum
702 3468 867 3540 potui,
894 3475 949 3522 et
982 3466 1179 3535 prioris
1211 3464 1332 3519 libri
1366 3463 1777 3533 expositionem,
1806 3460 1982 3515 Ludo-
2011 3461 2056 3522 C
2089 3467 2333 3529 festines,
2368 3468 2553 3536 sicque
2575 3467 2780 3537 οριίιηο
2808 3465 3048 3535 largitori
3078 3463 3301 3533 dignum
3326 3463 3595 3517 honorem
3619 3470 3678 3514 ει

408 3565 529 3618 vico
560 3561 673 3632 regi
700 3560 924 3624 editam,
943 3557 1095 3620 dedi;
1124 3555 1397 3625 sequentis
1420 3570 1550 3609 vero
1579 3562 1682 3607 tua:
1711 3552 1983 3607 sanctitati

409 3653 727 3707 tradendum
755 3647 1052 3713 reservavi,
1080 3654 1138 3701 ut
1164 3646 1354 3716 petitio
1384 3653 1475 3699 tua
1500 3660 1611 3700 non
1637 3650 1782 3698 esset
1824 3657 1981 3705 vana,

411 3760 584 3815 neque
629 3742 859 3799 haberes
914 3754 1001 3794 me
1046 3738 1437 3808 suggillaudum
1465 3736 1610 3805 quod
1655 3735 1747 3790 tibi
1776 3733 1986 3804 roganti

413 3835 611 3891 nollem
630 3831 880 3898 conferre
900 3828 1040 3898 quod
1063 3828 1182 3882 aliis
1204 3828 1370 3897 gratis
1390 3826 1730 3881 contulerim.
1753 3824 1988 3879 Proinde

414 3927 666 4000 quiajam
698 3923 1003 3979 confectum
1031 3934 1165 3989 opus
1192 3921 1377 3983 habes,
1404 3928 1559 3973 utere
1585 3934 1649 3973 eo
1672 3918 1815 3972 sicut
1836 3918 1990 3971 decet

414 4034 625 4075 servum
651 4012 849 4070 Christi
870 4023 993 4064 cum
1014 4008 1389 4062 communione
1413 4007 1734 4071 multorum;
1764 4014 1820 4060 et
1844 4004 1989 4075 quod

417 4156 585 4173 ..ηρ-α.
589 4158 715 4170 CII..—
720 4158 823 4172 -α

828 4157 1127 4171 Μ

2093 3559 2269 3629 fragili
2322 3557 2499 3628 opifici
2552 3566 2911 3627 opportunum
2953 3553 3200 3609 eonferes
3228 3552 3508 3606 solatium.
3544 3550 3677 3605 Fra-

2092 3650 2403 3704 teruitatem
2432 3656 2577 3702 tuam
2609 3648 2787 3702 divina
2818 3645 3072 3714 maiestas
3100 3644 3378 3714 prosperis
3416 3642 3679 3697 successi-

2088 3743 2194 3796 bus
2216 3740 2507 3811 pollentem
2537 3746 2591 3792 et
2617 3746 2833 3792 tcternre
2850 3735 3208 3792 beatitudinis
3242 3734 3437 3805 gaudia
3469 3749 3679 3804 prome

2093 3838 2303 3885 rentem
2334 3828 2478 3883 omni
2512 3834 2754 3897 tempore
2800 3826 2973 3880 nostri
3019 3837 3319 3880 memorem
3351 3836 3678 3878 conservare

2096 3920 2364 3989 dignetur.

2744 4135 3673 4160 Μ

1540 4283 1649 4361 ΙΝ
1706 4276 2097 4356 LlBR-UM
2156 4271 2588 4351 PRIMUM.

1811 4434 2295 4459 ..ό-ψ

934 4545 1159 4602 CAPUT
1193 4542 1483 4598 PRIMUM.

428 4669 502 4722 De
548 4662 844 4719 Alexandro
873 4658 994 4727 ﬁlio,
1010 4654 1261 4727 Philippi,
1307 4654 1372 4707 de
1404 4648 1866 4727 Antiocho-radice
1885 4664 2007 4727 pec:

2094 4530 2262 4571 cens:
2287 4514 2354 4567 Et
2368 4514 2566 4583 factum
2587 4521 2662 4565 est
2681 4519 2951 4582 postquam
2971 4508 3219 4579 percussit
3242 4507 3556 4569 Alexander,
3573 4515 3679 4560 etc.

2102 4606 2171 4659 Et
2203 4620 2435 4675 namque
2476 4619 2654 4658 sermo
2681 4601 3076 4670 coujunctionis
3100 4607 3199 4663 est,
3232 4606 3290 4653 et
3315 4599 3520 4652 scimus
3541 4595 3681 4665 quod

497 4690 502 4715 ῐ
548 4690 844 4719 dlclttuutu
873 4690 982 4727 Ιιιιυ
1010 4690 1033 4708 ι
1059 4690 1261 4724 ηιιιμμι,
1307 4690 1369 4707 μυ
1404 4690 1658 4705 "unum...
1692 4690 1864 4702 ...ηπ-ιν
1885 4690 1973 4716 ἰν..

497 4737 619 4797 cati,
645 4736 708 4788 de
732 4731 937 4785 civitate
960 4725 1290 4797 Jerosolyina
1321 4731 1536 4797 esitato;
1570 4718 1810 4797 m‘ulti‘ea;
1831 4715 1979 4797 Isrue

2106 4712 2211 4753 non
2236 4696 2579 4767 conjungitur
2601 4709 2779 4750 sermo
2804 4695 3137 4762 subsequens
3164 4692 3267 4745 nisi
3284 4690 3523 4745 sermoni
3549 4703 3685 4757 prae-

501 4784 867 4859 consenserunt
910 4799 1076 4853 edicto
1128 4784 1265 4864 regis
1310 4788 1656 4864 sacriﬁcando
1685 4785 1841 4841 idolis
1869 4802 1887 4839 :
1918 4784 2004 4839 lea:

502 4885 681 4929 exusta
707 4881 802 4936 est,
828 4867 978 4922 multi
1005 4881 1069 4920 ex
1096 4861 1266 4918 Israel
1306 4861 1657 4916 trucidantur.

503 4986 572 5040 Et
602 4984 798 5054 factum
851 4990 944 5044 est,
976 4988 1248 5049 postquam
1278 4971 1572 5029 Alexander
1615 4967 1846 5039 Philippi
1882 4965 2005 5020 Μα-

434 5074 577 5137 cedo,
612 5074 700 5143 qui
747 5072 944 5135 primus
990 5068 1217 5139 regnarit
1269 5067 1325 5119 in
1377 5061 1608 5128 Graecia,
1660 5075 1894 5131 egressus
1941 5057 2006 5110 de

434 5178 575 5233 terra
618 5161 838 5227 Cethim,
904 5160 1155 5230 percussit
1206 5157 1428 5211 Darium
1473 5169 1642 5225 regem
1697 5150 2003 5216 Persarum,

437 5256 701 5314 constituit
729 5252 911 5325 praelia
959 5250 1144 5305 multa.
1174 5248 1388 5302 Initium
1417 5247 1540 5301 libri
1578 5243 2008 5299 Maehahmorum

439 5346 613 5403 simile
657 5353 741 5401 est
780 5343 1042 5414 principio
1089 5339 1211 5393 libri
1240 5336 1535 5392 Ezechielis
1581 5335 1877 5404 propheta,
1918 5334 2011 5388 ubi

442 5438 703 5508 scriptum
750 5444 831 5493 est
865 5450 879 5490 :
911 5435 979 5489 Et
1010 5434 1207 5504 factum
1236 5440 1310 5485 est
1354 5430 1409 5484 in
1454 5428 1721 5498 trigesimo
1764 5442 1926 5490 anno,
1957 5426 2012 5479 in

440 5538 627 5599 quarto
662 5543 856 5592 mense,
883 5535 988 5581 etc.
1024 5522 1174 5580 Unde
1199 5520 1434 5591 primum
1473 5517 1629 5573 nobis
1654 5515 1880 5587 quatstio
1906 5515 2016 5570 ori-

2108 4791 2351 4854 eedenti;
2378 4789 2467 4859 qui
2499 4804 2629 4860 ergo
2657 4784 2792 4841 nihil
2818 4786 3050 4848 dixerat,
3071 4799 3168 4838 cur
3194 4782 3325 4836 dicit
3356 4799 3371 4834 :
3398 4780 3466 4834 Et
3489 4780 3679 4848 factum

2109 4890 2204 4947 est,
2234 4895 2357 4935 cum
2386 4894 2492 4934 non
2525 4879 2596 4933 sit
2618 4892 2797 4933 sermo
2822 4876 2910 4931 cui
2944 4875 3048 4929 hoc
3066 4872 3207 4943 quod
3244 4871 3438 4940 incipit
3466 4867 3685 4937 subjun-

2112 4969 2310 5043 gatur?
2338 4968 2455 5036 Qua
2472 4969 2535 5022 .in
2564 4984 2624 5022 re
2660 4967 2978 5022 intuendum
3008 4972 3092 5022 est
3116 4953 3240 5032 q'uia
3271 4961 3417 5017 sicut
3446 4974 3546 5013 nos
3569 4971 3687 5011 cor-

2111 5061 2338 5131 poralia,
2365 5060 2445 5115 sic
2472 5060 2748 5130 propheta:
2771 5065 2827 5112 et
2854 5057 3146 5127 scriptores
3182 5053 3491 5108 divinorum
3520 5050 3689 5103 libro-

2116 5171 2234 5235 rum
2280 5169 2439 5209 sensu
2476 5152 2775 5222 spiritualia
2806 5151 3092 5221 aspiciunt,
3133 5148 3323 5216 eisque
3352 5155 3409 5201 et
3437 5146 3531 5199 illa
3568 5148 3690 5198 sunt

2112 5245 2398 5317 praesentia
2427 5259 2547 5313 quae
2570 5250 2766 5297 nostra:
2791 5239 3105 5311 ignorantia:
3131 5237 3378 5292 absentia
3406 5235 3689 5292 videntur;

2112 5337 2254 5391 unde
2290 5334 2350 5389 ﬁt
2374 5341 2434 5389 ut
2462 5334 2515 5387 in
2541 5340 2725 5387 mente
2751 5331 3135 5400 prophetarum
3160 5328 3233 5380 ita
3262 5326 3554 5394 conjuncta
3580 5324 3692 5375 sint

2115 5423 2477 5480 exterioribus
2520 5423 2800 5485 interiora,
2832 5428 3099 5489 quatenus
3145 5415 3306 5471 simul
3357 5423 3591 5482 utraque
3617 5410 3696 5462 vi-

2116 5517 2301 5580 deant,
2354 5513 2620 5583 simulque
2666 5512 2722 5566 in
2750 5512 2832 5567 eis
2869 5511 2963 5565 liat
3007 5519 3064 5565 et
3096 5510 3238 5563 intus
3284 5507 3512 5561 verbum
3556 5499 3701 5573 quod

442 5628 534 5674 tur
553 5634 651 5674 cur
671 5619 719 5675 is
741 5618 832 5690 qui
856 5618 1033 5674 adhuc
1056 5614 1189 5671 nihil
1209 5614 1439 5680 dixerat,
1468 5611 1543 5667 ita
1568 5624 1796 5667 exorsus
1812 5607 2018 5673 est,di-
2117 5608 2361 5672 audiunt,
2416 5615 2473 5661 et
2522 5605 2653 5661 foris
2703 5605 2846 5675 quod
2893 5602 3099 5658 dicunt.
3139 5601 3299 5655 Patet
3331 5599 3499 5669 igitur
3535 5606 3705 5649 causa
