3928 6168
358 145 495 200 1129

351 352 462 406 est;
489 340 683 395 deinde
708 340 1012 414 subjungit:
1035 343 1321 415 Postquam
1349 354 1603 418 percussit
1632 355 1937 414 Alexander

351 434 586 507 Philippi
628 435 870 504 Macedo,
921 441 1012 511 qui
1057 443 1257 511 primus
1311 451 1541 517 regnavit
1591 453 1645 506 in
1705 449 1932 521 Grrecia,

346 544 583 599 egressus
607 528 671 582 de
696 538 836 584 terra
871 528 1094 598 Cet/tim,
1126 533 1349 589 Darium
1380 537 1665 595 Persarum
1693 560 1860 615 regem
1885 558 1935 600 et

356 619 647 674 Medorum.
666 622 1250 692 ItaqueAlexandrum,
1276 626 1505 701 Philippi
1528 639 1581 687 et
1601 632 1933 707 Olympiadis

345 710 537 778 lilium,
570 713 790 768 Darium
812 731 996 787 regem
1030 717 1318 775 Persarum
1351 732 1514 794 atque
1535 726 1810 784 Medorum
1834 747 1930 786 oc-

341 800 540 855 cidisse
590 803 1197 862 omnibusmanil‘estum
1237 818 1343 864 est.
1378 812 1534 879 Quod
1559 823 1614 869 et
1658 816 1843 872 Daniel
1874 822 1924 874 in

338 889 551 945 visione
578 906 696 958 sua,
721 908 828 963 qua
856 893 1066 949 hircum
1096 912 1386 968 caprarum
1410 903 1637 958 arietem
1666 908 1931 962 ventilan—

337 985 447 1032 tem
480 980 736 1035 cornibus
754 984 1079 1039 contrivisse
1100 986 1378 1054 describit,
1405 992 1686 1049 evidenter
1710 1009 1930 1067 expres—

336 1071 429 1125 sit.
461 1070 569 1126 Sed
612 1074 870 1143 qnzeritur
915 1078 1187 1146 quomodo
1213 1079 1428 1137 dicatur
1453 1084 1761 1143 Alexander
1813 1092 1914 1160 pri-

338 1180 464 1219 mus
491 1180 747 1237 regnasse
770 1167 823 1222 in
854 1168 1084 1235 Graecia,
1117 1187 1239 1226 cum
1265 1175 1421 1230 multi
1449 1178 1645 1234 ibidem
1672 1183 1723 1235 in
1750 1184 1927 1240 diver—

334 1256 412 1310 sis
441 1254 575 1311 locis
597 1266 724 1311 ante
750 1273 1006 1330 regnasse
1036 1264 1409 1334 reperiantur;
1443 1271 1611 1327 multo
1633 1276 1776 1329 enim
1798 1288 1925 1334 ante

332 1349 570 1421 Argivis,
592 1350 1034 1422 Atheniensibus,
1068 1355 1511 1429 Lacedremoniis,
1549 1364 1842 1424 Corinthiis
1871 1382 1926 1428 et

332 1438 499 1511 Lydis
521 1456 673 1511 reges
704 1443 1053 1513 prmt‘uerunt.
1087 1448 1197 1504 Nec
1223 1466 1352 1507 vero
1385 1453 1438 1507 in
1475 1453 1783 1512 Macedonia
1812 1462 1924 1529 pri-

332 1547 454 1586 mus
495 1549 587 1588 rex
638 1533 942 1591 Alexander
991 1552 1110 1593 esse
1154 1539 1448 1608 invenitur,
1487 1545 1582 1599 sed
1634 1547 1921 1605 vicesimus

1079 144 1429 204 COMMENT.
1471 151 1536 206 IN
1575 152 1822 210 LIBROS
1861 158 2429 224 MACHABAEORUM.
2473 204 2542 213 —
2578 172 2646 228 IN
2683 175 2808 233 LIB.
2850 178 2888 232 I.

352 267 452 307 cur
496 253 586 322 qui
643 251 771 306 nihil
804 253 1017 310 dixerat
1070 256 1342 313 inchoavit
1384 261 1611 318 dicens:
1642 262 1932 336 Etfactum
1968 277 2013 336 Α

3478 197 3615 254 “50

2041 287 2273 345 gentem,
2313 282 2365 335 in
2414 287 2736 344 deditionem
2766 300 3003 363 accepit;
3033 301 3411 364 Callisthenem
3444 312 3621 384 phiio-

2040 368 2291 436 sophum,
2330 373 2538 445 sibique
2588 381 2728 449 apud
2774 382 3119 444 Aristotelem
3168 368 3616 477 condiscipulum,

2039 471 2162 511 cum
2190 459 2441 529 plurimis
2465 466 2585 524 aliis
2613 471 2965 544 principibus,
2997 484 3139 550 quod
3192 502 3336 554 eum,
3376 459 3622 564 deposita

2039 547 2303 606 salutandi
2332 570 2502 623 more,
2550 568 2609 613 ut
2635 561 2909 621 dominum
2940 584 3048 624 non
3099 574 3371 645 adoraret,
3394 585 3613 643 occidit.

2036 637 2164 694 Post
2193 643 2306 699 haec
2324 646 2526 701 Indiam
2563 652 2715 720 petit,
2753 662 2811 709 ut
2841 656 3055 716 Oceano
3085 665 3377 740 ultimoque
3399 671 3621 734 Oriente

2037 730 2215 788 tiniret
2245 736 2548 806 imperium,
2582 742 2767 800 Nisam
2793 750 2978 805 urbem
3011 756 3161 820 adiit,
3189 759 3433 819 D.edalos
3461 783 3613 824 mon—

2035 832 2131 885 tes,
2165 840 2435 897 regnaque
2490 831 2797 906 Cle0phidis
2842 840 2993 912 [Ms.,
3043 846 3354 926 Deophylis]
3415 859 3613 929 reginae

2036 917 2388 986 expugnavit;
2418 936 2536 990 qum
2559 938 2682 979 cum
2725 944 2783 984 se
2823 932 3075 1002 dedisset,
3123 943 3413 999 concubitu
3465 951 3613 1021 regio

2033 1014 2255 1071 regnum
2284 1009 2529 1065 redemit.
2558 1013 2847 1088 Peragrata
2874 1026 3286 1100 perdomitaque
3306 1033 3611 1095 Alexander

2031 1091 2197 1161 India,
2226 1112 2348 1152 eum
2376 1102 2443 1155 ad
2466 1119 2654 1160 saxum
2684 1110 2835 1164 miras
2856 1117 3165 1184 asperitatis
3193 1130 3247 1176 et
3279 1125 3608 1199 altitudinis,

2032 1180 2085 1236 in
2106 1186 2249 1254 quod
2278 1191 2430 1245 multi
2481 1196 2661 1266 populi
2707 1180 3082 1275 confugerant,
3117 1216 3473 1285 pervenisset,
3511 1237 3605 1277 co-

2029 1277 2213 1343 gnovit
2262 1278 2546 1340 Herculem
2592 1289 2659 1345 ab
2710 1277 3133 1366 impugnatione‘
3159 1300 3603 1389 [expugnatione]

2027 1365 2265 1435 ejusdem
2315 1376 2427 1429 saxi
2484 1388 2794 1438 terrmmotu
2844 1365 3200 1457 prohibitum.
3245 1365 3608 1464 iEiitulatione

2025 1472 2322 1531 permotus,
2352 1477 2412 1523 ut
2454 1468 2701 1530 Herculis
2741 1487 2858 1533 acta
2911 1496 3213 1554 superaret,
3243 1506 3366 1546 cum
3396 1510 3608 1555 summo

2026 1549 2209 1610 labore
2252 1572 2318 1613 ae
2372 1562 2611 1631 periculo
2648 1582 2780 1623 saxo
2831 1573 3055 1641 potitus,
3101 1594 3290 1636 omnes

2373 1628 2387 1631 _
2831 1628 2846 1640 ,
3022 1628 3055 1641 ἡ,
3106 1628 3290 1636 -_---_
3341 1628 3444 1641 ων.
3491 1628 3604 1657 ψη

329 1635 557 1695 quartus
587 1644 601 1681 :
633 1628 842 1697 primus
889 1644 982 1684 rex
1035 1631 1180 1684 enim
1246 1631 1597 1691 Macedonum
1643 1637 1923 1696 Carannus
1954 1637 1997 1696 Β
2024 1651 2211 1710 gentes
2242 1647 2294 1701 in
2324 1650 2650 1709 deditionem
2679 1663 2909 1731 accepit.
2943 1664 3079 1721 Cum
3122 1667 3284 1737 Poro,
3309 1672 3604 1736 fortissimo

329 1722 473 1779 erat,
504 1731 568 1770 eo
594 1726 833 1786 tempore
855 1733 961 1789 quo
985 1718 1351 1778 Hebraeorum
1385 1721 1522 1779 Juda
1544 1726 1789 1795 Azarias,
1825 1733 1917 1801 qui

328 1815 385 1859 et
431 1806 609 1870 Ozias,
660 1823 752 1862 rex
792 1807 891 1862 fuit
944 1808 1065 1880 (ΙΙΙ
1120 1810 1250 1882 Reg.
1308 1817 1432 1884 xu),
1472 1824 1528 1869 et
1568 1817 1917 1876 Hebraaorum

327 1895 492 1949 Israel
520 1911 612 1949 rex
641 1893 926 1951 Jeroboam
964 1897 1050 1970 (II
1082 1898 1212 1953 Par.
1244 1902 1414 1973 xxvi).
1450 1902 1763 1962 Latinorum
1793 1924 1919 1979 quo-

327 1998 435 2052 que
463 1981 660 2037 Procas
704 1983 939 2056 Sylvius,
972 1996 1028 2040 et
1064 1986 1593 2048 Lacedremoniorum
1638 1997 1915 2056 Calcame—

327 2087 447 2134 nes,
489 2072 1002 2146 Corinthiorumque
1035 2075 1363 2146 Alexander,
1401 2090 1455 2136 et
1495 2082 1913 2147 Atheniensium

327 2163 643 2234 Thespites;
674 2164 769 2219 sed
791 2165 910 2222 ideo
931 2168 1140 2236 primus
1161 2184 1417 2242 regnasse
1444 2174 1643 2231 dicitur
1671 2179 1724 2233 in
1755 2180 1910 2238 Grae-

327 2253 410 2307 cia
437 2254 761 2321 Alexander,
788 2256 914 2326 quia
939 2260 1151 2315 cmteris
1176 2262 1392 2333 regibus
1418 2273 1576 2321 antea
1608 2268 1661 2323 in
1686 2271 1913 2342 singulis

323 2347 570 2413 partibus
611 2350 981 2419 regnantibus,
1022 2353 1229 2422 primus
1268 2354 1385 2424 ipse
1433 2367 1488 2412 et
1534 2360 1680 2418 solus
1708 2365 1759 2418 in
1798 2376 1908 2423 tota

322 2433 535 2491 Graecia
590 2439 855 2509 regnavit.
901 2439 1037 2496 Nam
1076 2443 1351 2501 subversis
1374 2447 1595 2516 Thebis,
1637 2454 1690 2507 in
1716 2454 1910 2514 Persas

323 2541 479 2580 arma
526 2529 827 2599 corripiens
855 2532 998 2602 apud
1036 2531 1280 2606 Gangem
1317 2536 1538 2595 ﬂuvium
1576 2543 1710 2599 inito
1736 2559 1911 2604 certa-

321 2616 470 2672 mine
496 2617 643 2672 Darii
670 2618 835 2675 duces
862 2623 1153 2691 superavit,
1182 2636 1237 2680 et
1284 2626 1353 2681 ad
1385 2639 1687 2688 extremum
1733 2637 1908 2705 ipsum

319 2708 593 2777 percussit
618 2708 864 2775 arietem,
892 2717 946 2764 et
974 2711 1081 2767 duo
1109 2712 1224 2782 ejus
1246 2730 1448 2773 cornua
1484 2720 1769 2795 confregit,
1805 2726 1909 2783 Me-

320 2794 421 2850 dos
452 2811 515 2851 ac
556 2795 769 2863 Persas,
821 2799 1074 2871 misitque
1126 2817 1247 2859 eum
1279 2807 1380 2862 sub
1432 2810 1658 2880 pedibus
1686 2794 1813 2873 suis
1854 2828 1910 2875 et

318 2888 575 2958 utrinque
605 2904 770 2944 cornu
804 2905 903 2948 suo
935 2892 1241 2966 subjugavit
1271 2897 1516 2968 imperio.
1541 2902 1697 2970 Quod
1722 2916 1904 2965 autem

316 2975 519 3031 dicitur
546 2994 781 3048 egressus
806 2981 871 3035 de
893 2980 1089 3037 Cet/tim
1112 3024 1127 3049 ,
1156 2985 1223 3040 de
1244 2987 1359 3057 ipsa
1384 2988 1591 3048 Graecia
1613 2996 1898 3069 signiﬁcat.
1931 3003 1975 3064 C

321 3065 531 3122 Sethim
560 3070 703 3123 enim
729 3069 830 3125 fuit
859 3075 925 3127 de
949 3074 1181 3143 posteris
1210 3075 1342 3144 Noe,
1379 3081 1483 3136 hoc
1507 3093 1612 3150 est,
1640 3065 1781 3145 ﬁlius
1809 3090 1904 3146 Ja-

318 3177 443 3225 van,
471 3154 564 3217 lilii
585 3162 800 3235 Japhet,
831 3165 926 3222 ﬁlii
956 3167 1088 3236 Nee,
1119 3178 1175 3225 et
1194 3170 1514 3232 Sitammam
1548 3178 1701 3251 [Ms.,
1733 3183 1907 3240 Cithi-

317 3253 468 3326 man]
502 3254 732 3311 insulam
767 3257 974 3326 habuit,
1008 3276 1129 3331 quae
1164 3278 1311 3321 nunc
1349 3267 1550 3323 dicitur
1577 3270 1814 3343 Cyprus,
1844 3287 1905 3331 ut

314 3344 582 3417 Iosephus
604 3350 764 3404 testis
792 3358 894 3416 est,
927 3360 981 3407 et
1007 3354 1075 3408 ab
1104 3370 1169 3409 ea
1207 3371 1396 3413 omnes
1430 3360 1622 3417 insulae
1653 3372 1708 3418 et
1734 3367 1901 3420 mari-

316 3437 448 3493 tima
480 3438 596 3494 loca
646 3438 845 3495 Cethim
896 3440 1161 3499 Hebraice
1208 3447 1579 3503 nominantur.
1627 3451 1900 3525 Legamus

313 3527 577 3583 Varronis
604 3529 669 3585 de
695 3530 1120 3601 Antiquitatibus
1153 3533 1322 3591 libros
1376 3546 1431 3592 et
1474 3538 1698 3596 Sisinnii
1741 3543 1901 3615 Capi-

314 3619 458 3675 tonis
489 3629 544 3676 et
563 3620 810 3677 Grzecum
838 3623 1095 3696 Flegonta
1138 3636 1474 3699 cacterosque
1500 3634 1898 3694 eruditissimos

310 3710 479 3778 vires,
516 3720 573 3767 et
589 3713 892 3770 videbimus
917 3730 1106 3772 omnes
1133 3734 1271 3788 pene
1295 3721 1500 3777 insulas
1526 3731 1582 3778 et
1611 3727 1780 3782 totius
1804 3743 1896 3782 or-

313 3800 398 3854 bis
428 3799 611 3857 littora
645 3811 701 3858 et
754 3812 928 3860 terras
960 3808 1095 3863 mari
1130 3810 1340 3867 vicinas
1380 3828 1411 3866 a
1458 3813 1664 3871 Grazcis
1694 3819 1896 3877 accolis

310 3906 623 3966 occupatas,
655 3900 747 3968 qui
795 3903 863 3956 ab
889 3901 1098 3958 Amano
1126 3904 1278 3978 [Ms.,
1309 3907 1574 3984 Damano]
1622 3922 1678 3967 et
1717 3914 1895 3972 Tauro

310 3987 583 4043 montibus
628 3992 807 4046 omnia
854 3995 1122 4049 maritima
1170 3997 1280 4053 loca
1312 4017 1480 4071 usque
1522 4005 1590 4058 ad
1616 4004 1892 4063 Oceanum

308 4077 599 4145 possedere
626 4079 1010 4138 Britannicum.

379 4166 681 4236 Constituit,
718 4172 913 4242 inquit,
965 4176 1149 4246 praelia
1180 4179 1370 4245 multa,
1395 4191 1442 4236 et
1472 4187 1704 4240 omnium
1759 4188 1892 4243 obti-

307 4260 421 4309 nu’t
445 4260 776 4326 munitiones,
795 4273 841 4316 et
856 4265 1110 4335 interfecit
1128 4284 1266 4338 rcges
1293 4280 1463 4337 terrae,
1482 4285 1528 4327 et
1549 4279 1742 4347 accepit
1769 4297 1887 4349 spo-

2025 1730 2280 1791 Indorum
2304 1753 2449 1812 rege,
2483 1730 2922 1808 cruentissimum
2950 1756 3146 1815 bellum
3171 1765 3357 1831 gessit.
3389 1767 3601 1835 Postea.

2020 1840 2143 1882 cum
2169 1827 2472 1890 Orientales
2516 1841 2742 1910 populos
2806 1845 3142 1919 singularum
3196 1859 3603 1925 provinciarum

2019 1930 2127 1971 non
2164 1920 2280 1977 sine
2319 1935 2543 1981 cruenta
2572 1931 2797 1989 victoria
2825 1938 3079 2008 cepisset,
3108 1951 3423 2006 conscensis
3451 1957 3602 2010 navi-

2016 2007 2139 2075 bus,
2170 2027 2292 2069 cum
2322 2016 2523 2075 Oceani
2550 2021 2731 2079 littora
2757 2007 3089 2101 peragraret,
3113 2037 3181 2092 ad
3206 2040 3394 2098 urbem
3414 2060 3603 2114 quam-

2016 2098 2138 2154 dam
2175 2104 2259 2158 cui
2305 2106 2561 2181 Ambiger
2589 2112 2857 2190 [Ambira]
2894 2098 3008 2177 rex
3050 2098 3302 2195 prmerat,
3331 2098 3597 2202 pervenit.

2018 2185 2123 2242 Sed
2163 2190 2216 2244 in
2246 2199 2642 2268 expugnatione
2663 2185 2902 2264 civitatis
2930 2226 3179 2283 magnam
3208 2228 3417 2287 partem
3445 2239 3601 2281 exer-

2015 2278 2154 2334 citus
2186 2285 2395 2353 sagittis
2419 2289 2675 2359 hostium,
2705 2310 2912 2353 veneno
2942 2278 3108 2369 illitis,
3144 2278 3360 2376 amisit;
3394 2329 3456 2370 ac
3474 2328 3600 2386 post

2013 2368 2179 2426 herba
2208 2389 2327 2443 quae
2365 2394 2463 2448 per
2486 2397 2735 2441 somnum
2769 2387 3084 2467 [somnium]
3109 2398 3212 2454 sibi
3241 2410 3458 2460 ostensa
3488 2415 3595 2478 est,

2014 2462 2065 2515 in
2092 2475 2278 2534 potum
2307 2474 2504 2529 sauciis
2521 2476 2666 2544 data,
2683 2496 2808 2536 cum
2831 2484 3053 2555 reliquis
3075 2491 3472 2564 subveniretur,
3498 2516 3587 2556 ur-

2011 2556 2133 2610 bem
2178 2567 2502 2634 expugnavit
2546 2577 2602 2624 et
2647 2573 2808 2643 cepit.
2845 2575 3137 2649 Postquam
3171 2585 3375 2642 circum
3417 2599 3594 2648 actam

2014 2642 2165 2716 [Post
2195 2654 2346 2720 quasi
2373 2655 2698 2715 circumacta
2722 2665 2888 2738 meta]
2920 2642 3289 2729 ad-Oceanum
3319 2687 3373 2733 et
3401 2678 3588 2737 Indum

2011 2736 2206 2796 ﬂumen
2259 2743 2549 2816 ingressus,
2602 2736 2951 2826 Babyloniam
3001 2763 3255 2822 celeriter
3284 2772 3462 2839 rediit,
3501 2776 3593 2831 ubi

2011 2847 2131 2888 cum
2164 2853 2284 2892 cum
2307 2845 2686 2902 exterritarum
2712 2851 2877 2907 totius
2906 2856 3056 2912 orbis
3079 2861 3480 2927 provinciarum
3509 2867 3588 2925 Ie-

2011 2924 2118 2993 gati
2141 2938 2538 2999 exspectarent,
2569 2938 2668 2993 hoc
2691 2948 2776 2995 est
2800 2924 3305 3017 Carthaginensium
3336 2964 3391 3010 et
3425 2959 3589 3016 totius

2005 3012 2203 3071 Africae
2230 3019 2530 3091 civitatum,
2553 3029 2647 3083 sed
2675 3039 2729 3085 et
2749 3012 3137 3107 Hispanorum,
3166 3040 3464 3114 Gallorum,
3495 3048 3578 3105 Si.

2009 3102 2144 3159 cilia:
2181 3106 2567 3183 Sardiniaeque,
2610 3102 2864 3189 plurimas
2885 3137 3146 3194 praeterea
3190 3144 3374 3203 partes
3395 3138 3584 3199 Italiae.

2007 3191 2210 3251 Tantus
2239 3199 2399 3256 timor
2425 3202 2477 3257 in
2512 3221 2723 3263 summo
2753 3191 2974 3270 Oriente
3000 3191 3279 3278 constituti
3307 3227 3459 3285 ducis
3483 3247 3582 3299 po-

2004 3285 2158 3352 pulos
2179 3289 2349 3345 ultimi
2375 3291 2679 3354 Occidentis
2700 3301 2994 3374 invaserat,
3026 3318 3086 3364 ut
3110 3311 3232 3368 inde
3244 3285 3584 3390 peregririam

2004 3392 2255 3437 cerneres
2304 3391 2414 3439 toto
2443 3389 2642 3444 mundo
2686 3391 3033 3465 legationem,
3064 3416 3172 3472 quo
3200 3405 3291 3460 vix
3332 3389 3584 3469 crederes

2000 3470 2312 3534 pervenisse
2362 3491 2668 3546 rumorem;
2701 3484 2843 3539 unde
2887 3485 3024 3543 bene
3049 3492 3308 3562 scriptum
3354 3506 3439 3554 est
3471 3518 3485 3554 :
3513 3501 3581 3556 Et

1999 3554 2142 3610 siluit
2163 3569 2301 3615 terra
2321 3562 2374 3616 in
2403 3578 2686 3637 conspectu
2705 3573 2839 3642 ejus,
2867 3577 2995 3645 quia
3025 3580 3205 3637 nullus
3236 3585 3284 3638 ei
3309 3587 3575 3647 rebellare

2000 3647 2246 3703 audebat

2068 3734 2138 3788 Et
2165 3745 2488 3810 congregavit
2513 3747 2752 3803 virtutem
2777 3761 2827 3806 et
2847 3759 3131 3815 exercitum
3177 3762 3364 3832 fortem
3392 3770 3570 3827 nimis.

1996 3818 2230 3879 Devictis
2271 3827 2471 3898 ubique
2517 3836 2766 3905 gentibus
2790 3842 3026 3913 undique
3057 3818 3336 3909 thesauros
3368 3864 3423 3910 et
3445 3874 3575 3927 opes

1994 3929 2181 3970 earum
2208 3918 2512 3980 Alexander
2532 3928 2771 3997 abstulit,
2809 3936 2951 3991 unde
2980 3954 3046 3994 eo
3076 3952 3289 4001 mortuo
3312 3951 3573 4009 satellites

1993 4012 2154 4075 atque
2183 4010 2380 4067 milites
2402 4015 2517 4085 ejus
2546 4029 2768 4091 propter
2791 4040 2949 4095 opum
2974 4033 3396 4101 magnitudinem
3435 4060 3571 4113 quas

1992 4107 2341 4168 congregatas
2361 4103 2617 4173 habebat,
2645 4125 2708 4165 ac
2737 4112 2806 4167 ob
2833 4120 3126 4185 potentiam
3156 4127 3328 4195 regni,
3351 4132 3417 4185 ab
3437 4103 3570 4188 invi-

1990 4200 2105 4239 cem
2128 4188 2534 4263 dissentiebant,
2551 4200 2689 4255 sicut
2705 4203 2992 4276 Pompeius
3005 4210 3212 4285 Trogus
3231 4217 3455 4289 ejusque
3468 4223 3567 4277 ab-

1987 4275 2259 4335 breviator
2275 4281 2517 4343 Justinus
2540 4290 2592 4344 in
2615 4291 2766 4349 libris
2781 4297 3139 4359 Historiarum
3153 4322 3371 4364 suarum
3385 4322 3567 4368 osten-

2750 4348 2759 4349 ί
2782 4348 2952 4354 V"""
2967 4348 3037 4356 “““¹“⁵
3053 4348 3139 4359 ’⁵⁸⁸⁸
3153 4348 3270 4361 ναι..
3284 4348 3371 4364 “III
3385 4348 3565 4368 υδιυιι-

305 4348 380 4401 lia
401 4349 751 4406 multitudinis
797 4355 1049 4424 gentium,
1090 4370 1137 4410 et
1184 4359 1327 4413 siluit
1360 4373 1499 4417 terra
1531 4366 1586 4419 in
1611 4383 1886 4435 conspectu
1914 4355 1965 4412 D
1991 4365 2155 4433 dunt,
2187 4374 2484 4432 scribentes
2519 4383 2680 4448 quod,
2716 4386 2967 4445 defuncte
3003 4393 3332 4464 Alexandro,
3357 4402 3411 4455 in
3447 4405 3565 4458 the-

308 4437 421 4464 ηε..-
466 4436 602 4464 Et"...
636 4438 821 4464 lla-.-“
841 4444 926 4464 Δ-.-
951 4445 1066 4464 Il,“
1243 4449 1254 4460 ο
1335 4460 1344 4464 -
1379 4461 1388 4464 -
1481 4454 1494 4464 .
1620 4458 1634 4464 -
1661 4458 1671 4464 .
1799 4460 1809 4464 -
1851 4461 1860 4464 _

302 4437 444 4515 ejus,
466 4436 603 4507 Ergo
625 4438 927 4497 Alexander
951 4445 1194 4514 Magnus,
1212 4449 1350 4504 sicut
1376 4454 1596 4509 tradunt
1619 4458 1886 4529 historici,

302 4535 429 4594 post
485 4528 624 4582 Darii
664 4540 889 4587 mortem
948 4534 1271 4605 Hyrcaniam
1333 4540 1675 4614 Maeidosque
1732 4548 1883 4619 [Ms.,

305 4615 585 4686 Hyrcanos
613 4636 676 4675 ae
711 4620 1138 4701 Gyrodomanos]
1174 4631 1415 4703 subegit;
1459 4646 1580 4705 post
1611 4639 1724 4694 haec
1754 4640 1886 4696 Par-

304 4708 518 4761 thorum
544 4725 778 4781 pugnam
809 4730 1094 4785 aggressus
1136 4730 1241 4785 est,
1287 4738 1422 4792 quos
1461 4727 1547 4780 diu
1592 4731 1885 4789 renitentes

299 4796 501 4851 delevit
533 4806 919 4871 propemodum
957 4819 1244 4881 antequam
1292 4815 1441 4870 vicit.
1488 4818 1615 4873 Inde
1646 4820 1883 4880 Thraces

301 4881 592 4961 [Drangas]
624 4890 932 4964 Evergetes,
973 4897 1255 4972 Parymas,
1290 4904 1735 4977 Parxammenos,
1781 4915 1881 4985 Hy-

298 4975 517 5047 daspios
546 4992 881 5052 czeterosque
926 4989 1151 5058 populos
1197 4993 1288 5062 qui
1326 4995 1378 5048 in
1419 4995 1647 5055 Caucasi
1697 5003 1879 5060 radice

293 5067 650 5125 morabantur
709 5075 941 5147 subegit,
1000 5081 1131 5135 urbe
1181 5083 1258 5161 ibi
1313 5084 1641 5144 Alexandria
1712 5108 1876 5163 super

292 5173 513 5214 amnem
538 5161 763 5219 Tanaim
814 5173 1125 5228 constituta.
1171 5173 1276 5230 Sed
1325 5178 1545 5234 humani
1595 5187 1872 5257 sanguinis.

290 5251 748 5323 iuexsaturabilis,
774 5260 887 5317 sive
936 5265 1188 5332 hostium,
1224 5270 1336 5325 sive
1378 5274 1541 5328 etiam
1572 5280 1866 5345 sociorum,

288 5350 563 5395 recentem
610 5354 792 5401 tamen
850 5366 1061 5423 settrper
1102 5358 1317 5433 sitiebat
1365 5377 1632 5419 cruorem.
1686 5366 1869 5437 Itaque

286 5429 553 5497 pertinaci
589 5434 788 5505 impetu
819 5439 870 5493 in
923 5441 1059 5499 bella
1086 5461 1411 5516 procurrens
1449 5451 1776 5513 Cherasinos
1812 5470 1866 5514 et

288 5520 490 5577 Dracas
538 5525 692 5598 [Ms.,
743 5529 1101 5592 Choroasinos
1153 5550 1206 5593 et
1256 5543 1494 5617 Aciatos]
1551 5548 1862 5608 indomitam

686 5620 956 5684 Parnm“
1002 5630 1160 5691 CIX.

1994 4461 2170 4515 sauris
2195 4462 2309 4531 ejus
2352 4469 2741 4545 quinquaginta
2772 4479 2938 4536 millia
2971 4484 3171 4543 talenta
3215 4492 3332 4545 auri
3357 4506 3566 4566 reperta

1992 4557 2133 4616 sunt,
2182 4554 2316 4610 etin
2362 4573 2539 4615 annuo
2588 4568 2863 4639 vectigalis
2894 4573 3093 4631 tributo
3133 4580 3331 4635 tricena
3374 4587 3561 4644 millia.

1989 4636 2230 4711 Denique
2281 4645 2604 4717 Alexander,
2661 4636 2800 4713 inter
2844 4662 3082 4729 pericula
3127 4670 3431 4736 praeliorum
3473 4677 3565 4733 Dei

1990 4737 2121 4784 nutu
2150 4745 2415 4802 servatus,
2449 4738 2515 4793 ad
2545 4752 2842 4801 extremum
2870 4765 2993 4804 cum
3038 4753 3092 4807 in
3133 4755 3404 4831 Babylone
3429 4766 3564 4822 urbe

1989 4834 2310 4891 moraretur,
2335 4844 2431 4900 per
2461 4833 2684 4889 insidias
2713 4835 2989 4896 Medorum
3030 4844 3347 4908 interfectus
3378 4864 3482 4921 est,
3510 4866 3564 4913 et

1986 4915 2220 4970 maxime
2256 4918 2489 4976 factione
2516 4924 2813 5014 Antipatris
2840 4931 2991 4989 ducis
3016 4934 3148 5004 ejus,
3178 4942 3268 5011 qui
3300 4960 3398 5014 per
3428 4948 3563 5004 Cas-

1983 5007 2237 5063 sandrum
2284 5012 2449 5068 filium
2503 5032 2657 5073 suum
2689 5005 2811 5076 eum
2860 5041 3070 5087 veneno
3110 5039 3391 5115 exstinxit,
3421 5045 3560 5099 sicut

1978 5098 2265 5164 praedictus
2283 5102 2568 5175 Pompeius
2589 5109 2796 5184 Trogus
2819 5129 3025 5188 narrat,
3058 5126 3241 5184 dicens
3267 5110 3409 5201 quod
3433 5151 3557 5190 eum

1980 5187 2302 5259 Babylonem
2332 5202 2617 5256 revertenti
2662 5202 2957 5284 [reversus]
2976 5218 3188 5282 -multis
3217 5187 3406 5277 diebus
3442 5226 3556 5278 otio

1980 5279 2140 5345 datis,
2181 5283 2544 5346 intermissum
2571 5294 2698 5349 olim
2732 5301 3039 5359 convivium
3085 5309 3310 5365 solerter
3335 5311 3554 5383 [solem-

1977 5373 2155 5447 niter],
2191 5376 2497 5439 Alexander
2530 5385 2863 5458 institueret,
2915 5403 3161 5467 totusque
3211 5401 3262 5453 in
3310 5373 3547 5459 laetitiam

1975 5462 2175 5520 effusus
2202 5484 2320 5524 eum
2352 5473 2455 5529 diei
2483 5487 2693 5534 noctem
2722 5486 3033 5554 pervigilem
3070 5487 3359 5557 junxisset,
3402 5508 3550 5549 rece-

1975 5554 2184 5610 dentem
2200 5556 2312 5625 jam
2341 5579 2367 5615 a
2393 5568 2637 5623 cenvivio
2662 5575 2902 5627 medicus
2915 5576 3223 5644 Thessalus,
3250 5580 3553 5642 instaurata

3073 5670 3145 5730 3i}
