3928 6168
337 105 469 163 κω

973 95 1034 151 Β.
1071 93 1328 151 RABANI
1365 91 1582 148 MAUBI
1621 89 1939 146 ARCIIIEP.
1983 87 2289 143 BIOGUNT.
2331 83 2612 145 OPERUM
2653 81 2837 138 PARS
2871 81 2913 135 I.

3443 79 3580 133 113‘!

336 215 746 280 comessatione,
804 217 859 266 et
908 224 1082 280 ipsum
1132 223 1195 261 ac
1229 205 1438 262 sodales
1486 203 1602 271 ejus
1647 201 1912 265 invitavit,
1945 213 1988 267 Α
2020 199 2183 270 igitur
2214 197 2516 252 Alexander
2561 211 2656 266 per
2703 194 2986 249 duodecim
3052 207 3222 248 annos
3269 202 3584 248 uenientem

336 313 428 369 ubi
451 313 672 377 accepto
696 300 884 374 poculo
913 297 1086 354 media
1113 297 1332 368 potione
1361 303 1582 365 repente
1619 291 1762 346 velut
1800 290 1906 344 telo

337 401 582 462 conﬁxus
607 393 881 468 ingemuit,
913 390 1190 461 elatusque
1217 405 1246 442 a
1277 388 1522 444 convivio
1575 383 1910 440 semianimis

340 493 412 548 ita
445 487 716 545 cruciatus
767 488 868 545 est,
905 488 963 534 ut
1009 477 1208 532 ferrum
1255 478 1308 531 in
1359 475 1593 530 remedia
1642 480 1909 544 posceret,

338 590 650 646 tactumque
678 572 956 628 hominum
986 570 1130 622 velut
1153 568 1374 622 vulnera
1402 566 1776 622 indolesceret.
1808 561 1913 618 Re-

339 685 465 725 vera
499 674 678 722 autem
715 661 924 716 insidize
947 659 1162 713 fuerunt
1199 677 1212 710 :
1241 673 1365 711 nam
1395 662 1726 710 memoratus
1755 651 1910 706 Auti-

336 769 510 830 pater,
548 771 668 810 cum
709 751 1054 806 charissimos
1103 749 1306 802 amicos
1333 762 1459 802 suos
1490 744 1802 800 interfectos
1836 742 1914 796 vi-

339 850 492 904 deret
534 846 600 900 ab
629 841 952 902 Alexandro,
987 855 1151 908 seque
1182 839 1392 920 magnis
1431 837 1589 891 rebus
1621 837 1672 890 in
1703 833 1912 890 Graecia

339 933 506 1010 gestis
533 951 638 991 non
670 943 776 987 tam
800 941 1008 1004 gratum
1033 931 1172 999 apud
1196 945 1376 999 regem
1404 944 1564 998 quam
1592 927 1913 981 invidiosum

339 1043 480 1092 esse,
505 1042 535 1079 a
563 1035 737 1082 matre
758 1035 967 1092 quoque
987 1019 1103 1087 ejus
1125 1019 1440 1090 Olympiade
1461 1017 1626 1071 variis
1655 1031 1711 1070 se
1733 1015 1916 1070 crimi-

341 1115 650 1171 nationibus
681 1121 955 1176 vexatum,
983 1113 1048 1165 ad
1082 1111 1449 1180 occupandum
1479 1123 1658 1179 regem
1687 1107 1918 1161 Cassan-

343 1209 496 1261 drum
545 1205 712 1259 ﬁlium
755 1203 881 1257 dato
909 1216 1115 1255 veneno
1143 1201 1421 1263 subornat,
1449 1199 1542 1267 qui
1583 1212 1704 1250 cum
1735 1194 1920 1248 fratri-

345 1299 444 1350 l.us
475 1294 718 1364 Philippo
749 1300 803 1346 et
843 1291 969 1344 Iolla
999 1279 1305 1344 ministrare
1335 1289 1446 1358 regi
1491 1287 1719 1340 solebat.
1755 1281 1918 1351 Cujus

345 1386 534 1442 veneni
581 1393 727 1438 tanta
757 1382 838 1437 vis
861 1381 978 1444 fuit,
1009 1389 1194 1434 utnon
1222 1394 1352 1442 aere,
1383 1394 1489 1432 non
1524 1376 1686 1440 ferro,
1713 1391 1818 1429 non
1843 1381 1922 1428 te-

347 1478 430 1547 gla
461 1473 646 1547 [testa]
668 1473 1057 1533 contineretur.
1088 1487 1184 1526 nec
1207 1471 1364 1524 aliter
1385 1467 1512 1523 ferri
1535 1468 1636 1522 nisi
1659 1467 1714 1521 in
1745 1481 1915 1536 ungu-

2010 290 2108 344 sub
2134 305 2192 346 se
2215 289 2401 342 orbem
2431 285 2714 356 oppressit.
2742 283 3019 354 Principes
3041 297 3168 339 vero
3193 283 3311 355 ejus
3335 293 3584 354 quatuor-

2009 381 2181 436 dccim
2208 381 2364 435 annis
2390 379 2651 432 dominati
2679 387 2824 444 sunt,
2853 386 2910 432 et
2929 376 3074 432 velut
3095 377 3328 446 opimam
3353 378 3587 447 praedam

2010 487 2040 526 a
2076 487 2271 541 magno
2298 470 2450 524 leone
2473 477 2800 539 prostratam
2831 467 2975 522 avidi
3017 467 3352 537 discerpsere
3390 466 3588 529 catuli;

2011 578 2189 632 seque.
2204 562 2348 631 ipsos
2368 561 2598 614 invicem
2647 559 2700 613 in
2726 559 2898 614 rixam
2928 557 3184 612 incitatos
3216 557 3411 626 praedm
3429 571 3592 610 anuu-

2013 654 2209 708 latione
2259 651 2549 722 fregerunt.
2597 650 2783 719 Itaque
2811 648 3102 704 Ptolomaeo
3131 648 3302 718 prima
3327 645 3593 717 Egyptus

2011 755 2066 800 ct
2092 742 2289 798 Africae
2333 742 2652 812 Arabizeque
2679 756 2805 810 pars
2844 749 2989 795 sorte
3014 741 3282 810 provenit.
3315 738 3593 794 Conﬁnem

2014 833 2138 892 huic
2187 843 2241 889 et
2279 833 2613 904 provinciam
2644 831 2857 903 Syriam
2895 831 3204 886 Laomedon
3239 830 3594 902 Mitylenaeas,

2013 925 2255 980 Ciliciam
2278 923 2520 980 Philotas
2545 939 2666 977 cum
2697 921 2807 976 ﬁlio
2833 930 2890 976 ct
2909 921 3119 993 Illyrios
3147 921 3419 992 accipiunt
3447 921 3594 994 [Cili-

2018 1019 2156 1072 ciam
2199 1018 2457 1080 Philotas,
2501 1015 2656 1070 Philo
2683 1015 2890 1085 Illyrios
2918 1013 3232 1086 accipiunt].
3264 1013 3452 1069 Media:
3477 1031 3589 1068 ma-

2012 1109 2119 1181 jori
2141 1107 2460 1177 Acropatus,
2491 1107 2685 1161 minori
2709 1105 2896 1160 Alceta
2926 1104 3096 1160 frater
3113 1105 3384 1160 Perdiccae
3405 1104 3592 1176 [miuo-

2019 1201 2067 1256 ri
2107 1215 2263 1255 socer
2309 1196 2603 1270 Perdiccae]
2638 1196 2986 1268 praeponitur.
3028 1197 3256 1251 Susiana
3282 1212 3415 1268 gens
3443 1195 3592 1258 Sino,

2021 1289 2254 1360 Phrygia
2310 1287 2485 1357 major
2532 1287 2801 1357 Antigono
2851 1285 3080 1356 Philippi
3115 1285 3225 1339 ﬁlio
3262 1287 3591 1357 assignatur;

2021 1382 2240 1453 Lyciam
2268 1389 2324 1435 et
2359 1378 2724 1450 Pamphyliam
2775 1378 3076 1444 Nearchus,
3105 1379 3320 1434 Cariam
3363 1379 3592 1435 Cassan-

2023 1473 2140 1537 der,
2186 1471 2407 1544 Lydiam
2445 1469 2734 1524 Menander
2767 1470 3089 1524 sortiuntur.
3123 1470 3451 1526 Leonantius
3495 1471 3596 1536 mi-

345 1567 396 1620 Ia
441 1566 561 1636 equi
615 1563 868 1636 pctuerit,
919 1562 1234 1632 praemonito
1283 1559 1392 1614 ﬁlio
1442 1575 1510 1614 uc
1558 1557 1715 1612 alicui
1757 1571 1919 1626 quam
1952 1553 1995 1610 Β
2023 1578 2208 1619 norem
2229 1560 2517 1632 Phrygiam
2537 1561 2763 1630 accepit.
2790 1560 3022 1615 Thracia
3048 1569 3102 1616 et
3127 1561 3373 1633 regiones
3393 1560 3598 1616 Pontici

349 1655 607 1730 fl‘hessalo
631 1665 685 1710 et
713 1654 970 1708 fratribus
993 1653 1255 1706 crederet.
1281 1649 1391 1702 lIac
1417 1648 1580 1720 igitur
1599 1661 1762 1701 causa
1783 1644 1924 1715 apud

352 1746 669 1800 Thessalum
717 1753 964 1815 paratum
1015 1741 1407 1810 repetitumque
1458 1737 1759 1793 convivium
1809 1747 1922 1801 est;

353 1838 627 1906 Philippus
673 1844 726 1890 et
749 1835 924 1899 Iollas,
947 1840 1278 1904 priegustare
1320 1845 1382 1885 ac
1412 1837 1714 1900 temperare
1742 1829 1956 1898 potum"

357 1931 496 2000 regis
546 1928 712 1990 soliti,
762 1927 812 1980 in
847 1941 983 1995 aqua
1033 1922 1226 1994 frigida
1277 1936 1542 1975 venenum
1601 1921 1924 1982 habuerunt,

339 2026 459 2090 'qua
502 2025 822 2089 prtegustata
851 2031 970 2069 eam
1005 2014 1211 2084 potioni
1239 2011 1680 2082 supermiserunt.
1728 2009 1929 2076 Quarta

354 2113 440 2166 die
480 2107 782 2165 Alexander
808 2106 1165 2160 indubitatam
1197 2115 1428 2158 mortem
1469 2101 1733 2166 sentiens,
1759 2115 1928 2169 agno-

355 2218 507 2257 scere
555 2217 614 2256 se
651 2199 819 2253 fatum
865 2199 1056 2253 domus
1101 2194 1365 2265 majorum
1407 2209 1624 2248 suorum
1652 2191 1729 2246 ait
1761 2209 1774 2244 :
1805 2207 1931 2245 nam

359 2295 640 2366 plerosque
666 2289 1026 2345 Aeacidarum
1051 2289 1192 2342 intra
1218 2286 1550 2342 tricesimum
1591 2299 1789 2338 annum
1833 2283 1928 2338 dc-

361 2384 592 2438 functos.
622 2380 1033 2435 Tumultuantes
1054 2376 1245 2432 deinde
1269 2375 1466 2430 milites
1495 2381 1552 2428 et
1581 2373 1790 2428 insidiis
1812 2388 1933 2442 per-

361 2477 439 2530 ire
479 2489 658 2544 regem
707 2470 1040 2539 suspicantes
1087 2469 1200 2536 ipse
1239 2465 1461 2530 sedavit,
1487 2477 1688 2534 eosque
1722 2475 1931 2528 omnes,

359 2583 480 2622 cum
511 2564 753 2636 prolatus
797 2563 851 2616 in
893 2560 1250 2616 editissimum
1280 2558 1456 2613 locum
1500 2555 1650 2610 urbis
1673 2562 1839 2619 esset,
1867 2553 1934 2608 ad

359 2663 701 2727 conspectum
731 2667 884 2708 suum
913 2650 1148 2716 admisit,
1175 2648 1631 2718 osculandamque
1657 2645 1935 2700 dexteram

343 2764 515 2804 suam
579 2745 830 2801 ﬂentibus
882 2743 1142 2813 porrexit.
1207 2741 1452 2810 Cmnqne
1507 2738 1936 2809 Iacrymarentur

362 2853 570 2904 omnes,
599 2837 712 2907 ipse
751 2851 857 2890 non
902 2834 1019 2889 sine
1049 2831 1303 2903 Iacrymis
1331 2838 1561 2893 tantum,
1603 2841 1790 2882 verum
1821 2824 1936 2878 sine

365 2929 472 2984 ullo
505 2899 760 2982 tristioris
807 2925 1004 2978 mentis
1051 2899 1367 2992 argumento
1401 2919 1538 2985 ,fuit,
1588 2925 1649 2972 ut
1674 2915 1932 2986 quosdam
1963 2899 2006 2960 Ο

351 3018 732 3090 impatientius
754 3016 997 3072 dolentes
1027 3013 1336 3068 consolatus
1377 3011 1470 3076 sit,
1494 3009 1689 3080 quibus
1717 3005 1940 3062 manda-

343 3121 421 3166 ~ta
453 3111 521 3165 ad
561 3116 814 3180 parentes
847 3121 1034 3160 eorum
1063 3103 1228 3168 dedit,
1256 3103 1390 3156 adeo
1411 3102 1550 3156 sicut
1572 3101 1624 3154 in
1667 3101 1837 3160 hoste,
1866 3098 1938 3151 ita

346 3209 422 3254 ‘ct
470 3198 524 3252 in
561 3205 733 3250 morte
783 3194 1016 3247 invictus
1060 3191 1110 3245 ei
1155 3191 1366 3244 animus
1395 3189 1510 3244 fuit.
1543 3188 1677 3244 Cum
1713 3186 1940 3242 deﬁcere

347 3301 493 3342 'eum
523 3284 692 3338 amici
719 3283 981 3346 viderent,
1028 3287 1276 3350 quazrunt
1319 3295 1478 3350 quem
1507 3277 1715 3349 imperii
1742 3277 1944 3332 faciant

367 3371 669 3440 hatredem;
691 3373 988 3444 respondit,
1011 3365 1407 3443 Dignissimum.
1433 3371 1605 3426 Tanta
1635 3371 1709 3426 illi
1737 3371 1943 3444 magni-

370 3467 498 3522 tudo
524 3465 689 3520 animi
734 3462 856 3531 fuit,
902 3471 962 3518 ut
989 3479 1113 3518 cum
1155 3462 1436 3518 Herculem
1463 3463 1654 3530 ﬁlium,
1683 3479 1806 3519 cum
1837 3463 1942 3518 fra-

363 3568 510 3615 trem
548 3557 824 3622 Arideum,
857 3571 979 3611 cum
1027 3555 1302 3610 Roxanem
1328 3569 1550 3610 uxorem
1577 3562 1942 3626 praegnantem

367 3649 718 3719 relinqueret,
771 3646 968 3702 oblitus
1035 3645 1490 3701 necessitudinum
1517 3685 1532 3711 ,
1580 3645 1944 3716 dignissimum

351 3739 694 3810 nuncuparit
716 3737 983 3792 haeredem
1014 3755 1027 3790 :
1057 3751 1280 3807 prorsus
1305 3737 1459 3806 quasi
1484 3735 1634 3791 nefas
1657 3745 1800 3791 esset
1831 3736 1947 3790 viro

371 3829 688 3886 forti‘alium
719 3842 879 3897 quam
901 3826 1080 3881 virum
1111 3825 1304 3882 fortem
1337 3817 1650 3892 succedere,
1688 3833 1780 3880 aut
1809 3825 1945 3878 tanti

376 3921 522 3992 regni
552 3935 685 3990 opes
731 3918 852 3974 aliis
893 3932 1053 3988 quam
1097 3916 1342 3986 probatis
1390 3915 1640 3984 relinqui.
1680 3915 1795 3970 Hac
1816 3930 1948 3970 voce

375 4013 538 4067 veluti
581 4009 831 4066 bellicum
881 4008 1024 4062 inter
1053 4006 1551 4062 amicos—tonuisset
1587 4003 1944 4078 [cecinisset],

375 4111 469 4158 aut
498 4101 694 4156 malum
725 4099 1004 4154 discordia:
1034 4097 1291 4161 misisset,
1327 4097 1401 4150 ita
1435 4109 1625 4150 omnes
1653 4095 1707 4148 in
1729 4093 1949 4150 aemula-

377 4194 575 4250 tionem
617 4196 946 4260 consurgunt
973 4197 1029 4242 et
1054 4187 1405 4242 ambitionem
1446 4185 1590 4258 vulgi
1625 4186 1790 4240 tacito
1834 4200 1948 4240 ser-

377 4300 537 4340 mone
562 4292 616 4337 et
665 4280 904 4336 favorem
927 4279 1156 4334 militum
1201 4286 1468 4348 qumrunt.
1499 4276 1662 4334 Sexta
1690 4279 1777 4333 die
1807 4293 1947 4348 prie-

377 4377 523 4432 clusa
560 4389 690 4430 voce
717 4381 1022 4444 exemptum
1046 4371 1210 4444 digito
1251 4373 1507 4427 annulum
1543 4372 1812 4426 Perdiccm
1841 4382 1950 4426 tra-

378 4465 530 4527 didit,
573 4473 692 4534 qnae
734 4477 822 4518 res
869 4461 1183 4533 gliscentem
1229 4461 1525 4516 amicorum
1561 4461 1949 4516 dissensionem

379 4557 602 4612 sedavit.
651 4555 786 4610 Nam
814 4554 916 4610 etsi
962 4569 1070 4610 non
1095 4567 1231 4610 voce
1279 4564 1617 4623 nuncupatus
1641 4561 1727 4609 est
1754 4555 1952 4620 haeres,

369 4643 577 4715 judicio
599 4652 774 4700 tamen
789 4643 995 4699 electus
1013 4658 1134 4699 esse
1147 4642 1446 4698 videbatur.
1469 4642 1707 4698 Decessit
1719 4642 1950 4698 Alexan-

379 4740 478 4797 der
499 4755 683 4796 mense
703 4755 830 4804 uno,
853 4753 1020 4793 annos
1046 4747 1156 4792 tres
1178 4747 1232 4792 et
1257 4736 1475 4806 triginta
1502 4744 1679 4790 natus.
1710 4735 1835 4790 Haec
1859 4752 1954 4789 ano

383 4843 490 4888 tem
515 4831 641 4902 quia
671 4831 724 4884 in
752 4829 975 4884 historia
1011 4828 1444 4884 Illachabamrum
1487 4826 1636 4898 regni
1666 4825 1956 4881 Alexandri

379 4926 588 4982 mentio
615 4923 753 4980 facta
781 4933 882 4988 est,
912 4923 1030 4978 ideo
1056 4937 1122 4976 ex
1149 4922 1302 4978 libris
1329 4921 1604 4992 gentilium
1634 4920 1955 4990 interposui,

379 5025 442 5072 ttt
477 5017 646 5072 lector
671 5023 984 5086 agnosceret
1015 5031 1118 5069 non
1151 5013 1352 5069 frustra
1375 5014 1630 5068 virtutem
1663 5012 1954 5067 Alexandri

375 5106 650 5172 enarrari,
701 5107 795 5160 sed
848 5105 1292 5176 magnanimitate
1336 5114 1500 5175 atque
1529 5107 1740 5162 actione
1781 5105 1955 5176 ipsum

382 5212 504 5254 csse
546 5195 866 5268 principium
911 5195 1304 5268 [praecipuum].
1351 5197 1503 5262 Quod
1544 5205 1724 5251 autem
1763 5197 1960 5252 dicitur

382 5286 942 5344 Alexanderdivisisse
965 5303 1183 5359 regnum
1201 5301 1376 5353 suum,
1394 5302 1515 5341 cum
1541 5287 1715 5342 adhuc
1738 5287 1957 5349 viveret,

378 5377 566 5449 pueris
585 5376 814 5450 suis,qui
836 5391 1018 5433 secum
1049 5377 1285 5432 erantin
1311 5376 1596 5446 juventutc
1621 5378 1827 5444 nutriti,
1853 5393 1959 5432 non
1993 5366 2008 5386 ’

377 5480 491 5528 “tam
527 5470 641 5540 ipse
671 5471 773 5527 hoc
799 5467 1003 5537 divisit,
1031 5482 1193 5539 quam
1217 5467 1323 5526 illis
1351 5467 1693 5524 dividendum
1723 5469 1958 5540 reliquit.

2027 1653 2194 1710 maris
2219 1653 2562 1725 Lysimacho,
2584 1651 2926 1723 Cappadocia
2953 1669 3075 1708 cmn
3101 1651 3463 1724 Paphlagonia
3495 1654 3598 1709 Eu-

2026 1745 2168 1802 meni
2197 1745 2386 1810 datur;
2411 1759 2621 1800 summa
2643 1750 2944 1798 castrorum
2971 1743 3195 1799 Seleuco
3214 1742 3468 1799 Antiochi
3495 1743 3600 1798 ﬁlio

2025 1838 2229 1903 cessit;
2267 1837 2617 1906 stipatoribus
2650 1837 2792 1907 regis
2829 1835 3258 1906 satellitibusque
3299 1833 3599 1890 Cassander

2031 1931 2170 1986 ﬁlius
2213 1928 2484 1999 Antipatri
2511 1927 2822 1998 praeﬁcitur.
2851 1926 2908 1980 In
2946 1927 3228 1980 Bactriana
3256 1925 3510 1982 ulteriore
3551 1935 3603 1978 ct

2028 2023 2190 2077 Indiae
2232 2020 2538 2090 regionibus
2573 2018 2812 2088 praefecti
2855 2017 3086 2088 priores,
3117 2017 3208 2086 qui
3235 2017 3337 2070 sub
3365 2015 3601 2071 Alexan—

2029 2114 2128 2168 dro
2151 2129 2269 2169 esse
2297 2119 2596 2181 cmperunt,
2620 2114 3047 2180 permanserunt.
3077 2106 3261 2172 Seres,
3297 2105 3440 2160 inter
3472 2105 3606 2159 duos

2031 2218 2218 2259 amnes
2257 2200 2598 2272 IIydasphem
2645 2206 2700 2254 et
2755 2199 2941 2252 Indum
3006 2198 3328 2254 constitutos
3371 2196 3606 2250 Taxilles

2031 2295 2237 2351 habuit.
2267 2294 2325 2348 in
2353 2292 2590 2350 colonias
2621 2291 2673 2345 in
2700 2291 2866 2345 In-.3iis
2893 2289 3138 2345 conditas
3159 2289 3365 2360 Phyton
3391 2289 3604 2361 Ageno-

2032 2388 2107 2443 ris
2136 2386 2272 2441 ﬁlius
2303 2385 2550 2440 mittitur.
2593 2383 2990 2450 Parapamenos
3036 2380 3168 2435 ﬁnes
3197 2377 3425 2434 Caucasi
3461 2393 3609 2432 mon-

2033 2478 2104 2534 tis
2129 2475 2422 2547 Apiarcbes
2476 2473 2702 2542 accepit.
2753 2471 3006 2526 Aracussi
3033 2469 3369 2541 Gedrosique
3393 2469 3610 2524 Fibmni

2034 2566 2322 2643 [Sibyrtio]
2343 2567 2722 2622 decernuntur.
2739 2563 3008 2619 Dranceos
3022 2572 3077 2618 et
3099 2563 3312 2618 Raneos
3327 2562 3610 2624 Stantauo,

2033 2660 2346 2716 Bactrianos
2389 2658 2612 2712 Auriota
2641 2655 2948 2729 [Amyntas]
2972 2657 3216 2722 sortitur,
3249 2655 3614 2712 Sechodianos

2035 2759 2140 2806 etc.
2175 2747 2500 2822 [Sogdianos
2525 2744 2854 2817 Seythaeus,]
2880 2743 3111 2800 Nicanor
3130 2745 3385 2810 Parthos,
3411 2745 3614 2816 Philip-

2034 2856 2136 2912 pus
2157 2839 2456 2912 lIyrcanos,
2495 2835 2844 2891 Fratat'ernes
2878 2834 3185 2902 Armenios,
3238 2835 3618 2908 NeOptolemus

2038 2933 2252 2997 Persas,
2303 2931 2590 2986 Peucestes
2635 2927 2991 2998 Babylonios,
3044 2926 3283 2982 Arthous
3329 2927 3615 3000 Pelasgos,

2037 3019 2380 3076 Archesilaus
2429 3017 2868 3087 Mesopotamiam
2904 3016 3146 3088 aggressi
3193 3015 3426 3091 [adepti]
3473 3027 3614 3074 sunt.

2040 3111 2148 3168 Sed
2179 3120 2357 3166 tamen
2399 3109 2540 3163 inter
2566 3115 2761 3163 caetera
2795 3107 2910 3162 haec
2936 3121 3096 3177 regna
3133 3115 3367 3176 quatuor
3413 3117 3616 3162 tantum

2038 3204 2364 3266 eminebant,
2397 3201 2498 3256 hoc
2521 3207 2605 3254 est
2633 3197 2870 3270 Egypti,
2893 3195 3036 3267 quod
3061 3197 3278 3252 tenebat
3299 3197 3620 3252 Ptolomzeus

2041 3293 2172 3364 Lagi
2200 3292 2372 3358 ﬁlius;
2399 3290 2768 3355 Macedonum,
2796 3290 2939 3360 quod
2971 3289 3274 3359 Philippus,
3299 3289 3394 3360 qui
3418 3298 3474 3344 et
3499 3290 3614 3344 Ari-

2041 3382 2195 3448 deus,
2219 3381 2384 3436 frater
2403 3379 2716 3446 Alexandri,
2741 3379 3015 3450 possedit;
3050 3378 3220 3450 Syria:
3241 3386 3298 3433 et
3311 3378 3617 3450 Babylonis,

2042 3471 2184 3542 quod
2226 3469 2521 3526 Seleuchus
2547 3468 2780 3524 Nicanor
2801 3468 2907 3523 sibi
2932 3467 3254 3534 vindicavit;
3283 3467 3446 3531 Asiae,
3485 3468 3621 3538 (λιιικί

2044 3562 2214 3617 tenuit
2255 3560 2573 3628 Antigonus,
2617 3559 2754 3614 sicut
2783 3559 2836 3612 in
2861 3559 3068 3614 visione
3099 3557 3338 3612 Danielis
3363 3573 3621 3628 pranuon—

2045 3660 2272 3708 stratum
2297 3659 2398 3718 est,
2430 3651 2570 3721 quod
2598 3649 2770 3706 fracto
2796 3666 2904 3705 uno
2934 3666 3102 3706 cornu
3129 3651 3338 3720 majore
3365 3653 3418 3706 in
3454 3653 3622 3722 capite

2047 3743 2182 3798 hirci
2206 3742 2349 3796 illius
2381 3741 2622 3810 insignis,
2651 3749 2771 3796 orta
2800 3748 2924 3795 sunt
2946 3755 3044 3812 pro
3068 3756 3133 3795 eo
3160 3733 3398 3810 quatuor
3425 3757 3621 3797 cornua

2048 3833 2257 3888 minora
2290 3846 2388 3902 pro
2411 3846 2475 3886 eo
2500 3833 2740 3886 immota.
2775 3829 2929 3886 Unde
2957 3831 3236 3902 sequitur:

2119 3922 2186 3976 Et
2217 3922 2550 3976 obtinuerunt
2591 3922 2740 3992 pueri
2768 3937 2982 3992 regnum
3022 3923 3376 3993 unusquisque
3420 3923 3476 3975 in
3517 3921 3626 3974 loco

2047 4030 2164 4068 suo.
2197 4011 2499 4068 Decedente
2548 4012 2711 4082 igitur
2736 4010 3043 4066 Alexandro
3071 4010 3264 4082 Magno
3306 4020 3479 4066 totum
3510 4026 3627 4066 cor-

2049 4121 2149 4176 pus
2173 4104 2324 4176 regui
2347 4103 2716 4166 Macedonum,
2753 4103 2896 4172 quod
2925 4103 3039 4172 ipse
3069 4117 3174 4156 non
3203 4102 3320 4158 sine
3342 4101 3535 4174 grandi
3557 4101 3630 4153 la-

2051 4197 2185 4251 bore
2221 4195 2640 4258 coadunaverat,
2669 4193 2822 4264 pueri
2863 4191 2981 4262 ejus
3022 4208 3117 4264 per
3145 4193 3485 4264 tyrannidem
3505 4193 3634 4248 diri-

2052 4294 2283 4358 puerunt
2311 4293 2366 4340 et
2407 4284 2590 4340 multis
2619 4292 2781 4354 atque
2807 4284 3060 4355 gravibus
3105 4283 3308 4354 prmliis
3336 4284 3628 4339 dilaniaveo

2054 4385 2198 4440 runt,
2222 4377 2360 4430 sicut
2377 4375 2430 4430 in
2458 4375 2701 4430 historiis
2721 4376 2957 4446 gentium
2979 4375 3349 4446 copiosissime
3375 4375 3634 4445 scriptum

2053 4467 2343 4522 invenitur.
2375 4465 2480 4520 Sed
2502 4481 2568 4521 ex
2603 4467 2670 4522 iis
2696 4467 2942 4536 plurimis
2979 4466 3196 4522 omissis
3235 4467 3474 4536 scriptor
3495 4481 3634 4536 pra:-

2055 4559 2223 4614 sentis
2259 4559 2500 4612 historiae
2531 4559 2598 4612 ad
2626 4557 2952 4632 Antiochum
2991 4557 3327 4628 Epiphanem
3369 4557 3635 4626 pervenit,

2056 4651 2147 4720 qui
2176 4650 2404 4722 plurima
2433 4649 2484 4703 in
2508 4648 2720 4704 Judreos
2746 4649 3014 4704 commisit
3043 4650 3206 4715 mala,
3228 4658 3285 4704 et
3311 4647 3494 4704 locum
3517 4665 3636 4705 san-

2058 4753 2203 4797 ctum
2233 4741 2419 4812 polluit
2469 4756 2534 4795 ac
2582 4741 2749 4810 legem
2807 4739 3141 4810 profanavit;
3189 4741 3255 4795 de
3289 4755 3402 4810 quo
3455 4738 3635 4810 sequi-

2059 4841 2147 4886 tur
2177 4851 2187 4884 :
2221 4832 2431 4886 l‘rimus
2483 4831 2665 4901 itaque
2709 4839 2830 4901 post
2871 4830 3236 4886 Alexandrum
3267 4829 3526 4901 Magnum
3559 4842 3637 4882 rc-

2056 4921 2238 4990 gnavit
2285 4919 2455 4990 Syriae
2486 4919 2760 4984 Seleucus,
2793 4925 3146 4990 cognomento
3185 4917 3446 4984 Nicanor,
3487 4916 3641 4972 annis

2057 5011 2275 5082 triginta
2308 5011 2546 5076 duobus;
2579 5009 2868 5074 secundus,
2884 5009 3202 5072 Antiochus,
3226 5009 3323 5078 qui
3344 5009 3642 5064 vocabatur

2063 5100 2277 5165 Sother,
2306 5099 2464 5153 annis
2501 5098 2686 5153 decem
2715 5107 2771 5153 et
2803 5113 3024 5164 novem;
3080 5097 3287 5165 tertius,
3314 5097 3642 5159 Antiochus,

2065 5192 2154 5263 qui
2193 5191 2488 5246 vocabatur
2527 5190 2726 5256 Theos,
2779 5193 3026 5264 regnavit
3082 5193 3243 5248 annis
3287 5193 3640 5264 quindecim;

2065 5283 2320 5350 Quartus,
2367 5282 2646 5348 Seleucus,
2671 5283 2763 5352 qui
2805 5285 3212 5354 cognominatus
3249 5293 3334 5338 est
3375 5283 3645 5338 Callerius

2069 5373 2407 5449 [Callinicus]
2456 5374 2598 5430 ﬁlius
2633 5375 2902 5440 Antiochi,
2937 5377 3092 5431 annis
3135 5375 3358 5448 viginti;
3401 5376 3645 5446 quintus.

2069 5469 2326 5526 Seleucus
2346 5469 2645 5535 Ceraunus,
2667 5469 2806 5524 ﬁlius
2831 5469 3044 5526 Seleuci
3075 5469 3292 5526 Gallerii
3321 5461 3646 5542 [GalliuiciL
