3928 6168
389 122 524 179 1155

1101 118 1454 176 COMMENT.
1498 121 1564 175 IN
1606 122 1852 180 LIBROS
1897 122 2468 181 MACIIABAEORUM.
2508 153 2575 162 —
2614 122 2681 176 IN
2718 122 2843 176 LIB.
2881 121 2918 175 ι.

3512 124 3644 182 ιιδι

380 238 539 294 annis
599 235 801 301 tribus;
861 244 1065 299 sextus,
1120 237 1417 293 Antiochus
1484 238 1729 307 Magnus,
1804 255 1964 309 quem
1994 246 2041 302 Α
2072 252 2386 307 responsum
2409 237 2475 291 ad
2497 236 2795 291 amicorum
2820 233 3110 289 concilium
3135 235 3433 302 detulisset,
3458 240 3645 293 orhem

378 328 662 398 Scriptura
709 328 798 382 hic
842 327 1091 382 Antiochi
1139 328 1358 384 illustris
1395 330 1525 384 dicit
1556 344 1677 385 esse
1727 340 1957 400 patrem,

376 423 472 492 qui
502 419 673 474 frater
695 427 814 473 erat
844 417 1051 473 Seleuci
1078 418 1309 473 Cerauni
1342 428 1398 475 et
1427 420 1567 475 filius
1597 420 1811 477 Seleuci
1842 420 1965 476 Gal-

376 512 552 577 liuici,
580 512 825 582 regnavit
852 513 1009 566 annis
1034 513 1250 583 triginta
1283 529 1412 579 sex;
1460 515 1741 585 septimus,
1773 513 1960 570 Seleu~

376 617 496 665 cus,
518 600 612 672 qui
647 610 701 656 et
729 602 1041 672 Philopator
1068 606 1478 676 cognominatus
1517 616 1621 673 est,
1649 609 1806 663 annis
1834 609 1965 663 duo-

379 692 586 758 decim;
637 701 761 762 post
813 708 972 762 quem
1017 695 1314 751 Antiochus
1368 698 1696 768 Epiphanes,
1766 701 1857 770 qui
1909 710 1964 753 et

376 781 667 853 prmclarus
692 783 806 838 sive
829 783 1015 839 nobilis
1037 785 1253 851 dicitur,
1278 787 1446 843 frater
1476 788 1685 844 Seleuci
1712 789 1962 858 Philopa-

378 871 518 927 toris
541 880 596 926 et
622 872 761 928 filius
779 873 1032 929 Antiochi
1058 875 1232 945 Magni
1256 918 1269 941 ,
1295 879 1453 933 annis
1477 878 1748 944 undecim,
1776 880 1841 933 de
1856 895 1963 949 quo

375 962 543 1016 modo
575 960 855 1033 Scriptura
904 973 1109 1027 narrat,
1157 966 1301 1034 quod
1348 984 1412 1021 ea:
1451 969 1526 1022 eis
1573 968 1772 1023 exierat
1810 970 1964 1023 radix

374 1050 642 1121 peccatrix
668 1050 955 1105 Antiochus
982 1052 1224 1119 illustris,
1255 1054 1398 1123 ﬁlius
1420 1057 1663 1110 Antiochi
1690 1058 1847 1129 regis,
1872 1062 1963 1129 qui

375 1139 553 1209 fuerat
602 1139 784 1195 Roma:
810 1142 975 1196 obses.
1003 1143 1104 1211 Qui
1134 1147 1328 1200 merito
1359 1148 1513 1201 radix
1563 1150 1835 1217 peccatrix
1884 1150 1966 1204 di-

375 1231 542 1297 citur,
568 1248 689 1287 cum
721 1233 887 1302 stirps
935 1235 1138 1291 inutilis
1164 1237 1230 1291 ad
1276 1247 1497 1306 peccata
1531 1240 1786 1308 proclivis
1813 1252 1870 1295 et
1898 1242 1964 1295 ad

375 1322 712 1392 impietatem
763 1333 883 1379 erat
922 1328 1378 1397 promptissimus,
1412 1331 1513 1385 sub
1550 1346 1658 1400 quo
1691 1332 1825 1403 legis
1867 1334 1959 1388 Dei

374 1416 682 1483 persecutio
710 1425 765 1471 et
798 1417 1223 1475 Machabreorum
1264 1422 1401 1477 bella
1446 1435 1755 1480 narrantur.
1795 1427 1961 1481 Colli-

376 1505 524 1574 gitur
565 1507 711 1561 enim
742 1523 905 1564 omne
934 1519 1143 1581 tempus
1187 1514 1336 1584 regni
1364 1515 1673 1572 Graecorum
1726 1534 1756 1572 a
1787 1521 1961 1589 primo

2065 329 2263 384 dicitur
2283 327 2474 383 fecisse
2499 325 2713 381 Marcus
2735 327 2789 379 in
2821 326 3000 380 arenis
3024 324 3216 381 baculo
3235 340 3394 395 quem
3433 329 3649 383 tenebat

2064 433 2249 481 manu,
2302 426 2356 471 et
2388 415 2880 486 circumscripsisse
2915 430 3096 487 regem
3152 424 3315 488 atque
3369 418 3573 474 dixisse
3632 436 3645 471 :

2066 507 2300 563 Senatus
2324 518 2379 563 et
2406 507 2633 577 pepulus
2663 506 2940 560 Retnanus
2988 507 3312 577 praecipiunt
3355 517 3417 563 ut
3458 509 3511 563 in
3544 509 3648 564 isto

2066 599 2183 654 loco
2215 600 2539 669 respondeas
2590 599 2718 668 quid
2765 599 2977 653 consilii
3023 616 3199 670 geras.
3248 600 3454 668 Quibus
3491 603 3651 659 dictis

2066 691 2153 744 ille
2184 682 2520 761 perlcrritus,
2549 691 2661 744 ait:
2693 690 2749 744 Si
2789 691 2891 745 hoc
2918 691 3092 761 placet
3134 695 3342 747 senatui
3369 703 3423 747 et
3453 696 3648 766 populo

2065 780 2329 844 Romano,
2379 781 2737 835 recedendum
2784 788 2869 834 est
2916 782 3068 845 hinc;
3120 792 3281 852 atque
3343 784 3416 837 ita
3461 786 3647 840 statim

2065 870 2233 923 movit
2260 870 2581 923 exercitum.
2616 869 2686 924 lis
2723 879 3084 925 consentanea
3112 871 3376 943 Josephus
3403 878 3647 931 conscri~

2065 958 2192 1026 psit,
2217 959 2359 1027 quod
2396 973 2645 1013 reversus
2672 968 2892 1029 propter
2915 961 3279 1017 Romanorum
3304 966 3549 1021 timorem
3580 969 3649 1022 ah

2065 1048 2296 1119 IEgypto
2319 1063 2408 1102 rex
2435 1048 2733 1104 Antiochus
2762 1049 3184 1122 Hierosolymam
3211 1055 3422 1109 duxerit
3442 1060 3651 1113 exerci-

2066 1148 2212 1208 tum;
2242 1157 2350 1212 quo
2376 1143 2696 1213 perveniens
2724 1157 2867 1197 anno
2904 1145 3198 1200 centesimo
3235 1148 3650 1217 quadragesimo

2067 1235 2225 1290 tertio
2251 1244 2374 1305 post
2405 1251 2627 1306 regnum
2683 1236 2843 1305 priml
2892 1236 3123 1301 Seleuci,
3167 1240 3459 1297 centesima
3494 1241 3652 1309 quin-

2065 1328 2376 1398 quagesima
2412 1327 2572 1381 tertia
2610 1328 2933 1398 Olympiade,
2966 1328 3054 1382 die
3091 1329 3348 1383 vicesimo
3374 1338 3430 1383 et
3456 1341 3652 1400 quarto

2067 1418 2270 1473 mensis
2294 1417 2505 1483 Casleu,
2534 1433 2694 1488 quem
2718 1411 3039 1473 Macedones
3066 1418 3320 1488 Apelleon
3348 1420 3649 1482 nominant,

2064 1509 2270 1578 ceperit
2298 1523 2419 1562 eam
2445 1509 2564 1563 sine
2589 1507 2894 1564 resistentia
2924 1507 3246 1578 cujuspiam,
3285 1508 3653 1577 aperientibus

376 1609 522 1649 anno
557 1594 768 1682 Seleuci
798 1597 1079 1656 Nicanoris
1104 1618 1276 1672 usque
1321 1607 1388 1661 ad
1418 1606 1630 1663 initium
1666 1613 1812 1682 regni
1856 1612 1964 1666 An-

2074 1601 2115 1654 ei
2148 1608 2333 1669 portas
2377 1600 2443 1654 iis
2471 1599 2564 1669 qui
2615 1599 2875 1654 voluntati
2930 1598 3047 1667 ejus
3098 1599 3530 1663 consentiebant,
3568 1600 3652 1652 in-

376 1688 547 1742 tiochi
570 1677 864 1759 Epiphanis
896 1692 1020 1746 anni
1058 1702 1276 1748 centum
1307 1698 1525 1768 triginta
1555 1677 1782 1771 septem.

453 1820 518 1874 In
564 1821 745 1876 diebus
788 1821 894 1877 illis
926 1826 1166 1881 exierunt
1207 1846 1272 1884 ea:
1312 1829 1484 1885 Israel
1531 1833 1631 1903 ﬁlii
1680 1835 1864 1908 iniqui,
1916 1847 1964 1891 et

374 1920 657 1963 suaserunt
703 1912 903 1979 multis,
952 1915 1181 1971 dicentes
1233 1932 1253 1970 .'
1308 1919 1506 1976 Eamus
1536 1933 1584 1978 et
1627 1925 1964 1997 disponamus

377 2010 745 2057 testamentum
770 2021 884 2058 cum
914 2007 1169 2077 gentibus.
1197 2008 1386 2066 Graeca
1413 2028 1477 2068 ac
1504 2013 1749 2070 Romana
1780 2026 1967 2072 narrat

376 2089 607 2145 historia
659 2093 801 2162 quod
848 2094 1152 2154 Antiochus
1207 2099 1514 2172 Epiphanes
1549 2114 1739 2160 contra
1786 2105 1964 2162 Ptolo-

378 2195 575 2235 niueum
602 2180 965 2254 Philopatrem
998 2186 1467 2264 [Philometorem]
1491 2193 1789 2266 Cleopatrte
1810 2213 1963 2253 soro-

379 2274 458 2329 ris
485 2290 594 2329 sua:
631 2273 821 2339 filium,
851 2276 1004 2346 cujus
1032 2279 1144 2349 ipse
1173 2281 1472 2338 avunculus
1498 2294 1637 2349 erat,
1669 2287 1818 2343 dolos
1842 2303 1967 2344 con-

378 2366 663 2431 struxerit,
693 2375 747 2421 et
769 2382 891 2422 eum
918 2384 1084 2440 regno
1106 2369 1326 2443 Egypti
1348 2373 1605 2443 privarit;
1631 2383 1821 2431 etcum
1848 2386 1967 2446 post

375 2463 608 2510 mortem
637 2455 933 2528 Cleopatrae
952 2458 1210 2515 Alanieus
1235 2463 1538 2528 eunuchus,
1560 2464 1815 2521 nutritius
1840 2465 1968 2520 Phi-

378 2538 677 2611 lometoris,
702 2555 758 2601 et
794 2547 1004 2603 Leneus
1032 2548 1327 2622 IEgyptum
1357 2562 1609 2624 regerent
1638 2562 1692 2609 et
1719 2563 1966 2626 peterent

378 2635 613 2708 Syriam,
645 2652 807 2706 quam
827 2637 1128 2695 Antiochus
1157 2639 1344 2696 fraude
1367 2652 1744 2712 occupaverat,
1786 2655 1964 2700 ortum

375 2736 462 2783 est
519 2727 661 2782 inter
703 2729 1025 2784 avunculum
1074 2739 1130 2785 et
1172 2748 1400 2802 puerum
1450 2732 1801 2790 Ptolomaeum
1830 2751 1967 2805 prae-

383 2817 535 2872 lium.
569 2817 810 2889 Cumque
857 2821 997 2875 inter
1037 2821 1307 2877 Pelusium
1348 2830 1404 2878 et
1451 2834 1689 2881 montem
1719 2826 1966 2883 Cassium

380 2909 800 2976 commisissent,
851 2912 981 2966 victi
1037 2922 1162 2967 sunt
1215 2913 1378 2970 duces
1434 2914 1709 2972 Ptolomzei
1758 2933 2037 3013 :porroC

377 3002 701 3065 Antiochus,
753 3017 984 3072 parcens
1030 3017 1194 3073 puero
1232 3012 1289 3058 et
1356 3005 1628 3061 amicitias
1678 3007 1961 3075 simulans,

381 3094 624 3151 ascendit
676 3092 960 3163 Memphis,
990 3104 1045 3150 et
1074 3095 1147 3149 ibi
1176 3110 1243 3150 ex
1291 3110 1445 3151 more
1492 3096 1710 3169 tEgypti
1744 3114 1965 3170 regnum

384 3183 658 3254 accipiens
695 3183 956 3252 puerique
990 3186 1151 3240 rebus
1200 3186 1484 3255 providere
1528 3201 1586 3241 se
1615 3188 1799 3244 dicens
1846 3205 1966 3245 cum

380 3272 597 3328 modico
661 3272 856 3344 pepnlo
935 3282 1105 3329 totam
1152 3274 1465 3346 rtEgyptum
1531 3277 1853 3349 subjugavit,
1915 3286 1969 3334 et

381 3365 717 3420 abundantes
745 3373 907 3435 atque
936 3365 1238 3422 uberrimas
1273 3369 1551 3439 ingressus
1579 3379 1663 3425 est
1700 3371 1966 3437 civitates,

383 3454 619 3524 fecitque
645 3456 786 3524 quod
815 3472 920 3511 non
954 3456 1198 3513 fecerunt
1217 3466 1403 3528 patres
1432 3459 1549 3528 ejus
1572 3468 1626 3514 et
1657 3470 1841 3530 patres
1870 3475 1967 3532 pa-

383 3557 527 3602 trum
552 3548 713 3613 illins,
748 3551 890 3605 sicut
916 3551 968 3605 in
1000 3552 1221 3606 Daniele
1244 3553 1309 3607 de
1337 3568 1400 3607 eo
1428 3554 1685 3624 scriptum
1714 3565 1817 3611 est.
1841 3556 1971 3611 Nul~

386 3640 470 3694 Ius
506 3641 653 3694 enim
697 3643 750 3696 in
785 3658 948 3714 regno
981 3642 1150 3714 Syricc
1199 3645 1271 3697 ita
1305 3646 1538 3700 vastavit
1563 3644 1879 3717 IEgyptum,
1918 3657 1972 3703 et

383 3747 576 3787 omnes
605 3733 818 3788 divitias
841 3750 1029 3788 eorum
1053 3735 1350 3806 dissipavit,
1382 3748 1436 3791 et
1458 3744 1566 3791 tam
1595 3738 1818 3793 callidus
1836 3738 1936 3793 fuit
1955 3781 1969 3804 ,

385 3832 447 3878 ut
492 3825 785 3894 prudentes
839 3827 1197 3898 cogitationes
1234 3843 1421 3883 eorum
1477 3831 1568 3899 qui
1615 3830 1779 3885 duces
1814 3832 1969 3901 pueri

386 3926 547 3971 erant
567 3930 662 3969 sua
691 3916 877 3971 fraude
903 3917 1260 3974 subverteret.

465 4047 531 4101 Et
559 4050 807 4103 convertit
845 4050 1135 4104 Antiochus
1182 4062 1456 4122 postquam
1504 4054 1757 4121 percussit
1803 4052 1975 4125 zEgyo

385 4149 530 4209 ptum
577 4139 631 4192 in
662 4141 939 4194 centesimo
985 4150 1032 4193 ct
1081 4142 1482 4211 quadragesimo
1528 4143 1679 4196 tertio
1733 4159 1894 4208 anno,
1925 4153 1974 4198 et

389 4230 625 4283 ascendit
656 4228 1072 4301 Hierosolymam
1104 4234 1159 4286 in
1201 4232 1534 4288 multitudine
1579 4236 1743 4305 gravi.
1773 4234 1975 4293 Conse-

2068 1704 2393 1760 gressusque
2420 1690 2694 1745 civitatem
2722 1689 3217 1761 Hierosolymorum
3261 1691 3457 1745 multos
3486 1692 3652 1744 inter-

2068 1781 2202 1832 emit
2246 1779 2347 1832 sibi
2387 1780 2659 1834 contraria
2707 1782 2998 1850 sapientes,
3033 1795 3134 1834 nec
3171 1796 3278 1835 non
3332 1789 3387 1835 et
3434 1796 3528 1835 eos
3560 1783 3654 1850 qui

2070 1874 2281 1936 portam
2302 1868 2605 1937 aperientes
2626 1869 2902 1923 civitatem
2928 1869 3022 1923 Dei
3053 1868 3408 1933 tradiderunt,
3433 1879 3658 1940 propter

2072 1957 2257 2026 templi
2298 1958 2519 2013 divitias
2558 1957 2909 2025 interfecerit,
2950 1959 3260 2028 multasque
3300 1959 3553 2015 auferens
3587 1962 3656 2014 ab

2068 2064 2134 2103 eo
2175 2051 2434 2120 pecunias
2472 2053 2540 2105 ad
2582 2050 2925 2106 Antiochiam
2968 2066 3218 2105 reversus
3244 2052 3333 2105 sit.
3364 2051 3657 2121 Postquam

2070 2148 2249 2194 autem
2275 2140 2526 2211 spoliavit
2553 2141 2830 2212 templum,
2860 2141 2935 2195 ita
2964 2150 3025 2195 ut
3050 2156 3179 2196 vasa
3204 2141 3300 2196 Dei
3325 2150 3382 2196 et
3407 2142 3656 2198 lucernas

2071 2250 2268 2291 aureas
2291 2245 2612 2307 asportaret,
2639 2244 2694 2291 et
2723 2251 2874 2290 aram
2904 2250 3149 2301 auream,
3196 2244 3252 2290 et
3281 2251 3549 2305 mensam,
3599 2247 3656 2293 et

2071 2326 2388 2391 sacrarium,
2417 2341 2591 2397 neque
2614 2326 2681 2382 de
2702 2326 2835 2382 velis
2860 2327 3203 2394 abstinuerit,
3234 2342 3356 2398 qua:
3385 2344 3454 2383 ex
3495 2328 3658 2399 bysso

2071 2425 2126 2473 et
2152 2433 2315 2473 cocco
2342 2429 2517 2484 erant,
2555 2428 2610 2474 et
2642 2419 2973 2475 exhauriens
2999 2433 3191 2473 aurum
3238 2426 3294 2474 et
3346 2419 3654 2482 thesauros,

2071 2506 2206 2561 nihil
2252 2507 2469 2576 penitus
2515 2507 2897 2578 derelinquens
2946 2508 3012 2562 ad
3078 2508 3375 2562 maximum
3442 2506 3656 2563 Judteos

2071 2598 2274 2653 luctum
2320 2607 2541 2669 propter
2577 2601 2691 2656 haec
2724 2614 2895 2669 usque
2927 2600 3259 2671 perduxerit.
3306 2599 3552 2670 Namque
3602 2611 3659 2654 et

2071 2692 2415 2763 quotidianas
2464 2692 2858 2747 immolationes
2882 2707 3018 2761 quas
3047 2692 3485 2747 Deo'secundum
3513 2693 3659 2764 leges

2071 2782 2374 2838 offerebant
2428 2782 2701 2838 celebrare
2750 2782 3052 2853 prohibuit;
3108 2781 3408 2853 deperdens
3476 2792 3657 2837 autem

2074 2883 2244 2929 totam
2275 2875 2573 2940 civitatem,
2613 2875 2875 2944 quosdam
2916 2873 3205 2936 interfecit,
3238 2875 3374 2929 alios
3416 2876 3659 2945 captivos

2068 2980 2190 3021 cum
2220 2965 2345 3021 filiis
2365 2974 2420 3020 et
2442 2965 2702 3020 uxoribus
2741 2965 2980 3030 deduxit,
3009 2965 3082 3019 ita
3130 2974 3187 3018 ut
3232 2981 3489 3021 numerus
3520 2968 3660 3021 mul-

2069 3055 2314 3110 titudinis
2335 3056 2676 3126 captivorum
2700 3070 2870 3123 usque
2897 3055 2965 3110 ad
2990 3055 3175 3111 decem
3221 3056 3385 3111 millia
3418 3059 3657 3113 existere

2068 3147 2359 3201 videretur.

2142 3235 2363 3306 Mystice
2383 3243 2565 3289 autem
2575 3234 2874 3289 Antiochus
2888 3234 3000 3298 hic,
3022 3234 3110 3304 qui
3135 3234 3354 3290 intravit
3377 3235 3430 3289 in
3455 3246 3658 3290 terram

2072 3335 2314 3382 sanctam
2341 3341 2463 3381 cum
2501 3326 2773 3394 superbia,
2825 3334 2882 3380 et
2934 3326 3237 3381 devastavit
3280 3327 3559 3397 templum,
3605 3336 3662 3381 et

2072 3416 2246 3472 locum
2278 3424 2527 3472 sanctum
2570 3416 2756 3486 polluit
2805 3416 3188 3485 superstitione
3230 3417 3436 3488 gentili,
3476 3429 3660 3489 typum

2072 3517 2221 3563 tenet
2259 3507 2601 3572 Antichristi,
2633 3507 2725 3577 qui
2751 3514 2937 3562 contra
2968 3507 3266 3562 Ecclesium
3311 3508 3514 3563 Christi
3544 3509 3659 3562 bel-

2072 3598 2184 3652 lum
2229 3597 2520 3651 crudeliter
2565 3596 2723 3665 gerit,
2772 3604 2837 3649 et
2871 3596 3080 3650 animas
3127 3598 3485 3663 credentium,
3540 3615 3661 3668 quae

2073 3700 2199 3741 vere
2214 3685 2468 3756 templum
2494 3685 2587 3739 Dei
2610 3693 2753 3749 sunt,
2769 3700 2955 3740 errore
2977 3701 3076 3740 suo
3098 3686 3339 3755 polluere
3360 3689 3656 3754 contendit;

2074 3780 2140 3835 de
2183 3793 2290 3848 quo
2322 3779 2376 3834 in
2428 3778 2667 3833 Danielis
2716 3781 2996 3848 prophetia
3028 3780 3179 3852 (Cap.
3229 3780 3304 3854 x1)
3336 3783 3438 3837 sub
3488 3782 3660 3854 figura

2076 3868 2231 3923 istius
2252 3867 2504 3922 Antiochi
2540 3868 2614 3921 ita
2657 3868 2917 3938 scriptum
2941 3879 3025 3924 est
3069 3888 3081 3922 :
3137 3868 3242 3922 Cor
3267 3871 3383 3940 ejus
3410 3872 3659 3927 adversus

2076 3968 2435 4013 testamentum
2456 3967 2716 4021 sanctum,
2743 3968 2790 4011 ct
2815 3959 3055 4028 faciet,et
3084 3971 3369 4014 revertetur
3387 3963 3443 4015 in
3464 3972 3660 4017 terram

2076 4065 2246 4103 suam.
2282 4049 2494 4105 Statuto
2533 4059 2762 4119 tempore
2809 4059 3108 4115 revertetur,
3162 4060 3212 4104 et
3245 4053 3410 4106 veniet
3446 4058 3513 4107 ad
3556 4071 3656 4107 au-

2076 4150 2264 4205 strum,
2287 4152 2334 4195 et
2364 4142 2723 4212 indignabitur
2743 4152 2923 4197 contra
2957 4153 3322 4199 testamentum
3346 4150 3658 4212 sanctuarii,

2079 4241 2128 4286 et
2174 4232 2352 4300 faciet,
2417 4242 2799 4304 reverteturque
2823 4274 2837 4299 ,
2893 4244 2941 4287 et
2991 4235 3237 4305 cogitabit
3282 4237 3531 4291 adversus
3572 4255 3660 4293 eos

390 4326 619 4388 quenter
664 4334 796 4390 ergo
843 4321 910 4376 de
958 4321 1147 4376 eodem
1207 4336 1332 4392 rege
1376 4323 1430 4377 in
1483 4324 1756 4394 prmdictis
1801 4325 1971 4379 histo—
2002 4319 2164 4390 uni
2200 4321 2585 4392 dereliquerunt
2611 4331 2974 4377 testamentum
3001 4326 3310 4379 sanctuarii.
3335 4325 3403 4379 Et
3445 4326 3663 4380 brachia

390 4410 489 4462 riis
540 4417 792 4463 narratur
838 4413 982 4481 quod
1025 4420 1311 4482 postquam
1367 4429 1619 4469 reversus
1671 4424 1753 4470 est
1797 4416 1980 4485 expul—

390 4513 486 4553 sus
515 4499 583 4552 ab
625 4497 913 4570 Egyptiis,
944 4502 1158 4556 venisse
1196 4517 1320 4556 eum
1367 4503 1418 4557 in
1457 4502 1716 4569 Judteam,
1750 4505 1850 4559 hoc
1895 4514 1980 4560 est

391 4588 656 4643 adversus
707 4597 1088 4644 testamentum
1136 4599 1404 4654 sanctum,
1457 4600 1512 4646 et
1545 4592 1803 4662 spoliasse
1836 4602 1969 4647 tem-

389 4679 540 4751 plum
582 4689 639 4736 et
687 4697 877 4736 aurum
926 4682 1111 4737 tulisse
1160 4683 1648 4754 quamplurimum,
1695 4686 1976 4755 positoque

390 4767 446 4825 in
485 4784 613 4825 arce
658 4771 911 4841 prmsidio
954 4771 1325 4839 Macedonum,
1370 4790 1642 4829 reversum
1690 4775 1743 4829 in
1773 4784 1974 4829 terram

386 4878 546 4917 suam
595 4870 650 4917 et
687 4873 807 4933 post
848 4864 1126 4920 biennium
1155 4881 1370 4920 rursum
1400 4876 1586 4921 contra
1624 4866 1975 4921 Ptolomaeum

389 4957 695 5012 exercitum
718 4973 1077 5030 congregasse
1101 4959 1169 5012 ad
1193 4967 1455 5013 austrum.
1476 4958 1717 5028 Cumque
1740 4960 1844 5013 duo
1869 4958 1976 5012 fra-

392 5061 507 5106 tres
530 5048 829 5116 Ptolomtei,
848 5052 1145 5122 Cleopatra:
1169 5051 1282 5116 ﬁlii,
1302 5068 1528 5121 quorttm
1549 5052 1845 5106 avunculus
1860 5058 1978 5105 crat

392 5144 717 5210 Antiochus,
739 5145 1115 5201 obsiderentur
1148 5144 1506 5207 Alexandrize,
1534 5144 1741 5212 legatos
1767 5143 1980 5197 venisse

394 5231 690 5299 Romanos,
722 5249 951 5304 quorum
979 5249 1119 5289 unus
1142 5233 1360 5289 Marcus
1382 5233 1604 5288 Publius
1629 5232 1827 5299 Letias,
1855 5246 1979 5287 cum

393 5339 523 5381 eum
570 5333 801 5381 stantem
832 5327 1125 5382 invenisset
1170 5326 1224 5380 in
1275 5326 1479 5389 littore,
1531 5333 1585 5379 et
1629 5332 1981 5394 senatuscon-

394 5414 598 5471 sultum
626 5416 862 5471 dedisset
886 5432 993 5487 quo
1014 5416 1306 5487 jubebatur
1342 5417 1409 5470 ab
1438 5415 1629 5469 amicis
1657 5414 1838 5485 populi
1873 5412 1981 5467 Ro-

397 5506 545 5562 mani
575 5508 830 5563 recedere
854 5516 908 5562 et
940 5524 1037 5561 suo
1072 5507 1297 5576 imperio
1321 5514 1606 5560 contentus
1633 5519 1770 5571 esse,
1803 5512 1854 5557 et
1892 5503 1981 5557 ille

2080 4427 2144 4465 ex
2171 4427 2231 4465 eo
2252 4412 2484 4474 stabunt,
2516 4422 2563 4465 et
2586 4412 2819 4482 polluant
2849 4417 3211 4477 sanctuariwn
3235 4416 3583 4485 fortitudinis,
3611 4429 3661 4471 ct

2081 4499 2315 4569 auferent
2331 4501 2460 4570 juge
2482 4501 2824 4570 sacriﬁcium,
2845 4512 2893 4556 et
2919 4503 3117 4557 dabunt
3144 4504 3582 4560 abominationem
3606 4508 3661 4560 in

2079 4590 2471 4646 desolationem.
2528 4590 2594 4644 Et
2644 4593 2789 4662 impii
2826 4594 2881 4646 in
2930 4604 3292 4649 testamentum
3339 4595 3664 4651 simulabant

2081 4680 2466 4751 fraudulenter,
2518 4682 2742 4751 papulas
2787 4692 2960 4737 autem
3011 4686 3179 4739 sciens
3247 4685 3413 4741 Deum
3485 4704 3660 4750 suum,

2082 4771 2330 4826 obtinebit
2351 4782 2398 4825 et
2448 4771 2624 4842 faciet,
2664 4783 2767 4829 etc.
2798 4773 2938 4828 Nulli
2989 4775 3209 4831 dubium
3238 4788 3324 4833 est
3375 4778 3504 4848 quin
3550 4780 3663 4834 haec

2082 4878 2201 4933 qure
2221 4864 2320 4917 sub
2342 4863 2607 4918 Antiocho
2626 4863 2901 4934 Epiphane
2922 4865 2974 4918 in
3000 4865 3229 4937 imagine
3251 4879 3664 4937 praecesserunt,

2084 4957 2186 5011 hoc
2209 4963 2376 5011 estut
2406 4971 2498 5010 rex
2529 4957 2979 5012 sceleratissimus
3016 4968 3332 5029 persecutus
3378 4962 3450 5015 sit
3491 4976 3668 5031 popu-

2083 5044 2193 5099 lum
2259 5045 2400 5107 Dei,
2464 5046 2723 5100 sasvitiam
2783 5046 3093 5118 prtefiguret
3145 5049 3513 5115 Antichristi,
3571 5050 3667 5120 qui

2083 5139 2447 5194 Christianum
2487 5141 2739 5211 populum
2770 5154 3143 5214 persequetur,
3185 5147 3277 5215 qui
3305 5143 3669 5216 indignabitur

2080 5240 2273 5295 contra
2306 5239 2683 5287 testamentum
2714 5232 2832 5298 Dei,
2885 5242 2940 5288 et
2962 5234 3224 5305 cogitabit
3259 5235 3516 5289 adversus
3547 5230 3666 5283 illos

2086 5337 2223 5391 quos
2246 5322 2361 5376 vult
2389 5321 2483 5375 Dei
2513 5322 2684 5393 legem
2711 5323 3040 5395 relinquere,
3070 5323 3375 5395 polluetque
3412 5328 3667 5374 sanctua-

2085 5414 2228 5469 rium
2242 5413 2357 5478 Dei,
2376 5414 2624 5470 homines
2643 5415 2894 5470 videlicet
2917 5416 2983 5469 ad
3022 5414 3308 5483 imaginem
3333 5410 3425 5464 Dei
3451 5420 3666 5464 creatos

2098 5504 2324 5559 diversis
2346 5505 2493 5561 vitiis
2514 5507 2936 5575 corrumpendo;
2964 5504 3169 5557 auferet
3184 5499 3309 5568 juge
3335 5497 3664 5554 sacrificium
