3928 6168
318 164 454 219 H35

966 159 1027 214 Β.
1066 156 1318 213 RABANI
1355 156 1574 213 MAURI
1611 156 1926 213 ARCIIIEP.
1971 154 2279 213 MOGUNT.
2318 153 2603 211 OPERUM
2638 152 2820 208 PARS
2857 151 2897 206 1.

3439 152 3570 208 1136

302 277 523 351 quando
550 277 784 331 hostiam
810 274 987 328 laudis
1008 271 1226 325 Christo
1278 270 1371 324 Dei
1417 268 1556 323 Filio
1582 267 1778 323 oﬂerrc
1831 268 1884 320 in
1917 271 1962 329 Α
1994 266 2134 320 nulla
2181 280 2408 335 persona
2463 263 2718 319 immunis
2746 271 2832 316 est
2862 276 2892 315 a
2928 271 3324 330 persecutione,
3371 261 3572 331 gemit-

307 369 550 429 Ecclesia
584 364 919 437 prohibebit;
961 362 1419 417 abominationem
1457 360 1803 415 desolationis
1834 359 1886 413 in

308 463 430 517 loco
478 465 667 516 sancto
718 461 951 515 statuet,
1033 453 1246 521 quando
1305 451 1542 506 divinum
1596 446 1798 505 cultum
1858 464 1888 502 a

310 549 635 609 Christianis
691 546 793 601 sibi
862 543 1203 612 extorquehit
1258 539 1525 606 exhiberi,
1583 540 1656 594 ita
1725 547 1783 592 ιιι
1834 538 1886 592 in

314 641 513 711 templo
562 637 656 692 Dei
711 635 925 700 sedens,
978 631 1227 687 ostendat
1277 644 1335 683 se
1368 638 1625 698 tanquam
1674 627 1788 698 ipse
1821 626 1894 681 sit

314 737 474 799 Deus,
500 730 643 786 unde
674 727 825 784 multi
855 733 1161 781 nostrorum
1209 730 1398 793 putant
1441 721 1510 776 ob
1566 720 1787 776 stevitia:
1838 727 1890 774 et

314 822 660 896 turpitudinis
680 818 1099 889 magnitudinem
1114 815 1472 870 Domitianum
1496 813 1608 869 sive
1627 811 1892 867 Neronem

312 913 707 971 Antichristum
732 909 843 964 fore
876 925 888 960 :
923 906 1016 962 sed
1046 906 1171 961 licet
1204 904 1300 975 ipsi
1324 902 1642 958 Antichristi
1672 900 1893 966 fuerint,

316 1013 579 1079 quantum
608 1001 675 1056 ad
705 998 822 1069 ejus
842 1012 1037 1068 corpus
1064 997 1318 1066 pertinet,
1364 1003 1417 1049 et
1446 994 1688 1048 membra
1725 992 1893 1062 ipsius

313 1105 459 1159 sunt,
501 1103 681 1148 tamen
730 1091 843 1160 ipse
885 1087 1126 1144 omnium
1174 1086 1227 1140 in
1274 1100 1503 1154 quorum
1554 1090 1716 1153 caput
1737 1079 1891 1150 juxta

315 1189 475 1241 finem
505 1182 691 1239 mundi
730 1188 989 1235 venturus
1013 1184 1117 1241 est,
1163 1174 1400 1245 quando.
1449 1173 1605 1243 juxta
1635 1169 1895 1225 Veritatis

312 1277 663 1340 sententiam,
698 1272 793 1328 erit
825 1268 1091 1324 tribulatio
1126 1268 1269 1332 talis,
1305 1263 1477 1337 qualis
1523 1280 1627 1319 non
1673 1263 1774 1328 fuit
1827 1260 1893 1315 ab

313 1371 461 1425 initio
489 1366 672 1422 mundi
702 1378 862 1433 usque
902 1360 1076 1426 modo,
1107 1375 1199 1413 nec
1219 1358 1306 1427 ﬁet
1334 1364 1511 1427 postea
1526 1351 1713 1422 (Matth
1730 1349 1926 1419 .x‘stv).

320 1463 539 1529 Verum,
570 1462 721 1533 juxta
751 1455 975 1513 Joannis
1002 1467 1215 1517 vocem,
1252 1447 1559 1503 Antichristi
1585 1445 1698 1516 jam
1746 1440 1898 1496 multi

312 1551 515 1615 suntm
528 1567 648 1606 orm.
678 1549 762 1622 ll),
791 1564 888 1619 per
918 1561 1037 1616 qua:
1064 1542 1305 1598 membra
1342 1554 1440 1595 sua
1470 1538 1607 1593 idem
1634 1534 1899 1605 malignus

1990 373 2096 427 que
2151 356 2379 426 quisque
2432 365 2542 409 tam
2602 369 2701 423 pro
2769 349 3176 420 tranquillitatis
3247 350 3576 406 detrimento

1991 461 2149 514 quam
2195 446 2357 499 etiam
2396 445 2463 498 de
2498 444 2600 497 ﬁde
2648 442 2955 497 cadentium
3009 441 3224 506 damno,
3255 440 3403 510 quia,
3437 442 3578 499 sicut

1992 535 2190 591 Paulus
2234 536 2311 589 ait
2363 535 2413 605 (Ι
2438 533 2562 589 Cor.
2603 532 2702 603 xu)
2752 547 2766 586 :
2827 529 3071 586 Sollicita
3113 539 3234 585 sunt
3279 531 3335 585 in
3377 530 3579 587 Christi

1991 642 2205 696 corpore
2255 642 2349 696 pro
2403 624 2619 678 invicem
2665 623 2920 681 membra.
2962 628 3017 673 et
3059 620 3107 673 si
3152 619 3358 690 patitur
3410 637 3580 674 unum

1992 717 2314 781 membrum,
2345 714 2748 784 compatiuntur
2792 712 2977 766 omnia
3014 714 3291 777 membra;
3340 713 3486 767 unde
3530 722 3583 767 ct

1994 809 2135 863 idem
2158 806 2447 878 Apostolus
2472 805 2718 861 scribens
2752 812 2941 859 contra
2968 818 3062 857 eos
3091 803 3184 873 qui
3221 818 3417 858 vanam
3468 803 3582 873 glo—

1993 899 2129 953 riam
2162 899 2435 960 amabant,
2458 896 2792 952 enumeratis
2827 893 3103 949 laboribus
3145 895 3258 949 suis
3288 910 3425 965 quos
3468 894 3583 964 ipse

1993 991 2343 1061 corporaliter
2380 990 2693 1054 sutl‘erebat,
2744 984 3042 1055 subiunxit,
3076 987 3263 1042 dicens
3314 985 3401 1059 (II
3453 987 3579 1041 Cor.

1995 1085 2113 1153 si):
2150 1080 2348 1135 Prwter
2391 1079 2485 1134 illa
2526 1094 2645 1149 qua!
2676 1078 2989 1131 intrinsecus
3034 1074 3406 1149 [extrinsecus]
3436 1087 3582 1144 sunt,

1994 1171 2246 1227 instantia
2287 1186 2400 1224 mea
2423 1169 2752 1240 quotidiana,
2795 1167 3097 1221 sol:'iciludo
3122 1167 3353 1221 omnium
3388 1166 3579 1223 Eccle-

1995 1263 2215 1319 siarum.
2249 1260 2380 1328 Quis
2407 1260 2730 1329 inﬁrmatur,
2766 1268 2815 1312 et
2841 1275 2935 1328 ego
2960 1274 3064 1311 non
3115 1259 3359 1327 infirmor
3378 1262 3408 1312 ,ν
3450 1258 3583 1324 Quis

1996 1354 2410 1417 scandalizatur,
2441 1363 2489 1405 et
2523 1367 2617 1421 ego
2653 1367 2757 1404 non
2797 1350 2973 1403 uror?
3012 1348 3071 1403 Si
3108 1348 3330 1419 gloriari
3356 1360 3580 1419 oportet,

1995 1460 2114 1516 quat
2139 1441 2461 1512 inﬁrmitatis
2496 1456 2624 1493 mea:
2654 1448 2772 1493 sunt
2793 1437 3076 1508 gloriabor.
3108 1437 3175 1491 Et
3220 1436 3348 1490 alibi
3384 1455 3399 1491 :

2000 1537 2116 1594 dcte
2162 1543 2336 1587 autem
2392 1547 2510 1585 cum
2565 1528 2935 1600 gaudentibus,
2980 1544 3097 1581 cum
3139 1527 3385 1597 ﬂentibus
3443 1529 3582 1597 ﬂete,

3432 1436 3581 1490 Gan-

316 1645 491 1702 hostis
540 1642 654 1714 jam
705 1616 1020 1710 mysterium
1081 1638 1339 1702 operatur
1396 1627 1701 1697 iniquitatis
1734 1664 1749 1687 ,
1802 1638 1898 1693 per
1927 1641 1972 1700 Β
1999 1624 2228 1694 idipsum
2272 1622 2488 1676 inuicem
2525 1618 2833 1682 sentientes;
2881 1634 2984 1671 non
3026 1616 3137 1671 alta
3168 1617 3451 1687 sapientes,
3494 1618 3581 1670 sed

318 1737 605 1793 haareticos
654 1731 923 1794 videlicet,
954 1724 1333 1782 schismaticos
1360 1728 1522 1788 atque
1547 1730 1804 1788 paganos,
1849 1723 1897 1769 et

316 1825 513 1881 seducit
537 1821 748 1884 multos,
778 1817 1100 1879 tunc'etiam,
1126 1814 1170 1866 si
1193 1810 1311 1882 ﬁeri
1332 1817 1519 1880 potest,
1543 1808 1649 1877 ipse
1670 1804 1894 1859 scanda-

317 1917 441 1971 lizat
469 1914 676 1975 electos,
708 1910 834 1980 quia
867 1906 1106 1961 solvetur
1152 1901 1383 1957 Satanas
1411 1899 1479 1954 de
1511 1911 1730 1953 carcere
1776 1909 1898 1960 suo,

315 2016 373 2064 et
408 2014 589 2062 totum
638 2000 876 2056 furorem
925 2010 1106 2058 suum,
1153 1998 1413 2062 quantum
1461 1986 1812 2058 permittitur,
1845 1983 1900 2036 in

317 2095 669 2155 Christicolas
716 2089 997 2162 perfundet
1029 2081 1331 2158 [eil‘undet].
1366 2079 1529 2136 Tollit
1549 2094 1680 2149 ergo
1708 2075 1899 2130 Antio-

316 2192 453 2247 chus
472 2189 539 2243 de
567 2182 901 2243 Hierusalem
924 2179 1094 2234 altare
1127 2188 1374 2240 aureum,
1404 2171 1620 2242 quando
1667 2181 1763 2223 eos
1807 2165 1900 2236 qui

319 2278 670 2353 perfectiores
699 2284 820 2330 esse
838 2269 1184 2331 videbantur,
1208 2272 1262 2321 et
1285 2278 1383 2335 pro
1407 2260 1589 2332 populi
1621 2267 1767 2315 statu
1794 2271 1900 2311 non

316 2347 667 2426 mediocriter
713 2363 1000 2420 Dominum
1029 2371 1274 2422 exorare,
1307 2368 1468 2410 suasu
1505 2352 1739 2423 maligno
1758 2347 1904 2405 evel-

315 2464 383 2518 lit
415 2463 481 2519 de
535 2458 796 2515 Ecclesia.
853 2453 1021 2509 Tollit
1056 2459 1112 2506 et
1162 2447 1544 2505 candelabrum
1593 2442 1812 2497 luminis
1848 2448 1904 2495 et

319 2554 570 2610 universa
617 2563 747 2605 vasa
793 2545 929 2615 ejus,
960 2543 1174 2613 quando
1226 2554 1320 2595 eos
1366 2537 1455 2608 qui
1509 2533 1905 2605 pratdicationis

317 2646 496 2702 ollieio
526 2641 905 2713 fungebantur,
938 2643 993 2691 et
1021 2631 1188 2689 veluti
1217 2627 1512 2684 luminaria
1540 2641 1638 2696 per
1662 2624 1904 2679 diversas

320 2737 529 2808 species
565 2735 875 2804 dogmatum
906 2729 959 2782 in
992 2723 1191 2796 populo
1235 2721 1331 2777 Dei
1371 2719 1552 2774 lucere
1580 2717 1903 2808 debuerunt,

322 2806 436 2885 sive
465 2842 563 2898 per
588 2833 813 2887 metum,
845 2820 958 2875 sive
1001 2832 1101 2888 per
1150 2812 1501 2885 cupiditatem
1548 2818 1818 2862 terrenam
1839 2806 1906 2860 de

318 2921 513 2977 ordine
541 2932 640 2973 suo
665 2911 1036 2988 praecipitavit.
1080 2906 1244 2964 Tollit
1284 2918 1411 2975 ergo
1441 2915 1683 2957 mensam
1713 2912 1905 2970 propo—

1995 1713 2278 1768 [inmitibus
2305 1710 2702 1765 consentientes.

2067 1804 2136 1858 Et
2182 1813 2294 1874 post
2346 1802 2478 1856 duos
2512 1816 2679 1854 annos
2721 1799 2926 1853 dierum
2976 1799 3115 1852 misit
3161 1814 3252 1852 rea:
3298 1800 3580 1868 principem

1998 1894 2311 1948 tributorum
2330 1893 2384 1946 in
2404 1892 2638 1946 civitates
2673 1888 2851 1943 ludar.
2886 1888 3131 1942 Diximus
3157 1889 3411 1958 superius
3434 1888 3578 1957 quod

1996 1984 2296 2040 Antiochus
2328 1991 2539 2038 teneret
2570 1991 2752 2053 typum
2772 1980 3127 2045 Antichristi;
3166 1981 3303 2035 idem
3332 1980 3585 2034 similiter

1998 2064 2385 2148 persecutionis
2413 2068 2774 2145 [perditionis]
2808 2069 2949 2123 filius
2973 2070 3077 2124 hoc
3099 2071 3151 2123 in
3181 2069 3297 2125 loco
3325 2070 3585 2139 princeps

2000 2169 2323 2223 tributorum
2392 2164 2589 2239 accipi\
2621 2172 2819 2233 potest,
2891 2177 3051 2232 quem
3106 2163 3354 2232 princeps
3422 2162 3589 2230 hujus

2002 2259 2188 2313 mundi
2211 2265 2266 2312 et
2292 2266 2470 2312 rector
2500 2256 2844 2309 tenebrarum
2875 2252 3069 2307 harum
3112 2252 3354 2307 diabolus
3380 2253 3449 2307 ad
3486 2255 3588 2307 hoc.

2002 2349 2215 2416 incitat,
2247 2359 2306 2404 ut
2344 2349 2399 2403 in
2426 2347 2740 2403 civitatibus
2769 2347 2940 2411 ludas,
2975 2348 3080 2402 hoc
3106 2357 3192 2402 est
3229 2347 3282 2400 in
3328 2346 3593 2401 Ecclesiis

2002 2439 2233 2506 Christi,
2262 2440 2519 2494 tributum
2569 2448 2915 2509 peccatorum
2962 2437 3066 2493 sibi
3109 2437 3319 2492 solvere
3367 2439 3586 2507 exigat;

2004 2540 2182 2587 tamen
2205 2548 2326 2585 cum
2357 2531 2457 2586 hoc
2486 2546 2591 2585 non
2619 2530 2815 2600 ubique
2861 2530 2971 2583 vim
3011 2528 3219 2600 agendo
3247 2528 3588 2597 persecutio-

2004 2641 2132 2680 num
2154 2625 2482 2696 expostulat,
2510 2624 2603 2680 sed
2629 2622 2917 2693 aliquando
2962 2622 3269 2686 tormentis,
3298 2620 3591 2690 aliquando

2004 2716 2404 2782 blandimentis,
2442 2714 2731 2784 aliquando
2793 2712 2956 2768 minis
2999 2719 3054 2766 et
3113 2718 3300 2780 aperta
3355 2710 3588 2773 saevitia,

2006 2803 2296 2875 aliquando
2315 2802 2505 2858 fraude
2524 2811 2579 2857 et
2600 2801 2741 2858 dolo.
2770 2801 2923 2857 Unde
2937 2800 3199 2869 scriptum
3212 2808 3298 2853 est
3322 2816 3336 2846 τ
3360 2798 3592 2851 Locutus

2006 2907 2080 2953 est
2107 2897 2177 2951 ad
2205 2913 2291 2950 eos
2320 2895 2471 2950 verba
2497 2894 2719 2967 paciﬁca
2750 2894 2803 2947 in
2833 2892 2973 2947 dolo.
3006 2891 3115 2947 Sed
3150 2889 3243 2962 qui
3269 2890 3588 2951 crediderit,

322 3010 537 3067 sitionis
581 3024 645 3063 ac
665 2982 959 3073 uasa—ejus
988 2997 1205 3074 quando
1231 2994 1545 3069 Scripturas
1572 3003 1755 3050 sacras
1780 3002 1903 3046 cum
1934 2992 1977 3057 (ἶ
2010 2991 2231 3049 sibimet
2254 2989 2681 3060 persecutionem
2705 2994 3004 3057 praeparat;
3034 2984 3144 3055 agit
3167 2983 3312 3037 enim
3335 2982 3591 3036 hocidem

324 3102 508 3172 iniqua
566 3092 1012 3170 interpretatione
1077 3090 1409 3148 confundere
1462 3100 1560 3156 per
1621 3083 1904 3138 haereticos

324 3192 545 3266 satagit,
575 3202 630 3248 et
668 3206 762 3245 eos
799 3189 891 3257 qui
935 3187 989 3239 in
1034 3181 1379 3237 meditatione
1424 3178 1558 3246 legis
1590 3175 1705 3241 Dei,
1760 3172 1905 3228 velut

325 3301 454 3341 vasa
482 3297 682 3337 mensa:
716 3278 810 3333 Dei
861 3291 925 3330 ac
953 3286 1121 3345 panes
1146 3266 1531 3340 propositionis
1564 3277 1906 3321 commanere

321 3377 669 3436 videbantur,
705 3367 900 3424 astutia
936 3363 1187 3435 nequitiae
1216 3375 1329 3416 sua:
1366 3371 1713 3428 corrumpere
1745 3363 1907 3425 atque

328 3468 385 3523 in
414 3476 657 3521 errorem
685 3459 941 3515 seducere
968 3453 1266 3511 contendit.

401 3553 590 3610 Velum
614 3564 828 3622 quoque
852 3556 906 3604 et
924 3560 1179 3611 coronas,
1200 3554 1255 3600 et
1283 3549 1660 3599 ornamentum
1682 3552 1908 3593 aureum

324 3648 473 3720 quod
522 3646 576 3701 in
617 3643 755 3700 facie
808 3639 993 3710 templi
1044 3646 1181 3703 erat,
1235 3635 1375 3691 idem
1436 3632 1687 3705 antiquus
1736 3629 1908 3687 hostis

328 3738 489 3804 tollit,
540 3744 596 3791 et
643 3731 964 3790 comminuit
1007 3728 1213 3794 omnia,
1264 3724 1478 3797 quando
1506 3723 1741 3777 litteram
1776 3721 1913 3793 legis

329 3830 451 3895 Dei,
482 3828 534 3885 in
584 3841 689 3896 qua
738 3821 1003 3892 sapientia
1047 3818 1231 3874 divina
1278 3833 1342 3872 ac
1389 3816 1645 3888 mysteria
1669 3812 1908 3870 coelestia

330 3922 519 3984 latent,
562 3927 617 3973 et
640 3916 731 3972 ubi
769 3928 967 3969 corona
994 3918 1266 3982 perpetua:
1307 3907 1573 3963 mercedis
1591 3914 1648 3961 et
1671 3905 1808 3961 bene
1834 3904 1910 3958 la—

330 4010 671 4073 borantibus,
699 4016 754 4061 et
800 4013 1065 4076 prtecepta
1103 4000 1198 4055 Dei
1248 3998 1605 4063 servantibus,
1646 3996 1700 4050 in
1745 4010 1911 4064 regno

332 4104 540 4163 ctelesti
561 4116 625 4156 ac
648 4098 896 4156 claritate
919 4101 1173 4166 perpetua
1193 4088 1534 4162 percipienda
1556 4087 1909 4160 promittitur,

335 4194 589 4254 contritis
614 4187 896 4247 sententiis
940 4201 1005 4241 ac
1046 4198 1208 4239 sensu
1259 4180 1553 4252 depravato
1591 4178 1645 4232 in
1674 4177 1909 4233 alienum

2007 3083 2178 3142 hostis
2200 3079 2610 3140 ilefautlissimus
2632 3092 2791 3134 suasu
2816 3075 3048 3146 maligno
3071 3073 3242 3145 signis
3266 3082 3430 3142 atque
3459 3087 3579 3141 pro-

2007 3177 2165 3247 digiis
2199 3175 2569 3239 mendacibus,
2599 3181 2656 3227 ut
2693 3188 2814 3228 eum
2855 3166 3100 3227 homines
3126 3165 3285 3223 deum
3313 3177 3435 3221 esse
3482 3179 3593 3217 cre~

2005 3267 2155 3332 dant,
2182 3276 2237 3322 ct
2262 3266 2502 3321 divinum
2528 3264 2731 3319 cultum
2755 3261 2830 3316 illi
2853 3262 3163 3316 exhibeant.
3193 3258 3299 3326 Qui
3327 3273 3461 3327 ergo
3488 3257 3590 3312 sibi

2006 3364 2256 3429 credunt,
2315 3363 2411 3416 hos
2464 3360 2516 3414 in
2574 3359 2756 3413 anima
2811 3354 3166 3428 spiritualiter
3217 3352 3451 3417 occidit;
3497 3350 3591 3420 qui

2014 3466 2189 3513 autem
2217 3454 2475 3510 resistunt
2494 3449 2765 3519 corporali
2799 3447 3042 3504 cruciatu
3072 3460 3167 3500 eos
3198 3441 3409 3513 afﬂigit.
3444 3442 3591 3497 Unde

2007 3546 2209 3611 evenit,
2235 3544 2378 3614 quod
2416 3557 2541 3596 cum
2591 3555 2783 3610 magno
2814 3538 2901 3593 dol
2926 3552 2998 3591 -re
3045 3535 3242 3589 mentis
3299 3533 3589 3603 legendum

2008 3646 2114 3702 est,
2145 3644 2204 3689 ut
2239 3634 2430 3703 perdat
2459 3630 2711 3702 populum
2739 3628 2965 3683 multum
2992 3642 3061 3681 ex
3089 3624 3283 3689 Israel,
3315 3639 3439 3678 cum
3472 3644 3484 3692 ι
3509 3623 3591 3676 lu-

2011 3730 2176 3785 rimos
2201 3729 2267 3783 de
2295 3725 2598 3782 Christiana
2627 3723 2883 3795 religione
2910 3722 2965 3776 in
2991 3720 3319 3792 apostasiam
3361 3734 3592 3775 conver-

2013 3819 2077 3873 tit
2113 3834 2127 3869 :
2172 3816 2367 3888 accipit
2396 3814 2564 3885 spolia
2594 3812 2847 3877 civitatis,
2891 3826 3015 3866 cum
3055 3822 3376 3865 ornamenta
3420 3808 3595 3864 eccle-

2010 3909 2105 3965 sia:
2133 3907 2299 3973 tollit;
2350 3904 2629 3961 succendit
2681 3918 2803 3958 eam
2853 3903 2998 3974 igne,
3048 3917 3172 3957 cum
3215 3902 3595 3972 persecutione

2012 4002 2283 4064 devastat;
2308 3997 2542 4053 destruit
2564 3996 2752 4051 domos
2772 3994 2888 4063 ejus
2927 4003 2983 4049 et
3030 4010 3213 4049 muros
3239 3995 3292 4048 in
3336 3994 3595 4057 circuitu,

2012 4108 2134 4149 cum
2155 4090 2338 4163 plebes
2358 4089 2690 4145 credentium
2713 4087 2937 4157 dissipat
2964 4102 3027 4141 ac
3051 4086 3361 4140 defensores
3382 4101 3594 4150 eorum,

2014 4186 2117 4243 hoc
2140 4192 2223 4240 est
2243 4184 2509 4247 doctores,
2533 4188 2746 4245 enecat,
2781 4179 3128 4249 captivasque
3152 4178 3297 4233 ducit
3320 4178 3595 4244 mulieres,

335 4292 663 4351 intellectum
704 4282 992 4347 convertit,
1032 4279 1243 4334 animas
1299 4275 1402 4332 sibi
1459 4273 1773 4330 obedientes
1811 4274 1914 4327 hoc
1941 4347 1977 4351 Δ
2015 4288 2071 4337 ει
2100 4288 2273 4346 natos,
2322 4286 2377 4334 ει
2419 4292 2639 4349 pecora,
2684 4277 2826 4347 quod
2867 4275 2942 4330 ίιιί
2973 4275 3063 4344 qui
3118 4273 3397 4329 ιηοιιίιίριη
3430 4272 3596 4327 animi

337 4347 498 4440 modo
517 4377 734 4449 decipit.
763 4373 899 4429 Nam
920 4385 1110 4427 aurum
1135 4376 1525 4437 argentumque
1552 4372 1608 4420 et
1629 4365 1905 4418 thesauros

2017 4373 2235 4438 habent,
2264 4380 2320 4427 ct
2347 4347 2499 4441 pueri
2537 4378 2663 4424 sunt
2705 4368 2951 4424 sensibus
2978 4383 3042 4421 ac
3061 4367 3369 4421 carnalibus
3389 4366 3599 4421 deside-

334 4474 580 4532 oceultos
609 4468 741 4525 nihil
771 4465 913 4522 aliud
966 4462 1203 4532 intelligo
1230 4473 1391 4530 quam
1419 4457 1616 4526 eloquii
1662 4464 1913 4511 venusta-

339 4576 448 4621 tem
486 4579 551 4620 ac
580 4572 833 4616 sensuum
864 4554 1154 4627 puritatem
1200 4565 1322 4605 cum
1352 4549 1605 4604 thesauro
1654 4546 1914 4600 virtutum

337 4673 458 4728 quas
486 4653 715 4711 occultis
738 4648 991 4706 cordibus
1014 4643 1153 4714 apud
1177 4640 1358 4696 fideles
1394 4638 1754 4703 collocantur;
1799 4638 1915 4694 haec

339 4748 521 4805 omnia
562 4741 806 4800 diabolus
857 4737 924 4793 de
973 4749 1140 4806 regno
1174 4730 1377 4788 Christi
1416 4729 1632 4785 auferre
1673 4728 1914 4795 molitur,

341 4854 463 4895 cuni
498 4843 839 4909 possessores
873 4840 1084 4890 eorum,
1114 4822 1198 4879 his
1239 4821 1396 4878 bonis
1423 4819 1701 4890 spoliatos,
1729 4818 1783 4872 in
1818 4818 1915 4872 ha-

341 4930 589 4985 rathrnm
638 4937 750 4981 sum
794 4916 1115 4992 perditionis
1161 4927 1347 4970 secum
1396 4912 1616 4966 trahere
1670 4914 1914 4965 conatur.

345 5018 482 5073 llinc
501 5014 740 5086 quotidie
758 5012 1033 5081 planctus,
1050 5006 1281 5079 gemitus
1300 5005 1354 5059 in
1376 5001 1638 5066 Ecclesia,
1659 5000 1917 5067 nascitur,

342 5124 466 5167 eum
493 5107 560 5162 de
599 5118 727 5159 casu
753 5101 1120 5171 proximorum
1156 5111 1259 5165 per
1286 5093 1714 5164 compassionem
1747 5099 1923 5146 cretus

344 5198 583 5257 ﬁdelium
631 5210 736 5249 non
767 5191 1111 5248 mediocriter
1134 5186 1508 5243 contristatur.
1562 5183 1712 5239 Unde
1743 5180 1917 5250 sequi-

346 5304 476 5349 tur:
516 5291 585 5346 Et
634 5288 752 5359 fecit
797 5283 986 5340 ca'dem
1026 5296 1269 5352 magnam
1297 5279 1586 5342 hominum,
1630 5289 1675 5332 et
1721 5277 1924 5330 locutus

347 5385 495 5441 estin
514 5381 756 5451 superbia
799 5391 1009 5447 magna,
1044 5383 1092 5427 et
1125 5372 1294 5443 factus
1320 5379 1394 5424 est
1432 5367 1671 5440 planctus
1702 5382 1921 5436 magnus

347 5477 402 5529 in
432 5472 619 5530 Israel.
650 5469 839 5529 Omnis
885 5463 1141 5537 dignitas,
1186 5471 1347 5531 atque
1372 5460 1550 5516 omnis
1577 5468 1728 5521 tetas,
1759 5468 1922 5526 atque

347 5567 529 5623 annis
571 5578 733 5623 sexus
780 5558 925 5618 dolet
975 5553 1331 5611 tumultuante
1378 5559 1744 5622 persecutore,
1794 5548 1918 5617 quia

2019 4463 2114 4518 riis
2142 4461 2461 4526 servientes,
2509 4474 2659 4515 more
2701 4459 2980 4515 brutorum
3028 4457 3342 4512 animalium
3388 4457 3596 4521 vivunt,

2018 4552 2313 4622 captivitati
2343 4567 2406 4606 ac
2442 4550 2633 4620 laqueo
2660 4549 2869 4618 antiqui
2921 4548 3093 4603 hostis
3120 4548 3353 4601 maxime
3389 4555 3600 4617 patent,

2020 4646 2308 4701 devastatis
2344 4642 2588 4699 ecclesiis
2612 4640 2838 4706 Christi,
2863 4650 2919 4696 ct
2944 4640 3202 4711 dispersis
3228 4647 3453 4710 propter
3478 4655 3603 4710 per-

2021 4736 2351 4792 secutionem
2381 4731 2641 4788 ministris
2663 4732 2852 4801 ipsius,
2900 4731 3071 4786 hostis
3101 4730 3369 4801 malignus
3400 4730 3454 4784 in
3482 4730 3603 4787 loco

2021 4840 2211 4882 eorum
2249 4835 2420 4881 artem
2470 4820 2759 4893 impietatis
2788 4820 3014 4893 erigere,
3039 4829 3092 4875 et
3119 4820 3464 4890 blasphemos
3490 4823 3602 4878 cul-

2023 4929 2169 4976 tores
2197 4919 2520 4976 substituere
2546 4916 2784 4982 molitur,
2813 4924 3103 4987 quatenus,
3141 4915 3185 4970 si
3225 4914 3484 4984 possibilc
3509 4917 3597 4978 sit,

2022 5024 2119 5082 per
2144 5024 2340 5078 pravos
2361 5007 2608 5063 homines
2628 5022 2823 5062 nomen
2849 5005 3234 5069 Christianum,
3260 5005 3406 5074 quod
3429 5003 3601 5058 solum

2026 5099 2082 5153 in
2140 5099 2273 5153 orbe
2328 5095 2630 5167 praevaluit,
2681 5095 2920 5151 funditus
2968 5094 3230 5157 deleatur,
3294 5104 3350 5147 et
3405 5091 3601 5148 diaboli

2028 5187 2277 5243 voluntas
2324 5186 2378 5240 in
2427 5184 2722 5256 pollutione
2796 5184 3057 5240 idolorum
3105 5191 3160 5239 et
3206 5184 3604 5255 multiplicitate

2026 5285 2371 5348 peccatorum
2399 5275 2700 5345 expleatur.
2727 5272 2880 5329 Unde
2908 5274 3187 5343 sequitur:

2101 5366 2169 5421 Et
2212 5365 2507 5436 e/fudcrunt
2547 5365 2853 5434 sanguinem
2878 5365 3200 5418 innocentem
3219 5379 3312 5433 per
3331 5362 3603 5417 circuitum

2027 5454 2459 5525 sanctiﬁcationis
2495 5494 2510 5518 ,
2567 5462 2615 5507 et
2685 5436 3162 5507 c‘ontaminavcrunt
3236 5450 3597 5520 sanctiﬁcatio-

2033 5564 2174 5612 nem,
2201 5554 2305 5601 etc.
2355 5544 2698 5600 Habitatores
2744 5542 3078 5599 Hierusalem
3125 5541 3335 5613 fugiunt
3371 5540 3599 5613 quando.
