3934 6186
349 380 490 443 H37

1059 383 1414 443 COMMENT.
1456 383 1523 440 IN
1562 382 1811 442 LIBROS
1847 380 2420 440 MACHABA'IORUM.
2460 413 2533 426 -
2567 381 2636 439 IN
2672 383 2800 440 LIB.
2836 383 2882 440 I.

3472 390 3613 449 ιιῑι

346 499 725 573 persecutione
780 500 1058 565 fervente,
1100 499 1193 555 alii
1246 499 1604 571 corporaliter
1630 500 1843 572 fugiunt
1867 506 1928 554 ut
1953 504 2002 564 Α
2029 512 2216 564 suasu,
2247 496 2343 554 sed
2393 497 2559 553 etiam
2581 497 2914 554 diversarum
2950 510 3232 568 poenarum
3266 500 3384 555 ﬁeri
3410 512 3607 574 cogunt

342 607 457 649 non
518 590 983 656 scandalizentur;
1033 590 1125 645 alii
1155 599 1337 647 mente
1379 591 1610 663 fugiunt,
1678 600 1734 647 et
1759 606 1926 662 grave

340 681 659 738 scandalum
700 681 755 735 in
791 682 1072 737 animabus
1102 682 1214 738 suis
1250 683 1544 753 patiuntur,
1572 683 1664 738 alii
1693 683 1748 738 in
1796 698 1925 738 oon-

340 771 580 830 fessione
607 773 808 829 Christi
856 789 1029 844 usque
1064 774 1131 829 ad
1176 781 1406 830 mortem
1448 782 1819 845 perseverant,
1869 782 1927 830 et

332 861 499 919 liberi
530 879 562 917 a
597 871 1006 932 persecutorum
1035 863 1285 918 manibus
1312 863 1367 918 in
1397 864 1563 919 caelos
1581 862 1843 931 effugiunt
1865 872 1924 920 nt

339 961 791 1018 remunerentur;
825 951 992 1021 ﬁtque
1039 960 1182 1007 terra
1207 963 1394 1009 sancta
1416 953 1679 1008 habitatio
1710 962 1924 1010 extero-

339 1059 486 1109 rum,
510 1043 726 1113 quando
778 1045 1036 1100 membris
1058 1043 1258 1101 Christi
1284 1061 1380 1117 per
1424 1047 1744 1117 martyrium
1769 1063 1924 1109 coro-

339 1136 553 1200 nandis,
579 1136 634 1190 in
666 1144 781 1192 toto
815 1136 1016 1192 mundo
1039 1135 1430 1205 multiplicatur
1456 1153 1716 1193 numerus
1737 1153 1924 1208 perse-

336 1236 588 1283 cutorum
639 1244 653 1281 :
712 1227 829 1282 dies
871 1226 994 1282 festi
1023 1227 1143 1298 ejus
1168 1236 1559 1283 convertuntur
1605 1228 1661 1283 in
1695 1228 1919 1292 luctum,

336 1322 555 1392 quando
580 1321 716 1377 ritus
734 1320 1121 1377 celeberrimus
1143 1321 1427 1394 religionis
1463 1321 1787 1379 Christianae
1812 1338 1918 1378 non

336 1413 671 1483 permittitur
694 1413 899 1468 habere
922 1412 1005 1467 sui
1031 1411 1258 1484 fulgoris
1290 1421 1574 1480 ornatum;
1622 1423 1669 1468 et
1705 1414 1921 1469 sabbata

336 1506 450 1571 ejus
472 1507 527 1559 in
562 1506 916 1576 approbrium,
964 1514 1019 1559 et
1052 1519 1175 1577 spes
1199 1522 1360 1576 quam
1407 1507 1608 1562 habent
1647 1507 1700 1561 in
1739 1505 1919 1562 futura

336 1597 640 1651 animarum
658 1597 844 1666 requie
858 1595 1122 1661 aboletur,
1138 1596 1223 1652 vel
1244 1597 1312 1651 ab
1338 1598 1492 1651 hoste
1512 1597 1783 1651 deluditur
1796 1596 1922 1651 ﬁde-

334 1686 489 1741 lium.
506 1684 804 1741 Secundum
817 1685 1038 1757 gloriam
1061 1687 1175 1757 ejus
1190 1686 1535 1758 multiplicata
1547 1698 1620 1741 est
1633 1686 1920 1758 ignominia

333 1776 471 1844 ejus.
522 1776 783 1830 Foedatur
804 1776 950 1831 enim
999 1776 1169 1846 gloria
1213 1776 1468 1833 Ecclesiae
1496 1776 1733 1832 ﬁdelium
1765 1777 1919 1847 igno-

2025 596 2314 645 tormento.
2351 585 2502 644 Unde
2523 590 2768 658 sequitur
2794 605 2808 642 :

2096 678 2165 733 Et
2185 680 2479 751 quicunque
2500 696 2604 734 non
2626 680 2866 750 fecissent
2894 680 3178 735 secundum
3199 683 3409 738 verbum
3445 688 3604 757 regis,

2024 778 2368 834 morerentur,
2397 770 2682 825 secundum
2726 771 2901 825 omnia
2924 771 3077 825 verba
3105 771 3236 827 liceo.
3270 773 3607 833 lncandcscit-

2024 857 2318 913 crudelitas
2339 857 2555 928 quando
2592 857 2765 914 fervet
2808 859 3084 929 impietas;
3114 862 3265 917 szevit
3295 863 3604 926 immanitas

2022 948 2239 1016 quando
2267 956 2460 1003 aestuat
2488 949 2775 1018 cupiditas.
2801 949 2959 1006 Omni
2987 966 3155 1022 regno
3179 954 3480 1011 Antiochus
3508 974 3609 1028 per

2023 1037 2321 1107 scripturas
2380 1037 2569 1094 indicit
2625 1046 2916 1106 tormenta,
2971 1050 3026 1097 et
3076 1052 3307 1100 mortem
3360 1046 3606 1118 ingerere

2021 1129 2322 1187 cultoribus
2350 1136 2511 1184 terra:
2538 1130 2634 1185 Dei
2680 1148 2694 1184 :
2738 1131 2817 1186 sic
2840 1140 2895 1186 et
2921 1132 3285 1191 Antichristus
3326 1151 3424 1206 per
3447 1138 3606 1194 mini-

2022 1229 2166 1276 stros
2207 1234 2334 1275 suos
2388 1219 2802 1276 scelestissimos
2844 1221 2994 1277 varia
3041 1224 3279 1293 exquirit
3321 1240 3604 1296 poenarum

2022 1324 2242 1381 genera,
2310 1320 2579 1380 quatenus
2632 1309 2986 1369 Christicolas
3039 1329 3070 1369 a
3128 1323 3274 1370 statu
3330 1316 3606 1390 religionis

2021 1400 2378 1455 sanctissima:
2396 1400 2615 1467 evellat,
2645 1409 2893 1457 conterat
2917 1412 3080 1473 atque
3101 1403 3403 1476 disperdat.

2092 1489 2191 1544 Die
2208 1491 2391 1561 quinta
2414 1490 2616 1545 decima
2644 1493 2836 1546 mensis
2858 1489 3071 1560 Casleu,
3100 1495 3283 1564 quinto
3303 1508 3351 1552 et
3373 1500 3603 1569 quadra-

2018 1581 2237 1651 gesimo,
2281 1591 2328 1636 et
2372 1583 2650 1637 centesimo
2679 1599 2839 1650 anno,
2867 1585 3147 1654 azdiﬁcaait
3177 1604 3269 1642 rex
3318 1589 3604 1647 Antiochus

2020 1672 2430 1728 abominandum
2477 1672 2815 1729 desolationis
2868 1674 3089 1731 idolum.
3146 1677 3346 1735 Mensis
3410 1679 3604 1738 Casleu

2021 1761 2164 1816 idem
2216 1769 2302 1816 est
2354 1763 2495 1832 apud
2540 1762 2760 1820 Graecos
2809 1767 2902 1834 qui
2950 1768 3091 1837 apud
3141 1768 3363 1825 Latinos
3408 1771 3606 1827 dicitur

335 1865 756 1934 minia,qnando
772 1864 990 1920 inimico
1004 1865 1317 1920 dominante
1329 1866 1499 1938 gloria
1514 1866 1816 1921 caelestium
1834 1881 1919 1921 sa—
1946 1851 1990 1911 Β
2020 1851 2334 1907 ῧθοθωδθν·
2362 1851 2422 1908 ιη
2450 1850 2612 1922 huius
2637 1855 2840 1912 me“Sis
2862 1856 2949 1913 die
2969 1856 3204 1925 (19051113,
3241 1875 3384 1915 anno
3425 1870 3606 1917 cente-

330 1968 425 2008 cra
434 1961 737 2007 mentorum
749 1962 803 2009 et
821 1954 1077 2009 honestas
1096 1954 1400 2010 divinorum
1414 1953 1709 2010 oﬁiciorum
1731 1955 1911 2026 impiis

332 2042 832 2113 blasphemantihus
879 2045 1174 2099 maximum
1240 2044 1471 2099 sustinet
1546 2046 1917 2116 opprobrium.

409 2133 478 2187 Et
501 2133 706 2204 scripsit
750 2149 842 2188 rex
871 2134 1155 2189 Antiochus
1182 2135 1324 2189 omni
1352 2151 1509 2206 regno
1547 2152 1644 2191 suo
1682 2146 1740 2191 ut
1789 2147 1920 2192 esset

335 2223 506 2277 omnis
525 2223 750 2293 populus
776 2240 935 2290 unus,
964 2233 1014 2279 et
1041 2224 1355 2295 relinqueret
1378 2225 1733 2298 unusquisque
1759 2225 1923 2298 legent

333 2333 509 2371 suam.
566 2315 841 2387 Scriptum
884 2325 940 2372 et
985 2316 1225 2387 Epistola
1276 2316 1572 2387 spiritualis
1634 2317 1920 2384 Antiochi,

333 2410 639 2481 philosophi
668 2417 795 2465 sunt
828 2410 1109 2481 gentilium
1138 2409 1379 2465 haeretici
1403 2416 1565 2479 atque
1590 2410 1921 2466 schismatici

330 2499 787 2564 Christianorum,
844 2500 939 2569 qui
976 2499 1263 2555 veritatem
1318 2498 1455 2570 legis
1501 2498 1704 2555 Christi
1759 2507 1921 2568 atque

331 2597 597 2646 statutum
636 2588 917 2644 catholica:
942 2587 1065 2643 ﬁdei
1099 2586 1416 2644 subvertere
1456 2588 1700 2658 cupiunt,
1725 2588 1922 2659 quibus

333 2679 491 2734 dolor
521 2686 605 2735 est
640 2678 816 2734 cultus
854 2679 1067 2734 divinus
1095 2686 1151 2734 et
1191 2678 1381 2749 religio
1410 2676 1723 2733 Christiana
1764 2694 1777 2731 :
1826 2677 1921 2733 scd

330 2783 445 2837 quo
492 2767 662 2836 magis
701 2782 799 2837 per
845 2781 1084 2822 errorem
1116 2767 1337 2822 student
1374 2766 1476 2821 sibi
1523 2767 1771 2822 homines
1826 2767 1921 2821 ad-

330 2874 528 2923 unare,
550 2873 616 2914 eo
639 2859 814 2928 magis
838 2856 1044 2913 faciunt
1070 2857 1189 2913 illos
1226 2858 1294 2911 ab
1320 2856 1555 2913 invicem
1583 2856 1914 2921 discordare,

332 2948 462 3017 quia
511 2962 611 3003 nec
643 2947 745 3017 ipsi
808 2947 951 3001 inter
1016 2961 1075 3002 se
1138 2946 1371 3002 invicem
1419 2947 1770 3013 concordant,
1821 2946 1918 3003 sed

330 3037 502 3093 variis
528 3038 692 3094 sectis
719 3037 1099 3093 dissentientes
1131 3038 1459 3108 discrepant,
1499 3046 1554 3093 et
1582 3037 1703 3093 ideo
1737 3039 1918 3094 minus

329 3145 397 3184 se
421 3129 782 3198 obsequentes
804 3137 861 3184 et
904 3128 957 3182 in
1006 3128 1211 3183 unitate
1258 3127 1571 3183 consociare
1600 3128 1911 3198 prmvalent.

2023 1945 2163 2001 sime
2183 1946 2600 2018 quadragesimo
2642 1949 2833 2018 quinto
2866 1952 3015 2023 regni
3035 1951 3373 2020 Grtecorum,
3402 1954 3545 2026 quod
3573 1975 3605 2015 a

2022 2037 2198 2107 primo
2227 2051 2368 2091 anno
2392 2036 2603 2093 Seleuci
2629 2050 2948 2110 computare
2988 2042 3274 2115 incipiunt,
3303 2045 3609 2106 Antiochus

2022 2117 2330 2199 Epiphanes
2353 2131 2772 2187 abominandum
2792 2133 2993 2189 idolum
3014 2135 3366 2194 desolatiouis
3389 2140 3441 2194 in
3469 2148 3602 2195 tem-

2022 2218 2111 2289 plo
2133 2219 2325 2275 statuit
2363 2219 2481 2285 Dei,
2513 2220 2618 2276 hoc
2645 2228 2733 2277 est
2759 2221 3109 2280 simulacrum
3152 2223 3303 2283 Iovis
3348 2225 3607 2299 Olympii,

2024 2308 2357 2380 principatus
2406 2317 2588 2368 autem
2642 2310 2724 2366 sui
2764 2326 2906 2367 anno
2955 2320 3171 2381 octavo,
3220 2329 3326 2384 quo
3358 2316 3605 2375 videlicet

2023 2412 2167 2453 anno
2214 2399 2271 2453 in
2320 2398 2570 2456 Samaria
2602 2415 2767 2472 super
2808 2402 3069 2460 verticem
3117 2406 3319 2462 montis
3363 2406 3605 2465 Garizim

2020 2487 2170 2545 Iovis
2186 2487 2463 2561 Peregrini
2506 2490 2623 2547 sive
2659 2491 2953 2563 IIoSpitalis
2985 2493 3267 2551 delubrum
3295 2496 3603 2565 azdiﬁcavit,

2023 2579 2154 2649 ipsis
2178 2578 2558 2646 Samaritanis,
2583 2589 2645 2635 ut
2667 2581 2808 2637 idem
2831 2581 3036 2637 faceret
3050 2597 3150 2653 per
3172 2585 3458 2654 epistolam
3480 2604 3605 2657 pre-

2021 2670 2290 2737 cantibus,
2334 2671 2475 2728 sicut
2499 2670 2767 2743 Josephus
2807 2675 2959 2729 testis
2995 2684 3079 2730 est
3108 2692 3122 2729 :
3156 2676 3251 2732 sed
3292 2677 3521 2748 legimus
3551 2679 3605 2735 in

2020 2760 2312 2835 Evangelio
2360 2765 2654 2821 secundum
2709 2763 3018 2822 Mattharum
3056 2766 3395 2825 Salvatorcm
3444 2771 3606 2826 disci-

2018 2853 2161 2923 pulis
2189 2853 2646 2926 interrogantibus
2674 2854 2741 2911 de
2768 2855 2924 2925 signo
2944 2856 3211 2915 adventus
3236 2859 3343 2925 sui,
3394 2868 3447 2915 et
3477 2876 3601 2917 eon-

2016 2942 2377 2999 summatione
2422 2943 2631 3010 saeculi,
2676 2944 2823 3000 inter
2866 2944 2971 3002 alia
3017 2948 3364 3018 respondisse
3401 2964 3418 3004 :
3469 2950 3600 3007 Cum

2016 3052 2140 3107 ergo
2169 3036 2403 3091 uideritis
2436 3036 2776 3093 desolationis
2819 3038 3280 3107 abominationem,
3316 3058 3434 3114 qua:
3458 3044 3600 3099 dicta

2016 3135 2093 3181 est
2118 3143 2153 3181 a
2206 3126 2426 3182 Daniele
2467 3128 2735 3199 propheta,
2778 3138 3004 3184 stantem
3034 3130 3090 3184 in
3117 3129 3230 3187 loco
3268 3142 3472 3200 saneto,
3510 3136 3602 3205 qui

332 3222 480 3276 Inter
506 3221 763 3292 superbos
792 3221 960 3286 enim,
1008 3219 1288 3290 Scriptura
1318 3228 1474 3282 teste,
1503 3235 1717 3291 semper
1738 3220 1915 3291 jurgia
1943 3206 1989 3270 C
2019 3214 2143 3286 legit
2164 3214 2418 3287 intelligat
2448 3215 2665 3289 (Matth.
2714 3218 2885 3291 xxxv).
2914 3219 3140 3288 Quando
3186 3221 3255 3277 ad
3297 3222 3600 3294 intelligen-

332 3317 485 3375 sunt,
512 3318 585 3376 et,
616 3306 769 3377 juxta
800 3309 1058 3364 Veritatis
1100 3308 1447 3375 sententiam,
1497 3306 1664 3363 Omne
1700 3324 1915 3379 regnum

332 3400 394 3454 in
421 3416 477 3454 se
496 3400 667 3471 ipsum
693 3398 919 3453 divisum
944 3398 1285 3465 desolabitur,
1320 3406 1369 3452 et
1398 3397 1582 3453 domus
1627 3413 1783 3468 super
1822 3397 1916 3451 do-

330 3508 483 3546 mum
512 3491 681 3546 cadet.
742 3489 997 3545 Mandant
1037 3489 1158 3545 libri
1187 3498 1242 3544 et
1281 3488 1525 3558 epistolae
1567 3488 1821 3544 Antiochi
1860 3488 1914 3544 in

332 3582 674 3639 Hierusalem
724 3590 782 3638 et
827 3582 881 3636 in
917 3580 1229 3637 civitatibus
1271 3579 1422 3636 Iudae
1466 3589 1526 3635 ut
1563 3587 1917 3649 sequerentur

329 3677 483 3751 leges
528 3678 790 3750 gentium,
846 3691 1015 3746 quare
1065 3683 1121 3732 et
1168 3674 1429 3731 deﬁniant
1477 3674 1813 3738 holocausta,
1861 3680 1918 3729 et

330 3770 604 3827 sacriﬁcia
642 3777 699 3824 et
728 3769 1056 3839 placationes
1091 3766 1271 3822 facere
1311 3765 1367 3820 in
1391 3764 1593 3835 templo
1617 3764 1711 3819 Dei
1740 3781 1753 3817 :
1787 3762 1914 3834 quia

333 3862 576 3916 maxima
626 3876 755 3916 cura
804 3860 1205 3937 maximumque
1250 3858 1488 3914 studium
1520 3866 1606 3913 est
1647 3858 1916 3914 haereticis

332 3960 501 4021 atque
523 3950 745 4022 paganis
775 3957 835 4005 ut
876 3949 928 4004 in
961 3949 1190 4006 ecclesia
1212 3948 1417 4005 Christi
1443 3948 1643 4003 cultum
1671 3948 1914 4006 divinum

330 4059 430 4100 seu
452 4042 783 4098 confundant
815 4056 909 4096 seu
933 4041 1149 4112 penitus
1162 4040 1529 4112 exstinguaut,
1546 4054 1613 4094 ne
1632 4039 1915 4095 sinceritas

332 4143 501 4191 rectm
526 4133 672 4201 ﬁdei,
704 4148 824 4204 qua:
857 4147 955 4203 per
993 4131 1335 4187 dilectionem
1381 4138 1658 4201 operatur,
1714 4131 1766 4184 in
1820 4145 1913 4185 ara

327 4225 516 4282 cordis
544 4224 813 4280 credentis
839 4231 1051 4295 gratum
1095 4222 1466 4278 holocaustum
1495 4222 1605 4276 Deo
1629 4220 1909 4285 oﬂ‘eratur,

328 4328 435 4370 nec
465 4313 728 4369 sacriﬁcia
765 4312 993 4384 mystica
1021 4314 1266 4382 corporis
1291 4323 1349 4368 et
1381 4312 1661 4383 sanguinis
1701 4311 1913 4368 Domini

328 4419 458 4460 cum
484 4419 635 4460 sacra
664 4403 901 4458 ﬁdelium
935 4404 1180 4458 oratione
1204 4410 1367 4474 atque
1399 4404 1701 4472 placatione
1741 4402 1912 4457 hono-

326 4511 456 4551 rum
476 4504 694 4551 actuum
721 4494 775 4548 in
806 4508 937 4550 vero
963 4493 1162 4564 templo
1192 4492 1287 4549 Dei
1317 4496 1555 4550 omnium
1580 4496 1812 4549 creatori
1858 4501 1913 4548 et

2021 3306 2149 3363 tiam
2198 3323 2578 3379 provocamur,
2629 3311 2918 3381 mysticum
2967 3320 3231 3369 monstrat
3271 3329 3392 3370 esse
3458 3315 3601 3386 quod

2017 3400 2219 3456 dictum
2255 3408 2359 3456 est.
2403 3399 2675 3470 Scriptum
2725 3410 2812 3457 est
2865 3412 3044 3459 autem
3108 3404 3163 3458 in
3220 3405 3443 3462 Daniele
3498 3408 3604 3463 hoc

2015 3492 2178 3548 modo
2210 3510 2222 3546 :
2254 3491 2321 3547 Et
2346 3493 2401 3548 in
2424 3493 2595 3548 medio
2618 3494 2956 3549 hebdomadis
2983 3496 3252 3566 auferetur
3277 3500 3599 3568 sacriﬁcium

2016 3598 2188 3636 meum
2216 3590 2264 3636 et
2292 3581 2564 3650 libamina,
2590 3593 2638 3639 et
2672 3585 2769 3639 erit
2798 3585 2853 3640 in
2893 3585 3084 3657 templo
3116 3586 3457 3645 desolatiom's
3502 3593 3598 3646 ab-

2014 3671 2265 3726 ominatio
2303 3681 2352 3727 et
2389 3688 2553 3743 usque
2588 3673 2659 3729 ad
2703 3676 3201 3744 consummationem
3252 3681 3500 3751 temporis
3551 3693 3600 3736 et

2012 3760 2170 3829 ﬁnem
2203 3763 2543 3833 perseverabit
2569 3763 2842 3819 desolatio.

2085 3851 2161 3907 De
2208 3852 2313 3909 hoc
2348 3852 2636 3927 Apostolus
2680 3855 2923 3926 loquitur
2961 3854 3049 3931 (Il
3080 3859 3257 3915 Thess.
3308 3861 3395 3936 ιι),
3452 3866 3596 3933 quod

2016 3943 2177 3998 homo
2228 3942 2528 4013 iniquitatis
2568 3945 2914 4003 adversarius
2946 3948 3237 4007 elevandus
3285 3953 3358 4008 sit
3404 3962 3593 4010 contra

2013 4047 2174 4088 omne
2194 4033 2337 4103 quod
2348 4034 2545 4093 dicitur
2557 4035 2700 4093 Deus
2712 4045 2769 4091 et
2781 4037 2997 4106 colitur,
3014 4039 3089 4094 ita
3101 4049 3160 4095 ut
3174 4042 3367 4099 audeat
3383 4054 3527 4100 stare
3542 4045 3594 4101 in

2014 4123 2213 4193 templo
2260 4124 2372 4191 Dei,
2426 4135 2481 4182 et
2512 4127 2797 4185 ostendere
2846 4132 2990 4201 quod
3041 4133 3155 4203 ipse
3195 4134 3457 4193 Dominus
3502 4139 3592 4195 sit.

2012 4213 2177 4285 Cujus
2199 4217 2458 4274 adventus
2489 4221 2783 4278 secundum
2829 4226 3195 4294 operationem
3247 4226 3459 4284 Satanae
3506 4231 3598 4286 de-

2013 4319 2187 4366 struet
2206 4325 2319 4377 eos,
2343 4320 2397 4367 et
2417 4312 2485 4367 ad
2510 4313 2853 4370 solitudinem
2884 4316 3091 4387 rediget
3119 4319 3211 4388 qui
3251 4334 3373 4374 eum
3405 4335 3591 4380 susce-

2012 4410 2228 4473 perunt.
2253 4401 2438 4459 Potest
2462 4411 2644 4460 autem
2671 4405 2992 4478 simpliciter
3019 4416 3112 4463 aut
3159 4409 3227 4465 de
3250 4409 3592 4467 Antichristo

2016 4495 2205 4565 accipi,
2233 4504 2327 4551 aut
2347 4496 2416 4552 de
2447 4497 2678 4569 imagine
2700 4497 2931 4555 Caesaris
2970 4517 3132 4579 quam
3177 4501 3381 4560 Pilatus
3415 4507 3597 4576 posuit

327 4586 601 4641 bonorum
644 4584 889 4639 omnium
919 4557 1163 4656 largitori
1189 4585 1347 4657 digne
1368 4585 1756 4652 exhibeantur;
1785 4600 1910 4657 pro-
1940 4557 1990 4616 Β
2017 4589 2071 4642 in
2098 4557 2315 4660 templo,
2347 4597 2439 4645 aut
2480 4557 2807 4647 dchdriani
2835 4557 3075 4664 equestri
3119 4557 3594 4672 statuminum—in

328 4674 627 4730 hibeantur
649 4673 912 4730 celebrari
955 4675 1261 4741 sabbatum,
1304 4676 1431 4746 quia
1467 4685 1666 4747 negant
1710 4677 1766 4732 in
1801 4691 1914 4733 cce—

326 4763 457 4820 lesti
486 4779 651 4835 regno
674 4773 982 4821 sanctarum
1029 4767 1270 4837 requiem
1294 4766 1533 4822 futurum
1563 4782 1683 4823 esse
1709 4769 1914 4824 anima-

327 4873 477 4915 rum.
501 4856 697 4913 Jubent
731 4859 988 4915 aediﬁcari
1015 4875 1162 4927 aras,
1189 4867 1246 4916 et
1268 4861 1484 4931 templa,
1511 4867 1566 4914 et
1593 4860 1754 4926 idola,
1785 4861 1912 4931 quia

324 4960 545 5005 mentes
572 4948 807 5004 ﬁdelium
838 4949 1195 5020 malignorum
1226 4950 1511 5020 spirituum
1541 4950 1763 5019 cupiunt
1803 4948 1915 5004 eili-

323 5058 462 5098 cere
484 5057 641 5107 vasa;
688 5041 952 5096 immolari
982 5056 1174 5096 carnes
1217 5040 1404 5097 suillas
1437 5048 1491 5094 et
1532 5056 1725 5111 pecora
1763 5056 1910 5096 com-

324 5133 543 5197 munia,
572 5133 673 5187 hoc
697 5140 780 5187 est
807 5132 1137 5186 immundam
1166 5131 1364 5186 ducere
1400 5131 1587 5195 vitam,
1634 5140 1691 5185 et
1729 5131 1914 5186 bruto.

323 5243 455 5284 rum
471 5225 779 5279 animalium
805 5240 953 5280 more
974 5225 1028 5278 in
1055 5224 1264 5279 luxnria
1287 5231 1448 5293 atque
1462 5223 1913 5294 concupiscentiis

321 5318 517 5377 carnis
543 5319 880 5384 conversari;
928 5316 1233 5386 relinquere
1262 5316 1401 5374 ﬁlios
1450 5331 1578 5372 suos
1620 5317 1912 5373 incircum-

319 5411 495 5474 cisos,
525 5409 626 5464 hoc
654 5418 736 5463 est
764 5408 910 5462 nulla
935 5407 1201 5473 custodia,
1230 5406 1373 5461 nulla
1397 5406 1753 5472 continentia,
1785 5407 1905 5461 nul-

310 5501 492 5571 laque
518 5498 844 5554 discretione
869 5498 1238 5569 cegitationes,
1262 5511 1537 5553 sermones
1562 5506 1724 5568 atque
1744 5511 1908 5567 opera

316 5603 657 5661 leittperare,
691 5590 762 5645 ita
793 5599 852 5645 ut
902 5590 1289 5646 obliviscantur
1334 5589 1505 5662 legem
1550 5591 1808 5647 divinam.
1855 5600 1911 5646 et

315 5688 615 5744 izumutcnt
639 5681 1055 5753 iustiﬁcationes
1079 5683 1171 5737 Dei
1200 5683 1253 5736 in
1278 5682 1615 5738 diversorum
1637 5683 1845 5739 sccleru
1856 5701 1905 5738 ιιι

308 5776 597 5828 facturam
646 5791 658 5826 :
714 5784 765 5828 et
826 5774 939 5828 lucc
982 5774 1160 5842 omnia
1213 5787 1320 5829 non
1374 5773 1545 5829 solum
1594 5789 1905 5831 sermonum

2017 4682 2135 4752 ipso
2180 4681 2381 4739 Sancto
2430 4694 2738 4741 sanctorum
2788 4687 2908 4744 loco
2938 4704 3109 4760 usque
3161 4692 3214 4747 in
3273 4706 3593 4763 prwsentem

2018 4772 2157 4827 diem
2185 4774 2354 4830 stetit.
2386 4774 2728 4831 Abominatio
2748 4792 2963 4848 quoque
2986 4783 3282 4839 secundum
3306 4787 3589 4843 veritatem

2018 4861 2419 4933 Scripturarum
2448 4865 2647 4920 idolum
2674 4878 3034 4940 nuncupatur,
3061 4880 3116 4927 et
3145 4872 3350 4931 idcirco
3379 4878 3595 4936 additur

2014 4951 2287 5018 desolatio,
2334 4956 2476 5023 quod
2528 4956 2580 5009 in
2628 4957 2864 5014 desolato
2923 4961 3119 5032 templo
3168 4971 3330 5033 atque
3381 4967 3595 5025 deserto

2016 5044 2216 5098 idolum
2255 5045 2487 5114 positum
2511 5046 2608 5111 sit;
2638 5055 2839 5104 statuto
2858 5061 3039 5106 autem
3078 5052 3221 5109 idolo
3252 5055 3352 5110 zeli
3382 5058 3434 5112 in
3466 5068 3593 5116 tem-

2013 5134 2101 5204 plo
2122 5136 2233 5189 ‘Dei
2263 5150 2361 5205 per
2388 5136 2666 5191 universas
2688 5139 2958 5205 civitates,
3009 5142 3134 5197 inde
3185 5145 3416 5213 ministri
3453 5149 3594 5215 regis

2014 5226 2329 5295 nequissimi
2357 5227 2629 5283 aediﬁcant
2657 5246 2782 5286 aras
2810 5232 2863 5287 in
2889 5233 3140 5299 circuitu,
3166 5246 3217 5291 et
3251 5248 3377 5291 an'e
3395 5239 3590 5306 januas

2012 5317 2296 5373 domorum
2348 5326 2406 5373 et
2451 5319 2505 5373 in
2550 5321 2742 5391 plateis
2784 5324 3076 5383 incendunt
3099 5329 3255 5381 tliura
3292 5338 3346 5381 et
3382 5328 3587 5381 sacriﬁ-

2008 5418 2172 5476 cant;
2199 5411 2325 5480 quia
2368 5420 2625 5483 regnante
2665 5413 2718 5466 in
2766 5400 2928 5469 domo
2957 5416 3232 5470 immundo
3258 5417 3589 5474 Antichristo

2011 5501 2390 5572 astipulatores
2442 5511 2498 5557 et
2555 5501 2793 5559 fautores
2828 5505 2944 5575 ejus
2976 5546 2990 5567 ,
3043 5515 3099 5560 et
3147 5521 3335 5562 ornnes
3386 5507 3584 5579 iniqui,

2012 5592 2212 5661 reiecto
2240 5608 2370 5648 vero
2400 5593 2491 5648 Dei
2535 5594 2694 5649 unius
2742 5595 2910 5655 cultu.
2951 5605 3007 5649 et
3053 5603 3231 5665 spreta
3264 5597 3354 5652 Dei
3407 5599 3583 5664 domo,

2011 5702 2129 5755 qua:
2162 5695 2244 5740 est
2268 5694 2455 5741 sancta
2480 5686 2741 5748 Ecclesia,
2773 5683 2994 5739 confusa
3040 5695 3217 5742 mente
3268 5688 3588 5761 turbataque

2009 5777 2198 5833 ordine
2237 5778 2290 5830 in
2317 5776 2543 5831 diversis
2584 5776 2716 5833 locis
2746 5774 3016 5830 variorum
3039 5791 3284 5834 errorum
3325 5789 3379 5836 et
3405 5782 3571 5839 multi.
