3928 6168
329 343 467 400 1159

984 338 1043 391 B.
1086 320 1361 391 RABANI'
1382 337 1597 393 MAURl
1631 336 1903 391 ARClllEl

2017 335 2297 392 lOGUNT.
2339 335 2620 392 OPERUM
2660 335 2842 391 PARS
2879 336 2917 390 l.

3446 336 3595 392 {MO

324 457 545 531 plicium
572 455 833 511 scelerum
860 452 1191 506 daemonibus
1225 451 1435 513 funesta
1457 451 1707 507 deferunt
1734 451 1902 504 sacri-
1931 451 1976 508 Α
2007 448 2127 503 ﬁdei
2172 450 2481 505 interimere
2515 466 2620 505 non
2667 450 2903 504 tardant.
2948 450 3211 505 Similiter
3247 460 3295 505 et
3337 414 3460 506 illos
3497 451 3597 521 qui

325 548 471 603 liena.
500 543 567 598 Et
591 543 726 597 bene
753 540 948 594 dicitur
975 540 1116 608 quod
1149 541 1205 593 in
1250 541 1471 593 circuitu
1517 539 1902 607 mdiﬁcaverunt

328 651 470 697 aras,
524 632 670 700 quia,
723 629 1068 698 simplicitate
1104 630 1348 684 veritatis
1395 630 1603 694 relicta,
1647 643 1904 685 erroneas

326 723 620 794 impietatis
667 731 965 791 sequuntur
1006 730 1201 775 sectas.
1260 720 1327 773 In
1356 723 1577 773 circuitu
1626 722 1792 784 enim,
1847 730 1906 774 ut

325 813 613 870 Psalmista
646 820 893 875 testatur,
918 828 1094 865 omnes
1122 813 1269 881 impii
1295 811 1565 864 ambulant
1589 811 1759 880 (Psat.
1804 811 1899 882 xi).

328 907 398 961 Et
418 912 542 959 ante
570 904 765 974 januas
796 901 1141 955 :ediculorum
1174 908 1334 969 atque
1374 900 1427 953 in
1476 900 1667 968 plateis
1718 901 1902 954 incen-

328 996 463 1050 dunt
481 993 639 1047 thura
665 1000 719 1047 et
740 991 1066 1055 sacriﬁcant,
1097 990 1187 1058 qui
1217 990 1443 1043 introire
1480 991 1546 1042 ad
1591 989 1759 1043 altare
1809 990 1903 1044 Dei

328 1084 633 1153 ibidemque
655 1082 795 1151 quod
823 1082 1101 1135 incensum
1122 1093 1269 1149 purse
1288 1080 1548 1133 orationis
1574 1081 1683 1133 Deo
1708 1065 1906 1133 inl'brre

328 1191 436 1232 non
464 1183 755 1237 merentur,
787 1173 880 1228 sed
905 1174 957 1227 in
994 1172 1102 1225 lata
1126 1187 1188 1225 ac
1214 1172 1442 1240 spatiosa
1479 1172 1559 1225 via
1600 1187 1717 1241 qua:
1762 1171 1905 1224 ducit

329 1266 399 1319 ad
437 1274 652 1320 mortem
695 1262 907 1334 (Matth.
946 1260 1065 1333 vn),
1097 1269 1246 1315 actus
1283 1274 1412 1313 suos
1440 1274 1504 1312 ac
1536 1258 1696 1312 verba
1722 1274 1905 1313 secum

330 1355 471 1410 hosti
499 1352 744 1409 deferunt
772 1352 1023 1421 maligno.

401 1444 468 1498 Et
497 1443 675 1506 libros,
707 1442 897 1511 inquit,
927 1441 1053 1511 legis
1081 1442 1179 1495 Dei
1198 1441 1587 1495 combusserunt
1613 1439 1740 1508 igni,
1769 1439 1907 1490 scin-

329 1539 505 1589 dentes
535 1550 641 1588 eos.
681 1533 872 1587 Libros
901 1532 993 1586 Dei
1018 1533 1271 1586 scindunt
1300 1530 1729 1598 comburuntque
1773 1527 1901 1598 igni,

328 1626 418 1694 qui
442 1639 537 1694 per
557 1622 863 1691 cupiditatis
886 1623 1062 1692 ignem
1091 1621 1222 1692 legis
1246 1620 1339 1675 Dei
1356 1618 1718 1673 sinceritatem
1734 1618 1906 1672 haere-

332 1715 434 1768 tica
464 1713 728 1783 pravitate
751 1726 782 1764 a
812 1710 1149 1765 rectitudinis
1171 1725 1279 1763 suae
1317 1717 1459 1763 statu
1482 1708 1785 1762 discindere
1809 1724 1904 1761 cu-

2005 543 2440 596 circumciderant
2484 558 2570 596 eos
2619 540 2982 606 trucidabant,
3031 540 3158 609 quia
3204 541 3597 610 praedicatores

2006 642 2239 695 sanctos,
2268 634 2361 702 qui
2400 634 2574 688 cultro
2596 632 2815 702 pietatis
2852 646 2916 686 ac
2942 634 3110 687 verbo
3148 633 3471 704 evangelica
3498 634 3597 688 do—

2006 723 2194 777 ctrina:
2218 723 2460 777 subditos
2484 738 2612 777 suos
2652 731 2964 777 coercentcs
3009 723 3305 794 castigant,
3354 726 3598 780 maxime

2005 814 2436 881 persecutionum
2468 813 2728 866 molestiis
2752 812 3027 867 infestant.

2078 903 2147 957 Et
2184 903 2337 956 multi
2364 903 2428 956 de
2457 902 2647 973 papula
2682 901 2855 955 Israel
2892 902 3207 971 deﬁnierunt
3243 905 3385 971 apud
3415 919 3503 965 se,
3532 913 3594 956 ut

2007 1013 2109 1048 non
2144 995 2519 1048 manducarent
2552 993 2844 1047 immunda.
2884 991 3039 1046 Nulla
3078 994 3385 1062 persecutio
3413 992 3595 1045 nulla-

2006 1103 2111 1156 que
2139 1086 2413 1142 tribulatio
2457 1094 2673 1139 sanctos
2712 1083 2806 1137 Dei
2833 1084 2923 1151 qui
2964 1083 3331 1152 prmdestinali
3368 1091 3497 1136 sunt
3536 1092 3599 1136 et

2008 1179 2229 1233 vocitati
2267 1176 2558 1232 secundum
2588 1174 2983 1244 przescientiam
3028 1173 3122 1226 Dei
3166 1171 3365 1236 Patris,
3411 1187 3442 1224 a
3488 1172 3598 1225 ﬁde

2007 1266 2207 1322 Christi
2285 1279 2525 1335 unquam
2572 1262 2803 1318 evellere
2845 1262 3018 1332 potuit
3059 1280 3072 1315 :
3121 1261 3216 1316 sed
3264 1262 3317 1315 in
3362 1261 3598 1315 veritate

2007 1358 2373 1429 persistentes,
2418 1370 2519 1409 nec
2549 1353 2845 1423 idolothyta
2889 1351 3309 1408 manducabant.
3354 1365 3455 1404 nec
3495 1349 3599 1402 im-

2007 1450 2268 1506 munditia
2295 1456 2642 1519 peccatorum
2667 1444 3002 1514 coinquinari
3038 1441 3469 1507 consentiebant,
3496 1456 3601 1496 nec

2007 1541 2170 1597 etiam
2207 1540 2381 1610 legem
2409 1538 2504 1594 Dei
2543 1545 2783 1591 sanctam
2812 1534 3064 1588 hmretica
3101 1532 3370 1603 pravitate
3403 1531 3601 1584 infrin.

2006 1648 2133 1705 gere
2163 1639 2324 1702 atque
2367 1642 2713 1699 corrumpere
2752 1625 3114 1696 patiebantur,
3155 1625 3249 1678 sed
3287 1623 3462 1692 magis
3498 1622 3601 1677 eli-

2010 1727 2206 1796 gebant
2246 1738 2344 1793 pro
2389 1721 2607 1776 nomine
2648 1718 2849 1774 Christi
2893 1717 3032 1772 mori
3074 1730 3237 1786 quam
3285 1715 3599 1769 consentire

330 1804 503 1872 piunt,
551 1809 873 1868 sanctosque
925 1799 1324 1869 prmdicatores,
1381 1798 1575 1867 quibus
1618 1799 1903 1852 thesaurus

2017 1815 2290 1885 impietati.
2317 1812 2471 1869 Unde
2493 1811 2713 1882 quidam
2748 1810 2962 1865 illorum
2997 1808 3099 1862 hac
3121 1807 3446 1861 conﬁdentia
3483 1805 3598 1861 fre-

332 1882 777 1949 tcstzimentorum
817 1891 911 1946 Dei
941 1891 1345 1946 commendatus
1378 1899 1483 1955 est,
1525 1890 1744 1946 malitia:
1795 1906 1906 1945 sua:

329 1998 588 2039 mucrone
612 1982 886 2037 trucidare
922 1982 1174 2052 gestiunt.

401 2076 539 2143 Quid
583 2091 680 2146 per
717 2075 1047 2129 vicenarium
1091 2090 1370 2128 numerum
1418 2082 1472 2128 et
1510 2075 1758 2144 quintum
1802 2075 1903 2129 nisi

328 2168 678 2239 designantur
736 2168 847 2237 qui,
903 2168 1139 2236 quinque
1194 2167 1442 2221 sensibus
1488 2167 1733 2236 corporis
1785 2182 1904 2221 car-

331 2259 540 2314 nalibus
566 2258 847 2313 desideriis
873 2252 1147 2326 implicati,
1176 2257 1280 2326 legi
1323 2256 1419 2310 Dei
1448 2272 1566 2325 quae
1610 2257 1664 2309 in
1702 2256 1908 2312 duobus

330 2348 691 2403 Testamentis
748 2355 801 2400 et
855 2347 908 2400 in
975 2346 1183 2400 duobus
1235 2346 1518 2414 praeceptis
1546 2386 1559 2410 ,
1625 2345 1908 2400 dilectione

328 2439 581 2495 videlicet
606 2438 700 2491 Dei
724 2446 777 2491 et
796 2436 1050 2507 proximi,
1075 2444 1303 2501 constat,
1330 2436 1598 2490 contraria
1623 2434 1825 2489 faciunt
1846 2450 1908 2490 ac

330 2532 561 2603 sapiunt.

401 2621 602 2694 Viginti
628 2635 757 2691 ergo
793 2629 847 2674 et
885 2621 1122 2690 quinque
1163 2620 1413 2689 quinario
1454 2634 1679 2673 numero
1726 2620 1779 2672 in
1826 2634 1910 2673 se-

332 2713 563 2783 metipso
606 2710 959 2781 multiplicato
1017 2710 1377 2765 conﬁciuntur
1406 2750 1419 2775 ,
1469 2710 1770 2779 meritoque
1822 2712 1911 2766 hic

328 2815 591 2857 numerus
648 2800 1011 2856 desertoribus
1075 2799 1207 2869 legis
1263 2807 1628 2868 comparatur,
1675 2801 1764 2870 qui
1815 2817 1911 2871 per

327 2908 766 2965 unumquemque
777 2908 993 2949 sensum
1009 2894 1270 2962 corporis,
1286 2894 1386 2948 hoc
1400 2902 1591 2964 estper
1607 2896 1799 2959 visum,
1816 2912 1910 2950 au—

331 2985 524 3046 ditum,
566 2992 799 3055 gustum,
828 2983 1111 3037 odoratum
1138 2992 1193 3039 et
1221 2991 1443 3049 tactum,
1474 2984 1756 3053 praeceptis
1777 2985 1910 3040 divi-

329 3075 435 3139 nis,
461 3090 580 3144 qum
604 3075 655 3128 in
687 3074 1053 3128 Pentateucho
1078 3074 1380 3143 conscripta
1429 3081 1572 3138 sunt,
1619 3075 1908 3130 adversan-

330 3178 439 3221 tur.
470 3167 536 3220 Et
572 3167 693 3220 ideo
721 3165 920 3219 dicitur
943 3164 1085 3231 quod
1120 3164 1562 3219 sacriﬁcaverunt
1581 3183 1735 3236 super
1756 3184 1905 3221 aram
1935 3144 1978 3204 Ο

329 3276 445 3328 qua:
485 3268 595 3312 erat
658 3266 836 3309 contra
884 3255 1072 3321 altare,
1120 3257 1245 3325 quia
1301 3258 1354 3311 in
1388 3257 1559 3311 altare
1594 3257 1904 3328 impietatis,

331 3349 475 3419 quod
502 3346 752 3418 superbia
779 3356 1025 3401 erexerat
1042 3355 1231 3402 contra
1259 3348 1427 3402 altare
1452 3349 1574 3403 ﬁdei
1604 3348 1902 3414 catholicae,
1967 3419 1978 3431 .

328 3456 516 3499 OlllllCS
544 3439 708 3515 iniqui
743 3446 957 3498 actuum
985 3452 1048 3492 ac
1088 3438 1375 3493 verborum
1423 3452 1648 3505 suorum
1695 3439 1905 3496 diabolo

328 3539 560 3593 infausta
586 3538 862 3592 immolant
892 3530 1175 3592 sacriﬁcia-

402 3630 467 3684 Et
496 3630 732 3683 mulieres
763 3645 879 3683 aute
915 3621 1349 3682 circumcidebaut
1396 3622 1534 3691 ﬁlios
1571 3639 1694 3677 suos
1744 3624 1906 3675 truci-

325 3721 588 3773 aabantur
621 3760 635 3784 ,
694 3718 974 3772 secundum
1015 3718 1228 3787 jussum
1271 3727 1406 3787 regis
1453 3710 1713 3764 Antiochi.
1753 3709 1905 3763 Patet

325 3810 563 3865 historiae
588 3822 795 3868 sensus,
819 3807 909 3875 qui
947 3808 1167 3878 exponit
1190 3816 1455 3861 tormenta
1486 3815 1605 3875 quae
1648 3812 1903 3870 persecu-

326 3912 469 3955 tores
493 3898 732 3963 nefandi,
755 3905 810 3952 et
844 3906 971 3951 tunc
995 3896 1048 3950 in
1072 3897 1250 3951 Veteri
1283 3896 1652 3958 Testamento,
1677 3897 1731 3943 et
1761 3903 1903 3942 nunc

325 3991 574 4045 similiter
597 3991 651 4043 in
674 3989 823 4044 Novo
850 3988 1145 4043 cultoribus
1176 3988 1444 4057 ingerunt.
1478 3985 1588 4040 Nec
1629 3980 1784 4039 facile
1820 3989 1901 4035 est

324 4081 574 4148 cuiquam
624 4092 940 4133 enumerare
985 4077 1166 4131 omnia
1243 4075 1622 4146 suppliciorum
1703 4087 1899 4145 genera

324 4188 443 4243 qua:
479 4179 709 4227 tortores
748 4170 1059 4249 nequissimi
1106 4169 1431 4239 martyribus
1459 4168 1658 4223 Christi
1699 4168 1900 4238 inﬂige-

321 4264 470 4318 bant

394 4352 500 4408 Sed
521 4350 676 4419 juxta
696 4350 1068 4421 allegoricum,
1092 4350 1220 4419 quid
1249 4364 1347 4419 per
1366 4350 1618 4404 mulieres
1637 4364 1756 4419 qua:
1791 4364 1899 4403 etr-

325 4444 704 4500 cumcidebant
726 4441 863 4496 ﬁlios
888 4455 1034 4513 spes,
1062 4441 1164 4495 nisi
1190 4440 1430 4495 honesta:
1451 4439 1686 4494 ﬁdelium
1709 4454 1895 4507 perso-

323 4551 406 4590 na:
435 4542 821 4596 monstrantur,
866 4531 958 4600 qui
1004 4538 1159 4585 actus
1191 4542 1317 4584 suos
1360 4538 1415 4583 et
1437 4544 1714 4584 sermones
1738 4536 1898 4597 atque

319 4625 587 4696 cogitatus
621 4638 828 4678 summa
851 4621 1174 4676 discretione
1206 4620 1721 4688 circumspicientes,
1747 4619 1899 4688 quid-

320 4714 449 4783 quid
472 4714 528 4767 in
555 4712 634 4767 eis
656 4707 979 4780 superﬂuum
1010 4706 1302 4778 reperiunt,
1333 4706 1508 4777 gladio
1542 4706 1765 4776 spiritus
1786 4721 1900 4760 am-

318 4814 508 4873 putare
531 4801 786 4856 festinant
811 4814 825 4853 :
853 4800 968 4854 haec
1003 4797 1261 4869 spiritalis
1289 4796 1587 4851 Antiochus
1631 4796 1901 4851 trucidare

319 4892 613 4955 desiderat,
642 4891 767 4961 quia
809 4897 902 4943 aut
946 4888 1301 4958 corporaliter
1345 4902 1440 4942 eas
1484 4901 1580 4956 per
1632 4894 1898 4941 tormenta

319 4984 502 5050 ferire,
532 4993 628 5037 aut
655 4982 969 5053 spiritaliter
1016 4997 1114 5051 per
1162 4980 1569 5052 abnegationem
1617 4979 1671 5033 in
1717 4978 1895 5032 anima

321 5090 517 5130 necare
544 5074 803 5129 decertat.
835 5072 1223 5141 Interpretatur
1249 5069 1548 5125 Antiochus
1573 5069 1896 5139 paupertatis

318 5167 605 5229 silentium,
626 5174 681 5219 et
701 5165 895 5220 merito
914 5164 1017 5219 hoc
1040 5164 1256 5219 nomine
1297 5171 1566 5227 censetur,
1594 5160 1685 5230 qui
1706 5176 1898 5230 expers

319 5259 580 5329 spiritalis
624 5256 864 5321 scientiae
898 5264 954 5311 et
980 5256 1135 5325 ineps
1159 5269 1437 5309 sacrarum
1480 5256 1762 5317 virtutum,
1795 5253 1897 5307 hoc

318 5352 461 5423 quod
513 5352 629 5423 ipse
677 5349 900 5405 minime
938 5348 993 5402 in
1022 5362 1080 5403 se
1107 5347 1291 5411 habet,
1319 5361 1417 5416 per
1445 5346 1796 5402 invidentiam
1843 5346 1898 5402 in

319 5444 437 5500 aliis
462 5442 834 5515 persequitur;
866 5440 1007 5495 unde
1023 5440 1161 5495 bene
1187 5439 1431 5509 sequitur
1455 5458 1468 5492 :

394 5533 463 5587 Et
502 5531 917 5595 suspendebant,
958 5528 1162 5598 inquit,
1202 5544 1387 5598 pueros
1426 5546 1454 5581 a
1494 5527 1773 5581 ceruicibus
1813 5543 1903 5596 per

321 5627 501 5678 domos
530 5640 728 5678 eorum.
758 5622 893 5687 Quia
923 5621 1059 5685 illos,
1088 5620 1181 5687 qui
1210 5633 1314 5673 non
1361 5633 1521 5673 sensu
1561 5618 1654 5671 sed
1698 5616 1899 5671 malitia

323 5723 450 5767 sunt
473 5714 680 5781 parvuli
705 5723 755 5767 et
780 5714 1007 5767 humiles
1033 5712 1244 5779 spiritu,
1269 5720 1486 5778 propter
1509 5710 1901 5789 confessionem

2010 1915 2115 1971 tus,
2155 1905 2224 1959 ad
2255 1902 2546 1973 discipulos
2573 1902 2816 1956 scribens
2844 1899 2917 1953 ita
2950 1906 3178 1953 testatus
3210 1905 3324 1961 est,
3357 1896 3546 1951 dicens
3576 1914 3594 1949 :

2011 1997 2193 2052 Certus
2221 2012 2336 2050 sum
2370 1996 2508 2049 enim
2540 1995 2664 2064 quia
2693 2008 2853 2062 neque
2881 2007 3042 2055 mors,
3074 2005 3236 2059 neque
3269 1989 3394 2051 vita,
3431 2004 3600 2057 neque

2008 2086 2242 2157 angelus,
2268 2101 2428 2156 neque
2451 2083 2796 2154 principatus,
2823 2096 2983 2150 neque
3011 2079 3282 2141 instantia,
3314 2093 3483 2146 neque
3510 2076 3592 2144 [u-

2009 2188 2148 2242 tura,
2179 2192 2342 2247 neque
2366 2176 2551 2237 virtus,
2580 2188 2744 2243 neque
2772 2170 3020 2235 altitudo,
3052 2185 3211 2239 neque
3244 2167 3598 2237 profundum,

2010 2285 2172 2340 neque
2198 2276 2439 2321 creatura
2476 2265 2583 2319 alia
2623 2281 2715 2318 nos
2755 2263 2939 2333 poterit
2978 2277 3223 2331 separare
3262 2278 3294 2313 α
3337 2260 3600 2313 charitate

2008 2358 2126 2422 Dei,
2142 2373 2261 2428 qua:
2280 2365 2355 2411 est
2372 2357 2427 2410 in
2449 2353 2657 2409 Christo
2668 2353 2705 2407 Ι
2708 2369 2797 2408 esu
2816 2352 3040 2406 Domino
3061 2360 3235 2405 nostro
3251 2348 3433 2422 (Rom.
3450 2349 3595 2419 vui).

2011 2448 2117 2504 Sed
2163 2464 2284 2516 quae
2326 2445 2622 2501 consolatio
2666 2444 3037 2499 laborantibus
3076 2440 3249 2496 servis
3293 2440 3388 2495 Dei
3432 2440 3597 2494 missa

2011 2539 2080 2592 sit
2101 2578 2116 2602 ,
2145 2537 2444 2591 videamus.

2630 2648 2854 2703 CAPUT
2895 2647 2955 2700 II.

2012 2757 2333 2829 Mathatbias
2356 2768 2405 2812 et
2430 2759 2654 2829 quinque
2680 2758 2794 2826 ejus
2820 2757 2918 2829 filii
2928 2754 3595 2829 Alamhentantquopulum,

2079 2827 2324 2897 templum
2354 2838 2400 2882 et
2437 2823 2984 2895 desolationem'legis.
3016 2823 3233 2894 Cogitur
3267 2823 3595 2897 Mat/lathis:

2078 2896 2379 2966 sacrificare
2406 2898 2583 2962 idolis,
2616 2898 2705 2951 scd
2742 2896 2957 2966 noluit:
2988 2897 3175 2949 occidit
3204 2896 3595 2966 sacriﬁcantem

2080 2964 2373 3021 ministrum
2421 2968 2552 3038 regis
2596 2967 2854 3038 Antiochi.
2910 2964 3190 3038 Fugientes
3232 2967 3290 3038 in
3330 2964 3592 3038 desertum

2080 3038 2237 3091 occisi
2276 3048 2397 3092 sunt
2437 3034 2492 3090 in
2521 3036 2780 3091 sabbato:
2816 3036 3080 3088 constituit
3127 3034 3452 3087 Mat/latitia:
3495 3052 3596 3102 pu-

2079 3123 2240 3174 gnare
2266 3108 2321 3160 in
2346 3107 2559 3161 sabbato
2585 3124 2603 3160 :
2632 3108 2729 3175 ipsi
2758 3117 2803 3158 et
2829 3106 2941 3175 ej_us
2966 3104 3383 3175 ﬁliioccidentes
3412 3121 3593 3175 petra-

2078 3172 2236 3241 iores,
2271 3194 2394 3230 aras
2429 3172 2688 3230 idolorum
2716 3172 3032 3228 subvertant.
3069 3173 3394 3226 Mattiathias
3432 3174 3564 3225 mori

2078 3256 2227 3300 turus
2258 3247 2499 3301 admonet
2528 3245 2665 3315 ﬁlios
2694 3244 2968 3315 defendere
2995 3242 3186 3304 Israel,
3216 3256 3323 3297 etc.

2080 3360 2145 3413 In
2174 3358 2353 3412 diebus
2395 3356 2499 3411 illis
2536 3358 2762 3411 surreait
2801 3354 3124 3409 Mathathias
3162 3355 3308 3423 ﬁlius
3342 3354 3590 3416 Joannis,

2005 3450 2104 3520 ﬁlii
2145 3449 2421 3514 Simeonis,
2466 3447 2730 3512 sacerdos,
2760 3456 2863 3500 etc.
2910 3446 2968 3500 ln
3009 3446 3148 3500 libro
3192 3444 3450 3507 Danielis,
3498 3444 3590 3498 ubi

2006 3540 2165 3609 hujus
2191 3540 2291 3595 loci
2331 3540 2535 3595 mentio
2565 3539 2665 3594 sub
2690 3540 2973 3609 aenigmate
3010 3537 3151 3592 facta
3181 3546 3295 3601 est,
3337 3537 3412 3591 ita
3450 3538 3591 3592 serio

2006 3639 2155 3700 ptum
2189 3629 2492 3699 reperitur:
2526 3628 2590 3682 Et
2620 3630 2763 3698 impii
2792 3629 2846 3681 in
2869 3636 3233 3681 testamentum
3265 3624 3589 3679 simulabant

2004 3719 2395 3791 fraudulenter;
2438 3718 2657 3790 populus
2694 3730 2869 3773 autem
2901 3719 3068 3772 sciens
3100 3717 3384 3771 Dominum
3413 3733 3588 3777 suum,

2005 3810 2248 3864 obtinebit
2276 3822 2323 3863 et
2352 3809 2527 3879 faciet.
2559 3808 2625 3862 Et
2655 3808 2793 3862 docti
2820 3811 2873 3862 in
2910 3807 3100 3878 populo
3127 3806 3385 3861 docebunt
3418 3805 3588 3875 pluri-

2002 3917 2134 3968 mos,
2160 3912 2207 3955 et
2233 3912 2380 3955 ruent
2408 3902 2464 3954 in
2490 3900 2683 3971 gladio,
2710 3911 2757 3954 et
2782 3902 2837 3954 in
2857 3902 3095 3970 ﬂamma,
3117 3910 3165 3953 et
3186 3900 3244 3952 in
3268 3899 3587 3968 captivitate,

2002 4000 2050 4045 et
2080 3991 2135 4045 in
2164 3991 2347 4061 rapina
2368 3990 2589 4044 dierum.
2614 3989 2845 4060 Cumque
2868 3989 3157 4044 corruerint
3182 3988 3594 4042 sublevabantur

2002 4079 2203 4133 auxilio
2231 4078 2467 4149 parvulo,
2495 4089 2542 4131 et
2575 4077 2976 4148 applicabuntur
3001 4078 3074 4131 eis
3101 4076 3316 4145 plurimi
3359 4075 3589 4145 [raudu-

2001 4172 2182 4226 lenter.
2228 4170 2295 4224 Et
2323 4171 2387 4224 de
2411 4170 2631 4224 eruditis
2666 4177 2833 4233 ruent,
2876 4179 2933 4222 ut
2967 4170 3279 4237 con/lentur,
3309 4178 3356 4220 et
3386 4166 3589 4237 eligan-

2004 4272 2108 4325 tur,
2140 4270 2186 4313 et
2217 4260 2544 4325 dealbentur,
2574 4276 2736 4330 usque
2761 4260 2829 4312 ad
2855 4268 3054 4328 tempus
3079 4257 3401 4328 prwﬁnitum
3419 4298 3437 4322 ,
3465 4256 3591 4327 quia

2000 4353 2172 4406 adhuc
2197 4351 2342 4405 aliud
2367 4360 2566 4421 tempus
2594 4352 2710 4405 erit.

2073 4444 2282 4510 Quanta
2330 4440 2498 4496 Judaei
2543 4442 2610 4496 ab
2654 4441 2921 4496 Antiocho
2962 4441 3106 4512 passi
3150 4442 3298 4505 sint,
3347 4453 3589 4510 praesens

2003 4532 2228 4587 historia
2277 4531 2706 4587 Machabzeorum
2751 4530 2949 4596 refert,
2992 4539 3049 4585 et
3092 4530 3355 4599 triumphi
3395 4545 3585 4585 eorum

2004 4622 2312 4677 testimonio
2342 4631 2497 4687 sunt,
2525 4621 2616 4690 qui
2645 4636 2744 4691 pro
2766 4621 3010 4677 custodia
3046 4619 3179 4691 legis
3203 4620 3298 4675 Dei
3338 4619 3589 4676 ﬂammas

2000 4721 2056 4768 et
2087 4713 2317 4783 gladios,
2350 4720 2404 4766 et
2438 4712 2752 4767 servitutem
2788 4727 2852 4767 ac
2890 4713 3122 4781 rapinas,
3152 4721 3206 4766 et
3236 4725 3432 4781 ptenas
3464 4712 3589 4767 ulti-

2004 4820 2120 4860 mas
2151 4804 2542 4869 sustinuerunt,
2575 4819 2694 4873 quae
2715 4802 2891 4858 futura
2926 4802 3027 4857 sub
3046 4802 3406 4867 Antichristo,
3430 4819 3587 4858 nemo

2000 4904 2085 4950 est
2126 4894 2214 4964 qui
2257 4893 2493 4958 dubitet,
2540 4893 2723 4949 multis
2763 4894 3137 4948 resistentibus
3171 4895 3429 4961 potentiae
3474 4891 3588 4960 ejus

1998 4994 2053 5040 et
2093 4986 2145 5040 in
2186 4985 2395 5040 diversa
2451 4983 2797 5055 fugientibus.
2853 4984 2982 5050 Quae
3032 4982 3242 5037 Hebraei
3298 4983 3355 5037 in
3401 4984 3586 5037 ultima

2000 5076 2275 5131 eversione
2314 5075 2529 5144 templi,
2569 5091 2689 5144 qua:
2725 5075 2827 5130 sub
2867 5074 3193 5142 Vespasiano
3235 5082 3291 5128 et
3330 5073 3456 5128 Tito
3491 5090 3582 5128 ac-

2001 5165 2153 5233 cidit,
2186 5168 2630 5236 interpretantur,
2668 5165 2835 5221 fuisse
2867 5167 2933 5220 de
2967 5165 3167 5234 populo
3198 5164 3468 5235 plurimos
3496 5165 3584 5236 qui

2000 5258 2199 5313 scirent
2239 5258 2523 5312 Dominum
2563 5273 2717 5323 suum
2755 5266 2811 5311 et
2850 5272 2948 5327 pro
2980 5257 3218 5311 custodia
3250 5257 3389 5327 legis
3419 5257 3587 5313 inter-

2002 5347 2129 5403 fecti
2168 5354 2310 5401 sunt.
2340 5345 2569 5416 Cumque
2591 5346 2879 5400 corruet-int
2899 5386 2913 5411 ,
2946 5346 3146 5415 inquit,
3176 5346 3585 5401 sublevabuntur

2002 5436 2224 5501 auxilio,
2252 5446 2299 5490 et
2332 5435 2730 5506 applicabuntur
2778 5438 2832 5489 :is
2860 5436 3073 5506 plurimi
3103 5434 3486 5504 fraudulenter.
3514 5436 3582 5490 Et

2001 5525 2066 5579 de
2095 5524 2311 5579 eruditis
2339 5534 2519 5588 ruent,
2551 5533 2604 5576 ut
2643 5525 2951 5593 conﬂantur,
2979 5534 3025 5577 et
3054 5523 3339 5592 eligantur,
3371 5534 3419 5579 ct
3448 5524 3585 5578 deal-

2002 5617 2187 5670 bentur
2216 5631 2373 5686 usque
2403 5616 2470 5668 ad
2496 5615 2813 5685 praeﬁnitum
2838 5624 3057 5682 tempus,
3081 5613 3206 5683 quia
3234 5613 3407 5669 adhuc
3436 5613 3588 5666 aliud

2001 5721 2201 5777 tempus
2227 5710 2343 5764 erit.
2386 5706 2612 5762 Parcum
2644 5705 2899 5761 auxilium
2943 5705 3294 5760 Matltathiam
3332 5705 3588 5760 historia-
