3928 6168
333 385 468 440 IHl

1047 383 1398 441 COMMENT.
1440 387 1506 448 ΙΝ
1545 387 1790 443 LIBROS
1831 385 2402 444 MACHABJEORUM.
2445 417 2507 425 —
2549 387 2616 458 Ιῖἳ
2655 386 2781 440 LIB.
2825 400 2863 440 t.

3453 387 3592 437 114⁸2

323 500 453 554 liter
493 498 763 568 signiﬁcat
802 497 866 552 de
905 497 1024 550 vico
1059 496 1258 562 Modin,
1295 499 1385 568 qui
1420 499 1704 554 adversum
1746 500 1912 553 duces
1939 502 1988 560 A
2014 497 2274 552 descendit
2308 497 2412 566 ipse
2443 507 2516 551 est
2542 506 2588 549 et
2615 495 2702 567 qui
2728 498 2956 549 ascendit
2983 511 3136 564 super
3165 510 3339 549 onmes
3361 492 3512 549 caelos
3536 504 3594 547 ut

323 587 581 642 Antiochi
623 585 922 649 rebellavit,
965 592 1016 640 et
1057 587 1262 642 cultum
1295 590 1408 643 veri
1447 589 1534 644 l‘ei
1577 604 1792 644 servare
1823 604 1914 644 co-

323 685 488 732 natos
526 685 630 730 est.
668 673 900 728 Parrum
937 684 1116 729 autem
1155 677 1412 731 auxilium
1436 679 1558 732 inde
1591 687 1764 743 vocat,
1787 679 1912 748 quia

325 785 436 822 non
478 767 636 837 longo
667 775 907 836 tempore
943 775 1064 836 post
1096 766 1400 822 inchoatam
1435 768 1800 822 defensionem
1835 769 1915 822 vi-

323 862 425 926 xit,
469 861 564 916 sed
601 876 708 914 uno
747 859 962 914 evoluto
991 873 1134 913 anno
1172 860 1458 914 dehmctus
1490 869 1594 923 est,
1634 871 1689 916 et
1723 871 1912 931 postea

321 951 497 1006 Judas
537 950 680 1005 ﬁlios
729 948 876 1018 ejus,
921 949 1012 1018 qui
1051 949 1346 1004 vocabatur
1395 949 1762 1016 Machabaaos,
1815 967 1914 1022 pu-

320 1059 502 1113 gnans
541 1041 756 1106 cecidit,
789 1051 844 1096 et
883 1041 1063 1096 caeteri
1099 1041 1296 1096 fratres
1331 1039 1450 1110 ejus
1481 1043 1910 1098 adversariorum

315 1132 517 1188 fraude
554 1132 760 1202 decepti
802 1141 946 1186 sunt.

398 1224 621 1294 Mystice
659 1232 839 1278 autem
891 1223 1212 1278 Matbathias
1253 1223 1539 1278 Dominum
1587 1224 1910 1278 salvatorem

317 1315 626 1386 signiﬁcat,
669 1313 760 1384 qui
799 1313 1052 1385 princeps
1092 1322 1176 1369 est
1213 1314 1394 1383 populi
1436 1314 1529 1370 Dei
1569 1323 1624 1369 et
1661 1316 1913 1370 defensor

319 1406 619 1461 electorum
670 1420 926 1468 suorum;
978 1403 1130 1473 cujus
1181 1404 1274 1459 ﬁlii
1327 1415 1566 1475 pugnant
1610 1422 1710 1474 pro
1751 1406 1911 1460 domo

317 1496 524 1563 Israel,
562 1495 857 1550 defendunt
898 1496 1264 1552 sanctuariom
1316 1497 1408 1550 Dei
1459 1513 1522 1552 ac
1559 1497 1730 1566 legem
1773 1497 1908 1552 divi-

315 1605 471 1644 nam.
510 1591 900 1660 Interpretatur
943 1599 1124 1644 autem
1165 1589 1490 1645 Mathathias
1529 1593 1723 1644 donum
1777 1589 1907 1654 Dei,

312 1681 476 1750 cujus
512 1681 747 1735 nominis
796 1695 1056 1734 arcanum
1109 1681 1278 1750 ipsius
1319 1681 1707 1735 incarnationis
1756 1679 1910 1736 nobis

313 1771 573 1842 patefecit
614 1779 1032 1826 sacramentum.
1077 1771 1230 1827 Unde
1267 1779 1323 1826 et
1363 1773 1477 1842 ipse
1515 1772 1591 1825 ait
1638 1773 1691 1825 in
1733 1771 1910 1825 Evan-

2013 587 2246 658 impleret
2269 589 2478 651 omnia;
2501 598 2548 642 et
2573 589 2681 657 ipse
2705 587 2845 640 dedit
2873 585 3124 658 quosdam
3151 585 3358 656 quidem
3387 595 3595 656 aposto-

2013 679 2112 746 los,
2137 680 2390 750 quosdam
2412 689 2584 733 autent
2606 679 2904 748 prophetas,
2931 676 3062 731 alios
3091 694 3207 731 vero
3229 675 3592 745 evangelistas,

2013 770 2144 825 alios
2169 781 2342 824 autem
2374 781 2604 840 pastores
2629 779 2675 822 et
2702 769 2956 834 doctores,
2994 769 3062 822 ad
3099 769 3594 823 consummationem

2011 869 2310 914 sanctorum
2335 862 2388 914 in
2419 876 2547 930 opus
2572 859 2848 913 ministerii
2874 859 2942 912 ad
2982 859 3378 928 mli/irationem
3413 875 3594 927 carpo-

2012 953 2084 1007 ris
2109 950 2300 1006 Christi
2328 951 2542 1024 (Ephes.
2570 951 2665 1022 tv).

2081 1045 2222 1100 Ecce
2261 1045 2352 1099 hic
2385 1045 2622 1114 quinque
2659 1045 2866 1112 species
2896 1043 3216 1098 denotantur
3251 1043 3302 1096 in
3341 1042 3443 1096 illis
3476 1057 3595 1111 per-

2011 1135 2158 1190 sonis
2183 1150 2319 1204 quas
2353 1134 2530 1189 divina
2569 1135 2780 1188 vocatio
2819 1135 2886 1188 ad
2929 1134 3294 1204 magisterium
3324 1133 3595 1186 ordinavit

2009 1223 2285 1278 Ecclesiae.
2331 1219 2438 1278 Sed
2468 1223 2874 1278 consideremus
2901 1223 3169 1292 quomodo
3197 1223 3296 1293 ipsi
3339 1223 3430 1276 ﬁlii
3477 1223 3591 1276 Ma—

2011 1317 2232 1373 tbathire
2253 1332 2376 1372 cum
2406 1309 2937 1388 interpretationibus
2961 1317 3236 1371 nominum
3261 1331 3481 1378 suorum
3507 1317 3592 1370 his

2010 1409 2288 1480 Speciebos
2309 1409 2517 1478 possint
2547 1409 2739 1480 aptari.

2079 1498 2292 1554 Primus
2319 1515 2450 1571 ergo
2488 1498 2720 1554 ﬁliorum
2768 1500 2911 1555 illius
2951 1508 3290 1570 nuncupatur
3331 1500 3589 1563 Joannes,

2009 1587 2097 1658 qui
2127 1587 2611 1660 cognominabatur
2639 1588 2860 1644 Gaddis.
2899 1587 3132 1644 Joannes
3153 1604 3368 1659 quoque
3397 1589 3592 1643 dicitur

2007 1681 2180 1751 gratia
2203 1681 2342 1750 ejus,
2371 1679 2573 1736 Gaddis
2605 1688 2785 1736 autem
2822 1681 3023 1744 htedus,
3065 1681 3178 1735 sive
3209 1682 3422 1736 tentatio
3453 1697 3588 1733 mea.

2008 1770 2154 1826 Bene
2181 1785 2309 1840 ergo
2338 1771 2454 1825 haec
2484 1771 2701 1827 nomina
2732 1770 2904 1825 ordini
2932 1771 3327 1841 apostolorum,
3361 1772 3461 1824 nisi
3489 1769 3592 1824 fal-

315 1862 463 1933 gelio
487 1881 500 1916 :
525 1860 613 1918 Sic
633 1863 770 1915 enim
797 1861 934 1916 Deus
957 1862 1137 1916 dilexit
1158 1862 1432 1928 mundum,
1456 1873 1510 1916 ut
1531 1861 1730 1916 Filium
1747 1879 1904 1916 suum
1933 1845 1980 1904 Β
2007 1861 2110 1927 lor,
2143 1861 2488 1927 conveniunt,
2519 1862 2610 1932 qui
2636 1877 2736 1932 per
2761 1861 2970 1916 Domini
3001 1861 3229 1932 gratiam
3255 1861 3464 1916 culmen
3491 1862 3591 1917 hu-

314 1954 644 2026 unigenitum
683 1953 866 2020 daret,
909 1965 964 2008 ut
1007 1954 1174 2008 omnis
1215 1955 1304 2025 qui
1345 1954 1507 2008 credit
1547 1955 1604 2009 in
1641 1971 1760 2009 eum
1804 1971 1908 2008 non

309 2052 527 2112 pereat,
553 2043 643 2097 sed
670 2043 856 2097 habeat
883 2043 1040 2098 vitam
1063 2051 1311 2098 teternam
1341 2041 1523 2112 (Joan.
1554 2043 1658 2115 ιιι).

391 2134 493 2201 Qui
524 2133 668 2189 enim
703 2135 861 2190 datus
894 2149 926 2188 a
955 2133 1066 2190 Deo
1099 2143 1204 2200 est,
1240 2133 1542 2204 perfectum
1579 2135 1676 2190 Dei
1707 2135 1906 2190 donum

308 2233 424 2278 est.
470 2222 574 2278 Sed
615 2223 733 2278 lucc
772 2223 839 2278 de
879 2223 1254 2281 incarnatione
1298 2225 1467 2296 ipsius
1511 2232 1722 2280 tantum
1764 2226 1908 2281 dicta

308 2321 463 2368 sunt.
498 2311 765 2367 Caeterum
803 2312 869 2368 de
900 2312 1182 2370 divinitate
1219 2314 1405 2384 ipsius,
1441 2329 1546 2385 qua
1577 2315 1798 2385 aequalis
1827 2325 1910 2370 est

312 2401 468 2456 Patri
506 2411 558 2457 et
601 2402 825 2472 Spiritui
867 2412 1080 2470 sancto,
1122 2404 1282 2460 simul
1325 2420 1450 2460 cum
1495 2405 1655 2461 Patre
1691 2415 1746 2460 et
1783 2405 1906 2476 Spi-

313 2493 426 2547 ritu
451 2503 638 2548 sancto
670 2493 844 2563 ipsam
875 2494 1334 2564 dispensationem
1367 2495 1546 2552 facere
1575 2497 1722 2551 credi
1750 2511 1910 2567 opor-

315 2592 416 2639 tet.
460 2585 612 2640 Sicut
657 2593 712 2640 et
760 2584 995 2656 Spiritus
1044 2595 1266 2641 sanctus
1306 2587 1504 2642 donum
1546 2587 1642 2643 Dei
1691 2588 1906 2660 legitur,

308 2677 414 2732 sed
459 2684 636 2732 tamen
673 2692 795 2731 cum
835 2676 999 2732 Patre
1039 2688 1092 2732 et
1133 2678 1272 2733 Filio
1311 2694 1450 2734 unus
1490 2679 1632 2734 Deus
1671 2679 1910 2735 creditur

313 2779 480 2840 atque
523 2769 780 2824 adorator
819 2788 834 2824 :
881 2771 1022 2826 unde
1067 2772 1118 2824 in
1166 2771 1456 2842 Evangelio
1497 2781 1552 2826 et
1593 2769 1791 2827 missus
1836 2772 1911 2827 le-

313 2862 482 2932 gitur,
529 2870 585 2915 et
625 2868 814 2930 sponte
854 2862 1086 2927 venisse,
1127 2870 1188 2916 ut
1225 2871 1308 2916 est
1347 2861 1474 2916 illud
1516 2861 1854 2918 Dominicum
1893 2881 1905 2916 :

314 2951 528 3023 Rogabo
578 2950 824 3019 Patrem,
881 2963 930 3008 et
980 2953 1144 3008 alium
1193 2950 1530 3008 Paracletum
1575 2954 1719 3008 dabit
1771 2955 1908 3010 vobis

315 3042 502 3113 (Joan.
533 3041 674 3115 xrv);
720 3051 775 3098 et
817 3043 944 3098 item
993 3061 1006 3096 :
1055 3043 1186 3098 Cum
1233 3053 1408 3097 autem
1456 3044 1644 3098 venerit
1688 3043 1907 3116 (inquit)

315 3128 652 3197 Paracletus,
680 3148 830 3204 quem
871 3149 964 3202 ego
998 3133 1201 3197 mittam
1227 3132 1368 3187 vobis
1393 3149 1424 3186 a
1463 3129 1642 3198 Patre,
1665 3135 1906 3204 spiritum

2007 1955 2158 2010 noris
2189 1953 2347 2024 hujus
2369 1953 2525 2009 electi
2557 1962 2710 2019 sunt,
2745 1955 2838 2008 sed
2868 1962 3048 2008 tamen
3079 1969 3109 2008 a
3141 1953 3514 2023 peccatoribus
3539 1963 3596 2007 et

2007 2045 2444 2115 persecutoribus
2464 2044 2662 2099 multas
2681 2046 2922 2114 perpessi
2947 2051 3073 2098 sunt
3093 2043 3418 2098 ten-taliones
3431 2051 3594 2112 atque

2009 2135 2266 2205 injurias;
2297 2134 2441 2204 quod
2483 2134 2622 2188 idem
2668 2133 2916 2188 Salvator
2960 2133 3252 2202 praedicere
3278 2132 3357 2186 eis
3382 2131 3593 2186 videtur

2009 2240 2136 2280 cum
2163 2225 2214 2278 in
2257 2223 2548 2294 Evangelio
2575 2223 2651 2278 ait
2683 2243 2695 2276 :
2731 2222 2843 2293 Ego
2874 2241 2960 2277 vos
3005 2222 3132 2293 elegi
3175 2223 3239 2276 de
3272 2223 3488 2286 mundo,
3535 2233 3594 2275 ut

2007 2315 2136 2369 eatis
2165 2325 2213 2368 et
2245 2315 2473 2385 fructum
2507 2313 2790 2386 plurimum
2830 2314 3086 2383 offeratis,
3117 2325 3164 2369 et
3200 2313 3403 2384 [ructus
3427 2325 3610 2383 vester.

2007 2413 2214 2460 maneat
2241 2405 2424 2478 (Joan.
2453 2405 2576 2476 xv);
2604 2413 2660 2460 et
2684 2405 2810 2459 item
2841 2422 2853 2456 :
2889 2404 3024 2460 Ecce
3047 2421 3140 2475 ego
3165 2405 3309 2460 mitto
3337 2423 3424 2460 vos
3456 2407 3590 2460 sicut

2007 2513 2120 2552 oves
2161 2497 2214 2550 in
2252 2497 2422 2552 medio
2459 2497 2721 2568 luporum.
2765 2495 2944 2550 Estote
2982 2512 3105 2566 ergo
3140 2497 3419 2566 prudentes
3457 2497 3594 2552 sicut

2005 2598 2282 2658 serpentes,
2308 2597 2355 2642 et
2385 2587 2644 2657 simplices
2671 2587 2803 2641 sicut
2830 2585 3104 2650 columbw,
3133 2595 3237 2642 etc.
3270 2586 3484 2659 (Matth.
3509 2587 3594 2660 x.)

2010 2679 2148 2734 Ecce
2176 2681 2265 2750 qui
2297 2680 2470 2750 gratia
2505 2678 2721 2734 Domini
2758 2687 2885 2733 sunt
2923 2678 3145 2749 repleti,
3179 2679 3444 2734 malorum
3476 2695 3592 2734 om-

2009 2771 2159 2825 nium
2211 2771 2650 2826 demonstrantur
2696 2769 3037 2825 contumeliis
3087 2785 3193 2826 non
3250 2771 3593 2826 mediocriter

2009 2861 2211 2918 atﬂicti.

2081 2956 2359 3012 Secundus
2384 2967 2564 3011 autem
2597 2957 2830 3011 ﬁliorum
2864 2955 3174 3010 Mathathia:
3214 2955 3316 3010 l'uit
3350 2955 3586 3018 Simeou,

2009 3049 2101 3118 qui
2129 3046 2610 3120 cognominabatur
2637 3046 2831 3103 Tharsi
2849 3087 2864 3112 ,
2888 3047 2981 3117 qui
3011 3047 3067 3100 in
3094 3045 3448 3116 sequentibus
3474 3045 3590 3115 ple-
3658 3093 3666 3100 .

2009 3137 2191 3206 risque
2217 3135 2348 3192 locis
2385 3134 2573 3191 Simon
2602 3137 2929 3192 nominatur.
2959 3133 3147 3190 Simon
3179 3150 3332 3206 ergo,
3358 3135 3472 3189 sive
3507 3133 3593 3190 Si-

313 3221 547 3276 oeritatis
575 3221 755 3294 (Joan.
785 3223 898 3294 xv).
933 3223 1010 3278 Ad
1038 3221 1390 3278 Nieodemum
1413 3223 1492 3278 ait
1517 3241 1530 3277 :
1565 3221 1794 3293 Spiritus
1817 3223 1904 3278 ubi
1933 3209 1978 3270 Ο
2010 3241 2168 3283 meon
2188 3268 2202 3292 ,
2233 3227 2621 3297 interpretatur
2647 3227 2886 3289 audiens,
2919 3226 3034 3282 sive
3061 3226 3258 3280 audivit
3289 3225 3591 3288 tristitiam;

313 3311 423 3366 uult
452 3313 637 3382 spirat,
669 3323 716 3366 et
753 3329 922 3368 vocem
949 3314 1066 3384 ejus
1093 3314 1268 3380 audis,
1306 3323 1355 3369 et
1380 3315 1546 3369 nescis
1575 3317 1711 3368 unde
1735 3314 1903 3370 veniat

313 3412 409 3457 aut
437 3420 538 3474 quo
568 3404 720 3458 vadat
751 3404 935 3478 (Joan.
965 3403 1064 3478 ιιι).

389 3495 492 3550 Hic
527 3513 648 3568 ergo
690 3497 1016 3552 Mathathias
1054 3509 1304 3552 narratur
1337 3499 1481 3568 [ilius
1509 3517 1620 3554 esse
1655 3501 1898 3566 Joannis,

312 3589 416 3658 ﬁlii
447 3587 722 3655 Simeom's,
755 3591 996 3646 sacerdos
1025 3609 1090 3646 ex
1123 3592 1250 3662 ﬁliis
1273 3592 1478 3648 Joarib.
1513 3593 1750 3650 Joannes
1783 3613 1905 3666 gra—

313 3678 390 3730 tia
417 3677 517 3730 Dei
546 3679 954 3748 interpretatur,
982 3679 1200 3735 Simeou
1223 3681 1465 3747 audiens,
1491 3681 1694 3738 Joarim
1720 3683 1902 3738 Domi-

315 3784 417 3821 nus
460 3767 719 3824 exultans.
764 3770 932 3826 Recte
972 3785 1101 3840 ergo
1141 3773 1224 3827 ha:
1264 3774 1739 3844 interpretationes
1778 3774 1904 3830 huic

311 3859 576 3930 mysterio
617 3871 963 3932 competunt,
1004 3863 1130 3932 quia
1171 3863 1438 3918 mediator
1475 3865 1569 3919 Dei
1625 3874 1682 3920 et.
1733 3866 1903 3920 homi-

313 3965 446 4003 num
487 3952 657 4020 gratia
697 3951 794 4006 Dei
835 3953 938 4008 dici
979 3962 1174 4022 potest,
1213 3961 1272 4008 ut
1314 3963 1398 4009 est
1440 3955 1568 4010 illud
1609 3957 1851 4026 Apostoli
1887 3975 1898 4011 :

311 4039 502 4095 Gratia
525 4041 624 4096 Dei
645 4060 739 4113 pro
766 4044 1060 4101 hominibus
1093 4047 1315 4116 gustavit
1340 4059 1554 4102 mortem
1583 4048 1768 4122 (Hebr.
1805 4048 1897 4124 tt);

312 4139 370 4185 et
407 4132 663 4197 audiens,
705 4135 828 4204 quia
872 4135 985 4205 ipse
1024 4137 1078 4191 in
1121 4137 1414 4206 Evangelio
1452 4139 1529 4194 ait
1571 4162 1584 4194 :
1629 4140 1761 4208 Qua:
1806 4159 1900 4197 au-

309 4221 420 4274 diri
463 4239 495 4274 a
541 4219 722 4288 Patre,
765 4225 876 4279 lucc
919 4224 1104 4296 loquor
1137 4227 1190 4280 in
1235 4227 1430 4282 mundo
1462 4227 1644 4298 (Joan.
1687 4229 1808 4302 xv);
1847 4239 1902 4285 et

309 4309 572 4366 Dominus
605 4313 862 4380 exultans,
907 4316 973 4370 de
1011 4331 1119 4386 quo
1155 4315 1423 4388 Propheta
1463 4305 1540 4372 ait
1573 4337 1586 4373 :
1625 4319 1898 4386 Exaltare,

311 4400 556 4467 Domine,
585 4406 638 4458 in
668 4406 854 4460 virtute
891 4416 982 4460 tua
1009 4405 1182 4480 (Psal.
1217 4407 1330 4480 xx).
1366 4409 1486 4480 Ipse
1525 4411 1668 4466 enim
1707 4413 1900 4468 merito

309 4503 368 4550 et
403 4496 657 4552 sacerdos
699 4499 1028 4563 nominatur,
1067 4499 1133 4554 dc
1167 4515 1275 4570 quo
1316 4501 1574 4570 scriptum
1619 4510 1702 4557 est
1743 4521 1755 4556 :
1800 4502 1899 4557 Ju-

309 4586 443 4640 rarit
474 4586 726 4641 Dominus
755 4598 802 4642 et
832 4605 935 4642 non
961 4589 1220 4659 paenitebit
1241 4608 1358 4644 eum
1382 4605 1400 4642 :
1424 4600 1480 4645 tu
1507 4609 1559 4646 es
1578 4593 1820 4647 sacerdos
1843 4595 1897 4648 in

309 4689 565 4732 teternum
589 4681 873 4734 secundum
901 4683 1134 4736 ordinem
1160 4683 1532 4739 Melchisedech
1563 4684 1734 4757 (Psal.
1763 4687 1894 4761 etx).

308 4767 482 4836 llojus
524 4767 833 4826 Mathathiac
875 4770 966 4826 ﬁlii
1009 4781 1134 4828 sunt
1170 4791 1358 4830 omnes
1399 4777 1602 4840 sancti,
1647 4779 1737 4848 qui
1777 4795 1899 4834 cor-

308 4857 460 4928 poris
498 4856 614 4925 ejus
654 4861 892 4914 mcmbra
932 4861 1216 4928 dicuntur;
1267 4864 1361 4918 sed
1401 4866 1672 4934 quomodo
1709 4866 1897 4936 quina-

308 4949 394 5003 rio
437 4965 662 5004 numero
703 4951 971 5023 designari
1015 4965 1270 5024 possunt,
1309 4970 1414 5009 non
1457 4956 1898 5014 ineonvenienter

305 5039 590 5107 quieritur.
626 5040 729 5096 Tot
769 5045 911 5098 enim
955 5045 1203 5116 leguntur
1241 5045 1334 5101 ﬁlii
1375 5047 1686 5106 Mathatbhe
1728 5051 1894 5106 histo-

309 5133 423 5188 rice
466 5132 666 5216 fuisse,
696 5137 799 5192 hoc
841 5147 945 5203 est,
985 5136 1220 5194 Joannes
1262 5141 1354 5210 qui
1412 5142 1897 5212 cognominabatur

308 5223 542 5290 Gaddis;
582 5233 636 5280 et
668 5225 912 5293 Simeou,
950 5229 1038 5298 qui
1073 5230 1557 5302 cognominabatur
1591 5232 1818 5300 Tharsi;
1843 5244 1898 5290 et

309 5316 495 5386 Judas,
529 5321 622 5392 qui
653 5324 1146 5394 cognominabatur
1162 5325 1530 5395 Machameus;
1565 5335 1620 5383 ct
1652 5327 1894 5395 Eleazar,

285 5411 400 5480 ‘qui
441 5415 929 5484 cognominabatur
965 5415 1212 5483 Abaron;
1252 5427 1307 5474 et
1343 5417 1636 5487 Jonathas,
1673 5419 1766 5490 qui
1806 5434 1896 5474 eo-

305 5503 726 5572 gnominabatur
771 5506 994 5577 Alphos.
1053 5507 1342 5565 Videamus
1409 5527 1538 5583 ergo
1588 5512 1634 5566 si
1698 5511 1892 5566 alicubi

310 5593 412 5648 iste
441 5611 698 5652 numerus
733 5598 786 5652 in
817 5597 967 5654 Novo
998 5599 1345 5658 Testamento
1375 5603 1623 5658 eamdem
1657 5619 1770 5658 rem
1807 5619 1895 5658 cx-

307 5686 544 5755 primere
585 5688 910 5744 inveniatur.
954 5689 1209 5762 Legimus
1243 5709 1458 5764 quoque
1499 5692 1724 5748 Paulum
1773 5709 1896 5765 apo-

306 5781 505 5838 stolum
545 5783 612 5839 ad
653 5784 914 5850 Ephesios
955 5785 1020 5840 de
1059 5784 1275 5842 Christo
1315 5788 1385 5840 ita
1427 5787 1694 5842 dicentem
1733 5800 1747 5839 :
1792 5786 1894 5852 Qui

2009 3319 2233 3384 Tharsi,
2281 3319 2572 3390 exploratio
2601 3318 2800 3390 gaudii.
2846 3316 2957 3373 Nec
2997 3316 3440 3373 ineonvenienter
3477 3317 3594 3372 hmo

2004 3410 2389 3480 prophetarum
2410 3407 2586 3463 ordini
2617 3408 2976 3474 conveniunt,
3005 3409 3128 3478 qui,
3157 3406 3391 3478 Spiritus
3419 3407 3593 3462 sancti-

2003 3502 2176 3572 gratia
2209 3501 2514 3565 illuminati,
2551 3509 2605 3554 et
2645 3499 2854 3556 futuras
2877 3514 3068 3570 plenas
3097 3499 3359 3554 malorum
3395 3499 3590 3569 przevi-

2004 3593 2154 3656 dent,
2183 3599 2239 3646 et
2265 3599 2490 3646 ventura
2520 3591 2740 3660 praemia
2766 3599 3076 3646 sanctorum
3110 3589 3478 3644 consolatione
3511 3590 3592 3642 in-

2003 3690 2158 3738 terna
2205 3682 2470 3754 gustando
2517 3689 2896 3752 praenoscont;
2946 3679 3172 3748 aliisque
3219 3677 3398 3732 ﬁitura
3451 3679 3586 3732 mala

2000 3787 2330 3842 pmcavere,
2361 3779 2416 3825 ct
2440 3771 2616 3824 futura
2643 3771 2780 3825 bona
2813 3778 3066 3839 appetere
3098 3768 3443 3837 persuadent.

2074 3861 2288 3916 Tertius
2314 3861 2365 3914 in
2389 3859 2578 3914 ordine
2605 3859 2746 3915 ﬁlios
2772 3857 2940 3914 Judas
2974 3857 3314 3912 Maehabmus
3341 3857 3460 3910 fuit.
3493 3855 3587 3910 Ju-

2002 3953 2100 4007 das
2135 3951 2278 4007 enim
2315 3949 2565 4019 confitens
2603 3949 2689 4004 vel
2735 3946 3036 4020 gloriﬁcans
3075 3946 3494 4016 interpretatur,
3537 3956 3592 3998 et

2001 4043 2342 4099 Machabrens
2366 4041 2602 4097 bellator.
2636 4040 2888 4110 Satisque
2913 4041 3052 4096 bene
3081 4040 3196 4094 haec
3221 4038 3590 4094 denominatio

2003 4137 2257 4192 convenit
2278 4135 2638 4205 cvangelistis,
2665 4134 2757 4204 qui
2782 4133 3127 4204 Evangelium
3157 4132 3306 4202 pacis
3331 4141 3385 4186 et
3409 4130 3589 4200 gloria:

1996 4228 2202 4284 Christi
2230 4227 2528 4296 prmdicant
2554 4233 2665 4280 toto
2692 4224 2822 4279 orbe
2851 4232 3142 4289 terrarum,
3171 4228 3589 4292 expugnantque

2000 4339 2214 4380 errores
2234 4321 2494 4378 nefandos
2523 4334 2854 4392 paganorum
2887 4326 3050 4388 atque
3075 4316 3474 4372 haereticorum.

2072 4414 2310 4482 Quartus
2335 4419 2513 4466 autem
2553 4411 2724 4475 ﬁlius,
2762 4409 2852 4465 hic
2885 4417 2969 4464 est
3005 4407 3230 4463 Eleazar
3264 4406 3355 4475 qui
3394 4419 3588 4475 cogno-

2003 4506 2310 4561 minabatur
2339 4502 2584 4567 Al‘aron,
2619 4509 2673 4556 et
2703 4502 2760 4556 in
2789 4501 2989 4572 priore
3001 4499 3218 4554 nomine
3244 4497 3343 4552 Dei
3371 4497 3585 4566 adjuto-

2003 4595 2160 4660 rium,
2185 4593 2241 4648 in
2265 4593 2507 4663 sequenti
2535 4608 2662 4648 vero
2690 4591 3074 4663 generationem
3107 4587 3363 4643 excelsam
3394 4595 3547 4642 sonat
3571 4604 3584 4652 ;

2001 4701 2106 4740 non
2143 4685 2411 4740 immerito
2452 4684 2758 4754 pastoribus
2797 4698 2893 4754 per
2941 4681 3166 4752 ﬁguram
3208 4679 3275 4735 iis
3319 4678 3590 4734 similatur

1999 4777 2089 4846 qui
2117 4775 2384 4846 adjutorio
2416 4775 2507 4831 Dei
2553 4775 2683 4830 satis
2717 4773 2987 4838 roborati,
3034 4771 3344 4842 cxcelsique
3386 4768 3490 4824 ﬁde
3525 4785 3587 4822 ac

1999 4864 2319 4928 virtutibus,
2365 4863 2640 4934 pnepositi
2683 4862 2736 4916 in
2781 4859 3018 4918 Ecclesia
3063 4859 3486 4933 constituuntur,
3529 4867 3590 4914 ut

1997 4969 2128 5009 oves
2159 4955 2254 5010 Dei
2279 4969 2409 5009 sana
2442 4953 2545 5008 ﬁde
2578 4951 2836 5020 bonisque
2863 4949 3124 5020 exemplis
3163 4949 3230 5004 ad
3258 4949 3588 5006 viriditatem

1998 5043 2234 5100 cwlestis
2254 5043 2443 5114 patria:
2468 5041 2572 5096 rite
2600 5039 2870 5112 pascendo
2895 5041 3212 5111 perducant.

2069 5144 2405 5200 Novissimus
2429 5151 2609 5197 autem
2641 5142 2832 5196 horum
2869 5141 3102 5196 ﬁliorum
3135 5148 3362 5196 vocatus
3384 5147 3469 5194 est
3490 5136 3584 5193 Jo-

1999 5236 2212 5300 nathas,
2254 5234 2572 5306 cognomine
2609 5233 2838 5304 Alphos,
2883 5233 3086 5303 Optime
3125 5233 3326 5288 sanctis
3355 5220 3585 5286 doctori-

1997 5327 2099 5382 bus
2137 5327 2291 5399 juxta
2338 5327 2834 5396 interpretationem
2877 5326 3156 5380 nominum
3197 5307 3588 5378 suorum'conc

2000 5417 2240 5474 veniens.
2277 5415 2668 5486 Interpretatur
2707 5417 2850 5472 enim
2893 5415 3153 5472 Jonathas
3195 5411 3447 5467 columba!
3489 5409 3587 5464 do-

1999 5527 2141 5575 num,
2170 5510 2284 5565 sive
2311 5507 2521 5562 Domini
2543 5518 2877 5578 spontaneus.
2902 5507 3108 5577 Alphos
3135 5511 3310 5558 autem
3333 5501 3583 5572 fugitivus

1998 5601 2113 5656 sive
2164 5599 2488 5654 millesimus.
2551 5599 2616 5652 Et
2666 5599 2804 5656 bene
2849 5599 2935 5654 his
2980 5595 3288 5672 nominibus
3335 5593 3585 5649 doctores

1999 5693 2202 5748 Christi
2234 5692 2629 5764 exprimuntur,
2666 5691 2757 5761 qui
2779 5731 2792 5756 ,
2832 5688 3002 5745 sancti
3024 5686 3268 5757 Spiritus
3295 5683 3468 5758 gratia
3498 5697 3584 5738 re-

1998 5785 2122 5854 pleti
2145 5826 2159 5852 ,
2187 5793 2356 5854 usque
2387 5783 2456 5839 ad
2483 5793 2710 5840 mortem
2748 5777 3350 5851 spontaneam'Domiuo
3375 5789 3434 5832 se
3458 5773 3583 5830 sub-
