3928 6168
406 335 543 389 1H5

1082 326 1143 380 Β.
1186 325 1436 381 uanam
1475 323 1691 379 suum
1730 282 2048 379 meumr.
2091 322 2397 381 uocum.
2433 324 2717 382 orsnuu
2755 325 3013 417 must.

3472 409 3481 417 κ
3528 338 3658 393 tiu

400 451 628 519 jiciunt:
668 454 727 501 ut
758 445 876 515 ejus
904 444 1027 498 vitae
1054 442 1321 510 legatione
1347 441 1562 505 functa,
1595 439 1763 508 legem
1796 438 1894 493 Dei
1924 439 1977 492 in
2006 442 2053 500 Α
2083 450 2319 494 attamen
2369 439 2498 495 illud
2543 440 2696 496 valde
2748 440 2987 496 laetiﬁcat
3033 446 3175 512 quod
3220 448 3491 516 sequitur,
3542 455 3659 520 quia

399 538 600 596 mundo
629 536 923 608 praedicent
942 574 957 597 ,
994 540 1050 588 et
1084 532 1329 587 homines
1355 540 1567 586 terrena
1594 529 1861 584 desideria
1898 530 1977 584 fu-

396 643 524 700 gere
547 635 708 696 atque
731 625 1059 693 sempiterna
1087 621 1276 692 gaudia
1304 636 1547 692 qumrere
1569 621 1817 686 doceant,
1845 636 1976 691 qua-

397 728 556 773 tenus
577 718 672 783 ibi,
689 715 845 785 juxta
867 713 1147 768 millenarii
1170 712 1376 767 numeri
1404 711 1842 783 signiﬁcandam,
1865 711 1975 767 Deo

396 808 758 872 rctribuente,
794 813 851 861 et
887 803 1272 875 plenitudinem
1301 803 1567 857 mercedis
1594 802 1887 871 accipiant,
1920 811 1974 857 et

395 911 577 950 veram
603 895 988 950 beatitudinem
1020 909 1141 947 cum
1169 892 1383 947 Christo
1408 899 1462 947 et
1489 892 1695 962 angelis
1719 893 1835 964 ejus
1859 894 1973 948 sine

394 991 499 1043 line
527 988 855 1058 possideant.
882 976 1045 1054 Quod
1063 995 1243 1039 autem
1272 985 1361 1065 hic
1388 985 1632 1054 sequitur
1659 1004 1673 1039 :

466 1078 539 1134 Ili
574 1080 811 1134 viderunt
850 1077 992 1131 mala
1028 1094 1144 1147 qua:
1171 1076 1363 1146 ﬁebant
1404 1076 1460 1129 in
1500 1074 1690 1147 papula
1733 1074 1877 1128 Juda
1921 1085 1971 1129 et

391 1167 747 1233 Hierusalem,
777 1177 881 1223 etc.
925 1166 1060 1233 Quia
1108 1166 1195 1221 isti
1238 1166 1423 1234 utique
1462 1164 1716 1219 scandala
1757 1164 1970 1220 diversa

390 1273 510 1327 quae
536 1258 604 1313 ab
630 1258 827 1328 iniquis
854 1258 907 1310 in
931 1256 1169 1311 Ecclesia
1195 1258 1289 1310 Dei
1320 1266 1576 1325 perpetuo
1604 1254 1967 1327 [ingeruntur]

390 1350 720 1405 condolendo
743 1357 1070 1419 agnoscunt,
1103 1364 1360 1402 mucrone
1395 1347 1660 1418 spirituali
1696 1347 1969 1401 vindicare

389 1442 623 1511 gestiunt
643 1483 656 1506 ,
695 1442 1011 1510 semetipsos
1039 1442 1266 1495 hostiam
1301 1454 1499 1509 ponere
1528 1455 1589 1494 ac
1625 1455 1721 1509 pro
1747 1455 1967 1494 suorum

387 1532 561 1587 salute
586 1534 744 1588 morti
776 1533 987 1588 tradere
1009 1548 1113 1586 non
1137 1540 1401 1586 metuunt.
1432 1530 1585 1585 Unde
1611 1531 1855 1599 sequitur
1880 1548 1892 1583 :

458 1625 526 1679 Et
549 1626 699 1680 scidit
722 1624 1042 1678 Mathathias
1061 1626 1361 1677 vestimenta
1383 1639 1501 1686 sua,
1523 1631 1570 1675 et
1588 1621 1687 1689 ﬁlii
1708 1622 1843 1690 ejus,
1858 1632 1961 1676 etc.

385 1716 525 1783 Quid
552 1727 635 1772 est
659 1732 787 1787 ergo
811 1717 1128 1780 vestimenta
1157 1716 1422 1777 scindere,
1454 1715 1553 1769 nisi
1584 1730 1809 1784 corpora
1841 1731 1965 1785 sup-

2080 528 2403 586 Mathathias
2432 540 2481 585 et
2502 530 2602 600 ﬁlii
2623 531 2734 601 ejus
2760 542 3062 587 constanter
3084 545 3364 602 steterunt;
3394 556 3522 594 cum
3551 545 3659 600 sine

2080 622 2241 678 dubio
2269 622 2343 677 illi
2372 623 2426 677 in
2454 624 2680 679 veritate
2706 634 2869 694 atque
2899 625 2951 679 in
2985 625 3194 694 justitia
3219 632 3540 698 persistunt,
3570 640 3655 706 qui

2077 716 2191 769 veri
2230 715 2562 778 Mathatbiae,
2606 717 2709 772 hoc
2737 725 2818 771 est
2855 716 2980 772 Jesu
3016 717 3247 786 Christi,
3278 721 3374 778 ﬁlii
3405 740 3529 781 esse
3558 745 3657 784 me.

2080 814 2322 871 ruerunt,
2340 805 2560 876 ejusque
2582 805 2739 862 ﬁdem
2764 823 2829 862 ac
2847 810 3099 865 mandata
3120 824 3422 879 servantes,
3443 827 3654 874 interna:

2074 895 2197 949 vita:
2231 895 2450 965 praemia
2481 897 2748 950 constanti
2783 898 2965 953 animo
2998 914 3097 968 per
3133 900 3250 971 ejus
3278 907 3509 974 gratiam
3545 910 3653 964 adi-

2075 983 2206 1054 pisci
2235 995 2582 1054 compescunt
2613 985 3011 1061 [contendunt].

2142 1074 2212 1128 Et
2248 1076 2609 1146 respondentes
2648 1078 2738 1147 qui
2776 1079 2922 1132 missi
2962 1090 3111 1135 erant
3150 1081 3215 1135 ab
3252 1084 3532 1153 Antiocho,
3575 1091 3654 1143 di-

2069 1175 2258 1218 xerunt
2288 1163 2595 1220 Mathathiaa
2629 1179 2648 1218 :
2687 1165 2960 1238 Princeps,
3007 1178 3112 1225 etc.
3159 1170 3284 1228 Sive
3324 1190 3425 1244 per
3449 1177 3647 1243 dolum,

2071 1253 2186 1309 sive
2226 1269 2324 1323 per
2364 1255 2494 1320 vim,
2543 1271 2756 1327 semper
2794 1259 3137 1315 machinatur
3181 1263 3438 1333 antiquus
3482 1268 3649 1323 hostis

2070 1345 2337 1413 quomodo
2372 1353 2578 1400 evertat
2607 1347 2809 1402 cultum
2838 1350 3050 1418 pietatis
3076 1352 3127 1405 in
3158 1353 3400 1409 Ecclesia
3426 1356 3644 1413 Christi.

2068 1436 2184 1506 [pse
2214 1439 2358 1493 enim
2385 1439 2476 1507 qui
2506 1439 2572 1493 ad
2614 1441 2928 1495 tentandum
2957 1442 3368 1513 Redemptor-em
3404 1457 3644 1504 nostrum

2068 1527 2123 1581 in
2152 1528 2364 1583 deserto
2391 1530 2648 1595 accessit,
2677 1530 2863 1585 dicens
2887 1549 2901 1584 :
2948 1530 3006 1586 Si
3038 1531 3211 1588 Filius
3236 1535 3335 1590 Dei
3375 1555 3451 1600 es,
3481 1538 3567 1592 dic
3591 1550 3643 1594 ut

2066 1618 2265 1688 lapides
2289 1619 2376 1673 isti
2398 1637 2558 1690 panes
2580 1620 2711 1690 ﬁant
2738 1620 2949 1692 (Matth.
2988 1622 3103 1693 1v);
3132 1633 3187 1679 et
3211 1636 3498 1697 postquam
3522 1644 3642 1684 eum

2066 1727 2226 1782 super
2244 1711 2584 1780 pinnaculum
2611 1712 2795 1782 templi
2818 1712 2872 1767 in
2895 1724 3083 1769 sancta
3103 1716 3320 1771 civitate
3342 1720 3635 1782 constituit,

386 1807 561 1877 pliciis
608 1785 838 1862 tradere.
890 1807 958 1862 Et
1001 1807 1130 1876 quid
1166 1807 1362 1876 operiri
1411 1806 1606 1871 cilicio,
1655 1806 1756 1861 nisi
1788 1805 1962 1874 justos
1992 1785 2038 1844 Β
2064 1801 2199 1856 dixit
2239 1814 2252 1853 :
2295 1798 2355 1856 Si
2398 1799 2571 1856 Filius
2615 1801 2713 1856 Dei
2747 1820 2823 1869 es,
2862 1806 3007 1859 mitte
3051 1816 3100 1859 te
3139 1806 3382 1862 deorsum
3428 1808 3635 1879 (Ibid).

385 1902 539 1970 quasi
586 1910 915 1971 peccatores,
958 1913 983 1941 α
1026 1900 1109 1955 vel
1146 1902 1336 1970 punire
1387 1908 1670 1955 tormento.
1718 1900 1961 1955 Cilicium

385 2009 596 2062 quoque
626 1992 684 2047 ﬁt
708 2008 771 2047 ex
807 1994 971 2048 hmdis
1000 2008 1247 2062 asperum
1282 1992 1679 2062 setigerumque
1721 2002 1957 2046 tormen-

388 2095 516 2138 tum.
554 2084 686 2138 Nam
712 2084 851 2139 haedi
879 2085 945 2138 ad
968 2084 1159 2139 delicta
1196 2082 1320 2151 jure
1350 2084 1675 2149 referuntur,
1688 2082 1958 2153 .quoniam

382 2182 435 2228 et
466 2173 519 2228 in
554 2172 758 2241 judicio
786 2172 998 2228 Domini
1027 2173 1078 2227 in
1114 2181 1459 2245 peccatorum
1491 2181 1673 2242 partes
1709 2179 1833 2228 sunt
1865 2187 1960 2241 po-

324 2326 335 2336 ,
382 2270 495 2327 siti.
523 2269 668 2339 Ergo
697 2265 964 2324 Dominus
997 2267 1122 2338 quia
1162 2280 1383 2322 carnem
1406 2267 1614 2336 peccati
1642 2270 1955 2339 assumpsit,

375 2366 610 2422 cilicium
662 2378 724 2419 se
770 2361 1015 2417 induisse
1075 2369 1471 2415 commemorat
1522 2357 1699 2428 (Psal.
1744 2366 1957 2427 xxxiv).

383 2458 504 2498 nam
554 2444 600 2498 si
644 2443 900 2500 historice
928 2444 1254 2514 accipimus,
1283 2461 1547 2514 nusquam
1576 2460 1698 2500 eum
1728 2445 1955 2516 legimus

383 2549 536 2590 usum
565 2534 732 2590 fuisse
755 2534 948 2590 cilicio.
972 2535 1113 2606 Ergo
1140 2538 1269 2590 dum
1292 2534 1459 2590 Judaei
1487 2550 1584 2605 per
1601 2536 1953 2593 contumelias

378 2631 434 2679 et
457 2625 678 2681 insidias
702 2634 883 2681 essent
920 2626 1151 2691 molesti,
1175 2625 1263 2680 ille
1290 2625 1626 2680 divinitatem
1653 2641 1804 2682 suam
1827 2642 1950 2682 car-

379 2713 462 2767 nis
490 2712 755 2769 velamine
797 2713 1095 2769 tenebrosis
1133 2714 1403 2769 mentibus
1442 2715 1777 2781 occultabat;
1824 2718 1948 2786 quia

378 2819 482 2858 non
506 2805 852 2860 merebantur
880 2820 1173 2877 agnoscere
1213 2821 1371 2875 quem
1404 2807 1492 2860 tali
1542 2808 1815 2877 impietate
1843 2818 1949 2862 tra-

374 2894 594 2949 ctabant
626 2896 891 2951 occidere.
935 2895 1163 2967 Propter
1191 2897 1334 2952 enim
1359 2907 1578 2967 peccata
1608 2897 1946 2969 populorum.

375 2982 699 3056 Redemptor
724 2985 945 3041 humani
971 2986 1181 3056 generis
1205 3001 1423 3042 carnem
1452 3002 1605 3043 suam
1636 2989 1856 3045 tradidit
1881 2990 1944 3043 ad

374 3085 624 3143 mortem,
649 3086 705 3133 et
728 3076 1001 3134 condoluit
1023 3087 1219 3134 nostra:
1243 3078 1573 3134 inﬁrmitati:
1601 3080 1669 3135 de
1697 3096 1804 3149 quo
1833 3081 1944 3152 ipse

376 3166 633 3221 Dominus
664 3182 761 3236 per
796 3167 989 3222 Isaiam
1027 3167 1103 3220 ait
1132 3185 1144 3219 :
1179 3164 1401 3236 Propter
1436 3169 1602 3223 scelus
1636 3169 1818 3239 populi
1847 3186 1948 3225 me:

373 3257 598 3322 percussi
647 3271 764 3308 eum
805 3255 1163 3327 (Isa.t.tu),et
1216 3273 1227 3308 :
1280 3254 1588 3325 Iniquitates
1623 3274 1801 3312 eorum
1842 3260 1948 3330 ipse

373 3345 617 3414 portabit.
647 3344 773 3400 Ideo
800 3347 1098 3416 dispertiam
1121 3347 1169 3401 ei
1193 3345 1465 3416 plurimos,
1491 3357 1539 3401 et
1571 3349 1787 3416 fortium
1813 3350 1945 3404 divi-

372 3434 457 3487 det
499 3432 688 3503 spolia,
733 3452 827 3505 pro
865 3452 925 3489 eo
970 3436 1110 3501 quod
1157 3437 1371 3490 tradidit
1416 3439 1470 3491 in
1514 3448 1677 3491 morte
1715 3440 1947 3495 animum

370 3539 541 3589 suam,
572 3535 773 3579 etcum
801 3524 1063 3579 sceleratis
1093 3526 1371 3595 deputatus
1396 3538 1490 3590 est,
1522 3538 1567 3582 et
1597 3528 1705 3598 ipse
1732 3538 1945 3598 peccata

370 3612 651 3667 multorum
681 3613 818 3679 tulit,
861 3625 908 3668 et
947 3631 1041 3685 pro
1074 3616 1537 3685 transgressoribus
1574 3618 1771 3688 rogavit
1806 3616 1939 3690 (Isa.

368 3706 507 3777 LIII).
541 3706 798 3761 Similiter
823 3716 878 3762 et
916 3706 1009 3761 lilii
1045 3706 1179 3776 ejus,
1211 3708 1314 3762 hoc
1339 3717 1421 3763 est
1453 3709 1676 3779 apostoli
1711 3720 1765 3764 et
1803 3726 1946 3765 mar-

369 3807 512 3868 tyres
539 3798 705 3868 ipsius
727 3797 971 3868 exemplo
996 3798 1191 3864 edocti,
1222 3814 1328 3853 non
1352 3799 1668 3856 dubitabant
1690 3816 1787 3871 pro
1816 3802 1945 3873 legi-

371 3887 515 3942 timis
561 3888 656 3943 Dei
701 3898 757 3943 et
807 3889 980 3945 salute
1028 3888 1255 3944 fratrum
1305 3906 1524 3945 suorum
1578 3892 1944 3963 temporaliter

368 3980 524 4045 mori,
555 3990 819 4050 quatenus
862 3982 1007 4052 regni
1056 3981 1291 4038 caelestis
1334 3982 1525 4053 gaudia
1569 3999 1692 4038 cum
1740 3985 1942 4041 sanctis

366 4071 571 4141 angelis
599 4087 695 4141 per
724 4074 827 4127 hoc
865 4082 1082 4142 possent
1110 4075 1324 4129 mereri.
1367 4075 1514 4130 Unde
1553 4074 1787 4133 Joannes
1816 4093 1942 4149 apo-

365 4162 535 4216 stolus
563 4162 640 4219 ait
679 4180 691 4215 :
725 4160 793 4215 In
820 4164 915 4217 hoc
937 4165 1290 4234 cognoscimus
1320 4165 1648 4234 charitatem,
1690 4170 1939 4239 quoniam

363 4247 450 4303 ille
488 4267 581 4320 pro
619 4250 766 4305 nobis
803 4251 1032 4305 animam
1071 4269 1220 4306 suam
1254 4255 1448 4323 posuit,
1489 4264 1535 4309 et
1578 4272 1669 4310 nos
1696 4257 1937 4314 debemus

360 4356 455 4409 pro
485 4340 733 4409 fratribus
759 4342 988 4395 animum
1016 4357 1204 4412 ponere
1234 4342 1282 4415 (Ι
1309 4342 1471 4399 Joan.
1498 4342 1604 4418 lli).

438 4430 498 4484 Et
526 4441 769 4485 uenerunt
798 4430 905 4485 illic
931 4432 1020 4503 qui
1042 4432 1184 4487 missi
1214 4433 1444 4501 fuerunt,
1472 4443 1575 4490 etc.
1606 4434 1769 4491 Mittit
1792 4453 1938 4492 nam-

361 4537 465 4592 que
491 4523 791 4578 Antiochus
828 4523 1121 4592 spiritualis
1167 4524 1220 4578 in
1257 4524 1531 4580 civitatem
1561 4525 1768 4593 Modin,
1814 4544 1935 4598 quae

362 4611 746 4683 interpretatur
765 4613 1027 4682 judicium
1063 4626 1083 4666 :
1121 4614 1176 4668 in
1205 4614 1499 4671 Ecclesium
1528 4616 1776 4673 videlicet
1812 4633 1935 4674 san-

360 4714 526 4773 ctam,
552 4706 642 4762 ubi
662 4706 864 4776 judicia
890 4708 985 4762 Dei
1008 4708 1411 4780 diligentissime
1441 4711 1850 4780 custodiuntur;
1874 4721 1936 4768 ut

357 4813 453 4854 eos
481 4798 571 4869 qui
600 4798 951 4871 confugerant
990 4799 1114 4856 illuc
1144 4795 1441 4856 remedium
1481 4803 1780 4859 animarum
1818 4820 1937 4861 sua-

357 4903 479 4943 rum
499 4900 820 4958 quterentcs,
846 4907 876 4945 a
905 4890 1021 4962 lege
1047 4891 1323 4948 discedere
1348 4901 1567 4964 cogant,
1589 4903 1931 4966 peccatorum

356 4979 629 5034 victimam
678 4989 733 5036 et
783 4982 986 5036 cultum
1039 4983 1330 5054 impietatis
1373 4985 1584 5041 diabolo
1626 4988 1926 5043 exsolvant.

358 5068 464 5126 Sed
505 5070 606 5126 hoc
640 5073 781 5141 quod
821 5072 1160 5144 subjungitur
1199 5075 1315 5130 sine
1362 5076 1564 5147 gemitu
1603 5077 1780 5149 legere
1820 5094 1927 5133 non

351 5160 641 5231 possimus,
679 5162 805 5231 quia
839 5162 991 5216 multi
1030 5163 1094 5216 de
1119 5164 1310 5234 populo
1349 5164 1517 5219 Israel
1554 5168 1927 5223 consentientes

352 5264 675 5309 accesserunt
714 5253 784 5307 ad
823 5270 929 5319 eos,
960 5268 1081 5308 cum
1124 5254 1366 5311 videmus
1397 5257 1677 5312 tormentis
1711 5268 1927 5315 coactos

351 5361 380 5400 a
409 5346 663 5418 religione
688 5347 902 5418 pietatis
930 5354 1263 5416 apostatare;
1294 5348 1428 5403 alios
1454 5350 1744 5420 cupiditate
1770 5349 1926 5406 istius

352 5438 535 5492 mundi
565 5438 769 5495 illectos
808 5446 1100 5494 retrorsum
1144 5439 1344 5505 relabi,
1376 5438 1511 5495 alios
1550 5440 1923 5495 haereticorum

348 5530 545 5583 astutia
583 5532 829 5587 seductos
856 5530 1064 5601 decipi,
1108 5530 1242 5585 alios
1271 5538 1331 5583 et
1368 5529 1576 5584 luxuria
1607 5540 1767 5601 atque
1804 5530 1924 5585 libi-

350 5618 472 5675 dine
511 5623 727 5692 propria
767 5624 833 5678 ad
877 5623 1131 5693 pristinas
1160 5622 1411 5677 vitiorum
1458 5622 1642 5677 sordes
1676 5621 1873 5676 reverti
1906 5640 1919 5676 :

419 5744 441 5770 ει
477 5733 634 5788 Deest
656 5736 875 5799 aliquid.

2064 1892 2331 1962 Scriptum
2359 1900 2441 1949 est
2459 1894 2602 1949 enim
2632 1894 2803 1960 :Quia
2829 1896 3025 1967 angelis
3046 1900 3155 1952 suis
3185 1902 3450 1955 mandarit
3474 1904 3539 1957 de
3567 1915 3635 1970 te,

2058 1991 2105 2034 et
2129 1983 2183 2035 in
2212 1982 2451 2037 manibus
2473 1982 2653 2037 tollent
2692 1992 2758 2048 te,
2794 2001 2857 2039 ne
2886 1985 3018 2054 forte
3051 1988 3286 2056 o/I‘endas
3315 1990 3384 2042 ad
3410 1991 3633 2061 lapidem

2056 2071 2237 2140 pedem
2265 2081 2411 2126 tuum
2443 2071 2613 2144 (Psal.
2645 2073 2754 2145 xc).
2798 2075 3035 2147 Indeque
3060 2094 3183 2133 eum
3215 2082 3547 2137 transferens
3583 2086 3632 2137 in

2057 2168 2295 2216 montem
2321 2163 2593 2218 excelsum
2610 2205 2626 2230 ,
2655 2173 2704 2219 et
2738 2166 2958 2219 ostendit
2987 2166 3037 2220 ei
3064 2167 3235 2221 omnia
3267 2185 3422 2238 regna
3450 2174 3634 2224 mutuli

2056 2263 2103 2304 et
2124 2251 2344 2322 gloriam
2370 2269 2570 2317 eorum,
2596 2263 2643 2307 et
2669 2253 2799 2306 dixit
2826 2254 2872 2307 ei
2896 2270 2916 2308 :
2949 2253 3078 2308 Herc
3100 2256 3273 2309 omnia
3300 2258 3388 2309 tibi
3423 2258 3561 2312 dabo
3587 2263 3630 2313 si

2053 2340 2321 2409 procidens
2348 2340 2646 2396 adoraveris
2672 2359 2753 2396 me
2781 2342 2994 2414 (Matth.
3043 2343 3137 2418 tv).
3167 2345 3366 2401 Eadem
3395 2351 3631 2417 quotidie

2054 2429 2109 2483 in
2137 2429 2394 2486 membris
2417 2430 2529 2486 suis
2570 2446 2668 2502 per
2695 2433 2971 2488 ministros
3002 2449 3127 2490 suos
3156 2435 3336 2490 dolose
3369 2439 3627 2508 suggerit,

2052 2529 2316 2591 quatenus
2334 2536 2432 2591 pro
2454 2522 2746 2577 ambitione
2769 2523 3011 2578 szeculari
3033 2524 3285 2579 deserant
3310 2526 3450 2579 viam
3471 2528 3629 2601 justi-

2053 2614 2157 2677 tiee,
2182 2622 2236 2668 et
2266 2613 2465 2669 faciant
2484 2612 2692 2683 jussum
2725 2617 2867 2687 regis
2897 2618 3210 2687 nequissimi
3237 2620 3329 2690 qui
3354 2633 3546 2693 regnat
3575 2624 3625 2677 in

2051 2706 2311 2760 uniuersos
2341 2706 2479 2775 ﬁlios
2504 2706 2757 2777 superbia:
2783 2706 2903 2778 (Job
2934 2708 3068 2780 xu),
3094 2717 3198 2764 etc.

2119 2794 2187 2848 Et
2215 2795 2477 2864 respondit
2509 2795 2832 2851 Mathathias
2861 2807 2909 2851 et
2938 2798 3072 2853 dixit
3099 2816 3289 2871 magna
3326 2818 3478 2865 voce,
3518 2815 3621 2857 etc.

2048 2886 2361 2942 Constantia
2408 2887 2715 2944 Mathathiae
2762 2889 3098 2946 confortabat
3144 2894 3357 2948 animos
3394 2895 3621 2950 ﬁliorum

2049 2992 2298 3042 suorum;
2328 2980 2406 3034 sic
2433 2987 2488 3034 et
2515 2979 2770 3049 patientia
2797 2989 2851 3034 et
2876 2980 3251 3052 longanimitas
3278 2985 3489 3038 Domini
3525 3002 3621 3040 no-

2049 3067 2144 3122 stri
2200 3065 2329 3124 Jesu
2382 3068 2584 3124 Cbristi
2639 3070 2879 3124 omnium
2929 3072 3262 3126 credentium
3309 3077 3623 3131 corroborat

1974 3140 2018 3202 Ο
2050 3158 2230 3214 ﬁdem.
2277 3160 2424 3216 Unde
2467 3160 2744 3231 discipulis
2789 3161 2901 3217 suis
2941 3162 3016 3215 ait
3058 3180 3072 3215 :
3118 3162 3299 3218 Nolite
3349 3168 3534 3220 mirari
3576 3169 3621 3220 si

2047 3249 2154 3303 odit
2182 3266 2267 3304 vos
2305 3251 2549 3315 mundus,
2578 3251 2759 3306 scitote
2797 3252 2920 3323 quia
2957 3269 3038 3307 me
3067 3255 3295 3323 priorem
3336 3258 3476 3311 vobis
3504 3258 3620 3312 odia

2045 3343 2283 3397 habuerit
2312 3343 2491 3415 (Joan.
2522 3346 2612 3416 xv)
2645 3359 2659 3398 :
2695 3361 2856 3416 neque
2884 3346 3107 3400 timeatis
3135 3363 3222 3400 eos
3260 3349 3351 3417 qui
3384 3350 3621 3403 occidunt

2045 3452 2253 3505 corpus,
2291 3436 2521 3490 animam
2549 3446 2722 3490 autem
2755 3436 2984 3491 occidere
3016 3454 3117 3492 non
3142 3451 3395 3508 possunt;
3420 3441 3510 3493 sed
3534 3458 3621 3509 po-

2045 3526 2147 3580 tius
2177 3542 2295 3580 cum
2323 3527 2413 3596 qui
2449 3535 2614 3595 potest
2649 3537 2696 3581 et
2738 3527 2968 3581 animam
3005 3537 3053 3582 et
3084 3545 3270 3599 corpus
3310 3531 3525 3599 perdere
3564 3532 3618 3584 in

2043 3615 2327 3685 gehennam
2356 3616 2570 3684 (Matth.
2603 3616 2678 3687 κ).
2724 3616 2792 3672 In
2817 3618 3068 3689 patientia
3099 3628 3265 3672 vestra
3292 3620 3619 3687 possidebitis

2045 3707 2247 3760 animos
2286 3715 2502 3771 vestras,
2542 3717 2588 3760 et
2628 3708 2721 3761 erit
2754 3724 2948 3762 merces
2986 3716 3153 3761 vestra
3194 3709 3359 3761 multa
3401 3710 3455 3761 in
3495 3709 3617 3763 cazlo

2045 3797 2364 3871 (Luc.xxu.)
2384 3798 2488 3866 Qui
2513 3811 2683 3854 autem
2721 3801 3117 3872 perseveraverit
3145 3818 3309 3871 usque
3345 3805 3402 3856 in
3438 3803 3614 3872 ﬁnem,

2043 3891 2124 3945 hic
2148 3890 2322 3946 salvus
2346 3893 2442 3947 erit
2478 3892 2689 3966 (Matth.
2719 3893 2774 3967 ι)

2114 3979 2182 4033 Et
2221 3991 2277 4034 ut
2317 3983 2530 4037 cessavit
2579 3981 2719 4054 loqui
2761 3983 2911 4039 verba
2950 3984 3085 4051 haec,
3125 3994 3229 4041 etc.
3275 3985 3491 4043 Iudaeus
3530 3989 3617 4042 hic

2043 4071 2132 4140 qui
2173 4071 2500 4127 sacriﬁcavit
2536 4088 2717 4127 coram
2753 4074 2923 4129 oculis
2960 4075 3198 4130 omnium
3239 4077 3413 4136 idolis.
3456 4079 3595 4149 signi

2042 4157 2168 4215 ﬁcat
2206 4161 2375 4216 malos
2414 4162 2726 4228 catholicos,
2768 4163 2858 4232 qui
2899 4164 3080 4234 pravis
3116 4165 3369 4234 operibus
3407 4174 3460 4220 et
3499 4181 3596 4236 pec

2039 4263 2281 4309 calorum
2332 4264 2458 4309 nota
2509 4254 2872 4309 scandalizant
2918 4256 3193 4324 proximos
3240 4272 3390 4311 suos.
3445 4258 3502 4311 in
3552 4274 3618 4313 eo

2040 4344 2182 4399 enim
2213 4344 2368 4399 idolis
2398 4343 2703 4399 sacriﬁcare
2734 4344 3027 4413 probantur
3057 4346 3199 4415 quod
3225 4346 3616 4417 principalibus

2036 4436 2181 4491 vitiis
2221 4435 2474 4507 captivati
2510 4450 2632 4491 esse
2670 4435 3101 4490 manifestantur.

2111 4528 2261 4584 Unde
2288 4527 2569 4583 avaritiam
2601 4526 2797 4582 Paulus
2837 4527 3108 4598 apostolus
3138 4527 3403 4583 idolorum
3444 4545 3615 4585 serve

2038 4627 2205 4675 tutem
2233 4617 2463 4690 appellat
2487 4616 2730 4690 (Calan).
2779 4616 2882 4672 Sed
2927 4616 3024 4672 bos
3058 4616 3267 4686 gladius
3299 4617 3614 4674 Matbathia:

2037 4710 2270 4766 trucidat
2313 4711 2474 4780 Super
2514 4725 2687 4775 aram,
2736 4709 2860 4777 quia
2903 4709 3035 4764 ultio
3081 4709 3372 4779 :equissimi
3413 4712 3612 4781 judicis

2028 4798 2230 4869 justam
2255 4801 2309 4855 in
2347 4799 2539 4855 talibus
2569 4807 2787 4854 exercet
2808 4800 3116 4854 vindictam.
3158 4800 3270 4855 Nec
3304 4818 3414 4857 non
3455 4812 3512 4857 et
3534 4804 3603 4858 vi-

2036 4907 2156 4946 rum
2181 4906 2341 4961 quem
2367 4890 2587 4945 miserat
2610 4887 2908 4945 Antiochus
2936 4890 3025 4961 qui
3053 4889 3276 4961 cogebat
3305 4892 3611 4957 immolare,

2032 4982 2087 5037 in
2117 4982 2233 5053 ipso
2263 4992 2503 5051 tempore
2523 4983 2717 5038 occidit
2744 5000 2757 5036 :
2784 4984 2910 5053 quia
2937 4984 2989 5038 in
3019 4984 3106 5040 die
3131 4994 3375 5040 extrema
3405 4987 3610 5041 exami‘

2030 5075 2134 5137 nis,
2164 5090 2267 5129 non
2294 5074 2464 5130 solum
2493 5084 2803 5144 peccatores
2831 5076 3095 5142 homines,
3134 5078 3227 5131 sed
3257 5086 3607 5146 peccatorum

2030 5162 2392 5233 instigatores,
2423 5162 2639 5233 maligni
2669 5162 2916 5217 videlicet
2942 5163 3185 5232 spiritus,
3206 5172 3426 5220 mternm
3452 5165 3605 5220 dam-

2030 5250 2260 5306 nationis
2307 5251 2551 5305 meritam
2602 5250 2860 5320 recipient
2904 5266 3155 5321 pmnam;
3206 5253 3367 5307 simul
3415 5262 3472 5309 et
3512 5270 3604 5308 ara

2028 5338 2317 5410 impietatis
2347 5341 2671 5406 destruetur,
2703 5341 2828 5410 quia
2878 5349 2999 5412 post
3031 5353 3309 5412 peractum
3338 5343 3600 5413 judicium

2025 5432 2248 5487 ulterius
2276 5433 2531 5502 peccandi
2563 5432 2789 5488 facultas
2808 5433 2927 5488 ulla
2954 5450 3061 5489 non
3087 5435 3354 5491 tribuetur
3380 5435 3595 5506 iniquis.

2025 5525 2176 5593 Quod
2204 5535 2381 5581 autem
2411 5526 2651 5596 sequitur
2682 5545 2693 5581 :
2728 5525 2941 5582 Zelatus
2964 5538 3038 5583 est
3075 5527 3267 5600 legem,
3312 5531 3452 5584 sicut
3482 5530 3597 5598 fecit

2026 5615 2248 5673 Pltinecs
2295 5617 2478 5675 Zamri
2518 5618 2628 5689 ﬁlio
2670 5616 2869 5675 Salomi
2914 5617 3100 5693 (Num.
3146 5620 3313 5696 xxv),
3368 5622 3595 5680 ostendit
