3934 6186
323 320 458 378 1145

1028 317 1381 378 COMMENT.
1423 316 1491 371 ΙΝ
1532 315 1778 372 LlBROS
1820 313 2391 372 MACllAlLEORUM.
2428 348 2502 361 --
2535 315 2603 371 IN
2643 315 2773 371 LIB.
2813 315 2849 374 Ι.

3444 321 3581 377 1146

320 430 459 503 quod
502 429 659 485 fortia
704 428 843 485 facta
885 439 1194 484 sanctorum
1240 438 1451 500 patrum
1484 429 1899 499 prteﬁgurabant
1928 435 1977 490 Α
2005 441 2057 484 et
2089 430 2391 486 ambulasse
2417 447 2515 501 per
2543 432 2658 487 loca
2691 433 2973 502 inaquosa,
3002 432 3294 502 quaerendo
3339 436 3578 505 requiem

320 521 696 592 Redemptoris
717 521 886 575 nostri
909 521 961 574 in
987 521 1294 575 novissimis
1323 521 1651 591 temporibus
1681 519 1898 575 nobilis-

320 620 516 671 simum
551 620 750 666 actum.

392 705 462 761 Et
499 704 805 760 exclamavit
842 703 1162 757 Mathathias
1195 720 1314 757 voce
1353 720 1545 774 magna
1581 703 1635 756 in
1668 702 1896 767 civitate,

319 796 517 858 dicens,
545 803 648 850 etc.
681 792 807 847 Haec
835 794 992 847 verba
1021 792 1329 848 Mathathite
1354 792 1768 863 praeﬁgurabant
1795 791 1900 846 Do-

320 888 453 944 mini
486 887 657 942 nostri
700 883 826 940 Jesu
854 883 1055 940 Christi
1086 887 1384 941 doctrinam
1404 927 1420 950 ,
1461 886 1550 955 qui
1582 887 1900 941 exhortatur

319 994 420 1034 nos
445 976 683 1048 quotidie
720 976 1024 1046 relinquere
1053 977 1344 1031 vanitatem
1390 977 1548 1046 hujus
1593 975 1810 1037 mundi,
1844 983 1900 1030 et

320 1084 564 1138 qtuerere
591 1068 832 1124 etelestia
873 1068 1065 1139 gaudia
1110 1068 1279 1138 regni.
1324 1068 1466 1123 Dicit
1500 1068 1644 1122 enim
1684 1068 1798 1137 ipse
1844 1067 1899 1122 in

319 1156 609 1226 Evangelio
656 1176 669 1210 :
720 1155 824 1222 Qui
865 1174 967 1210 non
1006 1156 1374 1210 renuntiaverit
1409 1156 1584 1210 omnia
1614 1155 1896 1228 [omnibus]

319 1267 438 1322 qua:
462 1248 711 1321 possidet,
748 1266 853 1303 non
890 1255 1051 1318 potest
1096 1264 1242 1301 meus
1289 1263 1399 1301 esse
1440 1245 1748 1316 discipulus.
1797 1246 1900 1311 Qui

321 1352 464 1397 amat
494 1351 694 1412 patrem
729 1355 881 1394 suum
912 1347 1003 1392 aut
1034 1348 1251 1391 matrem
1283 1353 1435 1390 suam
1467 1335 1585 1406 plus
1614 1352 1771 1406 quam
1801 1352 1898 1395 me,

322 1453 427 1490 non
460 1442 534 1489 est
570 1450 652 1487 me
675 1433 895 1503 dignus;
929 1440 977 1484 et
1003 1430 1093 1500 qui
1128 1446 1232 1485 non
1268 1428 1468 1498 bajulat
1504 1443 1706 1482 crucem
1750 1442 1899 1481 suam

314 1520 551 1591 quotidie
578 1529 625 1570 et
648 1522 883 1586 sequitur
912 1534 1011 1584 me,
1046 1532 1150 1593 non
1183 1526 1258 1571 est
1280 1534 1357 1570 me
1379 1517 1568 1587 dignus
1589 1516 1740 1572 (Luc.
1761 1517 1897 1585 xiv).

316 1611 422 1675 Qui
442 1611 582 1664 enim
614 1610 831 1663 voluerit
854 1611 1088 1662 animant
1108 1626 1260 1662 suam
1281 1609 1482 1662 salvam
1506 1608 1700 1676 facere,
1722 1608 1903 1675 perdet

323 1720 466 1765 eam;
508 1703 597 1774 qui
629 1711 808 1756 autent
829 1702 1113 1770 perdiderit
1138 1703 1541 1756 animamsuum
1573 1714 1902 1770 prepterme,

2002 532 2055 576 et
2080 538 2183 577 non
2213 525 2500 580 invenisse.
2545 526 2741 581 lterum
2770 542 2893 581 cum
2922 538 3129 597 septem
3160 528 3440 597 Spiritibus
3485 546 3580 585 ue-

2000 614 2279 682 quioribus
2320 630 2379 670 se
2422 616 2701 685 pristinam
2739 619 2957 672 domum
2989 624 3269 672 vacantem
3298 634 3361 673 ac
3401 620 3579 689 scopis

2001 705 2331 770 mundatam,
2361 715 2413 759 et
2456 714 2725 770 ornatam,
2756 708 3023 776 reperisse
3054 725 3067 761 :
3101 707 3235 762 tales
3265 709 3463 778 quippe
3509 710 3577 763 ab

1999 792 2245 848 hastibus
2294 794 2624 864 spiritalibus
2673 795 2830 851 facile
2874 796 3207 862 obruuntur,
3254 798 3379 865 quia
3426 808 3578 853 scuto

2001 886 2142 949 ﬁdei,
2173 886 2325 956 galea
2354 888 2563 948 salutis,
2598 888 2765 942 lorica
2787 888 3030 955 justitim,
3075 898 3130 943 et
3156 889 3331 959 gladio
3358 891 3579 960 spiritus

2001 974 2216 1046 (Ephes.
2244 975 2340 1047 vt),
2364 992 2485 1030 eum
2510 977 2705 1045 quibus
2728 977 2961 1032 inimicis
2983 978 3235 1033 resistere
3258 980 3576 1045 debuerant,

2000 1068 2198 1120 armari
2220 1082 2327 1121 non
2355 1069 2637 1124 curabant.
2667 1068 2815 1124 Unde
2844 1069 3183 1141 subjungitur
3205 1070 3344 1139 quod
3375 1071 3581 1125 Matha-

2000 1158 2142 1212 thias
2184 1168 2240 1212 et
2278 1158 2437 1214 amici
2463 1159 2580 1229 ejus
2618 1161 2817 1213 luctum
2865 1161 3169 1215 habuerunt
3200 1178 3360 1232 super
3387 1163 3579 1218 horum

2003 1248 2246 1311 interitu,
2269 1250 2391 1318 quia
2419 1250 2607 1320 grandi
2636 1249 2820 1305 dolore
2836 1250 3067 1306 adicitur
3098 1252 3335 1307 Ecclesia
3359 1255 3575 1322 quando

2006 1339 2207 1407 aliquos
2243 1342 2306 1393 de
2337 1356 2563 1393 numero
2594 1356 2816 1393 suorum
2844 1358 2940 1410 per
2967 1342 3187 1396 insidias
3218 1351 3379 1413 atque
3402 1358 3585 1411 perse-

2002 1429 2272 1483 cutionem
2302 1429 2658 1499 malignorum
2686 1431 2919 1484 hostium
2946 1432 2999 1485 in
3029 1444 3370 1501 peccatorum
3396 1437 3575 1504 praeci-

2000 1522 2191 1592 pitium
2219 1522 2461 1591 agnoscit
2490 1522 2781 1577 corruisse.

2075 1608 2142 1662 Et
2169 1610 2299 1663 dixit
2327 1612 2403 1664 vir
2422 1612 2661 1680 proximo
2687 1628 2782 1665 suo
2808 1625 2824 1664 :
2851 1610 2909 1667 Si
2940 1628 3113 1666 omnes
3143 1612 3421 1681 fecerimus
3449 1614 3580 1668 sicut

2005 1698 2195 1767 fratres
2233 1700 2396 1752 nostri
2425 1700 2678 1767 fecerunt,
2724 1710 2830 1754 etc.
2865 1701 3031 1755 Valde
3060 1702 3224 1772 igitur
3253 1703 3579 1756 detestanth

318 1798 543 1850 inveniet
572 1811 689 1849 eam
720 1793 870 1863 (Luc.
906 1800 1004 1864 Ix).
1040 1794 1181 1861 Quid
1213 1798 1353 1850 enim
1383 1793 1591 1863 prodest
1622 1795 1823 1848 homini
1852 1795 1898 1849 si

2011 1786 2130 1842 boni
2161 1787 2489 1841 otiositatent
2517 1829 2531 1852 ,
2569 1803 2687 1857 qua:
2731 1790 2946 1843 inimica
2987 1799 3071 1844 est
3110 1793 3334 1855 animai,
3378 1800 3432 1844 et
3471 1792 3581 1847 ima

318 1890 619 1943 unitersum
654 1888 908 1941 mundum
940 1887 1193 1950 lucretur,
1224 1889 1421 1941 animat
1448 1902 1565 1940 vero
1592 1903 1703 1939 suae
1732 1887 1901 1940 detri-

318 1993 549 2036 mentum
592 1987 853 2045 patiatur,
900 1992 993 2035 aut
1043 1996 1204 2049 quam
1248 1980 1715 2035 commutationem
1754 1979 1901 2033 dabit

317 2074 473 2129 homo
489 2090 584 2143 pro
607 2075 786 2128 anima
811 2072 1145 2138 sua(Matth.
1169 2071 1306 2141 xvr)?
1319 2071 1494 2126 Filius
1512 2072 1652 2126 enim
1676 2072 1903 2128 hominis

324 2162 574 2207 uenturus
597 2162 672 2208 est
708 2154 762 2207 in
798 2153 966 2224 gloria
1003 2151 1181 2209 Patris
1209 2154 1294 2209 sui
1321 2171 1437 2208 cum
1468 2153 1666 2224 angelis
1692 2153 1822 2218 suis,
1854 2161 1904 2207 et

326 2244 503 2299 reddet
535 2245 816 2315 unicuique
840 2244 1125 2298 secundum
1151 2260 1305 2309 apera
1332 2259 1430 2297 sua
1461 2242 1673 2314 (Matth.
1699 2241 1830 2315 xvi).

395 2335 556 2407 Fugit
594 2337 738 2392 enim
778 2334 1107 2406 Redemptor
1145 2345 1331 2390 noster
1368 2344 1424 2390 et
1458 2334 1552 2389 ﬁlii
1596 2334 1713 2403 ejus
1751 2335 1905 2391 inno-

324 2432 530 2489 centes,
561 2432 617 2479 et
641 2424 952 2494 relinquunt
977 2440 1309 2494 quaecunque
1343 2424 1543 2480 habent
1579 2425 1634 2479 in
1662 2425 1904 2491 civitate,

324 2517 581 2587 quoniam
628 2531 723 2586 per
767 2517 1020 2571 ducatum
1067 2516 1233 2585 ipsius
1272 2516 1528 2572 Veritatis
1567 2515 1904 2571 altitudinem

325 2607 583 2661 virtutum
626 2606 919 2661 ascendere
964 2605 1232 2674 cupimus,
1272 2614 1327 2660 et
1356 2621 1419 2661 ea
1458 2622 1578 2676 qua:
1621 2605 1687 2660 ad
1721 2605 1904 2660 luxum

326 2695 512 2752 saeculi
534 2696 828 2767 pertinent,
859 2697 1014 2766 quasi
1057 2694 1318 2764 superﬂua
1349 2703 1689 2765 spernentes,
1720 2694 1906 2764 abjici-

325 2803 469 2842 Inus.
517 2788 643 2843 inde
675 2797 756 2842 est
784 2788 925 2857 quod
968 2788 1165 2860 legitur
1194 2787 1248 2841 in
1290 2787 1579 2857 Evangelio
1605 2786 1819 2859 (Matth.
1846 2785 1902 2858 v)

327 2878 496 2933 isdem
534 2879 792 2933 Dominus
822 2880 1038 2957 duxisse
1075 2878 1364 2948 discipulos
1390 2893 1516 2934 suos
1553 2879 1608 2933 in
1641 2888 1902 2946 montem,

326 2978 385 3024 et
418 2969 490 3024 ibi
531 2969 755 3034 sedisse,
801 2969 981 3039 ibique
1011 2970 1204 3026 docere
1231 2984 1356 3035 eos;
1401 2970 1474 3024 ibi
1507 2970 1697 3025 orabat
1723 2970 1905 3041 ibique

325 3061 583 3130 pascebat
610 3061 815 3124 turbas,
847 3069 906 3114 ut
933 3076 1147 3130 semper
1187 3058 1250 3114 ad
1295 3059 1576 3126 ulteriora,
1620 3061 1686 3116 ad
1710 3060 1904 3116 altiora

326 3162 385 3207 et
411 3152 733 3221 perfectiora
763 3151 875 3206 suis
895 3151 1153 3221 exemplis
1176 3167 1275 3206 nos
1297 3161 1641 3222 provocaret,
1669 3159 1773 3207 etc.

404 3242 548 3298 Tunc
598 3242 972 3296 descenderunt
1015 3240 1167 3295 multi
1208 3252 1495 3314 quterentes
1545 3243 1809 3313 judicium
1855 3253 1905 3298 et

318 3335 585 3404 justitiam
640 3335 695 3386 in
742 3332 1031 3399 desertum,
1070 3342 1117 3386 et
1168 3333 1408 3387 sederunt
1456 3332 1526 3386 ibi
1572 3334 1672 3403 ipsi
1713 3343 1760 3387 et
1804 3333 1905 3403 ﬁlii

326 3440 530 3477 eorum.
582 3423 716 3478 Istos
751 3423 844 3492 qui
885 3437 1009 3478 eum
1038 3422 1331 3477 Mathathia
1376 3431 1430 3477 et
1477 3422 1602 3477 ﬁliis
1635 3424 1752 3494 ejus
1796 3441 1905 3478 non

328 3504 693 3568 ascendebant
721 3515 776 3567 in
805 3524 1042 3577 montes,
1077 3514 1170 3568 sed
1200 3512 1595 3567 descenderunt
1624 3513 1677 3566 in
1720 3516 1903 3568 deser-

329 3611 467 3667 tum,
495 3612 551 3657 ut
575 3602 647 3657 ibi
674 3604 921 3658 sedentes
940 3611 1245 3673 quaererent
1256 3601 1517 3671 judicium
1541 3611 1595 3657 et
1611 3603 1900 3674 justitiam,

324 3711 467 3765 quos
491 3695 683 3750 melius
707 3711 803 3766 per
828 3694 1134 3764 allegoriam
1161 3695 1407 3764 accipere
1434 3709 1718 3764 possumus
1741 3709 1903 3763 quam

321 3786 543 3842 Judaeos
598 3787 730 3856 qui,
778 3793 902 3856 post
949 3792 1227 3854 acceptam
1282 3785 1507 3855 gratiam
1567 3784 1905 3854 baptismatis

326 3875 555 3939 Christi,
583 3875 1046 3930 eireumeisionem
1072 3883 1126 3929 et
1149 3874 1318 3947 legem
1347 3883 1581 3930 veterem
1609 3875 1902 3930 observan-

327 3970 455 4025 dam
498 3969 781 4040 putabant.
810 3967 877 4022 Et
905 3974 1042 4023 bene
1082 3968 1136 4021 hi
1167 3966 1220 4021 in
1251 3968 1521 4022 desertum
1565 3967 1668 4022 isse
1697 3982 1904 4021 mento-

326 4070 542 4128 rantur,
570 4061 684 4130 qui,
716 4060 1020 4116 lucescente
1044 4059 1310 4131 Evangelii
1338 4059 1563 4114 veritate
1583 4098 1599 4124 ,
1637 4060 1903 4114 desertam

326 4152 467 4225 legis
492 4154 739 4207 umbram
768 4152 919 4223 quasi
948 4151 1047 4206 sibi
1074 4151 1250 4207 adhuc
1281 4152 1641 4206 necessariam
1686 4160 1901 4221 reputa-

324 4248 499 4312 bant,
546 4247 830 4302 sabbatum
875 4243 1045 4314 legale
1073 4245 1351 4300 observari
1401 4245 1599 4300 debere
1648 4245 1905 4315 praedica-

326 4338 494 4402 bant,
544 4352 665 4390 cum
709 4335 888 4389 omnia
920 4336 1035 4389 hinc
1079 4337 1410 4404 temporibus
1455 4335 1588 4406 legis
1612 4336 1667 4389 in
1694 4340 1901 4406 signum

325 4428 746 4499 praecesserint,
780 4435 834 4481 et
876 4426 1229 4496 spirituaiiter
1276 4426 1329 4479 in
1362 4426 1512 4482 Novo
1546 4426 1903 4483 Testamento

2003 1879 2181 1947 potius
2203 1877 2406 1949 eligunt
2426 1887 2614 1933 contra
2639 1880 2890 1936 inimicos
2916 1881 3192 1951 spiritales
3213 1882 3452 1951 quotidie
3482 1882 3585 1934 vir-

2005 1969 2209 2025 tutibus
2235 1970 2543 2041 confligere,
2580 1988 2741 2042 quam
2765 1973 2971 2028 desidia
2997 1973 3122 2028 mali
3153 1974 3325 2028 otiose
3349 1984 3585 2044 torpere,

2005 2062 2237 2116 maxime
2265 2077 2387 2116 cum
2416 2079 2566 2132 spem
2593 2065 2854 2127 victorim,
2888 2079 2994 2118 non
3023 2080 3053 2117 a
3083 2079 3141 2119 se
3160 2105 3175 2130 ,
3205 2066 3298 2119 sed
3327 2066 3584 2123 auxilium

2002 2163 2329 2224 prmsumant
2355 2152 2553 2207 habere
2577 2154 2814 2207 divinum
2834 2193 2848 2217 ,
2894 2169 2993 2208 nec
3020 2154 3120 2208 sibi
3150 2155 3495 2209 securitatem
3529 2156 3582 2209 in

2002 2244 2278 2315 praesenti,
2301 2244 2397 2299 sed
2428 2244 2483 2298 in
2513 2243 2693 2298 futttro
2720 2245 3071 2314 promittant,
3114 2245 3329 2313 quando
3368 2245 3583 2299 destru-

2004 2336 2107 2391 ctis
2134 2335 2342 2390 cunctis
2382 2334 2820 2401 adversitatibus,
2845 2336 3123 2391 novissima
3156 2336 3266 2406 ipsa
3294 2335 3581 2389 destruetur

2006 2444 2145 2481 mors
2178 2425 2229 2498 (Ι
2257 2424 2380 2480 Cor.
2406 2430 2524 2494 xv),
2554 2442 2646 2479 nec
2673 2426 2771 2480 erit
2802 2425 2942 2479 ultra
2965 2425 3155 2492 luctus,
3181 2441 3342 2496 neque
3363 2424 3580 2485 clamor,

2006 2535 2168 2591 neque
2203 2516 2356 2572 dolor
2379 2557 2395 2583 ,
2437 2516 2687 2587 quoniam
2728 2517 2900 2587 prima
2935 2517 3169 2570 abierunt
3215 2515 3505 2586 (APOC.XXI
3530 2514 3583 2581 ),

2005 2610 2220 2680 quando
2247 2608 2665 2665 laetiﬁcabuntur
2695 2608 2867 2662 sancti
2891 2608 2944 2662 in
2969 2608 3161 2679 gaudio
3182 2607 3361 2662 vultus
3384 2607 3498 2685 Dei,
3528 2615 3584 2685 et

2006 2701 2359 2757 delectatione
2414 2699 2767 2754 saluberrima
2814 2698 3060 2753 fruentur
3098 2699 3152 2752 in
3205 2684 3584 2767 dexteraejns

2005 2806 2175 2863 usque
2203 2791 2257 2846 in
2286 2790 2448 2844 ﬁnem
2471 2788 2642 2862 (Psal.
2672 2790 2785 2860 xx).

2080 2880 2224 2935 Tunc
2252 2889 2566 2951 congregata
2612 2888 2687 2933 est
2731 2878 2801 2931 ad
2831 2894 2918 2932 eos
2966 2893 3230 2948 synagoga
3274 2875 3584 2930 Juda‘orum

2007 2966 2410 3042 [Assidworum]
2438 2967 2589 3037 fortis
2619 2965 2817 3021 viribus
2865 2982 2929 3020 ex
2959 2964 3131 3020 Israel
3147 2975 3294 3031 ,etc.
3325 2963 3585 3017 Narrante

2008 3057 2289 3131 Scriptura
2318 3055 2662 3113 manifestum
2686 3064 2772 3111 est
2795 3056 2940 3127 quod
2969 3055 3247 3111 Salvatore
3273 3063 3327 3109 et
3374 3063 3586 3125 apesto-

1932 3144 1978 3207 C
2008 3148 2076 3203 lis
2108 3148 2226 3220 ejus
2252 3146 2575 3218 praedicante
2604 3145 2976 3215 Evangelium,
3007 3145 3161 3198 multi
3189 3146 3254 3199 de
3274 3143 3585 3202 Judworutn

2006 3238 2202 3313 populo
2227 3237 2516 3292 veniebant
2536 3236 2604 3290 ad
2629 3236 2787 3291 ﬁdem
2816 3235 3096 3290 credentes
3123 3234 3246 3306 legi,
3271 3243 3326 3290 et
3354 3235 3585 3305 prophe—

2010 3330 2079 3385 tis
2107 3330 2173 3384 de
2204 3329 2436 3382 adventu
2458 3326 2658 3381 Christi
2697 3326 3038 3391 testantibus,
3072 3340 3278 3381 necnon
3305 3328 3369 3381 de
3396 3342 3585 3397 prose-

2006 3421 2131 3493 lytis
2156 3429 2316 3489 atque
2358 3420 2423 3474 de
2473 3418 2693 3473 advenis
2736 3417 3402 3488 plurimi,'relinquentes
3447 3416 3585 3471 idola

2007 3528 2102 3568 sua
2126 3527 2190 3566 ac
2210 3509 2649 3581 superstitionem
2677 3508 3025 3579 gentilitatis,
3057 3507 3395 3563 conﬂuebant
3431 3508 3586 3561 undi-

2007 3618 2112 3673 que
2154 3602 2220 3656 ad
2248 3600 2570 3655 audiendum
2605 3598 2831 3653 verbum
2863 3599 2999 3664 Dei,
3051 3606 3106 3652 et
3160 3598 3325 3652 additi
3355 3606 3480 3653 sunt
3518 3596 3586 3651 ad

2006 3706 2292 3746 numerum
2313 3688 2650 3744 credentium
2685 3706 2697 3741 :

2077 3780 2145 3834 Et
2172 3788 2537 3852 percusserunt
2566 3786 2864 3849 peccatores
2888 3779 2943 3832 in
2971 3778 3058 3832 ira
3082 3794 3198 3843 sua,
3229 3788 3275 3833 et
3306 3779 3441 3832 viros
3479 3778 3584 3832 ini-

2005 3887 2131 3942 quos
2172 3870 2226 3922 in
2270 3869 2628 3938 indignatione
2661 3885 2778 3921 sua.
2830 3866 2964 3922 Cum
3015 3868 3131 3923 zelo
3158 3868 3282 3924 ﬁdei
3312 3869 3584 3940 instigati,

2006 3958 2268 4030 malignos
2294 3958 2517 4029 spiritus
2545 3966 2601 4012 et
2621 3957 2690 4011 ab
2709 3958 2946 4013 obsessis
2969 3974 3065 4029 per
3091 3974 3330 4015 errorem
3357 3960 3585 4022 homini-

2003 4051 2104 4106 bus
2168 4050 2449 4120 ejicientes
2482 4049 2839 4119 expulerunt,
2887 4058 2944 4104 et
2990 4049 3196 4106 fraudis
3226 4066 3336 4106 suae
3381 4067 3584 4106 venena

2005 4140 2137 4211 ipsis
2166 4139 2551 4210 patefecerunt.
2584 4138 2755 4195 Judazi
2784 4155 2998 4209 quoque
3025 4141 3286 4211 compulsi
3328 4140 3584 4212 fugerunt

2005 4230 2072 4284 ad
2115 4230 2389 4294 nationes,
2430 4227 2586 4298 juxta
2615 4229 2746 4284 illud
2781 4229 3055 4300 Evangelii
3086 4245 3193 4301 quo
3241 4235 3447 4286 sanatis
3488 4233 3586 4286 hu-

2008 4318 2242 4373 minibns
2279 4318 2552 4374 daemones
2583 4319 2834 4389 permissi
2870 4329 2995 4375 sunt
3038 4336 3068 4375 a
3100 4322 3379 4378 Salvatore
3408 4324 3487 4379 ire
3524 4324 3576 4377 in

2006 4427 2198 4482 porcos
2223 4409 2417 4482 (Marc.
2439 4409 2517 4483 v),
2548 4419 2609 4465 ut
2646 4411 2905 4467 immundi
2933 4428 3273 4482 possessores
3308 4430 3437 4469 vasa
3482 4416 3580 4471 im-

327 4515 663 4572 observanda
692 4516 815 4569 sint.
849 4513 1048 4569 Contra
1075 4528 1210 4585 quos
1236 4514 1531 4584 Apostolus
1551 4515 1607 4570 in
1649 4513 1904 4584 Epistolis
1930 4518 1978 4577 Ι)
2006 4500 2278 4555 mundum
2304 4499 2659 4571 POSSidel‘em-

328 4607 445 4662 suis
473 4605 840 4675 copiosissime
864 4604 1117 4674 disputat,
1148 4618 1399 4658 asserens
1432 4601 1591 4657 tinem
1620 4602 1752 4674 legis
1785 4620 1906 4658 esse

327 4698 606 4755 Christum
636 4697 705 4750 ad
725 4696 991 4767 justitiam
1021 4697 1161 4750 omni
1187 4696 1410 4750 credenti
1439 4695 1617 4766 (Rom.
1666 4712 1699 4749 ι
1814 4695 1905 4751 lsti

328 4805 462 4857 ergo
479 4787 833 4858 spiritualium
857 4786 1090 4841 hostium
1116 4786 1291 4855 gladio
1307 4786 1499 4840 merito
1515 4785 1797 4849 feriuntur,
1811 4785 1902 4855 qui

327 4879 532 4935 Christi
562 4878 791 4948 gratiam
825 4876 1067 4933 suﬁicere
1105 4878 1204 4932 sibi
1250 4878 1317 4931 ad
1356 4878 1583 4931 salutem
1615 4893 1720 4931 non
1761 4877 1905 4932 arbi-

328 4982 564 5028 trantur.
607 4970 837 5025 Possunt
859 4969 1245 5040 quoquejuxta
1278 4969 1629 5041 tropologiatn
1673 4969 1726 5022 in
1775 4968 1904 5039 ipsis

329 5058 722 5130 appetitoribus
753 5058 950 5112 deserti
981 5057 1234 5112 desidiosi
1269 5059 1468 5127 quique
1500 5057 1757 5128 intelligi,
1788 5058 1901 5128 qui,

325 5156 585 5222 percepta
614 5146 783 5218 gratia
813 5146 1131 5201 Christianae
1157 5146 1451 5217 religionis,
1479 5148 1611 5201 satis
1648 5147 1747 5202 sibi
1787 5147 1906 5201 ﬁeri

327 5242 604 5297 aestimant
654 5238 797 5311 quod
838 5246 1197 5309 perceperunt
1247 5239 1572 5294 charismata
1624 5238 1804 5293 divina
1853 5247 1908 5295 et

328 5331 738 5388 mundationem
788 5328 1144 5398 baptismatis,
1177 5343 1278 5383 nec
1313 5328 1497 5383 volunt
1527 5336 1651 5397 post
1687 5327 1903 5382 absolu—

331 5422 535 5477 tionem
591 5417 829 5475 sordium
881 5432 1043 5488 opera
1090 5431 1346 5474 exercere
1397 5418 1686 5483 virtutum,
1733 5433 1905 5488 neque

328 5511 689 5566 recordantur
713 5509 855 5564 illius
875 5510 1192 5579 evangelicae
1216 5509 1502 5579 parabolm,
1530 5525 1635 5579 qua
1659 5509 1906 5566 Salvator

327 5600 387 5655 in
418 5598 705 5669 Evangelio
736 5598 800 5653 de
840 5598 1117 5653 immundo
1153 5597 1340 5666 spiritu
1375 5598 1643 5653 narrando
1673 5598 1903 5654 dissere-

328 5692 447 5756 bat,
483 5691 572 5746 ubi
595 5692 724 5749 dicit
745 5692 1078 5747 immundum
1102 5690 1347 5761 spiritum
1377 5691 1553 5745 exisse
1576 5690 1641 5745 de
1667 5692 1899 5757 homine,

2080 4601 2147 4655 Et
2182 4600 2513 4655 obtinuerunt
2543 4599 2706 4671 legem
2737 4599 2801 4654 de
2836 4600 3076 4655 manibus
3116 4617 3314 4671 regum.
3356 4600 3580 4657 Obtine-

2005 4695 2137 4748 bant
2196 4692 2402 4748 milites
2455 4691 2659 4748 Christi
2712 4692 2884 4763 legem
2948 4693 3015 4748 de
3074 4693 3323 4749 manibus
3397 4707 3581 4764 regum

2004 4788 2218 4859 quando
2241 4787 2293 4842 in
2317 4788 2546 4842 veritate
2569 4786 2839 4856 Evangelii
2868 4787 3239 4856 persistentes,
3269 4788 3399 4844 nulli
3424 4789 3579 4843 cede-

2005 4882 2136 4935 bant
2163 4879 2331 4934 crrori
2356 4919 2371 4944 ,
2423 4879 2551 4948 quin
2582 4879 2763 4947 potius
2808 4885 3028 4932 orantes
3056 4878 3441 4948 prtedicatione
3484 4892 3579 4933 sua

2003 4971 2360 5041 subjiciehant
2406 4970 2640 5024 veritati.
2670 4969 2797 5023 Inde
2828 4967 3032 5023 factum
3061 4977 3145 5023 est
3190 4970 3331 5040 quod
3363 4970 3579 5041 plurimi

2006 5077 2191 5117 eorum
2214 5058 2328 5131 qui,
2352 5074 2448 5132 per
2471 5059 2667 5115 fastum
2691 5059 2873 5115 mundi
2894 5059 3040 5123 elati,
3065 5070 3439 5131 persecutores
3458 5070 3581 5116 ante

2005 5152 2220 5207 fuerant
2272 5150 2592 5207 Christianae
2640 5150 2945 5222 religionis,
2997 5150 3192 5217 iidem,
3239 5151 3579 5221 postmodum

2007 5241 2285 5306 conversi,
2322 5248 2505 5295 essent
2552 5247 2854 5295 assertores
2881 5239 3176 5295 ﬁrmissimi
3204 5240 3480 5306 veritatis,
3528 5247 3580 5293 et

2010 5346 2116 5384 non
2157 5330 2419 5385 dederunt
2443 5344 2609 5384 cornu
2637 5328 2930 5398 peccaturi,
2973 5330 3100 5399 quia
3139 5344 3245 5382 non
3272 5328 3579 5382 consentie-

2008 5421 2141 5477 bant
2185 5422 2482 5492 iniquitati;
2508 5421 2664 5492 juxta
2697 5421 2826 5475 illnd
2854 5421 3065 5484 Esther,
3105 5435 3223 5490 quae
3250 5420 3306 5474 in
3334 5419 3578 5477 oratione

2008 5527 2104 5568 sua
2126 5513 2261 5568 dixit
2289 5532 2302 5567 :
2333 5511 2414 5567 Ne
2436 5513 2635 5578 tradas,
2659 5512 2898 5577 Domine,
2926 5520 3181 5581 sceptrum
3206 5520 3353 5564 tuum
3381 5511 3462 5566 his
3487 5513 3579 5584 qui

2010 5618 2111 5656 non
2137 5612 2256 5657 sunt
2280 5601 2453 5673 (Esth.
2486 5601 2621 5672 xiv).

2082 5693 2147 5747 Et
2171 5693 2834 5763 appropinquaverunt'dies
2852 5691 3153 5748 .‘llathathtu:
3170 5695 3448 5758 moriendi,
3471 5706 3574 5751 etc.
