3928 6168
357 377 487 431 ιιιτ

1018 373 1078 428 Β.
1117 371 1370 426 ΒΛΒᾹΝΙ
1409 371 1626 426 ΜΑωιι
1663 367 1952 423 ΑΠΟΙΗΕΡ

2063 363 2328 421 [ΟΟΠΝΤ.
2371 363 2656 420 OPERUM
2693 361 2876 418 PARS
2913 359 2953 416 l.

3473 361 3612 419 1148

355 491 670 547 Exhortatio
697 489 811 544 lucc
853 487 1189 547 Mathatbire,
1233 485 1323 556 qui
1353 484 1757 539 exhortabatur
1787 481 1924 534 ﬁlios
1955 483 2003 538 Α
2031 475 2344 544 Sancti/ica,
2369 474 2560 544 inquit,
2596 491 2682 530 eos
2706 475 2762 528 in
2789 474 3024 528 veritate.
3063 472 3245 530 Sermo
3275 485 3399 529 tuus
3427 473 3621 530 veritas

355 599 482 638 suos
512 592 564 634 ut
591 587 932 634 :rmulatores
955 586 1136 631 essent
1155 577 1289 647 legis
1309 575 1403 630 Dei
1429 584 1483 630 et
1507 575 1696 629 darent
1720 573 1932 626 animas

358 689 484 730 suas
512 689 610 742 pro
642 680 964 725 testamento
994 651 1228 737 patrum,
1261 668 1396 722 bene
1423 665 1672 720 convenit
1701 679 1933 732 evange-

360 768 477 822 lica:
528 764 820 821 doctrinm,
872 762 996 830 quia
1043 761 1154 829 ipsa
1201 757 1413 813 Veritas
1464 757 1754 824 discipulos
1805 770 1932 808 suos

358 857 540 911 verbis
585 864 641 909 et
686 853 945 922 exemplis
977 851 1278 906 instruebat
1305 848 1574 918 quomodo
1619 849 1934 901 resisterent

357 947 626 1003 universis
681 945 956 999 erroribus
1000 943 1342 1004 Judacornm,
1392 955 1720 1009 paganorum
1773 949 1935 1008 atque

359 1038 729 1094 hmreticorum
753 1077 765 1097 ,
803 1043 858 1090 et
897 1035 1152 1088 mundum
1203 1031 1674 1102 praedicationibus
1719 1031 1831 1083 suis
1870 1029 1936 1082 ad

361 1127 517 1182 lidcm
575 1134 978 1188 converterent;
1029 1125 1308 1194 ipsamque
1361 1123 1658 1176 doctrinam
1706 1136 1860 1174 suam
1905 1135 1932 1173 a

367 1219 678 1275 testimonio
721 1218 854 1286 legis
900 1226 954 1271 et
977 1218 1356 1287 prophetarum
1387 1212 1687 1268 afﬁrmabat
1711 1255 1725 1278 ,
1755 1222 1936 1267 osten-

363 1309 493 1363 dens
542 1307 788 1360 eumdem
839 1321 960 1360 esse
1006 1313 1281 1358 auctorem
1331 1301 1464 1356 Novi
1500 1300 1592 1370 qui
1631 1309 1686 1356 et
1731 1299 1939 1355 Veteris

371 1399 713 1454 Testamenti.

449 1485 546 1542 Vos
593 1504 742 1556 ergo,
792 1486 920 1555 filii,
956 1485 1324 1554 confortamini
1353 1495 1400 1538 et
1447 1484 1669 1538 viriliter
1704 1484 1842 1552 agite
1887 1483 1943 1536 in

364 1581 492 1651 lege.
540 1580 792 1648 Legimus
835 1579 886 1631 in
931 1577 1222 1646 Evangelio
1248 1575 1470 1630 Joannis
1508 1575 1649 1646 quod
1693 1573 1944 1628 Salvator

365 1671 432 1725 ad
465 1670 766 1740 passionem
796 1681 1093 1737 properans
1135 1666 1322 1721 eadem
1369 1675 1526 1722 nocte
1565 1681 1670 1735 qua
1718 1665 1944 1718 traditus

364 1768 488 1824 est,
543 1767 666 1828 post
714 1773 924 1812 emnam
975 1758 1256 1827 mysticam
1303 1766 1357 1811 et
1391 1756 1712 1810 lavationem
1747 1755 1942 1822 pedum

2033 579 2140 629 est;
2177 569 2310 620 sicut
2347 584 2428 621 me
2470 566 2657 620 misisti
2687 568 2741 620 in
2782 565 3061 628 mundum,
3083 573 3132 618 et
3166 580 3263 634 ego
3289 565 3412 620 misi
3450 583 3541 620 eos
3569 569 3622 620 in

2035 657 2311 721 mundum,
2341 665 2390 709 ct
2420 672 2514 726 pro
2544 657 2619 709 eis
2645 654 2918 722 sancti/ica
2943 653 3216 722 meipsum,
3245 662 3300 706 ut
3320 654 3428 708 sint
3447 665 3498 708 et
3525 654 3624 724 ipsi

2034 745 2348 814 sanctiﬁcati
2373 746 2429 799 in
2459 746 2693 809 veritate,
2723 751 2830 798 etc.
2860 742 3072 814 (Ibid.).
3106 742 3327 798 Talibus
3353 743 3505 798 enim
3546 743 3612 797 lo-

2037 836 2341 890 cutionibus
2363 834 2686 889 Mathathias
2713 842 2898 887 noster
2919 848 3048 887 suos
3081 832 3329 888 alumnos
3368 833 3625 888 instruxit

2038 941 2102 980 ae
2123 925 2416 982 benedixit.
2444 925 2642 994 Sicque
2683 925 2891 993 positus
2915 932 3002 978 est
3024 925 3090 977 ad
3115 935 3300 992 patres
3321 938 3473 988 suos,
3499 924 3624 994 quia

2036 1033 2135 1088 per
2153 1017 2358 1082 omnia,
2389 1017 2528 1071 sicut
2553 1017 2618 1071 de
2642 1031 2707 1070 eo
2737 1016 2996 1086 scriptum
3027 1023 3168 1081 erat,
3199 1024 3514 1070 sanctorum
3533 1032 3626 1086 pa-

2039 1115 2180 1158 trum
2207 1106 2366 1169 dicta,
2395 1105 2649 1174 passione
2670 1121 2788 1169 sua,
2813 1119 2878 1160 ac
2899 1107 3301 1160 resurrectione
3320 1119 3440 1171 sua,
3467 1114 3628 1173 atque

2039 1194 2378 1259 ascensione,
2412 1194 2681 1263 implendo
2707 1195 3067 1249 conﬁrmavit.

2109 1285 2179 1338 Et
2204 1285 2484 1354 defunctus
2511 1295 2586 1339 est
2633 1287 2910 1340 centesimo
2957 1295 3006 1340 ct
3042 1287 3446 1356 quadragesimo
3485 1298 3628 1342 sea-to

2041 1393 2202 1442 anno,
2230 1386 2278 1430 et
2305 1375 2538 1444 sepultus
2573 1387 2648 1430 est
2679 1395 2710 1431 α
2739 1377 2868 1445 ﬁliis
2895 1378 2948 1430 in
2981 1376 3238 1448 sepulcris
3259 1389 3474 1448 patrum
3503 1396 3628 1432 suo-

2043 1485 2157 1524 rum
2185 1469 2240 1522 in
2271 1468 2476 1522 Modin.
2509 1468 2683 1538 Supra
2707 1470 2909 1524 dictum
2941 1471 3190 1540 estquod
3216 1470 3552 1525 Mathathias
3578 1473 3629 1526 in

2043 1558 2342 1614 centesimo
2385 1567 2441 1613 et
2488 1559 2899 1628 quadragesimo
2947 1569 3102 1615 sexto
3149 1576 3328 1627 anno,
3384 1563 3634 1632 gentibus

2046 1649 2302 1719 templum
2332 1649 2425 1704 Dei
2463 1649 2906 1720 profanantibns,
2937 1653 3259 1719 surrexerit,
3289 1661 3345 1709 et
3376 1653 3470 1707 lilii
3497 1655 3632 1724 ejus,

2047 1741 2226 1796 zelare
2273 1741 2444 1814 legem
2476 1741 2572 1796 Dei
2601 1751 2658 1797 et
2695 1743 2972 1798 vindicare
2999 1753 3206 1799 sancta.
3233 1743 3387 1800 Nunc
3421 1761 3638 1815 quoque

365 1864 526 1918 quam
544 1827 826 1918 discipulis
851 1847 964 1901 suis
991 1847 1311 1916 praecinctus
1339 1845 1504 1900 linteo
1524 1846 1800 1911 exhibuit,
1827 1844 1944 1915 plu-
1976 1827 2019 1884 Β
2049 1831 2326 1902 scripuli“
2381 1831 2547 1887 fere”
2595 1835 2843 1889 eumdem
2908 1833 3260 1890 Μὶιιιιθῑῖιῖειιη
3331 1836 3631 1892 εθηιεεῖυεο

369 1940 506 1992 rima
535 1937 926 1992 exhortationis
956 1953 1066 1991 sua:
1087 1936 1377 2006 praebuerit
1401 1936 1719 1989 documenta
1743 1975 1758 1998 ,
1806 1935 1948 1988 inter

367 2043 490 2098 quae
535 2035 590 2080 et
631 2027 936 2095 passionem
984 2040 1102 2093 quas
1151 2025 1229 2079 eis
1277 2025 1330 2078 in
1381 2023 1580 2078 mundo
1607 2033 1724 2078 erat
1767 2023 1946 2076 futura

368 2119 636 2189 przedixit,
662 2125 714 2172 et
741 2117 964 2188 gloriam
995 2115 1157 2170 futuri
1187 2116 1338 2188 regni
1368 2131 1430 2170 ac
1458 2115 1712 2186 gaudium
1757 2111 1949 2168 eteles-

370 2209 442 2262 tis
505 2207 693 2278 patria:
737 2207 983 2276 promisit
1034 2205 1216 2277 (Joan.
1269 2205 1412 2275 xui).
1461 2205 1567 2259 Sed
1611 2203 1738 2272 quia
1799 2217 1947 2256 mors

369 2297 679 2353 Mathathim
706 2299 1011 2368 passionem
1044 2295 1351 2367 prmﬁgurat
1381 2294 1782 2364 Redemptoris,
1815 2308 1950 2362 quo-

370 2389 531 2444 modo
562 2387 814 2443 Ecclesia:
866 2387 1235 2458 magisterium
1282 2385 1612 2440 ordinaverit
1654 2399 1752 2452 per
1789 2397 1949 2437 omne

374 2492 586 2550 tempus
613 2481 897 2550 praesentis
920 2480 1046 2534 vitae
1073 2480 1375 2535 audiamus.

449 2573 514 2628 Et
561 2591 676 2628 ecce
704 2573 914 2628 Simeon
940 2573 1105 2642 frater
1132 2584 1311 2637 vester,
1333 2573 1439 2627 scio
1469 2573 1608 2644 quod
1642 2573 1719 2626 vir
1747 2569 1951 2625 consilii

373 2674 450 2720 est
471 2678 491 2716 :
514 2665 682 2732 ipsum
705 2664 880 2718 audite
897 2680 1116 2734 semper,
1131 2673 1180 2718 et
1201 2665 1308 2734 ipse
1328 2665 1425 2720 erit
1438 2665 1577 2719 vobis
1590 2673 1754 2733 pater.
1772 2661 1949 2733 Supra

374 2756 611 2812 diximus
639 2758 780 2826 quod
811 2757 1028 2813 Simeon
1060 2760 1278 2814 audiens
1303 2760 1707 2828 interpretatur,
1731 2766 1787 2812 et
1813 2757 1954 2813 bene

374 2847 514 2902 dixit
543 2846 848 2902 Simeonem
879 2848 1052 2903 virum
1081 2865 1204 2905 esse
1231 2849 1459 2909 consilii,
1487 2849 1612 2918 quia
1639 2849 1754 2918 qui,
1784 2847 1954 2918 Spiri-

379 2947 466 2996 tus
488 2940 658 2995 sancti
684 2940 854 3010 gratia
877 2941 1124 3004 docente,
1149 2941 1330 2995 auditu
1361 2941 1700 2995 instruuntur
1721 2941 1949 3002 interno,

377 3027 538 3084 utiles
585 3043 684 3098 per
709 3027 888 3082 omnia
918 3037 1078 3097 atque
1109 3029 1317 3083 habiles
1347 3037 1472 3083 sunt
1502 3029 1746 3084 consilio.
1801 3028 1954 3085 Unde

377 3117 662 3174 Psalmista
690 3119 764 3173 ait
793 3137 805 3173 :
837 3119 1063 3173 Audiam
1082 3121 1205 3192 quid
1221 3119 1468 3190 loquatur
1496 3119 1748 3174 Dominus
1770 3119 1823 3173 in
1847 3136 1949 3186 me,

2049 1924 2464 1994 quadragesimo
2499 1932 2656 1978 sexto
2680 1940 2822 1978 anno
2857 1923 3172 1980 defunctum
3203 1941 3344 1980 esse.
3380 1925 3508 1980 lude
3537 1943 3635 1996 ap-

2047 2021 2204 2082 paret
2251 2011 2394 2082 quod
2437 2029 2546 2068 non
2588 2014 2820 2084 amplius
2849 2031 3013 2084 quam
3055 2029 3164 2070 uno
3191 2031 3333 2070 anno
3359 2032 3486 2071 cum
3515 2017 3638 2072 ﬁliis

2049 2104 2162 2160 suis
2199 2115 2322 2174 post
2351 2105 2643 2174 incmptam
2671 2105 2930 2162 ultionem
2962 2108 3169 2177 pariter
3199 2108 3426 2172 vixerit,
3455 2111 3640 2178 sicque

2051 2195 2334 2252 defunctus
2355 2205 2456 2251 est.
2485 2197 2590 2252 lste
2612 2197 2757 2252 enim
2789 2213 3047 2254 numerus
3066 2214 3327 2253 annorum
3349 2199 3492 2254 bene
3514 2216 3642 2254 con-

2049 2289 2197 2343 venit
2226 2289 2484 2360 tuysterio
2511 2291 2803 2346 Dominicze
2837 2293 3105 2361 passionis
3124 2334 3138 2356 ,
3170 2294 3294 2363 quia
3319 2302 3447 2364 post
3473 2294 3640 2365 pleni-

2053 2382 2294 2437 tudinem
2321 2383 2582 2453 temporis
2611 2399 2716 2452 qua
2745 2385 2886 2439 Deus
2915 2385 3110 2438 Filium
3134 2386 3351 2441 mittere
3379 2388 3638 2454 decrevit,

2050 2473 2346 2527 secundum
2389 2474 2790 2528 attestationem
2841 2474 2972 2546 legis
3019 2483 3074 2528 et
3110 2475 3428 2547 Evangelii,
3483 2486 3638 2532 sexta

2048 2571 2208 2618 aetate
2257 2564 2436 2619 seculi
2490 2563 2784 2636 [Salvator]
2838 2565 3147 2631 hominem,
3200 2565 3294 2634 qui
3355 2574 3518 2622 sexto
3557 2568 3644 2623 die

2051 2666 2266 2710 creatus
2312 2664 2427 2720 est,
2455 2665 2608 2711 sexta
2649 2655 2736 2710 die
2777 2671 2990 2724 passus,
3025 2656 3304 2726 sanguinis
3343 2657 3428 2711 sui
3467 2656 3642 2726 pretio

2050 2744 2289 2816 perfecte
2314 2747 2543 2801 redemit
2577 2761 2642 2802 ac
2669 2749 2958 2817 reparavit.
2987 2746 3143 2814 Quod
3171 2756 3352 2802 autem
3401 2749 3647 2819 sepultus

2053 2835 2255 2892 dicitur
2285 2851 2316 2890 a
2360 2834 2486 2890 ﬁliis
2531 2837 2646 2892 suis
2684 2838 2736 2890 in
2775 2836 3023 2908 sepulcro
3051 2845 3266 2906 patrum
3317 2853 3541 2892 suorum
3591 2839 3644 2894 in

2057 2927 2256 2990 Modin,
2285 2927 2557 2999 signiﬁcat
2576 2929 2844 2998 passionis
2874 2943 2986 2984 sua:
3009 2929 3326 2984 memoriam
3349 2930 3594 2998 quotidie
3614 2944 3642 2984 a

2056 3017 2304 3072 lldelibus
2327 3017 2382 3071 in
2425 3025 2609 3072 sancta
2631 3017 2906 3082 Ecclesia,
2939 3017 3030 3072 ubi
3063 3017 3253 3088 judicii
3279 3026 3336 3073 et
3378 3019 3650 3088 aequitatis

2057 3105 2212 3161 locus
2234 3113 2319 3160 est
2335 3147 2350 3171 ,
2379 3121 2620 3177 congrue
2639 3105 2921 3171 venerari,
2966 3105 3350 3176 planctumque
3376 3105 3646 3163 salubrem

371 3213 622 3280 quoniam
663 3210 902 3280 loquetur
925 3171 1106 3280 paceni
1131 3212 1183 3264 in
1215 3171 1408 3280 plebem
1436 3227 1609 3274 suam,
1643 3218 1744 3264 etc.
1777 3209 1948 3280 (Psal.
1982 3171 2026 3232 Ο
2060 3199 2261 3254 ibidem
2283 3198 2544 3254 celem'al'i
2565 3239 2580 3265 9
2619 3199 2745 3268 quia
2774 3207 2993 3254 πίθηκε
3019 3199 3143 3254 Viue
3173 3199 3446 3254 άθεῖάθτίο
3474 3198 3647 3255 sane“

378 3296 614 3375 axxxn').
662 3298 729 3358 Ει
757 3300 808 3357 in
838 3298 1156 3374 Apocalypsi
1187 3321 1199 3358 :
1231 3297 1334 3368 Qui
1359 3297 1530 3368 audit,
1561 3299 1763 3376 inquit,
1793 3299 1955 3368 dicat,

369 3393 518 3454 ,Veui
562 3394 744 3466 (Apoc.
779 3393 934 3464 xm).
991 3393 1254 3448 Hortatur
1283 3410 1382 3449 nos
1425 3395 1684 3464 magister
1725 3395 1959 3450 ccclestis

380 3490 650 3552 quatenus
697 3482 818 3536 illos
847 3483 1128 3538 audiamus
1156 3498 1292 3553 quos
1323 3483 1436 3552 ipse
1464 3483 1693 3538 interius
1737 3483 1956 3551 docens,

380 3573 625 3630 salubres
652 3573 808 3628 nobis
837 3587 956 3628 esse
980 3573 1106 3629 fecit
1132 3575 1436 3651 magistros.

461 3665 527 3720 Et
579 3665 786 3733 Iudas,
829 3667 1023 3738 inquit,
1074 3654 1408 3722 Macltuba’u's
1456 3667 1606 3738 fortis
1657 3670 1850 3722 viribus
1893 3669 1960 3723 sit

379 3763 520 3820 vobis
556 3764 796 3834 princeps
825 3763 1048 3830 militiis,
1092 3765 1200 3834 ipse
1224 3775 1338 3835 aget
1377 3764 1564 3819 bellum
1592 3765 1790 3836 populi.
1821 3763 1962 3830 Quid

379 3869 478 3924 per
499 3855 691 3910 Judam
723 3855 1106 3920 Macbabwum,
1135 3856 1235 3911 nisi
1262 3856 1419 3925 primi
1448 3857 1833 3925 przudicatores
1869 3854 1962 3909 de-

377 3949 660 4016 signantur
691 3947 982 4018 Evangelii,
1015 3949 1104 4018 qui
1133 3988 1147 4013 ,
1179 3949 1247 4002 ab
1272 3949 1388 4018 ipso
1416 3947 1694 4002 Salvatore
1731 3945 1959 4008 eruditi,

381 4039 558 4096 idonei
581 4038 800 4094 fuerunt
821 4041 886 4094 ad
913 4040 1176 4112 agendum
1203 4040 1402 4096 bellum
1424 4038 1717 4094 Christiani
1747 4037 1962 4107 populi?

387 4129 496 4187 Sed
539 4132 664 4201 quia
691 4131 858 4188 Jndas
890 4131 1145 4202 confessio
1175 4132 1579 4201 interpretatur,
1612 4137 1666 4184 et
1689 4129 1962 4198 plerisque

383 4221 440 4277 in
469 4222 603 4277 locis
631 4231 812 4293 typum
839 4231 986 4278 tenet
1014 4223 1180 4292 ipsius
1211 4221 1526 4288 Salvatoris,
1555 4221 1790 4290 sciamus
1833 4229 1962 4273 tunc

380 4315 754 4371 ordinabilitcr
786 4315 868 4385 agi
903 4314 1100 4370 bellum
1145 4321 1418 4376 nostrum,
1458 4311 1673 4382 quando
1719 4311 1834 4380 ipse
1886 4309 1964 4364 di-

384 4413 581 4476 gnatur
599 4405 832 4476 dirigere
861 4413 916 4458 et
934 4404 1215 4460 consilium
1238 4411 1294 4459 et
1315 4412 1492 4457 actum
1517 4410 1780 4457 nostrum.
1812 4399 1963 4456 Unde

2055 3294 2162 3348 viri
2211 3293 2454 3352 accensi.
2491 3293 2546 3347 in
2575 3292 2818 3346 cordium
2863 3307 3084 3350 suorum
3129 3291 3394 3351 cubiculis
3433 3291 3650 3348 student

2059 3384 2358 3446 salutiferis
2387 3386 2641 3462 lacrymis
2670 3385 2979 3462 compungi.

2060 3570 2302 3628 Surrexit
2345 3571 2520 3626 Judas
2565 3571 2905 3626 Machabwus
2948 3574 3004 3626 in
3034 3571 3389 3640 defensionem
3439 3573 3651 3636 Israel;

2128 3642 2318 3712 occidit
2341 3641 2698 3712 Apollonium,
2729 3642 2972 3710 auferens
2995 3643 3113 3712 ejus
3139 3641 3397 3712 gladium.
3438 3643 3646 3697 Occidit

2130 3721 2180 3766 et
2219 3711 2393 3782 Seron
2418 3712 2702 3782 principem
2728 3713 2984 3782 exercitus
3015 3711 3209 3781 Syriaz.
3247 3711 3420 3766 Jussit
3471 3715 3653 3767 Antio-

2131 3782 2259 3904 flltps
2285 3790 2339 3835 ut
2360 3779 2546 3852 Lysias
2571 3780 2857 3835 destrueret
2886 3779 3128 3837 Isracl'et
3157 3783 3367 3853 penitus
3406 3783 3471 3837 de
3512 3793 3650 3836 terra

2171 3869 2196 3904 e
2219 3861 2348 3904 cret.

2171 3861 2348 3906 eteret.

2132 3941 2201 3994 Et
2227 3942 2454 3995 surrexit
2477 3940 2670 4004 Iudas,
2699 3941 2790 4010 qui
2816 3941 3097 3996 vocabatur
3123 3941 3480 4009 Machaba’us,
3505 3943 3650 4012 filius

2060 4033 2176 4102 ejus
2209 4048 2303 4102 pro
2325 4047 2404 4085 eo.
2432 4030 2730 4085 Mathathia
2757 4029 3072 4096 decedente,
3098 4031 3265 4087 Judas
3286 4031 3652 4095 Machabzcus,

2062 4122 2205 4177 ﬁlius
2232 4122 2380 4192 ejus,
2428 4121 2692 4176 successit
2721 4121 2774 4176 in
2801 4119 2978 4176 locum
3012 4123 3200 4192 ipsius,
3231 4138 3395 4193 quem
3425 4122 3650 4192 adjuva-

2061 4215 2196 4270 bant
2217 4231 2406 4269 omnes
2434 4215 2636 4270 fratres
2658 4214 2796 4284 ejus,
2822 4224 2876 4271 et
2899 4217 3134 4272 universi
3162 4218 3254 4286 qui
3279 4233 3338 4273 se
3355 4218 3658 4288 junxerant

2062 4308 2201 4379 patri
2239 4307 2375 4378 ejus.
2408 4307 2545 4374 Quid
2574 4324 2704 4381 ergo
2733 4309 2835 4364 hoc
2866 4308 3010 4365 iacto
3055 4312 3210 4366 nobis
3237 4313 3509 4378 innuitur,
3554 4315 3655 4367 nisi

2062 4397 2393 4469 Redemptor
2430 4408 2614 4454 noster
2661 4409 2948 4470 postquam
2995 4403 3248 4470 passione
3294 4419 3358 4458 ac
3414 4420 3659 4458 resurre-

385 4496 502 4566 ipsa
528 4495 742 4552 Veritas
771 4495 1048 4564 discipulis
1077 4497 1153 4549 ait
1183 4513 1196 4550 :
1232 4494 1440 4550 Maneto:
1485 4496 1539 4548 in
1586 4510 1666 4549 me
1703 4504 1749 4548 et
1777 4509 1868 4564 ego
1906 4493 1962 4546 in
1993 4529 2041 4589 Β
2065 4490 2244 4546 ctione
2279 4505 2378 4546 sua
2421 4491 2688 4560 completa
2727 4491 2972 4546 ascendit
2997 4493 3052 4546 in
3095 4491 3282 4558 celos,
3311 4509 3660 4547 successores

384 4585 527 4639 vobis
555 4597 574 4636 :
603 4585 738 4638 sicut
767 4583 966 4654 palmes
991 4598 1094 4636 non
1119 4592 1284 4653 potest
1309 4581 1446 4652 ferre
1484 4600 1516 4636 a
1549 4583 1820 4652 semetipso
1844 4582 1960 4652 fru-

386 4685 548 4741 ctum,
595 4676 694 4729 nisi
721 4673 968 4728 manserit
1013 4675 1068 4728 in
1104 4676 1230 4741 vite,
1263 4676 1338 4728 sic
1365 4691 1455 4728 ncc
1482 4691 1590 4740 vos,
1639 4673 1742 4728 nisi
1786 4675 1842 4727 in
1883 4691 1964 4728 me

386 4767 708 4832 manseritis,
739 4767 863 4837 quia
895 4765 1006 4820 sine
1047 4783 1128 4820 me
1161 4765 1290 4820 nihil
1330 4766 1540 4838 potestis
1569 4766 1740 4836 facere
1779 4765 1961 4837 (Joan.

386 4855 500 4928 xv).
556 4857 643 4921 Et,
679 4856 811 4910 Ecce
837 4873 928 4928 ego
963 4873 1078 4910 sum
1106 4857 1368 4911 vobiscum
1393 4855 1628 4910 omnibus
1657 4855 1835 4910 diebus
1874 4874 1964 4910 us—

386 4965 486 5019 que
521 4949 591 5003 ad
625 4951 1124 5004 consummationem
1149 4948 1330 5004 stcculi
1361 4948 1572 5021 (Matth.
1609 4947 1820 5018 xxvul).

460 5037 528 5092 Et
553 5039 807 5094 benedixit
830 5057 940 5105 eos,
966 5049 1012 5094 et
1033 5042 1299 5112 appositus
1321 5051 1393 5096 est
1415 5041 1484 5095 ad
1498 5051 1670 5112 patres
1689 5058 1832 5108 suos,
1857 5050 1961 5096 etc.

390 5127 664 5202 Scriptum
693 5131 964 5187 invenitur
986 5133 1040 5187 in
1066 5133 1356 5205 Evangelio
1384 5134 1652 5204 quomodo
1692 5133 1964 5200 Salvator,

387 5237 672 5298 postquam
703 5224 876 5280 ﬁnivit
915 5241 1127 5282 cmnam
1177 5242 1336 5295 (fuam
1387 5242 1509 5281 cum
1538 5226 1814 5297 discipulis
1856 5227 1968 5283 suis

391 5329 518 5373 ante
539 5316 841 5388 passionem
867 5331 1018 5370 suam
1040 5315 1248 5382 habuit,
1272 5314 1965 5386 ultimamprzndicationem

391 5425 496 5480 qua
523 5407 825 5464 instruebat
851 5407 967 5478 ipsa
1017 5415 1176 5461 nocte
1206 5405 1527 5478 discipulos,
1558 5407 1625 5462 ad
1661 5417 1966 5462 extremum

391 5499 636 5554 oratione
659 5499 726 5552 ad
751 5497 970 5552 Patrem
998 5495 1222 5561 directa,
1253 5496 1494 5564 ﬁnierat,
1540 5514 1775 5568 suosque
1804 5497 1967 5552 disci-

392 5588 546 5657 pulos
575 5588 672 5658 ipsi
707 5586 1002 5654 servandos
1029 5587 1518 5653 commendaverat,
1552 5589 1776 5643 dicens:
1815 5586 1971 5641 Pater

394 5687 590 5744 sancte,
641 5694 785 5731 serva
811 5694 898 5732 eos
923 5679 975 5732 in
1003 5678 1208 5732 nomine
1231 5686 1318 5731 tuo
1343 5695 1470 5748 quos
1503 5679 1690 5732 dedisti
1717 5679 1862 5741 milli,
1914 5689 1968 5732 ut

395 5767 494 5821 sint
542 5785 701 5824 unum
725 5781 855 5825 sicut
897 5780 941 5826 et
973 5789 1064 5826 nos
1112 5769 1291 5842 (Joan.
1325 5770 1475 5836 xvn).
1512 5771 1574 5824 Et
1615 5770 1772 5833 paulo
1800 5781 1914 5840 post
1955 5790 1966 5826 :

2067 4580 2168 4636 sibi
2191 4581 2244 4634 in
2271 4581 2578 4651 evangelica
2594 4581 2995 4652 praedicatione,
3019 4582 3185 4638 misso
3207 4583 3273 4637 de
3289 4583 3432 4637 emlo
3452 4583 3657 4654 Spiritu

2068 4681 2276 4736 sancto,
2303 4671 2572 4741 apostolos
2600 4672 2835 4742 primum
2860 4671 3150 4738 ordinavit,
3173 4673 3265 4742 qui
3286 4676 3483 4728 merito
3507 4674 3658 4730 Judzc

2067 4762 2312 4826 nomine,
2341 4761 2444 4815 hoc
2468 4769 2550 4815 est
2580 4761 2901 4830 conﬁtentes,
2931 4770 3238 4835 censentur,
3273 4763 3403 4832 quia
3433 4763 3501 4819 de
3529 4764 3659 4835 ipsis

2070 4853 2242 4909 Lucas
2269 4854 2324 4907 in
2349 4853 2638 4923 Evangelio
2665 4828 2740 4907 ait
2770 4869 2785 4908 :
2821 4828 2988 4908 Erant
3013 4872 3210 4926 semper
3239 4828 3514 4926 its-templo
3539 4828 3659 4911 lau-

2069 4957 2252 5000 aantes
2290 4955 2338 5000 et
2373 4943 2727 4999 bencdicentes
2757 4944 3042 4999 Dominum
3084 4945 3237 5017 (Luc.
3281 4946 3458 5019 xxiv).
3507 4947 3661 5003 Hunc

2069 5054 2198 5110 ergo
2221 5053 2410 5092 omnes
2440 5038 2635 5094 fratres
2662 5039 2743 5094 sui
2774 5048 2829 5094 et
2861 5039 3099 5095 universi
3137 5042 3230 5110 qui
3266 5057 3326 5097 se
3356 5043 3658 5113 conjunxe-

2071 5139 2192 5184 rant
2235 5129 2377 5200 patri
2419 5129 2536 5198 ejus
2580 5129 2910 5199 adiuvabant
2946 5148 2960 5184 :
3013 5131 3142 5202 quia
3184 5131 3418 5188 minoris
3453 5133 3661 5188 ordinis

2068 5221 2208 5286 viri,
2269 5231 2323 5276 et
2367 5237 2554 5277 omnes
2599 5221 2884 5278 credentes
2921 5223 3014 5293 qui
3055 5224 3302 5294 dogmate
3332 5223 3544 5280 Christi
3588 5223 3659 5279 ad

2073 5311 2232 5367 ﬁdem
2253 5321 2638 5376 convenerunt,
2667 5313 2719 5368 in
2738 5314 3082 5369 attestatione
3107 5314 3386 5384 Evangelii
3409 5331 3510 5372 oro
3531 5314 3660 5372 vitio

2070 5406 2171 5462 bus
2199 5406 2367 5461 choro
2396 5405 2760 5474 apostolorum
2783 5405 3206 5462 collaborabant.

2143 5496 2212 5552 Et
2251 5494 2632 5566 prwliabantur
2673 5495 2914 5566 pra'lium
2966 5494 3137 5551 Israel
3175 5511 3296 5549 cum
3337 5493 3563 5560 la’titia,
3603 5509 3656 5554 et

2069 5586 2310 5642 dilatavit
2350 5585 2572 5656 gloriam
2613 5585 2804 5656 papula
2841 5603 2958 5643 suo.
2999 5584 3135 5652 Quia
3169 5583 3286 5656 ipse
3330 5586 3664 5656 apostolicus

2072 5689 2279 5743 orntus,
2333 5676 2570 5748 Spiritus
2609 5676 2781 5732 sancti
2834 5677 3005 5748 gratia
3058 5675 3294 5747 repletus
3322 5715 3340 5742 ,
3393 5675 3661 5733 instamer

2075 5773 2270 5839 ubique
2299 5769 2519 5824 verbum
2553 5767 2643 5823 Dei
2675 5768 3034 5838 praedicabat,
3062 5767 3362 5837 gaudentes
3405 5767 3459 5822 in
3489 5765 3662 5822 tribuo
