3934 6186
464 373 600 433 "Si

1138 372 1197 427 Β.
1241 370 1493 427 RABANI
1530 370 1748 428 MAURI
1784 368 2099 426 ARCHIEP.
2138 368 2447 427 MOGUNT.
2489 367 2775 427 OPERUM
2815 368 2999 427 PARS
3040 370 3082 427 l.

3598 375 3735 434 115!

466 488 669 545 Paulus
688 492 865 549 docet,
897 485 1081 539 dicens
1107 502 1121 536 :
1148 481 1207 537 Si
1234 484 1475 537 esurierit
1499 484 1739 537 inimicus
1764 492 1903 546 tuus,
1930 480 2044 534 ciba
2072 485 2119 545 Α
2148 478 2287 545 Quid
2318 495 2415 550 per
2439 478 2654 551 Lysiam
2673 519 2687 544 ,
2714 480 2818 535 nisi
2845 479 3021 535 fastus
3061 486 3366 540 mundanus
3393 489 3731 556 designatum

462 576 646 640 illum;
669 576 713 628 si
726 574 854 639 sitit,
879 583 1057 643 potum
1075 573 1143 627 da
1163 572 1275 639 illi;
1293 573 1388 626 hoc
1408 574 1545 628 enim
1564 574 1781 644 faciens,
1798 572 2043 626 carbones

462 668 598 739 ignis
619 682 861 736 congeres
888 682 1044 735 super
1061 675 1217 735 caput
1237 665 1370 734 ejus.
1398 664 1525 720 Noli
1553 665 1687 719 vinci
1710 683 1741 719 a
1763 664 1926 729 malo,
1954 664 2043 717 sed

464 759 606 813 vince
629 758 684 811 in
707 758 838 810 bono
870 756 1064 810 malum
1090 756 1266 826 (Rom.
1298 755 1417 828 sn).

534 847 600 900 Et
626 847 921 901 ceciderunt
956 863 1019 899 ea;
1055 847 1123 899 eis
1154 845 1429 915 octingenti
1456 845 1572 899 viri.
1601 844 1743 899 Bene
1771 859 1869 914 per
1897 854 2045 898 octo«

465 938 681 992 narium
711 953 991 991 numerum
1018 952 1225 991 summa
1272 937 1611 992 concluditur
1637 936 1925 991 salubriter
1955 950 2046 989 ca-

465 1030 728 1094 dentium,
762 1030 887 1099 quia
930 1029 1004 1082 illi
1033 1029 1123 1098 qui
1154 1028 1452 1082 voluntarie
1481 1028 1680 1082 cedunt
1707 1026 1944 1092 veritati,
1989 1033 2045 1081 et

463 1119 881 1183 circumcisione
910 1118 1137 1188 Spiritali
1159 1134 1348 1172 omnes
1375 1134 1404 1171 a
1436 1133 1494 1173 se
1516 1118 1802 1172 abscidunt
1820 1117 2041 1187 spirita-

468 1208 597 1264 liter
624 1208 944 1280 voluptates,
976 1217 1030 1263 et
1066 1217 1189 1263 octo
1212 1208 1603 1263 beatitudinum
1639 1209 1855 1263 student
1885 1208 1938 1261 in
1984 1223 2045 1263 se

465 1299 780 1370 recolligere
808 1299 1058 1352 virtutes.

506 1388 509 1391 ’
535 1388 725 1443 (Ῑανιενὶ
754 1398 924 1443 autem
948 1389 1038 1460 qui
1064 1390 1307 1460 fugerunt
1330 1397 1575 1443 uenerunt
1610 1388 1663 1442 in
1696 1399 1890 1443 terram
1912 1383 2045 1441 Plii-

462 1481 698 1535 listhiim.
749 1480 885 1549 Quia
916 1481 1131 1550 quidam
1154 1489 1561 1551 persecutorum
1581 1521 1594 1544 ,
1627 1480 1753 1535 licet
1788 1467 2048 1533 resistere

462 1571 610 1625 nullo
641 1572 800 1625 modo
853 1571 1068 1626 veritati
1119 1573 1358 1641 possint,
1393 1580 1572 1625 tamen
1617 1571 1788 1641 magis
1840 1569 2044 1640 eligunt

462 1660 751 1731 confugere
785 1663 852 1717 ad
878 1661 1102 1718 latibula
1122 1680 1369 1718 errorum
1395 1680 1637 1730 suorum,
1666 1679 1826 1732 quam
1850 1664 2042 1719 cedere

465 1760 626 1822 atque
654 1753 876 1807 obedire
918 1754 1038 1808 utili
1081 1754 1303 1808 consilio
1351 1754 1708 1823 spiritualium
1753 1755 2042 1826 magistro-

2149 568 2240 637 qui
2268 582 2366 639 per
2396 576 2507 623 tres
2532 567 2711 633 viros,
2742 569 2846 623 hoc
2874 579 2983 632 est,
3018 578 3131 625 tres
3168 571 3388 627 ordines
3418 585 3731 643 persecuto-

2147 675 2299 723 rum,
2343 657 2543 714 bellum
2573 658 2772 713 Christi
2813 659 3068 715 Ecclesiae
3107 662 3331 734 ingerit,
3379 665 3487 720 hoc
3517 674 3603 720 est
3643 682 3731 735 per

2144 761 2382 817 paganos
2403 787 2419 812 ,
2461 761 2560 817 per
2588 747 2874 804 barreticos
2911 758 2967 804 et
3004 766 3102 821 per
3143 750 3311 808 falsos
3345 752 3726 809 Christianos:

2145 837 2341 905 quibus
2384 836 2746 907 subrogantur
2787 840 3143 910 quadraginta
3185 842 3354 897 millia
3400 845 3662 911 virorum,
3687 857 3728 900 et

2143 936 2335 997 septem
2363 926 2528 980 millia
2547 930 2800 998 equitum,
2824 939 2881 983 ut
2897 930 3415 1002 disperdantludam
3440 940 3727 995 secundum

2143 1017 2353 1072 verbum
2394 1019 2549 1089 regis.
2588 1018 2727 1087 Quid
2774 1035 2873 1089 per
2915 1022 3404 1095 quadragenarium
3442 1044 3726 1085 numerum

2145 1111 2247 1166 nisi
2277 1112 2603 1167 universitas
2653 1116 2913 1185 temporis
2950 1117 3265 1187 designatur
3297 1122 3444 1191 quod
3471 1139 3728 1194 persecu-

2145 1204 2346 1259 tionem
2390 1205 2445 1259 in
2491 1205 2695 1260 mundo
2741 1205 2939 1262 tolerat
2982 1208 3246 1264 Ecclesia.
3291 1212 3544 1279 Quatuor
3583 1216 3725 1270 enim

2141 1293 2468 1363 principales
2491 1303 2673 1363 partes
2701 1304 2829 1349 sunt
2855 1295 3006 1353 Orbis
3024 1338 3039 1364 ,
3066 1299 3169 1355 hoc
3192 1310 3277 1355 est
3304 1301 3531 1363 Oriens.
3561 1302 3718 1358 0cm-

2140 1396 2256 1446 sus,
2289 1381 2598 1453 Septentrio
2632 1394 2688 1440 et
2726 1385 3006 1454 Meridies,
3032 1389 3086 1443 in
3120 1391 3318 1460 quibus
3344 1393 3575 1446 dilatata
3602 1409 3723 1448 eon-

2141 1471 2301 1526 sistat
2344 1472 2609 1528 Ecclesia.
2662 1474 2837 1542 Quam
2884 1486 2945 1531 ut
2999 1492 3356 1551 congregaret
3406 1482 3582 1538 Filius
3636 1484 3722 1540 Dei

2140 1562 2418 1618 descendit
2437 1564 2495 1618 in
2513 1565 2799 1633 mundum;
2824 1566 2913 1621 ubi
2939 1577 3065 1624 ante
3084 1572 3389 1639 passionem
3416 1589 3575 1628 suam
3598 1590 3722 1644 qua-

2139 1653 2389 1725 draginta
2424 1654 2617 1711 diebus
2656 1666 2714 1711 et
2755 1658 3109 1730 quadraginta
3137 1663 3386 1718 noctibus
3422 1663 3722 1733 Jejunavit,

2139 1745 2431 1800 ostendens
2460 1747 2810 1803 teutatiouem
2838 1759 3078 1805 nostram
3111 1752 3166 1807 in
3192 1769 3356 1809 carne
3390 1770 3523 1820 sua,
3567 1773 3723 1827 quasi

462 1858 601 1896 runt.
632 1843 698 1895 Et
726 1843 861 1898 bene
890 1844 1090 1898 dictum
1121 1854 1225 1909 est,
1263 1843 1464 1915 fugisse
1488 1860 1582 1900 eos
1616 1846 1670 1899 in
1690 1853 1889 1899 terram
1918 1845 2043 1899 Phi-
2071 1840 2117 1899 B
2145 1836 2210 1892 de
2238 1843 2420 1891 nostra
2448 1838 2781 1894 mortalitate
2807 1842 3055 1913 accipere
3079 1844 3330 1915 dignatus
3355 1856 3462 1912 est,
3499 1851 3723 1918 partici-

460 1929 706 1986 listhiim.
732 1932 1059 1988 Philisthiim
1080 1935 1223 1988 enim
1245 1934 1631 2003 interpretatur
1646 1935 1796 1989 ruina
1822 1935 2036 2004 duplex;

463 2022 730 2091 duplicem
763 2023 925 2078 habet
954 2027 1165 2079 ruinam
1193 2026 1238 2079 is
1263 2025 1352 2094 qui
1386 2025 1619 2093 primum
1651 2024 1883 2080 concidit
1908 2039 2035 2093 pec-

464 2122 607 2178 cato,
641 2126 695 2168 et
716 2113 929 2178 deinde.
975 2117 1324 2186 semetipsum
1354 2116 1649 2187 desperans
1673 2157 1687 2181 ,
1727 2124 2041 2187 perseverat

461 2205 515 2259 in
545 2205 705 2259 malo.

531 2293 597 2347 Et
625 2296 809 2349 cecidit
839 2297 996 2351 timor
1026 2296 1186 2353 Iuda:
1211 2317 1273 2352 ac
1300 2300 1526 2368 fratrum
1552 2301 1690 2370 ejus,
1719 2309 1767 2354 et
1810 2300 2037 2370 formido

458 2401 615 2455 super
635 2401 810 2440 omnes
831 2397 1006 2456 gentes
1028 2390 1084 2441 in
1105 2390 1326 2442 circuitu
1350 2405 1552 2455 eorum,
1567 2397 1672 2444 etc.
1692 2388 1877 2445 Timor
1889 2389 2039 2445 Juda:

458 2483 514 2527 et
540 2475 765 2529 fratrum
791 2476 907 2544 ejus
932 2494 1093 2547 super
1116 2494 1305 2533 omnes
1331 2490 1519 2548 gentes
1540 2480 1757 2546 cecidit,
1786 2495 1909 2535 cum
1944 2495 2039 2550 po-

461 2566 632 2620 tentia
661 2566 860 2622 Christi
909 2584 1005 2638 per
1028 2569 1254 2625 virtutes
1279 2579 1442 2640 atque
1476 2571 1738 2627 miracula
1786 2572 1840 2626 in
1868 2586 2041 2627 mem-

459 2657 577 2712 bris
605 2658 843 2713 emicuit.

535 2745 601 2800 Et
624 2749 850 2817 pervenit
881 2748 951 2802 ad
979 2765 1150 2820 regem
1177 2766 1363 2805 nomen
1385 2751 1519 2821 ejus.
1553 2749 1707 2818 Quod
1735 2751 2040 2822 potentatui

457 2838 619 2909 hujus
649 2841 834 2896 mundi
886 2841 1183 2896 innotuerit
1209 2842 1527 2912 praedicatio
1572 2842 1838 2913 evangelii
1887 2841 2034 2912 ejus;

455 2940 511 2987 ct
538 2931 604 2985 de
631 2932 830 3002 praeliis
869 2929 1021 2988 Iudae
1067 2933 1363 2988 narrabant
1407 2947 1597 2989 omnes
1640 2940 1859 3005 gentes,
1914 2949 2039 2990 cum

454 3023 741 3078 victoriam
790 3023 1168 3095 Redemptoris
1219 3024 1390 3080 nostri
1419 3026 1485 3081 de
1534 3033 1708 3081 morte
1734 3040 1799 3081 ac
1849 3024 2040 3081 mortis

455 3125 677 3172 auctore
705 3117 870 3172 totius
897 3118 1046 3172 orbis
1075 3118 1373 3187 prmdicant
1397 3119 1663 3174 nationes.

2139 1941 2271 1998 pare
2314 1928 2568 1985 voluisse.
2621 1930 2773 1986 Unde
2817 1934 2886 1988 ab
2926 1933 3061 1989 hora
3103 1937 3293 1991 mortis
3317 1936 3436 2006 ejus
3458 1955 3640 2010 usque
3663 1942 3724 1995 ad

2138 2016 2430 2072 diluculum
2456 2021 2869 2077 resurrectionis
2890 2032 3142 2080 constant
3163 2026 3313 2082 horae
3344 2030 3723 2101 quadraginta,

2138 2108 2184 2163 si
2214 2108 2329 2179 ipsa
2360 2125 2503 2165 nona
2529 2123 2964 2170 connumeretur.
2992 2114 3121 2171 Post
3145 2119 3609 2175 resurrectionem
3633 2136 3725 2178 vo-

2137 2198 2346 2269 luitque
2389 2216 2499 2255 non
2548 2204 2780 2273 amplius
2825 2221 2985 2276 quam
3029 2205 3145 2263 dies
3194 2210 3562 2282 quadraginta
3604 2228 3722 2269 cum

2138 2288 2418 2360 discipulis
2444 2294 2499 2347 in
2527 2294 2630 2349 hac
2662 2304 2810 2349 terra
2847 2309 3004 2351 esse:
3030 2297 3156 2353 hinc
3177 2313 3365 2353 eorum
3396 2301 3527 2357 vita;
3555 2303 3725 2358 adhuc

2138 2382 2376 2437 humana
2404 2386 2814 2441 conversatione
2841 2388 3192 2454 commistus,
3215 2398 3272 2443 et
3313 2405 3438 2445 cum
3478 2392 3592 2447 illis
3630 2394 3721 2448 ali-

2138 2486 2321 2531 menta
2355 2478 2663 2534 mortalium
2686 2481 2934 2549 quamvis
2954 2472 3087 2550 jam‘
3099 2497 3206 2537 non
3231 2485 3556 2551 moriturus,
3590 2490 3724 2543 acci-

2137 2570 2324 2639 piens;
2353 2578 2413 2625 ut
2440 2587 2540 2641 per
2564 2573 2711 2643 ipsos
2756 2574 3110 2645 quadraginta
3147 2574 3263 2632 dies
3290 2576 3635 2648 signiﬁcaret
3669 2596 3723 2635 se

2137 2660 2347 2715 occulta
2372 2663 2656 2731 praesentia
2679 2663 2822 2733 quod
2842 2664 3088 2733 promisit
3109 2663 3478 2734 impleturum,
3506 2668 3719 2737 quando

2139 2752 2254 2806 ait:
2283 2751 2418 2807 Ecce
2453 2769 2546 2824 ego
2586 2753 2848 2809 vobiscum
2891 2771 3006 2809 sum
3052 2758 3292 2811 omnibus
3329 2758 3519 2812 diebus
3567 2775 3720 2830 usque

2138 2843 2208 2897 ad
2238 2845 2736 2899 consummationem
2774 2844 2956 2899 saeculi
2996 2845 3214 2913 (Matth.
3246 2847 3464 2917 xxvm).
3498 2847 3611 2903 Per
3639 2864 3717 2904 sc-

2137 2934 2441 3003 ptenarium
2464 2949 2745 2989 numerum
2770 2949 2919 3000 vero,
2940 2948 3047 3004 quo
3065 2934 3310 3005 equitum
3332 2935 3504 2990 millia
3526 2937 3717 2992 descri-

2137 3021 2360 3088 buntur,
2413 3038 2518 3077 non
2558 3022 2703 3078 aliud
2741 3038 2906 3093 quam
2952 3022 3234 3094 plenitudo
3277 3027 3715 3095 persecutionum

2139 3116 2571 3183 demonstratur;
2600 3118 2725 3187 quia
2753 3119 2893 3175 sicut
2916 3133 3015 3190 per
3042 3121 3410 3190 septenarium
3441 3138 3716 3178 numerum

531 3206 596 3261 Ut
644 3208 838 3262 audivit
885 3218 1060 3262 autem
1119 3210 1407 3264 Antiochus
1455 3227 1579 3276 rex,
1626 3220 1732 3265 etc.
1779 3208 2032 3264 Antiochi
2058 3197 2103 3258 C
2135 3204 2465 3275 septiformis
2507 3208 2682 3277 gratia
2721 3208 2899 3263 sancti
2936 3208 3171 3279 Spiritus
3203 3211 3538 3275 ostenditur,
3566 3213 3646 3265 sic
3670 3220 3715 3265 et

456 3296 617 3367 huius
643 3299 885 3353 historici
915 3297 1160 3363 allectus,
1182 3289 1376 3368 quibus
1401 3301 1825 3356 immediocriter
1843 3309 2039 3356 aestua-

456 3391 573 3454 bat,
601 3390 707 3444 boc
726 3397 830 3455 est,
862 3389 957 3454 ira,
989 3391 1255 3461 cupiditas
1285 3402 1337 3446 et
1366 3392 1652 3461 superbia,
1684 3393 1823 3447 bene
1856 3390 2037 3463 expri-

456 3487 611 3534 munt
646 3477 896 3535 Antiochi
940 3479 1198 3552 spiritalis
1239 3497 1435 3547 mores,
1463 3482 1660 3552 quibus
1702 3489 1876 3537 totum
1904 3480 2038 3535 vali-

454 3569 677 3625 dissime
724 3569 944 3625 infestat
989 3572 1244 3627 mundum
1298 3589 1441 3628 nunc
1477 3588 1576 3643 per
1620 3573 1861 3628 membra
1907 3587 2033 3637 sua,

454 3664 551 3720 sed
580 3663 634 3718 in
665 3664 771 3719 line
808 3666 990 3720 mundi
1025 3682 1119 3736 per
1141 3668 1527 3736 semetipsum;
1559 3666 1773 3737 quando
1813 3664 2037 3720 tribula-

456 3756 533 3810 tio
563 3755 683 3811 talis
719 3756 823 3810 erit
847 3756 1023 3825 qualis
1052 3772 1160 3811 non
1189 3766 1347 3811 antea
1391 3772 1493 3811 nec
1538 3765 1661 3828 post
1700 3755 1881 3811 futura
1928 3756 2037 3810 erit

456 3842 671 3918 (Matth.
696 3843 868 3916 xxxv).
902 3844 1157 3899 Irascitur
1175 3853 1354 3901 autem
1386 3847 1601 3916 quando
1631 3846 1781 3901 audit
1807 3845 2037 3917 gloriam

456 3945 766 3990 sanctorum
806 3944 862 3991 et
902 3936 1155 3990 virtutem
1202 3944 1363 4006 atque
1407 3936 1767 3991 constantiam
1812 3950 2036 4000 eorum,

457 4039 853 4099 congregatque
895 4028 1223 4093 exercitum,
1274 4030 1408 4084 dans
1439 4028 1511 4084 illi
1551 4027 1817 4099 stipendia
1851 4028 1905 4082 in
1936 4042 2035 4081 an-

454 4134 616 4185 num,
659 4134 781 4173 cum
826 4134 921 4188 per
953 4121 1235 4189 prmsentis
1262 4121 1384 4175 vita:
1413 4120 1695 4175 commoda
1719 4127 1775 4174 et
1806 4120 2039 4177 honores

455 4209 772 4264 ambitiosos
800 4223 1041 4280 quosque
1080 4210 1274 4265 incitat
1320 4210 1387 4265 ad
1434 4210 1863 4280 persecutionem
1907 4209 2040 4266 lide-

455 4300 777 4354 lium:vita:
822 4315 1087 4369 nequam,
1125 4299 1269 4355 fastu
1312 4300 1588 4356 mundano
1633 4315 1698 4356 ac
1744 4301 2039 4372 cupiditate

454 4389 746 4459 optimates
776 4406 902 4445 suos
936 4390 1117 4459 eligit,
1145 4399 1206 4445 ut
1233 4391 1550 4462 provideant
1592 4393 1741 4464 regni
1787 4393 1998 4462 negotia
2020 4433 2036 4460 ,

457 4483 673 4552 quando
703 4485 981 4539 ministros
1004 4499 1130 4539 suos
1151 4492 1311 4554 atque
1347 4498 1605 4553 sequaces
1645 4484 1712 4540 ad
1753 4486 1857 4541 hoc
1889 4486 2038 4541 ordi-

458 4581 552 4629 nat
580 4581 640 4627 ut
676 4576 1021 4643 praesentium
1056 4590 1239 4629 rerum
1285 4574 1565 4631 illecebras
1609 4584 1929 4647 suggerant,
1975 4592 2039 4633 ac

455 4665 801 4737 provocando
826 4666 890 4719 ad
921 4665 1221 4736 voluptates
1242 4673 1487 4722 terrenas
1506 4668 1908 4723 consentientes
1935 4668 2039 4723 sibi

456 4755 795 4825 pertrahunt.
828 4753 1086 4810 Filiorum
1125 4755 1340 4810 nomine
1368 4755 1442 4810 illi
1470 4765 1761 4811 censentur
1793 4757 1884 4827 qui
1919 4758 2041 4812 imi-

461 4855 662 4903 tatores
694 4858 819 4903 sunt
845 4848 1068 4903 Christi.
1097 4848 1205 4904 Hos
1244 4848 1387 4903 enim
1435 4864 1533 4919 per
1578 4850 1867 4919 optimates
1912 4865 2040 4906 suos

459 4937 662 5003 nutrit,
692 4955 816 4993 cum
844 4955 941 5008 per
972 4940 1383 4996 scclestissimos
1418 4956 1662 5010 quosque
1701 4941 1863 4996 variis
1894 4943 2040 4999 vitiis

459 5029 854 5097 corrumpendo
882 5030 1134 5099 pabulum
1162 5032 1298 5103 ignis
1324 5032 1512 5087 aeterni
1548 5031 1729 5087 elllcit.
1758 5031 1871 5087 Hoc
1908 5049 2041 5103 pra:-

460 5117 617 5186 t:ipue
645 5117 758 5172 suis
786 5120 1188 5189 magistratibus
1232 5122 1475 5192 przccipit
1501 5130 1562 5176 ut
1590 5122 1891 5191 exstirpent
1935 5121 2041 5175 vir-

461 5219 607 5268 tutes
636 5210 800 5266 Israel
840 5221 894 5266 et
940 5213 1194 5283 reliquias
1246 5213 1575 5277 Jerusalem,
1613 5222 1668 5266 et
1708 5213 2041 5269 constituant

462 5300 796 5374 alienigenas
820 5318 918 5374 pro
946 5303 1044 5367 eis,
1075 5304 1201 5373 quia
1240 5303 1385 5358 nulla
1415 5303 1685 5365 inventio,
1729 5302 2040 5372 nullumque

460 5394 698 5454 studium
726 5394 898 5467 magis
926 5394 1124 5450 diaboli
1165 5405 1249 5450 est
1272 5436 1287 5461 ,
1319 5410 1481 5465 quam
1515 5403 1572 5446 ut
1610 5400 1817 5447 evertat
1856 5393 2042 5448 Eccle-

461 5486 599 5542 siam
630 5466 868 5552 Christi,
898 5494 952 5541 et
984 5484 1147 5540 robur
1184 5484 1311 5539 ﬁdei
1339 5484 1391 5538 in
1419 5466 1607 5538 electis
1633 5482 1927 5550 mollilicet,
1960 5491 2041 5537 at-

460 5593 568 5649 que
590 5578 646 5632 in
668 5575 788 5632 loco
807 5579 1067 5632 virtutum
1087 5578 1215 5631 vitia
1239 5577 1664 5632 subintroducat.

539 5668 603 5722 Et
651 5668 801 5740 elegit
836 5669 1019 5740 Lysias
1066 5669 1413 5723 Ptoloma'um
1456 5669 1626 5737 ﬁlium
1672 5667 1962 5733 Dorimini,
1992 5676 2041 5721 et

469 5754 785 5810 Nicanorem
817 5770 864 5811 et
887 5758 1135 5828 Gorgiam
1165 5761 1300 5813 viros
1331 5770 1556 5829 potentes
1581 5777 1644 5813 ea:
1674 5759 1854 5812 amicis
1884 5758 2037 5827 regis.

2066 4555 2118 4616 D

2141 3308 2263 3349 cum
2292 3308 2323 3348 c
2347 3296 2623 3350 contrario
2651 3296 2846 3368 legitur
2887 3297 2941 3351 in
2981 3297 3272 3368 Evangelia
3316 3299 3463 3367 quod
3504 3299 3717 3368 spiritus

2138 3394 2371 3453 nequam
2397 3383 2450 3436 in
2481 3383 2702 3439 homine
2723 3400 2906 3441 secum
2933 3386 3296 3441 introduxerit
3327 3394 3540 3457 septem
3566 3389 3717 3458 spiri-

2141 3480 2226 3527 tus
2254 3463 2621 3541 nequiores‘se
2651 3472 2869 3544 (Matth.
2891 3474 3024 3546 xu),
3049 3484 3105 3531 et
3129 3476 3260 3531 alibi
3285 3491 3317 3530 a
3346 3477 3585 3532 muliere
3605 3493 3719 3547 pec-

2137 3564 2339 3619 catrice
2393 3563 2589 3635 legitur
2631 3564 2892 3622 Dominus
2932 3573 3138 3636 septem
3185 3567 3454 3622 daemonia
3501 3567 3719 3636 ejecisse

2130 3654 2473 3725 (Harant),
2500 3669 2691 3710 omnes
2736 3670 2868 3726 ergo
2893 3664 3271 3725 persecutores
3315 3665 3467 3714 recte
3510 3658 3717 3714 diabolo

2138 3744 2427 3814 instigante
2465 3746 2534 3799 ad
2567 3746 2673 3801 hoc
2716 3747 3093 3803 coadunantur
3125 3758 3188 3804 ut
3234 3748 3477 3805 Ecclesia
3524 3750 3715 3806 Christi

2138 3838 2467 3903 destruatur,
2493 3847 2543 3894 et
2576 3839 2918 3896 confessores
2941 3842 3328 3912 omnipotentis
3352 3842 3449 3897 Dei
3470 3844 3717 3915 blasphe-

2139 3944 2291 3984 mare
2310 3928 2664 4000 compellant;
2689 3931 2874 3986 ethoc
2900 3946 3007 3986 non
3033 3932 3287 4003 segniter,
3330 3933 3432 3987 sed
3458 3941 3580 3988 tota
3621 3936 3715 3987 vir-

2137 4027 2253 4077 tute
2274 4020 2579 4092 perﬁciunt.

2210 4117 2279 4172 Et
2304 4129 2664 4189 processerunt
2684 4128 2741 4172 ut
2766 4120 2905 4173 irent
2945 4134 3064 4172 cum
3101 4118 3344 4172 unirersa
3370 4118 3569 4172 virtute
3592 4135 3683 4171 sua
3700 4158 3713 4181 ,

2139 4216 2247 4262 etc.
2274 4206 2415 4273 Quid
2443 4222 2540 4279 per
2573 4208 2858 4263 Emmaum
2885 4208 2989 4263 nisi
3019 4216 3292 4262 amatores
3329 4205 3500 4275 hujus
3542 4210 3716 4263 mutuli

2138 4298 2537 4369 exprimuntur,
2566 4299 2658 4368 qui
2695 4314 2793 4369 per
2831 4299 3182 4370 cupiditatem
3220 4298 3406 4354 szeculi
3446 4300 3717 4371 negligant

2139 4388 2344 4444 habere
2366 4388 2660 4445 amicitiam
2689 4389 2806 4444 Dei.
2841 4388 2995 4444 Unde
3028 4389 3292 4460 scriptum
3313 4396 3403 4443 est
3427 4406 3443 4442 :
3476 4388 3589 4455 Qui
3619 4388 3710 4443 salt

2139 4496 2249 4536 esse
2276 4482 2475 4536 anticus
2513 4481 2673 4552 hujus
2712 4482 2915 4546 seaculi,
2960 4481 3206 4534 inimicus
3245 4478 3343 4533 Dei
3387 4482 3713 4535 constituite?

2144 4574 2286 4646 (Jac.
2305 4574 2413 4647 tv);
2437 4583 2491 4631 et
2510 4574 2748 4630 Joannes
2769 4574 2945 4644 inquit
2966 4592 2981 4627 :
3009 4571 3115 4639 Qui
3136 4572 3309 4644 diligit
3323 4573 3609 4637 mundana,
3624 4587 3711 4623 nos

2139 4676 2214 4721 est
2237 4667 2466 4721 charitas
2493 4666 2590 4721 Dei
2616 4667 2671 4721 in
2701 4683 2760 4720 eo
2788 4665 2841 4737 (I
2869 4664 3032 4719 Joan.
3060 4665 3142 4735 ll).
3173 4665 3238 4719 Et
3264 4665 3465 4720 merito
3490 4665 3598 4720 hoc
3633 4679 3712 4716 no-

2139 4760 2285 4815 mine
2310 4759 2444 4815 tales
2465 4767 2862 4829 nuncupantur.
2885 4758 3280 4827 interpretatur
3299 4758 3451 4812 enim
3467 4756 3709 4811 Emmass

2138 4848 2362 4922 populus
2403 4849 2674 4920 abjectus,
2718 4846 3019 4917 abjectione
3047 4847 3245 4917 quippe
3288 4846 3442 4916 digni
3471 4856 3605 4900 sunt
3633 4844 3707 4910 qui

2142 4953 2330 4994 amore
2370 4940 2658 5010 prmsentis
2696 4939 2881 4994 saeculi
2923 4937 3219 5008 praeferunt
3271 4936 3556 4992 dilectioni
3604 4934 3704 4989 Dei.

2145 5030 2299 5087 Unde
2318 5032 2435 5102 ipsa
2456 5031 2670 5086 Veritas
2692 5030 2745 5084 in
2772 5028 3067 5100 Evangelio
3086 5028 3195 5083 ait:
3222 5025 3331 5093 Qui
3353 5038 3503 5081 amat
3525 5037 3706 5096 patre:

2139 5142 2291 5180 suum
2321 5134 2411 5179 aut
2439 5133 2658 5179 matrem
2690 5140 2841 5178 suam
2880 5122 2999 5192 plus
3038 5138 3197 5191 quam
3246 5135 3350 5185 me,
3385 5137 3492 5174 non
3535 5128 3609 5172 est
3641 5132 3705 5168 su

2139 5215 2330 5286 dignus
2358 5212 2572 5285 (Matth.
2602 5212 2679 5285 ι).
2710 5212 2823 5268 Nec
2850 5213 3148 5282 inwngrue
3184 5210 3448 5264 Emmaus
3480 5208 3538 5262 in
3580 5216 3704 5261 terra

2139 5305 2431 5375 campestri
2470 5319 2592 5360 esse
2618 5304 2839 5369 dicitur,
2865 5304 2993 5374 quia
3018 5302 3129 5356 lata
3166 5310 3216 5356 et
3242 5302 3481 5371 spatiosa
3528 5310 3603 5354 est
3636 5297 3703 5351 sit

2139 5413 2257 5469 quae
2315 5396 2459 5451 ducit
2518 5396 2589 5451 ad
2644 5405 2894 5454 mortem.
2940 5402 2991 5450 et
3036 5392 3192 5449 multi
3236 5392 3440 5446 intrant
3479 5407 3574 5461 per
3605 5403 3701 5443 el-

2167 5487 2356 5542 Matth.
2384 5487 2504 5542 vni.

2167 5487 2356 5542 Matth.
2384 5504 2460 5542 vn
2490 5527 2504 5541 .

2142 5487 2161 5560 (
2213 5579 2280 5633 Et
2325 5486 2606 5633 audizrunt
2651 5586 2963 5631 mercatores
2988 5578 3258 5646 regionum
3287 5587 3475 5627 nam
3515 5582 3698 5623 eorum

2141 5668 2471 5725 Mercator-es
2488 5669 2643 5734 istos,
2657 5668 2747 5738 qui
2772 5667 3020 5722 ambiunt
3039 5664 3327 5721 servitium
3342 5662 3695 5717 Hebr-norunt.

2141 5777 2249 5817 non
2280 5760 2413 5818 alios
2436 5762 2627 5816 melius
2654 5757 2964 5829 signiﬁcare
2991 5757 3226 5813 arbitror
3248 5769 3414 5825 quam
3453 5750 3698 5818 malit-0|
