3928 6168
252 117 390 175 “53

972 113 1326 171 COMMENT.
1368 114 1436 170 IN
1471 112 1715 170 LIBROS
1752 110 2327 168 MACIIABIEORUM.
2367 143 2436 153 —
2472 111 2539 167 IN
2578 111 2703 167 LIB.
2740 112 2775 171 l.

3364 112 3498 168 libb

246 227 477 298 spiritus
500 266 515 291 ,
542 222 635 295 qui
666 223 976 279 desiderant
1017 224 1296 280 interitum
1341 225 1576 280 fidelium
1598 265 1612 288 ,
1642 232 1697 280 et
1723 223 1827 279 hoc
1857 227 1904 286 Α
1930 222 2072 292 quod
2096 222 2415 278 memoriam
2439 223 2742 278 divinorum
2768 214 3156 293 praeceptorum
3180 224 3335 279 bonis
3359 226 3497 280 acti-

246 319 489 390 sestiunt
512 326 572 371 ut
593 332 690 387 per
711 315 1061 386 cupiditatem
1082 324 1353 371 terrenam
1380 316 1653 371 cmlestem
1673 315 1828 370 nobis

245 409 500 463 auferant
547 405 770 478 gloriam
796 445 811 470 ,
842 410 898 460 et
921 404 1226 459 libertatem
1275 419 1436 475 quam
1473 404 1734 459 habemus
1773 403 1827 457 in

246 496 425 569 gratia
451 494 689 559 Christi,
717 495 772 549 in
807 493 1008 549 cultum
1057 508 1122 548 ac
1159 495 1472 549 servitutem
1511 504 1830 549 convertant

246 587 471 641 diaboli.
507 585 661 641 Unde
689 585 741 638 in
774 584 1068 652 Evangelio
1092 584 1289 655 legitur
1312 585 1454 653 quod
1487 585 1601 654 ipse
1642 584 1828 639 diabo-

248 679 334 733 lus
362 684 523 747 caput
547 682 816 739 nostrum,
842 674 1197 729 mediatorem
1219 675 1469 729 videlicet
1508 676 1601 730 Dei
1645 684 1699 730 et
1731 675 1829 730 ho-

246 769 482 832 minum,
508 767 712 821 ducens
748 765 803 819 in
834 773 1071 819 montem
1110 765 1381 820 excelsum
1404 807 1419 831 ,
1455 766 1752 820 ostenderit
1777 767 1826 821 ei

246 860 435 916 omnia
460 873 624 928 regna
652 856 836 912 mundi
859 871 923 910 ac
951 856 1175 927 gloriam
1200 872 1410 924 eorum,
1433 866 1592 928 atque
1621 868 1829 913 tentan-

249 952 321 1006 do
352 950 551 1005 dixerit
575 967 588 1002 :
620 947 748 1002 Htrc
771 947 947 1001 omnia
974 947 1066 1001 tibi
1094 947 1230 1002 dabo
1258 949 1305 1001 si
1331 949 1606 1018 procidens
1629 950 1828 1001 adora-

249 1043 385 1096 veris
407 1057 490 1094 me
510 1039 725 1113 (Matth.
757 1037 853 1110 tv).
878 1037 946 1091 Et
965 1037 1103 1093 bene
1124 1037 1323 1093 dicitur
1343 1039 1485 1108 quod
1515 1038 1683 1092 additi
1706 1048 1827 1091 sunt

250 1134 322 1187 ad
372 1149 461 1186 eos
509 1131 765 1185 exercitus
825 1128 998 1200 Syriae
1060 1137 1108 1183 et
1173 1138 1325 1183 terra:
1376 1128 1825 1199 alienigenarum,

251 1222 380 1292 quia
443 1219 702 1275 luxuriosi
754 1219 951 1289 quique
1003 1227 1059 1274 et
1109 1219 1269 1275 alieni
1323 1234 1455 1273 vero
1507 1218 1604 1272 Dei
1657 1219 1825 1273 cultui

247 1310 554 1381 junguntur
589 1308 824 1364 inimicis
857 1309 1090 1372 nostris,
1129 1317 1184 1364 et
1230 1307 1500 1363 moliendo
1549 1309 1825 1363 interitum

253 1412 499 1457 nostmm
523 1408 899 1471 cooperatores
936 1409 1061 1456 sunt
1097 1401 1493 1455 immundorum
1520 1401 1823 1470 spirituum.

328 1495 395 1549 Et
422 1494 548 1549 vidit
571 1493 608 1547 Ι
614 1494 745 1548 udas
772 1503 819 1547 et
847 1493 1036 1562 fratres
1059 1493 1173 1562 ejus
1192 1493 1316 1563 quia
1338 1492 1684 1562 multiplicata
1705 1500 1825 1546 sunt

1928 313 2029 368 bus
2060 311 2452 378 demonstrant,
2478 315 2569 384 qui
2600 313 2758 384 digne
2790 313 3021 369 militare
3044 315 3362 387 probantur.
3385 316 3493 372 Lex

1926 402 2072 455 enim
2110 402 2321 456 Domini
2371 403 2877 474 irreprehensibilis,
2928 412 3245 459 convertens
3290 405 3500 462 animas

1930 491 2102 564 (Psal.
2132 495 2284 566 xvm)
2314 494 2606 549 electorum
2624 534 2639 559 ,
2679 496 2928 564 reprobat
2959 495 3239 551 malefacta
3268 497 3502 567 perﬁdu-

1929 595 2083 647 rum,
2131 591 2187 637 et
2228 582 2531 637 detestatur
2581 582 2840 638 idolorum
2876 584 3170 651 culturam,
3201 593 3255 641 et
3283 602 3499 642 omnem

1928 671 2249 726 contradicit
2294 671 2590 743 impietatis
2619 672 2906 728 facturam.
2937 674 3201 731 Attollunt
3242 678 3497 735 sacerdo-

1931 759 2057 814 talia
2086 762 2523 833 orna’menta,qui
2551 763 2837 817 sacerdotii
2863 764 3215 823 ecclesiastici
3241 768 3400 839 digne
3427 769 3504 823 fa-

1929 852 2080 906 ciunt
2105 851 2311 918 ollicia;
2341 853 2611 923 primitias
2642 862 2697 908 et
2724 854 2963 910 decimas
2992 857 3193 913 donant
3214 900 3228 924 ,
3269 861 3360 931 qui
3388 861 3501 931 ini-

1930 940 2061 994 tium
2111 950 2165 995 et
2208 942 2595 1011 perfectionem
2644 944 2769 998 boni
2821 947 3002 1015 operis
3048 947 3158 1003 Deo
3205 948 3499 1020 deputant;

1932 1032 2198 1086 suscitant
2248 1032 2532 1089 Nazaraaos
2566 1035 2657 1104 qui
2703 1035 3058 1105 impleverunt
3102 1039 3237 1106 dies,
3283 1041 3374 1111 qui
3405 1058 3503 1113 per

1930 1123 2193 1179 castitatis
2241 1126 2559 1179 munditiam
2608 1134 2816 1197 gratam
2862 1129 3029 1183 vitam
3066 1133 3211 1186 omni
3257 1140 3500 1204 tempore

1930 1210 2040 1267 Deo
2067 1213 2322 1269 exhibere
2363 1216 2618 1281 student;
2650 1225 2705 1272 et
2743 1216 2996 1273 clamavit
3032 1236 3165 1277 voce
3207 1238 3403 1295 magna
3447 1225 3499 1279 in

1929 1303 2146 1370 caelum,
2169 1306 2261 1375 qui
2284 1305 2628 1362 Divinitatem
2655 1309 2757 1379 piis
2778 1309 3029 1379 precibus
3068 1326 3131 1367 ac
3170 1312 3324 1367 bonis
3364 1314 3503 1368 acti-

1930 1394 2031 1448 bus
2056 1409 2153 1465 per
2184 1393 2300 1468 [ad]
2333 1397 2759 1453 misericordiam
2805 1410 3120 1468 provocant.
3166 1401 3316 1457 Sicut
3359 1404 3502 1458 enim

1931 1484 2136 1539 clamor
2163 1484 2469 1556 impiorum,
2503 1503 2662 1558 quem
2690 1488 3023 1560 blasphemia
3051 1500 3107 1546 et
3129 1493 3310 1560 pravis
3331 1495 3506 1564 operi-

252 1586 420 1650 mala,
443 1595 491 1639 et
518 1585 772 1639 exercitus
798 1582 1129 1654 applicabant
1158 1585 1229 1637 ad
1258 1584 1389 1653 ﬁnes
1421 1600 1634 1647 eorum;
1660 1592 1707 1637 et
1736 1600 1827 1636 ca-

1938 1574 2032 1629 bus
2057 1574 2341 1645 proferunt
2363 1616 2378 1641 ,
2407 1577 2577 1632 Deum
2618 1579 2832 1647 irritat;
2867 1581 2947 1636 sic
2974 1580 3244 1660 confessio
3284 1594 3340 1640 ct
3371 1585 3504 1642 lidcs

252 1684 539 1746 gnoverunt
563 1672 715 1728 verba
738 1673 891 1743 regis,
918 1688 1035 1743 qua:
1055 1672 1326 1726 mandavit
1351 1670 1544 1742 populo
1577 1671 1748 1741 facere
1774 1671 1829 1725 in

250 1762 526 1815 interitum
547 1771 594 1815 et
621 1762 1137 1815 consummationem.
1164 1760 1546 1817 Estuantibus
1577 1775 1831 1832 persecu—

254 1853 487 1917 toribus,
510 1861 566 1906 et
585 1866 817 1922 pugnam
848 1860 1036 1906 contra
1066 1850 1252 1906 fideles
1274 1852 1702 1922 disponentibus,
1728 1850 1830 1921 ipsi

255 1945 451 2014 magis,
478 1943 544 1997 ad
567 1943 870 2012 exemplum
895 1940 1045 1998 Iudae
1068 1957 1134 1997 ac
1170 1940 1399 1997 fratrum
1436 1941 1555 2011 ejus
1596 1942 1830 1997 incitan-

255 2043 347 2087 tur
368 2033 436 2087 ad
457 2040 801 2101 augmentum
825 2030 945 2086 fidei
976 2038 1032 2086 et
1047 2030 1349 2101 profectum
1375 2032 1656 2095 virtutum,
1673 2030 1829 2099 juxta

256 2122 389 2177 illud
439 2121 770 2176 Psalmistaa:
809 2119 949 2175 Dum
993 2120 1222 2191 superbit
1267 2121 1488 2192 impius,
1536 2121 1833 2175 incenditur

260 2228 461 2283 pauper
486 2211 655 2282 (Psal.
689 2211 786 2281 ιχ).
812 2210 958 2267 Talis
981 2226 1111 2283 ergo
1138 2211 1364 2266 intentio
1385 2211 1543 2267 debet
1570 2225 1690 2266 esse
1714 2225 1831 2266 ser-

260 2319 453 2358 vorum
484 2303 580 2357 Dei
624 2311 685 2357 ut
724 2310 959 2373 pugnent
987 2318 1086 2372 pro
1126 2302 1321 2374 populo
1363 2311 1418 2357 et
1456 2302 1657 2357 sanctis
1685 2301 1828 2367 suis,

260 2394 387 2464 quia
415 2409 513 2462 pro
542 2400 687 2447 statu
716 2392 839 2448 fidei
880 2391 1197 2448 Christiana:
1239 2393 1511 2463 religionis
1546 2401 1707 2462 atque
1733 2408 1831 2462 pro

261 2486 499 2540 fraterna
528 2484 699 2540 salute
737 2485 934 2540 debent
954 2492 1141 2540 contra
1171 2485 1441 2556 spiritales
1479 2485 1749 2554 nequitias
1777 2492 1832 2540 et

262 2586 453 2630 cutura
494 2590 689 2645 pravos
732 2575 980 2631 homines
1015 2576 1282 2631 instanter
1314 2575 1604 2639 dimicare,
1629 2574 1835 2643 adjuto-

260 2668 510 2737 riumque
536 2667 750 2722 assidua
774 2668 1020 2723 oratione
1041 2668 1348 2737 implorare,
1374 2668 1499 2737 quia
1524 2669 1637 2739 ipse
1659 2678 1743 2723 est
1765 2669 1831 2724 de

255 2774 362 2830 qua
393 2759 653 2828 scriptum
678 2767 763 2813 est
783 2773 798 2812 :
820 2758 1046 2829 Adjutor
1063 2759 1118 2812 in
1141 2760 1631 2830 opportunitatibus,
1651 2761 1707 2813 in
1732 2761 1829 2813 tri-

257 2849 525 2905 bulatione
539 2865 563 2917 ,°
591 2848 685 2901 tibi
707 2847 804 2902 soli
825 2847 1103 2902 derelictus
1132 2857 1207 2902 est
1231 2864 1446 2919 pauper,
1471 2856 1519 2902 et
1540 2848 1739 2919 pupillo
1772 2857 1830 2902 tu

254 2942 362 2996 eris
394 2940 610 3009 adjutor
636 2935 808 3011 (Psal.
831 2938 931 3011 ix),
962 2940 1087 3008 quia
1115 2918 1343 3008 paterna
1370 2918 1569 3009 pietate
1589 2941 1828 2996 laborem
1858 2918 1903 2979 ε

256 3040 315 3088 et
359 3030 597 3086 dolorem
638 3029 945 3086 considerat
990 3046 1242 3097 suorum,
1291 3041 1519 3086 conteret
1563 3032 1831 3087 brachium

253 3121 546 3189 peccatoris
591 3130 637 3174 et
668 3120 882 3191 maligni
919 3120 1140 3193 (Ibid),
1176 3119 1384 3190 judicat
1422 3121 1628 3192 pupillo
1652 3130 1709 3176 et
1734 3123 1834 3176 hu-

257 3208 375 3264 mili
394 3249 411 3274 ,
437 3218 490 3262 ut
516 3224 621 3262 non
641 3218 865 3279 apponat
890 3208 1030 3265 ultra
1054 3209 1396 3279 magniﬁcare
1416 3225 1472 3264 se
1499 3210 1653 3264 homo
1679 3226 1835 3282 super

258 3312 454 3356 terram
484 3298 694 3374 (Ibid.).

333 3392 400 3446 Et
427 3392 724 3463 congregati
757 3400 909 3456 sunt,
935 3400 983 3446 et
1003 3400 1252 3446 venerunt
1290 3391 1345 3445 in
1384 3391 1611 3461 Masplta
1651 3403 1835 3446 contra

259 3481 578 3547 Jerusalem,
619 3484 741 3553 quia
770 3481 914 3535 locus
941 3481 1193 3535 orationis
1219 3491 1331 3535 erat
1358 3483 1413 3535 in
1437 3480 1684 3551 Maspna,
1713 3489 1834 3536 ante

261 3575 315 3627 in
352 3572 523 3627 Israel
545 3614 560 3636 ,
589 3581 695 3627 (te.
732 3571 810 3626 llli
837 3574 929 3642 qui
955 3571 1025 3625 ad
1052 3571 1416 3626 dimicandum
1440 3579 1628 3627 contra
1655 3572 1836 3625 hostes

258 3666 569 3737 congregati
599 3664 831 3728 fuerunt,
862 3671 1128 3719 venerunt
1147 3663 1200 3717 in
1222 3662 1442 3732 Maspha
1462 3672 1650 3718 contra
1671 3660 1831 3717 Jeru-

259 3760 445 3816 salem.
472 3759 537 3813 Et
566 3758 691 3828 quid
716 3773 814 3827 per
842 3756 1082 3827 Maspba,
1108 3756 1199 3825 qui
1222 3755 1489 3825 judicium
1515 3755 1833 3824 interpreta-

261 3857 382 3910 tur,
434 3846 535 3899 nisi
592 3843 758 3899 Vetus
799 3844 1202 3899 Testamentum
1251 3842 1623 3913 signiﬁcatur;
1683 3842 1832 3898 locus

258 3937 522 3994 orationis
548 3944 667 3990 erat
694 3939 746 3989 in
775 3934 993 4004 Maspha
1012 3973 1027 3998 ,
1055 3933 1196 4002 quod
1229 3932 1491 4003 prospicit
1526 3947 1739 4002 semper
1766 3932 1832 3987 ad

258 4029 466 4084 Novum
488 4027 912 4090 Testamentum,
938 4033 993 4080 et
1013 4024 1415 4080 Testamentum
1437 4025 1641 4094 praebet
1663 4024 1837 4078 Evan-

259 4117 400 4187 gelia
422 4116 641 4171 Christi.
671 4115 800 4170 llluc
830 4115 973 4170 enim
1002 4129 1221 4170 necesse
1239 4122 1323 4169 est
1349 4122 1409 4169 ut
1435 4113 1709 4183 spiritales
1736 4115 1808 4170 mi

260 4208 385 4262 lites
428 4205 523 4260 Dei
570 4206 747 4261 cordis
792 4205 1147 4259 intentionem
1181 4212 1430 4271 vertant,
1461 4214 1730 4275 quatenus
1766 4222 1834 4262 ex

260 4296 492 4352 lectione
530 4296 711 4350 divina
761 4296 1098 4351 instruantur
1142 4295 1375 4365 qualiter
1402 4304 1601 4351 contra
1650 4298 1836 4352 hostes

260 4389 529 4459 spiritales
552 4388 781 4459 praeliari
819 4388 1034 4444 debent.
1068 4387 1235 4443 Locus
1277 4389 1422 4443 enim
1449 4388 1703 4442 orationis
1725 4397 1834 4442 erat

259 4479 318 4532 in
346 4476 587 4548 Maspha.
614 4476 730 4533 Non
758 4485 938 4532 autem
960 4477 1014 4531 in
1042 4476 1238 4542 Israel;
1265 4476 1392 4546 quia
1413 4475 1633 4531 oracula
1654 4476 1836 4530 divina

258 4581 358 4638 per
377 4566 544 4621 libros
572 4565 707 4637 legis
732 4574 789 4621 et
816 4566 1198 4637 prophetarum
1233 4567 1466 4637 primum
1502 4567 1661 4621 nobis
1683 4567 1839 4621 inno-

262 4663 520 4721 luerunt,
548 4653 741 4710 deinde
782 4670 879 4726 per
925 4656 1298 4728 Evangelium.
1328 4656 1704 4726 Jejunaverunt
1746 4654 1842 4710 illa

260 4746 367 4801 die.
400 4746 536 4813 Quia
564 4746 911 4801 continentiae
937 4762 1156 4818 operam
1195 4747 1415 4802 dabant.
1451 4746 1749 4802 Induerunt
1785 4766 1841 4804 se

260 4836 446 4891 ciliciis
463 4847 510 4890 et
534 4838 705 4891 cinere
727 4838 783 4892 in
813 4838 982 4908 capite
1023 4855 1138 4892 suo.
1167 4836 1304 4905 Quia
1331 4838 1709 4909 paenitentiam
1740 4854 1840 4908 pro

256 4927 502 4998 peccatis
531 4928 667 4993 suis,
701 4943 821 4998 quae
848 4944 948 4999 per
965 4928 1150 4987 carnis
1166 4928 1516 5000 fragilitatem
1552 4940 1839 4987 contraxe-

264 5026 394 5071 runt
435 5032 598 5087 agere
642 5016 934 5091 [agentes],
960 5021 1071 5075 Deo
1095 5020 1253 5089 digne
1277 5021 1610 5075 deserviunt.
1644 5021 1713 5075 Et
1739 5024 1842 5077 sci-

259 5104 451 5159 derunt
491 5107 791 5161 vestimenta
835 5124 954 5162 sua.
1002 5107 1136 5164 Cum
1188 5124 1387 5179 corpus
1436 5112 1737 5182 castigant,
1787 5123 1843 5167 et

262 5198 505 5254 carnalia
534 5200 589 5255 in
616 5216 675 5257 se
699 5201 963 5258 desideria
993 5203 1340 5261 mortificant.
1365 5203 1518 5270 Quod
1545 5214 1725 5260 autem
1752 5221 1841 5262 se-

263 5288 452 5359 quitur
471 5291 620 5360 quia,

336 5378 719 5451 Ea'panderunt
764 5382 925 5439 libros
966 5382 1115 5455 legis,
1152 5384 1215 5439 de
1241 5384 1431 5456 quibus
1472 5386 1844 5440 scrutabantur

261 5479 441 5538 gentes
475 5471 616 5526 simil
639 5473 870 5529 tudinem
901 5474 1303 5531 simulacrorum
1332 5493 1549 5531 suorum
1568 5518 1583 5543 ,
1609 5478 1845 5533 ostendit

1931 1673 2268 1731 sanctorum,
2301 1681 2422 1751 qua:
2443 1682 2541 1736 per
2565 1668 2907 1726 dilectionem
2937 1684 3214 1742 operatur,
3248 1676 3500 1747 majesta-

1933 1765 2038 1811 tern
2071 1759 2306 1812 divinam
2344 1758 2397 1812 in
2433 1760 2580 1814 omni
2618 1769 2861 1832 tempore
2884 1763 3079 1833 placat.

2001 1850 2073 1904 Et
2096 1860 2210 1922 post
2236 1851 2333 1905 hoc
2361 1853 2631 1907 constituit
2654 1851 2829 1908 Judas
2851 1854 3007 1908 duces
3033 1855 3232 1927 populi,
3271 1858 3506 1915 tribunos

1932 1947 1979 1993 et
2007 1940 2355 1994 centuriones.
2390 1938 2659 1995 Tribunos
2699 1941 2934 2011 appellat
2983 1957 3077 1999 eos
3118 1944 3208 2014 qui
3250 1946 3509 2004 militibus

1930 2029 2075 2084 mille
2101 2038 2373 2098 praeerant
2395 2030 2552 2102 (quos
2574 2030 2746 2087 Graeci
2781 2033 3095 2110 χιλιάρχους
3117 2036 3361 2108 vocant);
3388 2053 3507 2093 cen-

1931 2117 2192 2181 turiones,
2217 2117 2307 2186 qui
2336 2125 2584 2183 centum;
2618 2119 2954 2184 decuriones,
2979 2123 3072 2190 qui
3098 2121 3303 2177 decem.
3346 2125 3506 2182 Ordi-

1928 2216 2062 2262 nant
2089 2208 2231 2262 enim
2255 2208 2636 2278 praedicatores
2656 2210 2832 2265 sancti
2865 2210 3136 2281 subjectos
3168 2227 3294 2268 suos
3314 2255 3329 2279 ,
3370 2230 3505 2284 qua-

1930 2308 2088 2353 tenus
2117 2298 2192 2352 nil
2218 2297 2271 2352 in
2305 2298 2387 2353 eis
2414 2297 2774 2354 inordinatum
2816 2303 3134 2371 reperiatur,
3178 2304 3271 2360 sed
3315 2304 3505 2360 militia

1928 2388 2128 2445 Christi
2155 2388 2549 2444 rationabiliter
2568 2388 2976 2461 perfungantur.
3005 2393 3158 2450 Unde
3188 2395 3384 2451 Paulus
3410 2411 3507 2450 au-

1931 2479 2200 2534 ditoribus
2228 2477 2342 2532 suis
2366 2477 2441 2531 ait
2466 2495 2479 2531 :
2513 2475 2703 2534 Omnia
2733 2490 2905 2534 vestra
2927 2481 3134 2538 honeste
3154 2491 3201 2539 et
3220 2484 3507 2539 secundum

1930 2570 2166 2623 ordinem
2185 2569 2316 2638 [iant
2349 2565 2402 2641 (Ι
2425 2566 2545 2623 Cor.
2574 2568 2685 2641 xw)
2709 2587 2723 2636 ;
2757 2581 2810 2625 et
2832 2572 3025 2628 iterum
3052 2592 3065 2627 :
3093 2574 3282 2642 Nemo,
3309 2576 3505 2647 inquit,

1930 2660 2281 2726 coronabitur,
2316 2661 2416 2716 nisi
2442 2663 2531 2734 qui
2561 2661 2787 2733 legitime
2807 2665 3073 2720 certaverit
3096 2665 3181 2725 (ΙΙ
3207 2665 3341 2721 Tim.
3369 2681 3452 2740 tt).

2000 2749 2068 2803 Et
2096 2750 2230 2804 dixit
2250 2749 2332 2807 his
2353 2752 2443 2822 qui
2468 2751 2798 2821 wdiﬁcabant
2836 2752 3017 2807 domos
3048 2793 3063 2820 ,
3103 2763 3153 2808 et
3188 2756 3505 2826 sponsabant

1931 2856 2149 2907 uxores,
2183 2851 2230 2895 et
2260 2841 2565 2911 plantabant
2593 2844 2768 2898 vineas
2792 2884 2807 2910 ,
2834 2852 2940 2901 etc.
2967 2845 3237 2916 Scriptum
3264 2857 3348 2904 est
3375 2864 3509 2922 ergo

1934 2932 1989 2986 in
2031 2932 2443 2988 Deuteronomio
2490 2931 2784 3007 (Capax):
2822 2932 2993 2989 Homo
3038 2935 3409 3005 formidolosus
3455 2947 3505 2992 et

1933 3024 2088 3078 corde
2107 3024 2296 3094 pavido
2316 3041 2419 3078 non
2440 3025 2740 3095 egrediatur
2763 3025 2835 3079 ad
2853 3024 3063 3093 bellum,
3079 3028 3235 3084 vadat
3257 3036 3306 3084 et
3334 3046 3508 3084 rever-

1933 3124 2076 3169 tatur
2094 3115 2163 3169 ad
2184 3115 2396 3170 domum
2422 3132 2595 3180 suam,
2624 3132 2687 3170 ne
2707 3133 2891 3186 pavere
2913 3117 3073 3187 faciat
3094 3120 3253 3174 corda
3281 3120 3512 3190 fratrum

1933 3224 2150 3264 suorum
2188 3210 2324 3264 sicut
2366 3219 2412 3263 et
2456 3209 2565 3280 ipse
2610 3210 2794 3263 timore
2831 3211 3134 3280 perterritus
3169 3221 3265 3266 est.
3307 3211 3515 3279 Quibus

1931 3298 2114 3353 verbis
2154 3300 2344 3355 edocet
2370 3314 2476 3353 non
2520 3314 2678 3368 posse
2715 3314 3037 3371 quemquam
3080 3300 3432 3371 professionis
3459 3312 3516 3359 et.

1934 3387 2422 3458 contemplationis,
2453 3387 2538 3442 vel
2572 3388 2834 3459 spiritalis
2856 3390 3062 3445 militiae
3088 3392 3329 3463 arripere
3360 3409 3515 3449 exer-

1934 3475 2244 3548 citium,qui
2270 3478 2445 3532 adhuc
2483 3477 2675 3532 nudari
2705 3479 2935 3534 terrenis
2974 3481 3227 3549 operibus
3254 3485 3515 3552 pertime-

1934 3566 2059 3632 scit,
2086 3582 2155 3621 ne
2176 3581 2366 3622 rursus
2393 3567 2704 3622 infirmitate
2732 3569 2929 3623 mentis
2949 3569 3013 3623 ad
3042 3570 3298 3639 pristinas
3323 3574 3517 3631 sordes

1934 3664 2261 3724 revertatur,
2295 3672 2499 3729 suoque
2525 3658 2768 3729 exemplo
2801 3659 2936 3717 alios
2963 3664 3031 3718 ab
3057 3665 3360 3735 evangelica
3386 3683 3513 3738 per-

1934 3750 2166 3807 fectione
2198 3763 2406 3817 avocet,
2429 3760 2484 3806 et
2507 3751 2742 3807 fidelium
2764 3753 3003 3824 vigorem
3025 3755 3262 3811 infirmet
3286 3775 3298 3810 :
3322 3758 3518 3828 juben-

1934 3848 2026 3895 tur
2051 3841 2234 3911 itaque
2253 3841 2389 3897 tales
2418 3849 2495 3906 ut,
2526 3841 2864 3899 discedentes
2893 3859 2922 3896 a
2944 3859 3142 3913 pugna,
3175 3854 3517 3903 revertantur

1934 3930 1993 3987 in
2036 3928 2257 3986 domum
2301 3947 2493 3998 suam,
2534 3932 2660 4000 quia
2705 3948 2808 3987 non
2848 3941 3072 4001 possunt
3112 3934 3310 4004 duplici
3355 3938 3521 3992 corde

1936 4021 2078 4078 bella
2107 4021 2320 4076 Domini
2349 4021 2604 4093 praeliari.
2644 4022 2740 4077 Vir
2780 4023 2925 4078 enim
2970 4023 3164 4093 duplex
3208 4020 3394 4082 "animo
3437 4026 3517 4081 in-

1938 4123 2196 4170 constans
2221 4122 2304 4169 est
2330 4115 2382 4168 in
2404 4113 2654 4169 omnibus
2677 4115 2776 4170 viis
2803 4115 2933 4170 suis.
2960 4115 3116 4171 Tales
3142 4116 3339 4186 quippe
3357 4133 3517 4188 opor-

1940 4213 2020 4261 tet
2059 4212 2122 4259 ut
2161 4219 2266 4259 nec
2306 4204 2518 4259 initium
2569 4205 2932 4260 renovationis
2975 4205 3273 4275 accipiant;
3323 4207 3523 4275 quibus

1866 4265 1915 4325 D
1941 4294 2132 4350 melius
2159 4303 2246 4349 est
2270 4300 2333 4348 ut
2361 4293 2416 4348 in
2453 4291 2629 4348 activa
2665 4294 2772 4347 vita
2802 4265 3110 4349 consistant.
3135 4265 3297 4364 quam
3341 4265 3521 4364 iepide

1942 4382 2450 4453 contemplationem
2508 4390 2900 4451 exsequentes,
2958 4380 3151 4452 majori
3207 4382 3523 4438 discrimine

1943 4475 2153 4546 seipsos
2177 4474 2479 4537 involvant;
2514 4474 2703 4528 melius
2742 4481 2825 4528 est
2863 4489 2969 4528 non
3006 4488 3203 4530 vovere
3225 4489 3387 4544 quam
3424 4491 3518 4530 vo-

1945 4582 2074 4623 vere
2100 4576 2292 4623 etnon
2328 4567 2571 4621 reddere.
2601 4565 2863 4620 Similiter
2903 4574 2959 4621 et
3001 4564 3090 4620 ille
3128 4580 3159 4619 a
3204 4565 3295 4620 tali
3328 4566 3521 4620 militia

1948 4659 2293 4728 suspenditur
2321 4659 2411 4728 qui
2437 4672 2662 4712 uxorem
2687 4657 2931 4722 duxerit,
2960 4657 3052 4727 qui
3080 4656 3404 4726 plantaverit
3441 4658 3523 4711 vi-

1946 4764 2124 4814 neam,
2149 4759 2253 4805 etc.
2278 4749 2394 4804 Non
2423 4750 2567 4803 enim
2606 4756 2783 4818 potest
2829 4748 3036 4802 servire
3079 4747 3273 4803 divinze
3318 4747 3526 4804 militiae

1946 4853 2134 4896 servus
2171 4840 2391 4904 uxoris,
2425 4853 2521 4893 nec
2552 4846 2730 4909 potest
2761 4838 2973 4908 assequi
3006 4837 3238 4892 studium
3275 4848 3522 4896 contem-

1944 4930 2197 5001 plationis
2221 4929 2312 4998 qui
2337 4930 2514 4983 adhuc
2538 4929 2591 4981 in
2628 4927 2983 4983 delectatione
3009 4926 3295 4999 configitur
3320 4931 3522 4987 carnis.

1947 5020 2116 5075 Nemo
2139 5059 2154 5083 ,
2203 5020 2376 5088 inquit
2419 5017 2733 5087 Apostolus,
2771 5017 3004 5071 militans
3034 5017 3163 5083 Deo,
3203 5017 3434 5090 implicat
3468 5037 3527 5076 se

1947 5109 2164 5180 negotiis
2205 5106 2547 5162 sa’cularibus
2572 5146 2588 5173 ,
2634 5115 2693 5160 ut
2734 5109 2784 5162 ei
2828 5105 3033 5178 placeat
3078 5109 3164 5162 cui
3199 5124 3255 5163 se
3289 5109 3525 5179 probavit

1926 5201 2034 5291 .(11
2070 5200 2204 5255 Tim.
2232 5198 2315 5271 ιι).

2024 5293 2086 5347 Et
2114 5301 2379 5347 moverunt
2403 5300 2578 5346 castra
2601 5330 2616 5356 ,
2658 5299 2705 5345 et
2747 5289 3130 5345 collocaverunt
3170 5289 3241 5343 ad
3284 5298 3524 5342 austrum

1949 5384 2249 5440 Emmaum.
2269 5382 2437 5439 Recte
2453 5382 2727 5438 exercitus
2738 5380 2888 5436 Judze
2902 5380 2969 5436 ad
2984 5388 3226 5435 austrum
3241 5379 3525 5432 Emmaum

1950 5485 2130 5533 castra
2159 5475 2427 5531 collocare
2461 5474 2736 5539 dicuntur,
2768 5472 2893 5542 quia
2924 5470 3118 5525 milites
3142 5467 3344 5524 Christi
3363 5509 3376 5528 ,
3400 5479 3523 5521 eum
