3934 6186
454 148 587 206 “35

1122 141 1181 195 Β.
1224 137 1473 195 RABANI
1511 136 1728 194 MAURI
1763 135 2082 192 ARCHIEP.
2126 132 2433 191 MOGUNT.
2475 132 2757 190 OPERUM
2792 130 2970 187 PARS
3006 129 3046 184 l.

3574 123 3713 182 1156

449 275 638 319 contra
667 266 849 314 hostes
875 271 1001 312 suos
1030 253 1260 326 praeliari
1307 252 1633 321 disponunt,
1679 248 1860 304 calore
1900 246 2020 301 lidei
2052 257 2102 312 Α
2128 254 2283 309 nunt,
2310 253 2364 299 et
2393 253 2744 299 conteruntur
2766 251 2986 309 gentes,
3016 236 3141 307 quia
3174 250 3271 305 per
3298 235 3440 290 tubae
3472 234 3714 292 sonitum

448 368 620 423 magis
647 366 707 406 se
732 350 972 404 animare
1006 360 1168 416 quam
1208 342 1407 414 frigore
1449 339 1780 394 infidelitatis
1813 345 2030 407 torpore

450 444 671 513 eligunt.

520 535 589 587 Et
619 533 690 585 ait
715 525 1294 596 Judas:Accmgimini
1343 534 1389 576 et
1430 531 1587 576 estote
1621 520 1720 589 ﬁlii
1765 526 2027 589 potentes,

449 635 607 679 estote
634 631 805 691 parun
845 621 900 672 in
926 634 1076 671 mane
1097 657 1109 679 ,
1136 624 1190 667 ut
1232 613 1468 683 pugnctis
1507 610 1753 664 adversus
1794 608 2030 660 nationes

449 715 542 767 llas
576 728 692 783 quw
723 717 1064 762 conreucrunt
1090 704 1389 774 disperdere
1412 718 1527 754 nos.
1553 699 1698 753 Talis
1727 699 1887 751 debet
1912 710 2032 750 esse

448 802 689 855 doctr-ina
730 809 1038 853 sanctorum
1081 795 1491 864 praedicatorum
1524 790 1751 858 talisque
1783 789 2035 842 exhorta-

452 896 560 958 tio,
604 901 662 945 ut
703 891 928 945 incitent
972 888 1179 941 animos
1223 886 1532 939 auditorum
1575 897 1825 944 suorum,
1876 881 2035 935 robo-

449 993 745 1050 reuturque
789 980 950 1034 corda
1002 992 1188 1031 eorum
1236 976 1301 1030 ad
1338 974 1695 1029 resistendum
1733 969 1948 1025 diabolo
1980 977 2037 1023 ct

448 1073 711 1128 exercitui
740 1070 875 1140 ejus,
906 1084 1056 1140 spem
1080 1082 1298 1138 quoque
1323 1067 1564 1120 victoria:
1608 1064 1707 1119 soli
1746 1064 1858 1117 Deo
1888 1076 2032 1117 com-

452 1166 694 1219 mittunt.

1070 1249 1296 1306 CAPUT
1334 1249 1423 1303 IV.

452 1346 734 1400 Debellalis
763 1344 958 1414 Gorgia
983 1353 1027 1398 et
1056 1342 1214 1414 Lysia
1237 1342 1407 1414 Jadas
1432 1338 1728 1409 purificavit
1746 1334 2035 1414 templum;

680 1416 743 1470 de
765 1406 1306 1469 dedicatione-altaris
1328 1421 1375 1464 et
1404 1406 1593 1463 ornatu
1614 1406 1811 1476 templi.

531 1508 592 1561 Et
641 1507 921 1577 assumpsit
965 1504 1186 1574 Gorgias
1235 1502 1461 1573 quinque
1505 1499 1671 1553 millia
1712 1499 1945 1551 virorum
1989 1504 2038 1548 et

2132 356 2235 395 vox
2259 337 2655 409 pmdicationis
2677 332 3028 403 exp;imitur;
3054 330 3252 403 milites
3273 328 3425 384 Juda:
3460 330 3596 384 tuba
3624 345 3710 384 ea~

2133 438 2286 493 nunt,
2309 444 2430 482 cum
2458 428 2838 497 praulicatorcs
2876 423 3078 478 Christi
3124 421 3475 492 Evangelium
3517 421 3578 474 in
3616 430 3715 477 toto

2131 521 2332 575 mundo
2371 518 2712 573 annuntiant.
2761 515 2912 570 Unde
2961 512 3565 577 eonterunturhostes,
3600 515 3714 580 quia

2133 610 2255 665 ﬁdei
2316 608 2519 663 Christi
2577 606 2941 675 subjiciuntur
2977 612 3206 675 gentes,
3248 618 3351 657 nec
3401 619 3515 657 non
3565 605 3717 670 spiri-

2132 699 2269 753 tales
2305 697 2509 751 iuimici
2553 697 2751 750 virtute
2787 702 3146 748 conteruntur
3165 691 3391 753 Chiis‘i,
3418 702 3593 760 atque
3614 692 3717 762 gla-

2134 790 2221 844 dio
2249 788 2485 858 Spiritus
2529 786 2701 842 sancti
2745 785 2999 839 trucidati
3049 794 3369 852 merguntur
3411 782 3463 836 in
3504 781 3719 851 profun-

2133 878 2260 933 dum
2292 877 2489 948 abyssi.

2204 967 2271 1021 Et
2308 975 2564 1037 persecuti
2605 974 2726 1018 sunt
2772 981 2858 1017 eos
2901 980 3061 1033 usque
3101 961 3365 1027 ϐείω-οη,
3404 973 3451 1017 et
3481 980 3653 1035 usque
3676 965 3721 1017 in

2135 1076 2343 1129 campos
2371 1057 2644 1119 Iduma’w,
2671 1067 2720 1110 et
2743 1057 2928 1119 Aaoti,
2961 1066 3008 1110 et
3033 1054 3283 1107 Jamnia’.
3317 1055 3551 1109 Nomina
3587 1056 3722 1109 loco-

2136 1166 2253 1204 rum
2292 1163 2464 1218 usque
2505 1163 2625 1217 qua:
2665 1155 2984 1216 persecutus
3011 1153 3095 1200 est
3133 1144 3300 1199 ludas
3344 1146 3537 1200 hostes
3569 1161 3715 1203 suos.

2135 1243 2508 1297 demonstrant
2534 1240 2753 1294 virtutis
2791 1254 2902 1293 sure
2932 1236 3260 1300 ellieaciam;
3296 1236 3547 1291 Gezeron
3582 1237 3719 1291 enim

2138 1334 2527 1403 interpretatur
2545 1331 2708 1402 juxta
2734 1331 2907 1384 lumen
2930 1347 3100 1384 meum
3125 1347 3143 1393 ;
3167 1329 3422 1391 ldumma,
3463 1328 3588 1398 rufa
3617 1329 3721 1384 sive

2137 1436 2374 1490 terrena;
2413 1425 2640 1489 Azotus,
2682 1424 2819 1493 ignis
2858 1419 3137 1490 patruelis;
3165 1418 3404 1482 Jamnia,
3438 1436 3589 1472 mare
3618 1421 3721 1474 sive

2137 1516 2351 1571 dextera
2380 1515 2516 1585 ejus.
2545 1513 2612 1567 Et
2650 1513 2779 1583 quid
2807 1526 2902 1582 per
2921 1511 3166 1567 Cezeron
3204 1510 3309 1564 nisi
3347 1519 3532 1562 lumen
3575 1509 3721 1571 lidri,

454 1602 648 1672 equites
676 1600 885 1654 electos.
911 1598 1139 1669 Gorgias
1167 1597 1405 1667 quinque
1436 1591 1604 1646 millia
1646 1591 1700 1645 in
1739 1589 2037 1644 exercitum
2066 1603 2112 1667 Β
2141 1615 2196 1661 ει
2235 1606 2364 1676 quid
2385 1620 2482 1674 per
2522 1603 2810 1658 Idumam,“
2867 1601 2970 1654 nisi
3015 1598 3327 1670 gentilitas?
3360 1598 3506 1664 ριιίιι
3551 1608 3723 1651 amca,

455 1710 610 1747 suum
656 1691 990 1760 assumpsit,
1044 1704 1168 1744 cum
1217 1685 1461 1741 diabolus
1505 1681 1753 1736 carnales
1799 1679 2037 1748 quinque

449 1786 707 1841 sensibus
737 1783 984 1853 corporis
1013 1775 1233 1835 deditos
1276 1776 1529 1832 illecebra
1559 1772 1893 1842 voluptatum
1937 1769 2038 1824 sibi

457 1876 696 1929 adunarc
725 1873 1036 1936 contendit;
1074 1870 1220 1924 mille
1259 1867 1468 1937 equites
1495 1879 1679 1920 secum
1720 1862 1887 1927 tollit,
1916 1876 2038 1916 cum

455 1982 616 2021 onme
642 1964 839 2019 bellum
868 1978 1024 2018 suum
1049 1962 1101 2017 in
1130 1959 1381 2029 superbia
1408 1965 1463 2012 et
1485 1962 1796 2025 contemptu
1822 1952 2041 2007 manda-

461 2068 635 2113 torum
658 2057 752 2111 Dei
784 2070 945 2126 agere
989 2052 1255 2122 disponit,
1286 2059 1554 2120 quatenus
1583 2047 1833 2103 contrita:
1869 2046 2045 2116 partis

458 2152 512 2206 in
535 2152 637 2205 hoc
660 2149 873 2219 agmina
901 2154 1140 2217 superet,
1174 2160 1295 2199 cum
1327 2158 1421 2198 eos
1458 2140 1818 2212 praevaricarc
1849 2154 2045 2209 praece-

457 2251 548 2313 pta
577 2242 666 2297 Dei
698 2240 886 2295 suadet
911 2256 923 2290 :
955 2237 1177 2291 Initium
1207 2234 1344 2289 enim
1377 2233 1545 2287 omnis
1574 2230 1772 2302 peccati
1803 2228 2044 2299 superbia

458 2341 532 2387 est
555 2330 723 2403 (Eccl.
763 2328 851 2401 x);
884 2327 975 2382 ubi
1011 2336 1201 2379 auctor
1224 2322 1416 2377 mortis
1460 2322 1560 2375 sibi
1602 2329 1657 2374 et
1698 2318 2047 2388 sequentibus

461 2422 666 2477 invenit
686 2420 917 2474 ruinam.
944 2416 1011 2470 Et
1031 2416 1169 2469 bene
1190 2412 1389 2466 dicitur
1411 2411 1555 2480 quod
1585 2418 1745 2464 nocte
1763 2422 2047 2479 promove-

462 2512 532 2565 rit
561 2518 768 2572 castra;
797 2506 922 2577 quia
954 2514 1117 2560 totam
1154 2500 1448 2570 nequitiam
1498 2515 1651 2554 suam
1694 2514 1794 2568 per
1835 2498 2047 2552 ctecita—

463 2611 573 2655 tem
601 2600 799 2655 mentis
830 2599 883 2653 in
913 2597 1013 2652 sibi
1042 2594 1296 2662 subjectis
1323 2607 1582 2649 exercere
1610 2591 1964 2660 concupiscit,
1990 2599 2051 2645 ut

467 2689 616 2744 nullo
641 2688 803 2743 modo
826 2686 1158 2757 prtevideant
1184 2683 1359 2754 qualis
1383 2682 1485 2737 sibi
1514 2682 1669 2735 ruina
1690 2696 1755 2735 ex
1782 2695 2047 2736 consensu

470 2778 678 2850 peccati
708 2777 1009 2832 immineat.

537 2868 603 2922 El
643 2868 743 2938 ﬁlii
782 2882 965 2921 eorum
998 2865 1089 2935 qui
1134 2873 1374 2918 erantex
1410 2876 1530 2914 arce
1571 2869 1718 2914 erant
1764 2858 1844 2913 illi
1869 2859 2043 2912 duces.

2141 1714 2240 1769 per
2268 1699 2444 1766 ignem
2470 1695 2795 1766 patruelem,
2825 1694 2929 1748 nisi
2954 1693 3117 1748 ardor
3140 1692 3459 1753 charitatis;
3507 1701 3564 1745 et
3604 1691 3723 1761 quid

2141 1803 2237 1859 per
2262 1786 2550 1851 Jamniam,
2595 1787 2697 1841 nisi
2740 1785 3082 1857 profunditas
3127 1784 3366 1839 scientiae
3409 1793 3464 1837 et
3504 1782 3725 1838 effectus

2142 1878 2269 1934 boni
2294 1879 2475 1950 operis
2511 1876 2952 1933 demonstratur?
2982 1876 3193 1930 Tandiu
3225 1890 3353 1944 ergo
3385 1876 3727 1944 persequitur

2143 1970 2342 2025 chorus
2363 1977 2678 2024 sanctorum
2709 1968 2989 2022 doctorum
3013 1966 3269 2037 gentilem
3303 1966 3566 2034 populum
3590 2006 3606 2028 ,
3639 1966 3725 2019 do-

2143 2078 2246 2116 nec
2273 2062 2422 2116 illum
2448 2060 2516 2115 ab
2539 2075 2726 2116 errore
2754 2060 3075 2130 gentilitatis
3115 2059 3179 2113 ad
3220 2058 3403 2113 lumen
3448 2059 3577 2112 fidei
3618 2073 3728 2127 per-

2144 2155 2325 2220 ducat,
2347 2162 2403 2208 et
2428 2153 2601 2224 ignem
2624 2152 2910 2208 eharitatis
2954 2152 3006 2204 in
3043 2166 3107 2205 eo
3147 2150 3426 2212 accendat,
3469 2159 3727 2218 provocet

2145 2260 2267 2302 eum
2294 2246 2362 2300 ad
2385 2245 2786 2300 meditationem
2812 2244 3006 2300 divina:
3036 2242 3172 2314 legis
3188 2251 3352 2313 atque
3372 2243 3621 2298 studium
3645 2245 3728 2297 hoc

2147 2339 2199 2392 ni
2224 2338 2422 2409 operis.
2449 2336 2576 2392 Haec
2601 2337 2751 2391 enim
2783 2336 3093 2407 persecutio
3121 2334 3403 2390 salutifera
3423 2344 3511 2389 est
3532 2376 3548 2397 ,
3575 2345 3628 2388 et
3660 2336 3727 2388 in-

2148 2429 2397 2484 terfectio
2426 2428 2677 2483 salubris.
2716 2427 2872 2482 Unde
2906 2426 3284 2495 subiungitur:

2220 2519 2286 2573 Et
2308 2518 2607 2573 ceciderunt
2638 2534 2703 2571 ea:
2732 2516 2838 2571 illis
2858 2517 2927 2570 ad
2956 2518 3059 2569 tria
3095 2515 3265 2568 millia
3300 2516 3563 2568 virorum.
3589 2514 3730 2569 Sicut

2147 2610 2291 2665 enim
2330 2610 2434 2664 tria
2477 2608 2644 2664 millia
2681 2606 2901 2663 fuerunt
2934 2608 3205 2662 sociorum
3248 2605 3401 2661 Judze
3429 2606 3525 2675 qui
3560 2621 3728 2675 perse-

2147 2701 2471 2772 quebantur,
2504 2700 2582 2755 sic
2609 2709 2663 2754 ct
2686 2698 2999 2753 ceciderunt
3036 2714 3104 2752 ex
3154 2698 3391 2752 hostium
3438 2708 3603 2767 parte
3640 2702 3727 2752 tria

2150 2792 2347 2858 millia;
2375 2792 2689 2847 ceciderunt
2717 2806 2822 2845 non
2865 2800 2925 2844 ut
2968 2783 3220 2844 funditus
3267 2790 3601 2856 interirent,
3647 2791 3728 2844 sed

2151 2891 2212 2936 ut
2255 2891 2375 2953 post
2423 2898 2602 2937 casum
2643 2883 2811 2939 erecti
2851 2881 3046 2935 melius
3092 2888 3298 2935 starent
3328 2899 3341 2933 :
3369 2882 3501 2951 quia
3545 2882 3723 2935 imbuti

460 2960 573 3014 Arx
601 2959 688 3013 hic
718 2972 824 3011 non
852 2955 1191 3011 altitudinem
1227 2954 1489 3007 virtutum
1511 2993 1524 3015 ,
1549 2951 1642 3006 sed
1667 2950 2041 3006 excellentiam
2069 2956 2113 3018 ρ
2144 2950 2347 3030 samiae
2369 2974 2650 3028 Trinitatis
2674 2973 2802 3037 ﬁde,
2825 2973 2892 3027 ad
2934 2987 3125 3027 eorum
3168 2973 3491 3026 “meum”
3535 2973 3728 3041 penam

462 3068 613 3106 vanae
649 3050 834 3121 gloria:
865 3048 1136 3120 signiﬁcat
1161 3065 1173 3101 :
1208 3046 1283 3100 illi
1304 3045 1448 3099 enim
1477 3043 1856 3113 peccatoribus
1879 3042 2044 3097 duca-

466 3155 576 3199 tum
621 3143 863 3213 prmbent
907 3140 999 3210 qui
1042 3141 1095 3195 in
1141 3137 1448 3208 superbiam
1478 3150 1536 3190 se
1564 3135 1774 3205 erigere
1807 3134 2038 3197 audent;

464 3240 693 3303 possunt
732 3239 787 3285 et
833 3228 1051 3298 maligni
1084 3228 1306 3297 spiritus
1338 3228 1391 3280 in
1429 3226 1513 3280 his
1536 3226 1762 3279 ducibus
1802 3224 2042 3287 adverti,

464 3324 556 3392 qui
605 3324 672 3375 ad
715 3319 830 3388 ejus
861 3326 1069 3389 partem
1113 3318 1387 3388 pertinent
1419 3317 1511 3386 qui
1556 3315 1732 3370 dixit:
1763 3314 1831 3369 In
1859 3314 2044 3369 caelum

466 3412 743 3467 ascendam
770 3419 816 3465 et
842 3425 1035 3480 ponam
1056 3407 1246 3463 solium
1272 3424 1445 3461 meum
1467 3408 1520 3461 in
1544 3406 1861 3476 aquilonem,
1883 3414 1929 3459 et
1956 3422 2045 3459 ero

467 3503 655 3559 similis
688 3501 949 3555 Altissimo
974 3498 1109 3572 (Isa.
1136 3500 1269 3572 xw).
1297 3498 1391 3554 Isti
1422 3498 1569 3553 enim
1600 3498 1763 3552 duces
1793 3495 2046 3564 iniquita-

471 3598 540 3651 tis
568 3596 619 3650 in
658 3593 866 3649 foveam
907 3599 961 3648 et
992 3591 1304 3663 voraginem
1350 3589 1618 3644 scelerum
1649 3587 2047 3643 consentientes

468 3690 570 3745 sibi
602 3701 879 3756 nunquam
908 3684 1123 3738 trahere
1153 3682 1440 3737 desistunt.

544 3802 607 3856 Et
637 3799 837 3855 audivit
866 3797 898 3851 Ι
908 3798 1071 3861 udas,
1099 3805 1146 3850 et
1170 3797 1398 3851 surrexit
1433 3797 1541 3865 ipse
1572 3805 1619 3848 et
1648 3801 1879 3864 potentes
1907 3791 2041 3861 ejus.

472 3894 629 3956 Nota,
661 3892 852 3955 lector,
871 3889 1012 3959 quod
1039 3903 1166 3957 pars
1194 3888 1422 3941 adversa
1436 3901 1557 3955 qua:
1581 3886 1771 3956 juncta
1796 3883 1896 3937 fuit
1914 3882 2049 3951 Gor-

468 3985 589 4055 giae,
617 3989 785 4036 totam
809 3978 1215 4049 dispositionem
1254 3976 1337 4031 sui
1376 3975 1503 4030 belli
1541 3976 1594 4029 in
1619 3983 1781 4029 nocte
1808 3973 1967 4037 facit;
1993 3979 2049 4028 et

469 4074 635 4128 .lndas
658 4082 819 4142 atque
840 4071 921 4127 sui
945 4085 1204 4140 sequaces
1227 4069 1282 4122 in
1307 4068 1393 4124 die
1412 4082 1426 4120 :
1451 4068 1576 4136 quia
1597 4076 1913 4136 operatores
1933 4081 2050 4120 sce-

471 4168 639 4223 lerum
653 4174 710 4221 et
729 4173 1078 4219 exsecutores
1097 4176 1343 4216 errorum
1364 4160 1801 4215 contaminantur
1815 4173 2046 4228 semper,

472 4267 711 4314 rectores
736 4256 1085 4313 tenebrarum
1111 4252 1284 4308 lucem
1311 4251 1543 4306 odiendo
1574 4251 1877 4306 divinorum
1911 4266 2049 4321 pra:-

470 4357 793 4420 ceptorum,
841 4353 898 4400 et
944 4343 1329 4401 obscuritatem
1386 4340 1655 4411 diligendo
1707 4339 2043 4395 saecularium

470 4440 825 4509 voluptatum.
870 4435 1021 4491 Unde
1060 4449 1157 4503 per
1202 4431 1429 4487 Paulum
1475 4432 1672 4486 dicitur
1716 4450 1728 4485 :
1774 4431 1879 4497 Qui
1921 4432 2047 4484 dor-

471 4530 665 4593 miunt,
700 4536 847 4581 nocte
867 4524 1239 4585 dormiunl;et
1261 4523 1349 4593 qui
1380 4522 1509 4575 ebrii
1532 4530 1691 4582 sunt,
1736 4530 1883 4574 nocte
1921 4520 2050 4574 ebrii

470 4629 593 4674 sunt
615 4634 633 4671 :
661 4635 752 4673 nos
798 4627 971 4671 autem
992 4655 1007 4681 ,
1035 4615 1124 4685 qui
1153 4614 1256 4667 diei
1288 4628 1469 4667 sumus
1487 4653 1502 4677 ,
1540 4629 1644 4666 non
1672 4629 1853 4667 sumus
1887 4614 2050 4666 noctis

472 4712 569 4781 ﬁlii
591 4725 751 4780 neque
771 4706 1100 4763 tenebrarum
1126 4702 1177 4775 (I
1206 4702 1381 4756 Thess.
1411 4702 1486 4772 v).
1511 4701 1712 4756 Verum
1737 4699 1924 4766 Judas,
1950 4703 2052 4756 hoc

472 4812 557 4855 est
599 4797 878 4854 confessor
919 4795 1052 4860 Dei,
1093 4807 1311 4848 omnem
1351 4800 1668 4861 apparatum
1698 4791 1823 4846 belli
1852 4792 1907 4845 in
1935 4792 2052 4846 luce

477 4892 601 4947 lidei
631 4900 792 4959 atque
821 4886 1170 4944 meditatione
1198 4884 1333 4953 legis
1358 4882 1453 4937 Dei
1486 4881 1731 4947 ordinat;
1761 4882 1902 4937 unde
1926 4897 2048 4936 cum

476 4984 649 5038 tribus
678 4981 910 5036 millibus
937 4981 1177 5034 virorum
1218 4983 1423 5030 tantum
1468 4973 1523 5028 in
1563 4988 1752 5044 campo
1792 4982 2046 5044 apparet,

476 5088 603 5129 cum
630 5070 733 5124 illis
756 5069 1005 5124 videlicet
1025 5069 1118 5138 qui
1145 5084 1251 5123 non
1284 5067 1338 5121 in
1367 5065 1636 5120 mundana
1666 5066 1929 5135 potentia,
1954 5066 2048 5119 sed

477 5166 532 5220 in
564 5162 669 5217 fide
696 5161 893 5226 Patris,
920 5169 974 5215 et
998 5160 1149 5224 Filii,
1172 5167 1226 5213 et
1256 5158 1494 5229 Spiritus
1523 5158 1697 5213 sancti
1732 5157 2050 5213 fiducialiier

479 5259 719 5326 agentes,
750 5264 871 5304 cum
900 5248 1243 5318 simplicitate
1268 5247 1464 5302 mentis
1482 5247 1653 5301 vitam
1674 5248 1955 5302 honestam
1999 5250 2049 5303 in

480 5346 581 5402 hoc
602 5342 801 5398 mundo
819 5341 1017 5394 ducere
1044 5338 1280 5393 student.

556 5435 622 5487 Et
649 5433 941 5487 levaverunt
972 5429 1279 5499 alienigena:
1308 5427 1485 5482 oculos
1514 5436 1659 5482 suos:
1698 5427 2055 5484 Venientibus

474 5539 536 5578 es
572 5527 795 5581 adverso
825 5522 1069 5577 hostibus
1099 5521 1150 5574 in
1179 5519 1420 5589 prrelium
1447 5517 1580 5574 socii
1618 5517 1771 5574 ludat
1800 5517 1928 5572 tuba
1958 5533 2052 5574 cav-

2145 3081 2275 3137 gere
2305 3067 2594 3121 studebant
2631 3080 2767 3135 quos
2802 3078 2861 3119 se
2904 3064 2994 3133 pio
3041 3063 3223 3117 animo
3267 3073 3597 3132 persecutos
3626 3079 3727 3117 esse

2146 3159 2537 3231 agnoscebant.

2216 3250 2284 3304 Et
2311 3258 2543 3304 reversus
2563 3257 2638 3302 est
2659 3247 2830 3302 ludas
2850 3256 2899 3301 et
2928 3248 3187 3301 exercitus
3209 3246 3325 3316 ejus
3344 3262 3573 3316 sequens
3605 3262 3727 3306 eum,

2146 3347 2251 3393 etc.
2299 3337 2493 3391 Milites
2529 3350 2742 3405 quoque.
2801 3335 3001 3390 Christi
3042 3350 3387 3404 nequaquam
3428 3334 3731 3387 imminente

2146 3429 2286 3485 bello
2305 3429 2412 3483 cito
2436 3428 2635 3483 debent
2654 3442 2774 3482 esse
2796 3427 2971 3481 securi
2987 3428 3052 3481 de
3069 3427 3320 3491 victoria,
3337 3427 3439 3481 sed
3462 3426 3732 3481 tandiade

2147 3522 2276 3576 bent
2303 3519 2559 3590 praeliari,
2587 3518 2758 3572 donec
2785 3519 2921 3572 certi
2942 3517 3050 3572 sint
3071 3518 3136 3571 de
3163 3517 3477 3573 concisione
3512 3519 3731 3573 hostium

2147 3608 2530 3680 spiritualium.
2564 3608 2699 3662 Cum
2738 3609 2881 3663 enim
2915 3609 3289 3679 persequendo
3330 3609 3589 3663 homines
3621 3623 3731 3678 pec—

2147 3714 2358 3758 catores
2389 3716 2483 3756 seu
2515 3700 2778 3761 inﬁdeles.
2810 3715 2904 3755 eos
2937 3708 3325 3754 converterunt
3368 3699 3439 3754 ad
3470 3702 3729 3769 peniten—

2149 3795 2279 3849 tiam
2304 3800 2649 3864 peccatorum
2686 3800 2742 3846 et
2781 3792 2848 3846 ad
2879 3790 3038 3847 fidem
3070 3791 3298 3853 Christi,
3337 3806 3462 3861 qua:
3490 3806 3593 3860 per
3620 3790 3733 3843 dile-

2148 3888 2380 3943 ctionem
2408 3893 2665 3954 operatur
2689 3885 2828 3939 bona
2857 3898 3045 3953 opera,
3080 3891 3210 3936 tunc
3233 3892 3453 3952 Oportet
3478 3892 3537 3934 ut
3562 3897 3731 3936 eorum

2149 3976 2407 4047 colligant
2431 3974 2635 4044 spolia,
2660 3974 2763 4027 hoc
2795 3983 2907 4037 est,
2940 3988 3128 4027 eorum
3162 3980 3386 4025 utantur
3427 3973 3654 4027 scientia
3679 3986 3733 4023 ac

2149 4064 2222 4134 pii
2276 4064 2477 4120 laboris
2529 4062 2931 4117 communicent
2986 4062 3270 4115 industria.
3325 4061 3382 4114 ln
3408 4078 3553 4115 auro
3605 4062 3731 4116 enim

2150 4171 2436 4227 possumus
2472 4154 2718 4225 accipere
2750 4154 3073 4219 scientiam,
3118 4155 3171 4208 in
3218 4164 3451 4224 argento
3487 4156 3731 4227 eloquen-

2153 4251 2311 4315 tiam,
2362 4251 2415 4304 in
2465 4249 2759 4320 hyacintho
2808 4248 3082 4303 caelestem
3135 4249 3651 4312 conversationem,
3685 4249 3728 4299 in

2150 4355 2388 4410 purpura
2417 4354 2514 4409 per
2544 4338 2862 4408 martyrium
2894 4337 3175 4407 sanguinis
3211 4336 3562 4392 effusionem.
3599 4339 3729 4392 Tunc

2152 4430 2295 4484 enim
2327 4426 2600 4482 fructuose
2629 4426 2930 4496 colligimus
2960 4427 3057 4480 has
3089 4442 3235 4495 opes,
3270 4428 3323 4480 in
3350 4425 3461 4481 fide
3492 4439 3640 4483 recta
3666 4428 3729 4480 in~

2152 4518 2398 4573 venimus
2423 4532 2518 4570 eas
2550 4531 2669 4571 esse
2695 4515 3083 4585 acceptabiles,
3108 4515 3153 4569 si
3178 4528 3356 4569 tamen
3383 4517 3454 4571 ad
3475 4517 3728 4587 spiritales

2156 4614 2339 4667 hostes
2368 4613 2507 4666 hanc
2540 4609 2922 4666 transierimus
2950 4610 3258 4663 victoriam.
3289 4609 3447 4663 Tunc
3491 4610 3725 4665 debemus

2154 4720 2273 4761 esse
2296 4703 2494 4768 securi,
2527 4718 2649 4757 cum
2681 4711 2803 4773 post
2830 4702 2994 4757 linem
3020 4700 3305 4771 praesentis
3346 4703 3475 4756 vitae
3514 4719 3622 4756 non
3660 4710 3724 4755 est

2138 4810 2370 4861 necesse
2398 4794 2635 4849 hostium
2671 4792 2896 4847 insidias
2925 4793 3136 4846 timere.
3171 4791 3309 4845 Tum
3337 4794 3488 4846 enim
3517 4793 3722 4847 salubri-

2150 4898 2233 4943 ter
2274 4887 2575 4957 culligimus
2618 4885 2820 4956 spolia,
2852 4900 2973 4939 cum
3014 4885 3215 4939 laboris
3261 4887 3437 4939 nostri
3472 4902 3504 4941 a
3532 4886 3722 4941 Christo

2147 4980 2409 5049 condigna
2444 4977 2769 5047 accipiemus
2795 4976 3033 5045 prazmia.
3081 4975 3231 5031 Unde
3258 4976 3400 5029 bene
3431 4976 3629 5031 dicitur
3650 4973 3721 5027 lu.

2147 5071 2245 5124 das
2270 5069 2445 5123 socios
2468 5082 2595 5120 suos
2621 5065 2895 5121 exhortari
2918 5075 2979 5118 ut
3015 5080 3122 5119 non
3149 5066 3601 5134 concupiscerent
3618 5077 3722 5130 spo-

2155 5160 2225 5213 lia
2271 5173 2393 5213 cum
2454 5155 2738 5229 [quandiu]
2791 5156 3132 5210 inimicorum
3190 5170 3330 5209 szeva
3386 5154 3723 5208 imminebant

2155 5248 2292 5305 bella
2326 5262 2448 5302 cum
2472 5246 2684 5316 penitus
2722 5245 2926 5300 inimici
2955 5243 3197 5314 superati
3225 5251 3422 5307 erant,
3456 5251 3586 5296 tunc
3616 5255 3721 5293 eum

2156 5340 2270 5394 suis
2314 5353 2562 5393 reversus
2608 5345 2693 5392 est
2738 5337 2804 5390 ad
2848 5335 3021 5406 spolia
3060 5343 3365 5388 castrorum
3404 5328 3708 5401 colligenda.

2157 5429 2279 5499 quia
2322 5441 2544 5483 necesse
2581 5435 2666 5480 est
2711 5436 2771 5479 ut
2810 5425 3134 5496 prtedicator
3176 5423 3408 5493 quisque
3454 5422 3722 5475 admoneat

2157 5519 2427 5573 auditores
2474 5533 2602 5572 suos
2655 5527 2715 5571 ut
2766 5516 3107 5571 inimicorum
3170 5521 3509 5584 praecaveaat
3556 5506 3719 5577 jam-la
