3934 6186
318 185 451 239 1157

1024 182 1375 241 COMMENT.
1420 181 1485 236 IN
1525 180 1773 237 LIBROS
1814 180 2381 240 MACHABAZOBUM.
2450 216 2494 226 -
2531 186 2606 255 IN
2637 187 2763 243 LIB.
2803 188 2847 245 I.

3442 197 3577 255 H58

310 303 549 376 quandiu
573 311 784 373 tempus
803 309 883 357 est
903 301 1045 356 belli.
1065 301 1197 356 Cum
1220 311 1396 356 autem
1423 301 1732 371 pervenerit
1760 308 1897 355 tem-
1923 305 1970 363 Α
2001 303 2153 374 cujus
2193 306 2428 361 maxime
2457 307 2681 363 conﬁdit
2707 318 3021 379 potentatu;
3073 319 3128 367 et
3158 313 3343 369 tandiu
3377 314 3580 372 insistit

307 409 408 466 pus
433 409 600 463 pacis,
629 392 796 462 ipsius
821 391 1071 446 videlicet
1088 392 1237 461 pacis
1266 407 1427 461 quam
1462 390 1710 447 Salvator
1732 392 1890 447 disci-

306 484 449 555 pulis
475 485 588 539 suis
621 483 897 553 promisit,
941 483 1166 538 dicens:
1200 480 1394 536 Pacem
1432 500 1601 537 meam
1643 484 1711 538 do
1750 485 1890 539 vobis

217 578 221 582 ’
306 574 490 648 (Joan.
516 573 662 645 xw),
694 582 821 628 tunc
857 572 1065 642 praelati
1104 570 1263 626 simul
1301 579 1358 626 et
1395 573 1593 627 subditi
1635 573 1889 643 gaudium

306 675 568 721 aeternum
593 665 868 719 habebunt
893 663 957 717 de
986 670 1241 732 percepta
1280 662 1736 727 remuneratione,
1762 663 1888 731 quia

306 773 647 828 nequaquam
668 756 810 810 ultra
840 755 1229 823 pertimescent
1256 754 1321 808 de
1360 753 1607 823 sequenti
1647 752 1887 807 laborum

302 864 367 901 ac
396 850 755 919 lacrymarum
783 845 971 899 dolore
994 885 1008 908 ,
1039 853 1169 898 tunc
1198 844 1322 912 quia
1368 842 1629 913 [quando]
1662 842 1770 897 Deo
1798 844 1891 898 ad-

295 942 463 1011 jutori
505 957 604 997 suo
642 941 827 995 Iaudes
875 940 1105 995 canendi
1147 948 1356 1008 tempus
1401 948 1504 993 est.
1550 938 1700 993 Unde
1747 940 1888 993 seri-

300 1042 449 1101 ptum
476 1038 561 1085 est
582 1047 595 1084 :

377 1121 444 1173 Et
486 1121 718 1174 conversi
761 1121 1013 1190 hymnum
1069 1118 1324 1173 canebant
1353 1159 1368 1183 ,
1419 1128 1466 1172 et
1521 1118 1886 1173 benedicebant

299 1209 466 1264 Deum
494 1212 549 1263 in
577 1210 783 1275 malum,
814 1210 1061 1280 quoniam
1091 1210 1257 1275 bonus
1281 1219 1392 1275 est,
1414 1211 1663 1279 quoniam
1695 1210 1751 1264 in
1786 1227 1888 1264 sa:-

299 1302 479 1355 culum
514 1300 879 1355 misericordia
908 1300 1044 1369 ejus.
1079 1299 1238 1354 Salus
1274 1315 1467 1369 magna
1512 1299 1675 1354 estin
1717 1300 1885 1355 Israel

298 1393 516 1464 quando
545 1408 802 1448 numerus
822 1391 1157 1447 credentium
1180 1391 1568 1461 multiplicatur
1588 1391 1643 1445 in
1658 1392 1886 1446 Domino

296 1484 637 1553 populorum,
669 1483 761 1552 qui
789 1481 1125 1537 Salvatorem
1146 1491 1444 1552 agnoscunt
1473 1482 1595 1547 ﬁde,
1622 1482 1885 1539 conﬁten-

299 1584 388 1629 tur
415 1590 510 1629 ore
532 1584 696 1645 atque
722 1575 774 1628 in
809 1589 916 1628 una
944 1574 1247 1645 gloriﬁcant
1278 1576 1609 1644 operatione.
1641 1575 1767 1631 Sive
1787 1576 1884 1629 ali-

1994 395 2201 464 pranlio,
2232 395 2404 451 donec
2427 398 2628 453 initnici
2654 400 2736 453 sui
2764 408 2927 469 atque
2954 402 3263 458 adversaria
3293 420 3442 460 arma
3467 408 3575 475 spi-

1991 483 2166 538 ritalia
2196 486 2263 539 ad
2283 486 2581 554 perfectum
2602 488 2918 559 jugulentur
2937 492 3132 561 gladio.
3158 493 3310 548 Unde
3336 496 3390 549 in
3411 510 3575 565 prece

1988 570 2138 626 Judre
2164 572 2504 645 subiungitur
2534 595 2546 630 :

2060 663 2239 732 Dejice
2284 682 2370 718 eos
2410 666 2587 736 gladio
2626 668 2949 738 diligentiam
2976 681 3044 726 te.
3078 672 3326 743 Quinque
3353 687 3481 732 sunt
3523 679 3586 732 li-

1988 758 2070 812 bri
2097 758 2230 827 legis
2258 760 2371 823 Dei,
2400 763 2710 832 etquinque
2740 774 2866 818 sunt
2888 780 3099 829 sensus,
3124 776 3183 822 ut
3208 770 3573 839 praadiximus,

1989 848 2223 916 corpori.
2253 848 2353 915 Qui
2377 852 2523 904 enim
2547 854 2841 906 secundum
2868 855 3169 910 doctrinam
3200 858 3331 928 legis
3359 864 3579 917 restrin-

1989 937 2585 1008 gitconrupisccntiam
2632 944 2832 1008 carnis,
2888 948 3183 1001 avertendo
3215 952 3401 1007 oculos
3452 970 3578 1009 suos

1991 1040 2057 1078 ne
2083 1026 2299 1080 videant
2327 1030 2645 1093 vanitatem,
2702 1034 3007 1089 obturando
3047 1052 3207 1092 aures
3234 1056 3361 1095 suas
3384 1059 3453 1098 ne
3482 1062 3577 1097 au-

1987 1114 2138 1168 diant
2165 1115 2400 1186 linguam
2427 1119 2797 1175 detrahentem
2823 1122 2997 1193 (Psal.
3021 1126 3229 1198 cxvnt),
3263 1141 3315 1182 et
3343 1131 3575 1187 obscena

1985 1208 2224 1261 carmina
2253 1209 2512 1265 adversus
2540 1213 2860 1279 mundanos,
2882 1217 3078 1285 quibus
3105 1217 3580 1289 frequentet-audi-

1988 1297 2057 1352 tis
2102 1298 2421 1368 inquinatur
2451 1303 2677 1358 interior
2726 1306 2927 1371 homo;
2963 1310 3052 1378 qui
3100 1310 3383 1367 odoratum
3416 1324 3578 1385 atque

1985 1395 2201 1457 gustum
2241 1404 2396 1443 suum
2446 1392 2684 1448 continet
2732 1410 2800 1449 ne
2829 1396 3080 1453 illecebra
3122 1409 3304 1455 utatur
3334 1405 3577 1475 volupta-

1987 1486 2099 1532 tum
2126 1496 2141 1543 ;
2170 1481 2259 1550 qui
2282 1493 2479 1537 coercet
2520 1485 2753 1555 linguam
2790 1505 2942 1543 suam
2974 1509 3007 1545 a
3043 1493 3203 1558 malo,
3236 1506 3283 1548 et
3311 1495 3452 1552 labia
3477 1517 3578 1554 sua

1986 1585 2049 1621 ne
2078 1566 2324 1640 loquatur
2342 1572 2543 1639 dolum,
2586 1575 2790 1631 diuertit
2814 1596 2844 1632 a
2872 1579 3011 1634 malo
3031 1592 3077 1635 et
3107 1583 3234 1651 facit
3257 1585 3469 1653 bonum,
3502 1590 3577 1644 in-

299 1676 385 1720 ter
415 1674 541 1720 tunc
568 1665 621 1719 in
646 1665 812 1720 Israel
840 1665 987 1719 salus
1007 1665 1112 1720 erit
1135 1676 1349 1735 magna,
1377 1667 1593 1734 quando
1620 1667 1672 1720 in
1697 1666 1879 1721 Eccle-
1912 1650 1952 1708 Β
1980 1660 2139 1729 (Ιιιὶνίε
2185 1679 2365 1730 pacem
2392 1676 2439 1718 et
2489 1670 2817 1738 persequitur
2867 1689 2981 1725 eam
3031 1673 3206 1746 (Psal.
3238 1650 3578 1751 mxuma“,

297 1756 378 1810 sia
406 1754 607 1810 Christi
638 1755 942 1810 adversitas
969 1755 1076 1809 erit
1111 1754 1278 1808 nulla.
1310 1755 1378 1808 Et
1411 1754 1687 1825 signanter
1726 1755 1881 1810 addi-

299 1856 410 1903 tum
438 1856 557 1913 est,
586 1848 641 1900 in
681 1845 774 1900 illa
815 1847 934 1911 die;
972 1846 1025 1900 in
1068 1846 1155 1900 die
1201 1845 1386 1913 utique
1432 1845 1880 1909 resurrectionis,

297 1937 553 2007 quoniam
581 1951 777 2005 sponsa
807 1936 1141 1992 nobilissima
1174 1935 1228 1988 in
1254 1934 1461 1989 caelesti
1498 1950 1666 2003 regno
1687 1951 1881 2005 supcr-

295 2044 365 2082 no
383 2026 642 2096 jungetur
654 2041 875 2097 sponso,
888 2027 1104 2096 quando
1118 2040 1307 2079 omnes
1320 2026 1494 2079 sancti
1516 2026 1570 2079 in
1589 2035 1881 2096 conspectu

300 2119 388 2171 Dei
437 2134 544 2171 non
593 2118 766 2173 solum
812 2117 882 2171 de
921 2118 1229 2171 animarum
1274 2115 1460 2184 requie
1503 2132 1757 2183 suarum,
1786 2119 1881 2173 sed

291 2219 349 2263 et
374 2210 440 2263 de
458 2223 746 2278 corporum
774 2209 1083 2279 gaudebunt
1104 2206 1534 2262 immortalitate.
1563 2207 1717 2264 Unde
1748 2210 1882 2265 scri-

294 2307 443 2367 ptum
482 2306 566 2353 est
594 2316 607 2351 :

365 2390 674 2463 Quicunque
723 2389 1133 2461 alienigenarum
1180 2401 1355 2445 autem
1391 2402 1686 2457 evaserunt,
1730 2409 1883 2447 vene-

296 2491 414 2534 runt
449 2490 497 2536 et
527 2482 892 2535 nuntiaverunt
931 2480 1103 2549 Lysim
1135 2482 1379 2535 universa
1415 2497 1533 2551 qum
1558 2482 1876 2535 acciderant.

294 2573 534 2642 Denique
585 2571 901 2642 alienigena:
949 2572 1244 2626 evadentes
1270 2571 1552 2627 victoriam
1585 2569 1736 2626 Judac
1779 2587 1879 2625 an-

288 2663 541 2718 nuntiant
568 2662 760 2732 Lysim,
803 2662 931 2731 quia
954 2662 1196 2731 quidam,
1226 2679 1332 2717 non
1365 2661 1539 2734 [dum]
1568 2673 1880 2718 sanctorum

287 2768 388 2823 per
410 2753 694 2808 doctorum
719 2751 1022 2807 ministeria
1044 2751 1246 2807 Christi
1279 2752 1633 2807 saluberrima
1660 2753 1883 2822 capiun-

285 2852 380 2898 tur
405 2843 604 2914 prreda,
620 2843 1043 2914 praeceptoribus
1056 2842 1170 2898 suis
1198 2859 1229 2898 a
1255 2844 1452 2913 quibus
1478 2845 1790 2899 nutriuntur
1813 2845 1882 2899 ad

288 2943 544 2999 mortem,
596 2934 721 2990 licet
768 2934 944 3000 inviti,
996 2934 1123 3004 quia
1158 2935 1388 2991 veritate
1420 2936 1626 3000 coacti,
1654 2936 1878 3007 gloriam

1983 1749 2233 1806 inimicos
2263 1768 2390 1808 suos
2420 1770 2711 1825 superans,
2759 1762 3038 1818 victoriam
3069 1769 3244 1835 capiet
3281 1749 3578 1829 saluberri-

1982 1858 2150 1907 mam,
2186 1852 2241 1898 et
2275 1845 2543 1916 triumpho
2575 1850 2832 1919 gaudebit
2861 1854 3186 1926 largissimo.
3240 1860 3348 1916 Sed
3384 1864 3577 1934 Lysias

1983 1935 2259 2004 spiritalis,
2294 1937 2419 1992 licet
2440 1941 2608 1995 semel
2631 1942 2711 1998 bis
2736 1951 2923 2014 ter‘que
2942 1951 3210 2008 contritus
3231 1952 3412 2023 fugam
3438 1956 3577 2011 inie-

1984 2025 2073 2089 rit,
2124 2033 2302 2081 tamen
2340 2045 2444 2083 non
2492 2031 2705 2087 desistit
2747 2046 2969 2106 accepta
3003 2038 3056 2110 [ει
3083 2041 3284 2115 empta]
3315 2046 3576 2115 nequitia,

1982 2117 2077 2171 sed
2116 2119 2353 2174 rediviva
2394 2122 2590 2177 iterum
2645 2129 2934 2184 resuscitat
2989 2132 3195 2200 praelia.
3258 2134 3410 2192 Unde
3437 2140 3570 2193 scri-

1981 2217 2132 2279 ptum
2162 2219 2244 2267 est
2268 2230 2280 2265 :

2061 2297 2254 2354 Videris
2280 2312 2453 2356 autem
2483 2303 2667 2373 Lysias
2692 2323 2911 2362 suorum
2938 2309 3139 2380 fugam,
3172 2322 3277 2369 etc.
3305 2315 3455 2370 Dixit
3480 2336 3578 2372 au-

1981 2395 2084 2439 tem
2114 2387 2306 2455 ludas,
2359 2399 2464 2455 etc.
2503 2393 2646 2448 Bene
2693 2395 2893 2451 dicitur
2923 2402 3065 2467 quod
3113 2400 3281 2458 Judas
3324 2409 3577 2465 contritis

1980 2476 2248 2544 hostibus,
2288 2490 2450 2552 atque
2498 2486 2687 2556 sopitis
2718 2489 2785 2543 ad
2831 2498 3044 2560 tempus
3078 2494 3268 2560 hellis,
3323 2498 3577 2555 hortatur

1981 2582 2108 2623 suos
2157 2571 2300 2638 quod
2348 2575 2672 2629 mandarent
2705 2586 2894 2632 sancta
2942 2595 3007 2635 ac
3059 2593 3401 2650 renovarent,
3448 2590 3576 2657 quia

1984 2675 2234 2729 magnum
2263 2664 2498 2719 studium
2529 2667 2727 2723 habent
2769 2672 2943 2725 sancti
2976 2673 3227 2731 doctores
3270 2679 3414 2733 utin
3454 2682 3577 2750 qui-

1980 2750 2293 2822 buscunque
2332 2755 2457 2811 laesa
2489 2757 2560 2811 ab
2591 2759 2838 2816 hostibus
2883 2764 3247 2832 subiectorum
3279 2770 3380 2825 sibi
3411 2770 3576 2828 fuerit

1983 2842 2248 2910 Ecclesia,
2285 2847 2351 2901 ad
2392 2849 2681 2916 pristinum
2719 2859 2919 2907 statum
2968 2865 3171 2912 sanctae
3205 2862 3576 2918 conversatio-

1984 2934 2290 2991 nisitcrum
2341 2947 2694 2996 restauretur.
2744 2941 2906 2998 Juxta
2958 2948 3319 3019 tropologiam
3366 2962 3571 3018 autent,

284 3027 612 3082 annuntiant
636 3025 857 3082 Christi.
900 3027 1088 3099 Lysias
1122 3029 1302 3094 enim,
1353 3030 1444 3098 qui
1484 3030 1877 3100 interpretatur
1907 3000 1952 3061 Ο
1982 3041 2203 3082 necesse
2241 3038 2327 3083 est
2370 3037 2431 3082 ut
2477 3033 2848 3103 unusquisque
2887 3000 3067 3091 ﬁdelis
3107 3000 3348 3095 mgntem
3411 3000 3569 3098 suuni

284 3135 563 3188 generous,
609 3118 881 3190 signiﬁcat
924 3119 1108 3173 mundi
1135 3126 1403 3189 potentes,
1453 3120 1566 3188 qui,
1616 3120 1743 3175 licet
1768 3122 1877 3177 sint

286 3214 547 3285 generati,
606 3230 714 3268 non
768 3223 948 3268 tamen
996 3213 1263 3282 baptisma
1313 3211 1510 3267 Christi
1564 3221 1878 3267 meruerunt

287 3303 558 3374 generari.
599 3304 664 3358 Ili
713 3319 844 3375 ergo
895 3302 1115 3368 milites,
1165 3301 1367 3357 Christi
1400 3302 1681 3357 audientes
1711 3303 1878 3358 victo-

287 3395 453 3459 riam,
506 3401 923 3449 consternantur
967 3395 1148 3449 animo
1171 3393 1560 3463 deﬁciuntque,
1610 3395 1736 3464 quia
1767 3411 1874 3450 non

287 3487 469 3558 qualia
497 3487 798 3552 voluerunt,
825 3487 957 3541 talia
971 3488 1295 3558 contigerunt
1320 3488 1377 3541 in
1404 3485 1594 3551 Israel,
1623 3496 1672 3541 et
1697 3488 1877 3558 qualia

286 3579 558 3633 mandavit
614 3595 723 3633 rex.
770 3580 970 3633 Eorum
1022 3580 1168 3634 enim
1221 3579 1468 3635 voluntas
1497 3580 1622 3634 talis
1673 3590 1792 3635 erat
1821 3590 1878 3634 ut

286 3687 398 3726 non
427 3670 744 3740 praevaleret
793 3670 1068 3741 Evangelii
1093 3685 1190 3740 per
1219 3678 1436 3724 sanctos
1460 3670 1708 3724 doctores
1735 3685 1875 3739 pne-

286 3762 507 3824 dicatio,
540 3776 711 3831 neque
739 3761 794 3815 in
823 3761 1050 3816 Domino
1069 3760 1401 3815 credentium
1429 3769 1717 3831 augeretur
1739 3760 1875 3814 mal-

288 3852 505 3909 titudo:
564 3862 620 3908 et
666 3852 793 3907 talia
817 3852 979 3906 etiam
1023 3853 1137 3907 suis
1163 3852 1483 3916 rectoribus,
1529 3854 1630 3907 hoc
1670 3860 1751 3907 est
1774 3854 1876 3907 im-

290 3944 509 3997 mundis
534 3944 812 4012 spiritibus
831 3984 845 4008 ,
892 3943 1106 4019 placere
1136 3942 1418 4008 sciebant;
1468 3943 1593 4012 quia
1618 3943 1671 3997 in
1699 3942 1879 4013 profa-

290 4034 380 4088 nis
402 4033 664 4089 idolorum
705 4034 1024 4098 simulacris,
1075 4034 1257 4089 divino
1282 4033 1427 4089 cultu
1453 4035 1522 4088 ab
1563 4034 1879 4090 hominibus

287 4126 582 4190 veneratis,
633 4126 733 4180 hoc
779 4127 861 4181 eis
907 4125 1308 4195 persuadebant
1358 4134 1415 4179 ut
1472 4124 1629 4180 ﬁdem
1679 4123 1879 4179 Christi

289 4230 401 4272 non
448 4217 771 4286 reciperent,
817 4217 910 4271 sed
962 4233 1068 4271 non
1109 4215 1488 4285 praevalebant,
1551 4216 1676 4284 quia
1719 4216 1880 4271 Pater

288 4306 521 4378 gloriam
553 4307 669 4360 Filii
717 4307 798 4361 sui
839 4309 893 4361 in
923 4305 1189 4361 universis
1230 4306 1536 4360 nationibus
1566 4305 1720 4377 longe
1746 4307 1877 4362 late-

288 4412 403 4468 que
428 4395 754 4451 manifestat.

373 4487 437 4542 Et
489 4486 722 4555 sequenti
775 4501 914 4538 anno
956 4487 1282 4556 congregavit
1327 4485 1607 4540 electorum
1648 4472 1879 4539 virorum

286 4580 565 4649 sexaginta
610 4577 798 4631 millia.
848 4577 915 4631 Et
948 4576 1113 4648 elegit
1160 4577 1349 4649 Lysias
1400 4578 1678 4649 sexaginta
1712 4578 1878 4632 millia

286 4673 560 4734 virorum,
606 4678 662 4723 ct
685 4668 928 4738 equitum
974 4670 1213 4739 quinque
1247 4670 1417 4723 millia
1461 4671 1529 4724 ad
1575 4669 1878 4726 bellandum

285 4772 482 4818 contra
510 4761 675 4816 Israel
712 4778 834 4817 cum
862 4762 1007 4816 omni
1042 4770 1281 4833 tempore
1313 4762 1467 4817 istius
1498 4764 1701 4827 mundi,
1734 4763 1879 4833 quod

285 4866 392 4905 sex
435 4851 685 4905 aetatibus
729 4851 1093 4922 distinguitur,
1142 4867 1241 4922 per
1268 4853 1506 4922 quinque
1545 4866 1736 4908 sensus
1763 4868 1883 4909 cor-

286 4957 490 5014 poreos
517 4943 765 5013 princeps
799 4940 957 5010 hujus
998 4943 1199 5007 saeculi,
1236 4942 1584 4998 incitantibus
1633 4944 1882 4999 tenebra-

289 5048 418 5089 rum
445 5034 637 5088 harum
668 5034 988 5098 rectoribus,
1030 5033 1228 5089 milites
1252 5033 1455 5089 Christi
1479 5034 1707 5090 diversis
1734 5036 1880 5089 vitiis

289 5124 529 5179 Iaxando
575 5120 834 5193 buperare
859 5125 1158 5190 contendit,
1196 5140 1260 5180 ac
1293 5141 1392 5196 per
1437 5126 1609 5181 malos
1632 5127 1880 5181 homines

288 5216 563 5270 bonorum
613 5215 904 5269 meditatur
927 5230 1134 5270 necem.
1168 5214 1275 5271 Sed
1307 5217 1542 5272 occurrit
1571 5217 1683 5272 illis
1712 5216 1879 5272 Iudas

288 5320 424 5362 cum
444 5306 630 5361 decem
665 5306 901 5378 millibus
928 5309 1095 5362 viris:
1126 5308 1253 5378 quia
1274 5308 1417 5379 regis
1449 5308 1620 5362 nostri
1669 5310 1879 5364 exerci-

291 5408 392 5454 tus
415 5398 469 5452 in
498 5399 603 5455 hoc
627 5408 712 5455 est
741 5401 969 5455 validior
990 5401 1222 5465 caeteris,
1252 5402 1394 5471 quod
1431 5415 1527 5471 per
1551 5403 1733 5457 omnia
1771 5409 1883 5456 stu-

291 5490 396 5543 det
423 5488 616 5544 divinis
635 5488 1011 5560 obtemperare
1034 5492 1351 5562 praeceptis,
1387 5492 1740 5560 assiduusque
1764 5506 1886 5560 pre-

294 5593 396 5635 ces
432 5582 498 5635 ad
533 5581 815 5636 Dominum
846 5583 1065 5639 mittens
1093 5583 1207 5653 ejus
1233 5583 1572 5639 confortatur
1601 5598 1761 5638 manu
1782 5624 1795 5649 ,
1830 5582 1884 5637 in

1910 4356 1957 4415 D

1980 3116 2164 3187 (quam
2204 3120 2340 3175 bene
2375 3123 2572 3177 montis
2621 3123 2750 3179 Sion
2783 3128 3045 3183 vocabulo
3088 3131 3420 3200 designatum
3450 3151 3575 3205 pos-

1978 3226 2166 3267 sumus
2196 3214 2475 3283 accipere,
2524 3218 2650 3285 quia
2683 3217 2812 3273 Sion
2860 3220 3128 3291 speculum
3160 3224 3568 3295 interpretatur.

1976 3312 2031 3358 et
2056 3303 2192 3359 beati
2219 3314 2346 3360 sunt
2372 3309 2569 3363 mundo
2598 3310 2772 3375 corde,
2803 3315 3049 3383 quoniam
3070 3316 3170 3386 ipsi
3196 3317 3475 3375 Dominum
3497 3324 3574 3376 vi-

1978 3395 2169 3450 debunt
2199 3396 2415 3468 [ΜαιιΙι.
2449 3399 2550 3470 v]),
2602 3400 2647 3455 si
2680 3400 2882 3471 aliquid
2914 3420 3013 3474 per
3040 3405 3286 3462 fraudem
3319 3409 3490 3465 hostis
3516 3413 3572 3467 in

1977 3501 2041 3541 ea
2068 3487 2327 3556 pollutum
2377 3497 2501 3554 est,
2555 3500 2804 3547 sanctum
2857 3495 3084 3551 instanti
3130 3499 3248 3554 visu
3279 3511 3566 3573 expurget,

1979 3579 2150 3634 donec
2177 3580 2244 3633 ad
2274 3580 2542 3651 integrum
2576 3594 2884 3640 renovetur.
2918 3589 2990 3642 Ibi
3019 3591 3165 3644 enim
3197 3601 3253 3645 et
3285 3594 3561 3649 desertam

1979 3668 2485 3734 sanctiﬁcationem,
2535 3681 2590 3725 ct
2643 3674 2816 3730 altare
2865 3676 3231 3745 profanatum,
3282 3691 3337 3735 et
3381 3692 3572 3752 portas

1980 3765 2199 3812 exustas
2238 3758 2538 3830 intelligere
2563 3778 2884 3831 possumus;
2918 3768 3043 3836 quia
3078 3769 3148 3823 ibi
3194 3770 3365 3827 laudis
3395 3773 3571 3829 hostia

1980 3847 2035 3901 in
2062 3848 2215 3902 altari
2242 3848 2365 3904 ﬁdei
2394 3849 2504 3906 Deo
2534 3852 2932 3921 immolabatur,
2955 3867 3010 3912 et
3037 3859 3308 3929 ingressus
3334 3864 3576 3921 caelestis

1978 3939 2104 3993 vita:
2132 3939 2511 3995 meditabatur.
2555 3943 2613 3997 In
2649 3945 2805 4000 atriis
2831 3962 2963 4001 vero
2989 3949 3220 4018 virgulta
3253 3964 3566 4017 nascuntur,

1981 4044 2103 4084 cum
2126 4031 2177 4083 in
2203 4031 2457 4087 cordibus
2479 4033 2730 4089 humanis
2757 4036 3146 4106 superﬂuarum
3178 4042 3568 4111 cogitationum

1984 4119 2267 4174 multitudo
2292 4130 2601 4191 generatur.

2055 4210 2425 4280 Pastopltoria,
2459 4213 2654 4283 inquit,
2696 4217 2934 4270 viderunt
2965 4217 3165 4272 diruta.
3205 4219 3563 4291 Pastophoria

1983 4302 2170 4357 Grmce
2196 4302 2446 4357 dicuntur
2477 4305 2721 4371 thalami,
2745 4308 2830 4362 vel
2859 4309 3134 4375 cubicula,
3168 4311 3220 4365 in
3248 4313 3442 4382 quibus
3472 4314 3571 4369 Le-

1984 4392 2106 4448 vita:
2129 4394 2469 4449 excubabant
2513 4396 2566 4449 in
2617 4398 2773 4452 atriis
2818 4398 3012 4454 domus
3040 4400 3286 4466 Domini,
3338 4418 3569 4472 quorum

1984 4486 2428 4540 commemoratio
2476 4485 2537 4540 ﬁt
2580 4489 2637 4540 in
2665 4486 2854 4541 ultima
2897 4488 3100 4543 visione
3128 4490 3422 4548 Ezechielis
3446 4508 3569 4562 pro-

1982 4575 2180 4644 phetm.
2243 4575 2596 4647 Pastophoria
2648 4594 2778 4649 ergo
2847 4580 3137 4636 diruuntur
3184 4598 3307 4638 cum
3357 4594 3566 4640 secreta

1984 4670 2182 4725 mentis
2210 4686 2308 4739 per
2338 4671 2603 4727 desideria
2656 4673 2837 4727 illicita
2892 4675 3257 4742 dilaniantur;
3312 4679 3403 4733 sed
3453 4681 3568 4735 ha=c

1983 4759 2163 4814 omnia
2214 4760 2448 4815 maxime
2490 4777 2627 4831 opus
2655 4772 2738 4817 est
2766 4778 2867 4831 per
2900 4766 3274 4833 paenitentiam
3316 4778 3569 4837 peccato-

1988 4866 2131 4915 rum,
2162 4861 2217 4905 et
2236 4852 2668 4907 emendationem
2720 4869 2954 4919 morum,
3008 4870 3071 4910 ac
3118 4856 3232 4925 pias
3283 4872 3472 4926 preces
3499 4859 3569 4915 ad

1986 4943 2293 5008 Dominum,
2332 4943 2722 4999 instantissime
2742 4945 3115 5014 puriﬁcentur.
3149 4946 3300 5003 Unde
3329 4958 3474 5003 recte
3499 4950 3570 5004 de

1985 5034 2222 5088 exercitu
2253 5033 2402 5089 Iudae
2425 5035 2682 5103 scriptum
2707 5043 2790 5089 est
2824 5036 2969 5104 quod
2996 5052 3118 5090 cum
3159 5037 3399 5092 viderent
3438 5057 3567 5094 san-

1984 5123 2352 5192 ctiﬁcationem
2374 5124 2627 5177 desertam
2650 5163 2665 5188 ,
2708 5124 2972 5179 sciderunt
3012 5127 3315 5181 vestimenta
3354 5145 3471 5192 sua,
3516 5138 3567 5181 et

1984 5212 2299 5291 planxerunt
2325 5211 2539 5283 planctu
2564 5230 2772 5284 magno.

2058 5305 2100 5358 Τ
2103 5322 2203 5358 unc
2226 5306 2484 5358 ordinavit
2509 5303 2682 5359 ludas
2730 5307 2865 5362 viros
2903 5318 2958 5363 ut
2999 5320 3288 5381 pugnarent
3319 5309 3569 5361 adversus

1983 5415 2070 5453 eos
2096 5398 2187 5468 qui
2210 5406 2357 5450 erant
2398 5398 2452 5450 in
2479 5413 2619 5461 arce,
2643 5397 2807 5452 donec
2833 5400 3172 5453 amandarent
3197 5408 3402 5458 sancta,
3456 5405 3562 5449 etc.

1988 5491 2123 5561 Apte
2173 5491 2373 5545 dictum
2424 5501 2508 5545 est.
2552 5491 2694 5561 quod
2740 5491 3070 5547 ordinaverit
3109 5490 3282 5543 ludas
3330 5490 3468 5542 viros
3508 5492 3564 5538 ut

1988 5592 2278 5651 pugnarent
2310 5582 2557 5637 adversus
2580 5599 2664 5637 eos
2690 5584 2779 5654 qui
2799 5594 2945 5637 erant
2974 5582 3024 5634 in
3050 5597 3169 5635 arce
3196 5579 3355 5632 donec
3384 5592 3565 5631 emim-
