3934 6186
424 142 565 197 1159

1071 138 1132 191 Β.
1173 138 1427 193 RABANI
1464 139 1681 196 MAURI
1718 141 2038 198 ARCHIEP.
2080 144 2386 202 MOGUNT.
2429 147 2711 204 OPERUM
2748 148 2928 205 PARS
2964 151 3004 205 1.

3553 157 3685 212 illiti

425 260 607 312 darent
631 264 842 319 sancta,
892 252 1018 321 quia
1057 252 1159 307 hoc
1195 253 1413 307 ordinat
1458 252 1789 324 Redemptor
1823 265 2008 310 noster
2033 259 2083 318 Α
2112 257 2435 314 intrinsecus
2458 271 2652 315 ornant
2681 262 2907 316 scientia
2940 278 3086 319 sana:
3118 264 3261 327 ﬁdei,
3306 274 3357 320 et
3391 263 3690 322 forinsecus

423 365 519 419 per
551 347 932 418 prmdicatores
966 359 1111 410 suos,
1156 352 1424 413 quatenus
1469 345 1671 399 milites
1718 346 1888 416 ipsius
1910 346 2003 399 ad-

422 456 614 494 versus
642 453 735 493 eos
789 438 877 506 qui
921 437 1296 491 inhabitabant
1334 437 1385 490 in
1428 452 1554 493 arce
1583 440 1868 508 superbiae,
1898 440 2002 495 hoc

423 538 526 594 est,
578 527 822 582 homines
851 525 1141 584 inﬂationis
1184 527 1373 595 spiritu
1406 526 1576 584 elatos
1596 569 1610 594 ,
1657 530 1739 584 vel
1772 531 1823 584 in
1850 531 2004 585 mali-

422 638 557 695 gnos
584 622 809 691 spiritus
842 619 1095 689 superbia
1138 626 1404 675 tumentes
1434 621 1697 676 instanter
1741 632 1999 693 pugnent,

424 714 594 768 donec
620 712 783 766 corda
808 710 1103 765 electorum
1134 711 1202 764 ab
1240 711 1385 765 omni
1414 710 1534 765 labe
1571 712 1869 782 iniquitatis
1909 729 2002 767 ex-

422 811 651 873 purgem
702 800 770 854 Et
792 800 1069 871 elegerunt
1094 799 1390 853 sacerdotes
1428 802 1538 855 sine
1563 802 1791 868 macula,
1822 802 2003 857 volun—

360 882 367 893 ⁶
421 904 580 949 tatem
604 893 843 947 habentes
859 894 911 945 in
931 891 1038 961 lege
1052 891 1170 954 Dei,
1193 892 1630 947 etmundaverunt
1652 907 1855 961 sancta,
1878 897 2003 967 quia

418 984 609 1054 ejectis
634 985 720 1038 his
744 984 811 1038 dc
848 982 1022 1038 oliicio
1050 982 1422 1036 ecclesiastico
1449 984 1540 1053 qui
1563 986 1765 1040 erroris
1799 986 2003 1057 lepram

418 1080 504 1133 vel
531 1078 793 1133 scelerum
841 1075 1107 1131 maculam
1144 1076 1197 1129 in
1230 1089 1289 1130 se
1332 1075 1622 1142 habebant,
1672 1078 2005 1134 voluntarios

425 1175 587 1235 atque
630 1164 872 1219 moribus
895 1163 1094 1233 probos
1120 1163 1172 1216 in
1216 1162 1322 1219 ﬁde
1356 1163 1633 1233 elegerunt
1656 1166 2000 1221 administra-

420 1267 568 1312 tores
594 1257 765 1322 verbi,
783 1265 844 1310 ut
862 1264 1062 1310 sanetm
1084 1254 1341 1310 Ecclesiae
1369 1256 1743 1311 conventicula
1770 1257 1836 1310 ab
1856 1256 2003 1311 omni

420 1348 624 1402 erroris
649 1346 907 1416 cogitatio
941 1344 1234 1418 [contagio]
1267 1344 1463 1401 efﬁciat
1495 1346 1689 1401 aliena.
1721 1347 1833 1402 lmo
1875 1348 2004 1403 sub-

416 1439 661 1508 junctum
691 1446 777 1493 est
803 1437 946 1508 quod
976 1438 1160 1493 tulerit
1197 1437 1404 1509 lapides
1442 1440 1923 1495 contaminationis
1948 1441 2002 1494 in

420 1528 597 1582 locum
648 1530 939 1594 mundum,
978 1528 1103 1598 quia
1135 1529 1418 1585 haereticos
1440 1530 1529 1600 qui
1579 1530 1869 1585 noluerunt
1905 1547 2006 1600 per

2106 346 2329 402 honesta
2378 351 2822 415 conversatione;
2875 352 3011 406 atria
3060 355 3420 421 sanetilicant,
3475 360 3687 427 quando

2106 437 2318 492 noviter
2341 438 2619 495 venientes
2664 442 2730 496 ad
2776 442 2937 496 fidem
2978 445 3327 499 sacramentis
3358 447 3563 501 divinis
3591 448 3685 503 im-

2104 526 2320 582 buendo
2343 528 2594 583 dedicant
2626 549 2638 583 :
2679 529 2883 586 faciunt
2912 548 3037 588 vasa
3074 544 3258 589 sancta
3284 552 3450 603 nova,
3475 541 3686 607 quando

2105 618 2269 671 corda
2305 619 2581 673 hominum
2628 621 2696 674 ad
2741 623 3139 693 corripiendum
3178 626 3403 681 verbum
3436 628 3538 683 Dei
3572 630 3688 685 red-

2105 707 2238 761 dunt
2272 708 2492 762 habilia.
2523 709 2766 765 lnl'crunt
2799 713 3205 781 candelabrum,
3232 725 3285 771 et
3310 717 3483 772 altare
3511 720 3688 775 incen-

2104 806 2308 860 sorum,
2365 804 2421 850 et
2466 813 2709 853 mensam
2750 804 2802 854 in
2842 803 3116 872 templum,
3165 810 3381 876 quando
3432 809 3688 866 doctrina:

2103 886 2360 956 spiritalis
2389 887 2583 955 lucem,
2617 901 2819 947 sanctae
2852 896 3110 951 orationis
3126 900 3441 969 puritatem,
3468 912 3526 957 et
3552 903 3686 958 Scri-

2102 986 2379 1046 pturarum
2410 988 2722 1036 sanctarum
2752 985 3155 1045 meditationem
3176 1031 3191 1054 ,
3225 991 3276 1044 in
3309 991 3559 1047 Ecclesia
3591 995 3681 1049 Dei

2103 1068 2455 1122 exsuscitant.
2488 1069 2546 1123 ln
2584 1072 2910 1129 candelabro
2938 1092 3085 1147 ergo,
3121 1078 3173 1132 in
3211 1095 3319 1149 quo
3352 1081 3541 1137 lucere
3591 1082 3683 1138 de-

2102 1155 2232 1209 bent
2255 1155 2510 1223 lucernae,
2560 1168 2707 1215 recte
2737 1177 3044 1220 sermonem
3078 1169 3406 1240 evangelica:
3430 1172 3683 1229 doctrina:

2102 1258 2388 1313 possumus
2442 1247 2744 1315 advertere,
2799 1251 2851 1305 in
2901 1268 3009 1323 quo
3045 1258 3218 1311 sancti
3263 1257 3519 1316 doctores
3566 1263 3682 1333 igne

2103 1336 2276 1389 sancti
2305 1333 2536 1405 Spiritus
2568 1342 2780 1396 accensi
2816 1342 2998 1401 lucere
3040 1347 3255 1415 debent,
3296 1353 3473 1422 utqui
3510 1353 3679 1425 ingre-

2106 1424 2329 1480 diuntur
2359 1426 2536 1482 lumen
2570 1429 2805 1486 videant.

2178 1516 2331 1572 Unde
2370 1517 2580 1575 Veritas
2606 1522 2719 1591 ipsa
2752 1525 2804 1578 in
2834 1524 3123 1597 Evangelio
3148 1530 3261 1584 ait:
3295 1530 3466 1587 Nemo
3501 1550 3681 1590 arcen-

417 1620 886 1675 conversationem
914 1628 1078 1676 rectze
1100 1620 1225 1675 fidei
1256 1628 1311 1675 et
1341 1636 1486 1676 same
1516 1622 1773 1677 doctrinm
1798 1623 2002 1694 lapides

2108 1606 2179 1659 dit
2199 1606 2486 1675 lucernam,
2518 1621 2566 1664 et
2587 1614 2730 1682 ponit
2753 1631 2867 1669 eam
2897 1618 2992 1671 sub
3024 1621 3219 1685 modio,
3249 1624 3340 1675 sed
3378 1641 3538 1695 super
3560 1644 3680 1681 can-

420 1711 642 1780 pretiosi
683 1710 820 1771 ﬁeri,
862 1712 1210 1765 anathemate
1256 1725 1544 1780 percussos
1581 1719 1744 1781 atque
1773 1713 2000 1783 ejectos,

418 1801 668 1855 omnibus
690 1799 945 1869 patefecit
967 1799 1109 1868 quod
1131 1808 1316 1854 essent
1342 1800 1578 1868 reprobi,
1611 1810 1718 1855 etc.

493 1889 558 1942 Et
586 1890 830 1959 cogitavit
858 1888 921 1942 de
948 1888 1106 1942 altari
1149 1888 1593 1955 holocaustorum,
1639 1890 1785 1960 quod
1826 1890 2004 1961 profa—

423 1988 605 2032 natum
634 1987 766 2042 erat,
807 1978 934 2048 quid
962 1978 1026 2031 de
1055 1995 1115 2032 eo
1145 1978 1357 2047 faceret,
1388 1991 1495 2034 etc.
1534 1979 1721 2035 Altare
1746 1980 2003 2035 holocau-

418 2078 625 2123 storum
653 2077 738 2124 est
768 2069 903 2123 ﬁdes
947 2084 1083 2138 pura
1111 2109 1125 2133 ,
1158 2069 1400 2124 doctrina
1430 2085 1587 2140 pura,
1629 2079 1685 2124 et
1715 2085 2005 2125 conversa—

419 2161 498 2213 tio
520 2159 786 2212 mundana
819 2158 1063 2231 [munda]
1094 2158 1294 2214 Christi
1341 2161 1729 2216 ministrorum.
1764 2161 1873 2217 Sed
1903 2163 2004 2219 hoc

420 2249 590 2303 altare
640 2247 979 2318 profanatum
1012 2247 1113 2305 fuit
1140 2250 1394 2305 hrcretica
1425 2252 1717 2321 pravitate,
1764 2251 1852 2308 vel
1886 2268 2005 2308 sce-

418 2337 592 2391 lerum
634 2337 966 2392 immanitate
1001 2337 1115 2407 jam
1149 2339 1538 2394 destruendum
1566 2350 1701 2405 erat,
1733 2341 1836 2396 hoc
1863 2349 1946 2398 est
1972 2357 2003 2398 a

417 2426 707 2481 sacerdotii
756 2425 1016 2497 dignitate
1060 2428 1460 2498 deponendum,
1522 2447 1589 2485 ne
1637 2431 1776 2487 forte
1810 2447 2004 2504 oppro-

419 2515 598 2570 brium
646 2515 717 2570 sit
747 2525 946 2570 sanctrc
986 2516 1240 2572 Ecclesiae
1281 2519 1423 2589 quod
1480 2520 1676 2576 habeat
1715 2538 1910 2591 pravos
1948 2533 2006 2579 et

420 2603 755 2663 facinorosos
783 2608 1052 2675 doctores,
1086 2610 1232 2679 quia
1261 2611 1525 2667 diabolica
1563 2615 1761 2670 astutia
1796 2615 2005 2671 seducti

421 2704 565 2751 sunt.
619 2694 774 2752 Unde
828 2696 1086 2754 Dominus
1135 2700 1188 2754 in
1237 2699 1528 2771 Evangelia
1571 2702 1848 2773 discipulis
1888 2705 2000 2761 ait:

435 2788 532 2845 Vos
556 2792 678 2844 estis
699 2791 785 2845 sal
811 2800 981 2848 terra.
1019 2792 1170 2860 Quod
1198 2795 1244 2848 si
1275 2794 1356 2849 sal
1377 2799 1659 2864 evanuerit,
1690 2799 1745 2853 in
1782 2815 1885 2872 quo
1913 2818 2002 2855 sa-

422 2879 599 2943 Iietur,
616 2879 685 2933 ad
711 2880 930 2935 nihilum
964 2882 1092 2937 valet
1121 2882 1284 2948 ultra,
1308 2885 1408 2938 nisi
1432 2894 1489 2939 ut
1515 2887 1754 2942 mittatur
1786 2890 1931 2959 foras
1956 2906 2003 2946 et

420 2968 753 3024 conculcetur
779 2971 842 3024 ab
868 2972 1182 3032 hominibus.
1222 2974 1296 3030 De
1326 2991 1431 3044 quo
1459 2985 1517 3031 et
1542 2977 1738 3035 Paulus
1762 2983 2005 3041 scribens

423 3059 490 3114 ad
529 3059 706 3115 Titum
738 3060 850 3115 ait:
895 3061 1211 3118 Hcereticum
1230 3065 1507 3132 hominem,
1553 3081 1664 3139 post
1690 3072 1913 3141 primam
1956 3085 2003 3129 et

421 3150 705 3204 secundam
733 3152 1157 3222 increpationem,
1177 3154 1370 3218 devita,
1398 3159 1565 3213 sciens
1584 3161 1706 3230 quia
1730 3163 2005 3219 subversas

425 3249 501 3292 est
538 3240 631 3309 qui
673 3240 977 3310 hujusmodi
1001 3251 1078 3296 est
1108 3283 1120 3307 ,
1157 3253 1204 3296 et
1228 3243 1502 3316 delinquit,
1556 3264 1673 3302 cum
1696 3251 1762 3304 sit
1796 3254 2004 3322 proprio

415 3327 625 3397 judicio
653 3328 1046 3384 condemnatus.
1082 3329 1217 3385 llinc
1237 3340 1294 3386 et
1319 3334 1385 3387 ad
1410 3336 1668 3405 quosdam
1695 3337 2005 3410 delinquen-

426 3426 509 3471 tes
543 3418 619 3470 ait
647 3436 661 3470 :
692 3414 798 3472 Per
818 3434 907 3473 vos
935 3435 1120 3474 nomen
1154 3421 1252 3476 Dei
1298 3422 1684 3495 blasphematur
1708 3428 1845 3483 inter
1875 3445 2004 3501 gen-

424 3518 519 3563 tes.
553 3508 757 3564 Taliter
794 3524 925 3583 ergo
951 3510 1197 3582 deposito
1229 3514 1510 3589 [reposito]
1561 3518 1717 3574 altari
1750 3523 2000 3592 mystico,

428 3600 614 3669 reponi
677 3600 876 3656 debent
903 3602 1116 3673 mystici
1164 3602 1370 3673 lapides
1404 3605 1479 3660 illi
1514 3606 1569 3660 in
1603 3608 2006 3668 monte‘domus

402 3690 479 3744 in
506 3689 624 3745 loco
651 3698 804 3760 apto,
840 3692 1188 3763 quoadusque
1215 3695 1443 3750 veniens
1487 3698 1748 3767 propheta
1779 3714 2004 3770 respon-

426 3781 554 3835 deat
601 3780 786 3836 dicens
812 3781 1058 3855 [docens]
1106 3784 1231 3853 quia
1280 3794 1570 3855 peccantes
1607 3789 1777 3861 redigi
1804 3791 2005 3847 debent

426 3869 527 3925 sub
550 3869 938 3938 pmnitentiam,
970 3872 1141 3928 donec
1163 3888 1259 3942 per
1288 3884 1504 3931 sanctos
1533 3877 1785 3935 doctores
1811 3879 2006 3949 dijudi-

427 3968 579 4014 cetur
639 3975 737 4030 pro
752 3961 1036 4017 commisso
1055 3963 1281 4018 crimine
1302 3967 1629 4023 conveniens
1652 3970 2004 4029 sanctiﬁcatio

427 4058 757 4119 perpetrata.
797 4050 854 4104 ιη
880 4050 998 4108 loco
1027 4061 1204 4109 autem
1233 4069 1422 4109 eorum
1457 4056 1664 4127 lapides
1701 4060 1894 4132 integri
1923 4078 2005 4118 sc-

427 4141 661 4193 cnndum
690 4140 862 4211 legem
911 4143 1163 4198 substitui
1199 4145 1432 4211 debent,
1484 4157 1545 4203 ut
1574 4148 1668 4204 flat
1700 4150 1870 4207 altare
1902 4169 2001 4210 no-

431 4245 552 4283 vum
580 4231 875 4287 secundum
915 4232 1043 4288 illud
1071 4236 1211 4305 quod
1249 4236 1350 4292 fuit
1392 4239 1570 4309 prius,
1604 4244 1730 4312 quia
1756 4244 2003 4302 homines

429 4318 535 4372 tide
576 4319 839 4375 catholica
888 4324 1044 4386 sani,
1094 4326 1322 4381 scientia
1357 4338 1665 4386 sanctarum
1699 4332 2004 4405 Scriptura-

430 4426 549 4464 rum
574 4411 789 4479 imbuti,
842 4414 997 4470 bonis
1033 4417 1272 4473 moribus
1314 4419 1574 4491 religiosi,
1614 4422 1669 4477 in
1709 4423 1884 4479 locum
1916 4440 2002 4481 re-

346 4486 349 4487 ν
429 4501 644 4571 giminis
682 4504 822 4559 unde
862 4505 1181 4561 deciderunt
1220 4512 1689 4578 praevaricationes
1727 4513 2004 4586 [prmvari-

429 4591 637 4665 euntes]
677 4594 955 4665 subrogari
1009 4596 1242 4663 debent;
1300 4603 1597 4657 secundum
1648 4608 2001 4666 auctoritates

430 4684 616 4754 utique
645 4686 837 4741 divina:
862 4687 1027 4757 legis,
1066 4696 1125 4742 ut
1154 4689 1273 4744 sine
1302 4694 1724 4761 reprehensione
1769 4698 1821 4752 in
1852 4700 2003 4755 novi-

430 4784 546 4832 tate
564 4778 688 4832 vita:
724 4784 780 4832 et
813 4794 997 4833 norma
1032 4779 1253 4849 justitiae
1286 4783 1608 4838 exhibentur
1642 4787 2000 4843 ministerium

433 4864 547 4920 Deo
574 4866 631 4920 in
658 4875 844 4921 sancta
877 4867 1140 4934 Ecclesia,
1182 4885 1342 4939 quam
1378 4872 1484 4926 sibi
1515 4875 1800 4944 acquisivit
1846 4878 2005 4934 Chri~

432 4962 548 5009 stus
574 4957 750 5025 pretio
778 4959 1051 5028 sanguinis
1087 4961 1167 5014 sui
1202 4976 1455 5031 sponsam
1475 5004 1490 5028 ,
1519 4974 1576 5019 et
1604 4981 1705 5020 non
1732 4968 2001 5024 habentem

433 5046 696 5100 maculam
718 5065 877 5118 neque
901 5067 1081 5120 rugam
1108 5052 1322 5122 (Epltes.
1359 5055 1433 5126 v).

507 5134 575 5188 Et
596 5136 977 5204 wdi/icaverunt
1009 5152 1213 5208 sancta,
1232 5154 1279 5196 et
1299 5161 1415 5213 quin
1429 5146 1587 5215 juxta
1622 5147 1833 5202 domum
1855 5161 2002 5206 erant

434 5224 782 5278 intrinsecus:
817 5234 865 5277 et
898 5227 1059 5280 a'dem
1099 5238 1147 5281 et
1186 5232 1323 5284 atria
1372 5236 1858 5303 sancti/icaverunt,
1898 5249 2006 5295 etc.

432 5312 727 5369 :Edilicant
771 5315 941 5368 sancti
986 5317 1369 5385 praedicatores
1405 5333 1590 5378 sancta
1621 5325 1760 5380 intra
1789 5328 2005 5385 domum

433 5404 758 5460 intrinsecus
793 5415 847 5459 et
880 5405 1049 5461 :edem
1071 5446 1087 5471 ,
1124 5410 1341 5477 quando
1387 5412 1681 5482 subiectam
1709 5416 1919 5484 plebem
1953 5430 2009 5475 et

504 5525 527 5553 ⁸
563 5514 735 5569 Locus
763 5526 1067 5583 corruptus.

2104 1697 2393 1765 delubrum,
2418 1710 2475 1754 ut
2504 1700 2674 1757 luceat
2698 1706 2935 1761 omnibus
2962 1709 3050 1778 qui
3078 1710 3132 1763 in
3151 1709 3304 1764 domo
3327 1724 3449 1766 sunt
3466 1713 3677 1785 (Hatth.

2103 1786 2179 1856 v).
2233 1787 2338 1843 Per
2384 1790 2554 1847 altare
2601 1792 2941 1850 incensorum
2974 1797 3108 1852 nihil
3144 1801 3337 1856 melius
3368 1818 3530 1872 quam
3562 1820 3682 1874 per-

2103 1875 2300 1932 fectam
2351 1889 2659 1937 sanctorum
2688 1884 2852 1939 vitam
2899 1887 3148 1958 accipere
3176 1878 3481 1961 possumus,
3537 1894 3681 1950 unde

2103 1968 2342 2038 quOtidie
2384 1969 2588 2042 fragrat
2624 1974 2758 2029 odor
2788 1975 3065 2043 virtutum,
3095 1987 3151 2034 et
3178 1992 3379 2036 sancta:
3421 1986 3683 2041 orationis

2104 2059 2158 2113 in
2176 2070 2468 2132 conspectu
2501 2062 2783 2119 Altissimi.
2837 2066 3074 2123 Mensam
3125 2085 3254 2142 ergo
3308 2074 3527 2129 Domini
3574 2093 3679 2134 non

2102 2147 2267 2204 aliam
2307 2166 2467 2220 quam
2520 2162 2761 2209 sanctam
2809 2155 3145 2228 Scripturam
3193 2162 3577 2232 intelligimus,
3625 2168 3677 2223 in

2104 2254 2210 2309 qua
2237 2240 2498 2310 perfectio
2522 2246 2822 2301 animarum
2852 2250 3118 2304 consistit.
3159 2252 3311 2319 Quod
3342 2264 3524 2310 autem
3554 2258 3683 2313 dici-

2103 2337 2213 2394 tur,
2242 2330 2385 2398 quod
2413 2333 2766 2402 appenderunt
2800 2336 2930 2400 vela,
2978 2349 3025 2392 et
3054 2355 3543 2398 consummaverunt
3570 2363 3680 2399 ont-

2103 2420 2192 2476 nia
2228 2437 2384 2492 opera
2417 2439 2536 2493 qua:
2561 2423 2821 2492 fecerant,
2863 2428 2917 2482 in
2958 2432 3284 2500 appensione
3320 2434 3565 2489 velorum
3591 2454 3681 2492 ex-

2101 2512 2354 2586 primitur
2377 2515 2667 2572 occultatio
2691 2521 3092 2589 mysteriorum.
3121 2521 3234 2577 Non
3261 2527 3407 2579 enim
3434 2530 3683 2585 omnibus

2103 2609 2281 2665 omnia
2311 2609 2681 2680 patefacienda
2727 2623 2852 2669 sunt
2876 2616 3071 2673 divinae
3093 2609 3245 2692 'legis
3274 2624 3561 2693 mysteria,
3594 2627 3683 2681 scd

2101 2714 2201 2771 pro
2247 2709 2405 2769 captu
2436 2700 2635 2771 ingenii
2661 2705 3024 2772 quorumlibet
3067 2717 3119 2762 et
3146 2711 3391 2778 profectu
3444 2712 3683 2770 scientia

2104 2799 2265 2859 atque
2293 2791 2569 2845 virtutum.
2627 2792 2777 2849 Unde
2827 2795 3084 2852 Dominus
3114 2800 3370 2868 apostolis
3410 2806 3678 2874 prmcepit,

2105 2882 2291 2937 dicens
2314 2901 2327 2935 :
2369 2882 2545 2936 Nolite
2572 2894 2807 2939 sanctum
2836 2887 2962 2941 dare
2986 2890 3201 2944 canibus
3225 2932 3239 2955 ,
3279 2909 3444 2963 neque
3466 2897 3680 2950 mittatis

2032 2958 2076 3019 (ἶ
2109 2976 2419 3044 margaritas
2443 2985 2637 3030 uestras
2663 2987 2784 3031 ante
2815 2995 2997 3045 porcos
3051 2980 3266 3047 (Matth.
3301 2958 3431 3055 vti);
3473 2982 3530 3040 et
3552 2987 3683 3041 Pan.

2105 3066 2187 3120 lus
2210 3067 2429 3122 rudibus
2454 3068 2729 3137 discipulis
2760 3070 2830 3123 ait
2856 3088 2869 3124 :
2902 3070 3008 3125 Lac
3037 3073 3180 3127 vobis
3205 3074 3328 3128 dedi
3351 3087 3561 3146 potum,
3587 3096 3682 3134 non

2102 3170 2317 3209 escam:
2363 3156 2595 3210 nondum
2636 3159 2773 3211 enim
2807 3163 3074 3227 poteratis,
3110 3163 3200 3217 sed
3223 3181 3315 3217 nec
3351 3167 3565 3236 quidem
3590 3166 3680 3222 tid-

2104 3251 2204 3303 buc
2228 3250 2440 3319 potestis
2467 3249 2520 3321 (I
2574 3249 2696 3306 Cor.
2722 3252 2826 3321 In).
2853 3255 2926 3309 De
2953 3256 3315 3325 perfectorum
3344 3274 3481 3332 ergo
3512 3264 3683 3317 scien-

2103 3339 2179 3394 tia
2207 3339 2331 3393 alibi
2377 3340 2489 3394 ait:
2539 3339 2608 3393 Et
2647 3358 2742 3395 nos
2793 3343 3013 3398 revelata
3043 3345 3179 3415 faeie
3218 3348 3445 3419 gloriam
3472 3350 3683 3405 Domini

2104 3431 2537 3502 cantemplamur,
2591 3434 2644 3488 in
2692 3436 2924 3491 eamdem
2972 3439 3251 3506 imaginem
3298 3443 3681 3514 transformati,

2103 3531 2353 3592 tanquam
2373 3539 2405 3575 a
2434 3520 2645 3576 Domini
2672 3522 2892 3593 Spiritu,
2921 3530 3239 3603 etc,tl!Cor.
3261 3539 3371 3604 In).

2172 3611 2557 3667 Consummant
2587 3628 2716 3685 ergo
2755 3617 2933 3671 omnia
2972 3632 3137 3687 opera
3182 3635 3303 3688 qua:
3352 3620 3604 3679 facienda
3632 3625 3684 3678 in

2104 3701 2265 3758 domo
2292 3710 2418 3757 sunt
2456 3702 2580 3766 Dei,
2612 3705 2703 3773 qui
2736 3704 2861 3771 lide,
2890 3721 3139 3763 sermone
3164 3718 3218 3764 et
3258 3726 3425 3781 opere
3463 3715 3688 3768 student

2104 3794 2398 3849 secundum
2420 3794 2662 3849 ordinem
2701 3796 2921 3867 implere
2946 3799 3127 3855 omnia
3154 3804 3407 3858 mandata
3439 3805 3682 3861 Domini:

2104 3899 2207 3939 nec
2233 3884 2385 3939 deest
2408 3885 2694 3955 quidquam
2728 3888 2778 3941 in
2805 3891 3155 3959 perfectione.
3206 3894 3292 3947 ubi
3320 3896 3563 3952 humana
3593 3914 3687 3952 vo.

2103 3973 2284 4029 luntas
2303 3974 2496 4030 divina:
2524 3989 2623 4044 per
2640 3980 2820 4034 omnia
2847 3982 3183 4053 obtemperat
3208 3986 3493 4042 voluntati.

2177 4087 2245 4141 Et
2274 4099 2393 4145 ante
2415 4094 2723 4149 matutinum
2776 4109 3112 4153 surrexerunt
3154 4101 3335 4170 quinta
3365 4112 3417 4156 et
3446 4105 3688 4158 vicesima

2104 4182 2295 4235 mensis
2324 4184 2486 4247 noni,
2517 4195 2621 4240 etc.
2669 4186 2742 4240 De
2781 4186 2881 4242 hac
2926 4197 3106 4243 autem
3153 4193 3513 4247 renovatione
3541 4193 3690 4247 Iose-

2029 4295 2081 4356 D
2107 4271 2244 4341 phus
2274 4273 2347 4326 ita
2378 4284 2592 4338 narrat,
2638 4276 2821 4332 dicens
2875 4278 3070 4349 (Antiq.
3121 4295 3216 4342 xu,
3254 4280 3340 4349 l0)
3375 4299 3389 4333 :
3433 4301 3452 4332 ι
3489 4282 3688 4350 Quinta

2104 4378 2232 4417 vero
2256 4372 2310 4418 et
2350 4364 2604 4420 vicesima
2655 4367 2851 4421 mensis
2882 4367 3103 4431 Casleu,
3154 4384 3312 4438 quem
3364 4371 3690 4426 Macedones

2105 4454 2392 4523 Appelleon
2417 4464 2633 4521 vocant,
2667 4458 3028 4513 accenderunt
3062 4458 3262 4513 lumina
3296 4477 3461 4531 super
3487 4466 3687 4519 calide-

2106 4542 2335 4607 labrum,
2368 4555 2423 4600 et
2470 4545 2815 4602 adoleverunt
2850 4548 3161 4604 holocausta
3202 4567 3323 4621 qua:
3369 4553 3685 4609 obtulerunt

2106 4632 2161 4686 in
2194 4648 2332 4689 novo
2360 4634 2536 4689 altari.
2574 4654 2593 4687 ι
2626 4635 2750 4692 Haec
2779 4648 2956 4692 autem
2986 4638 3129 4693 facta
3155 4650 3278 4695 sunt
3304 4652 3428 4712 post
3453 4654 3569 4698 tres
3599 4660 3667 4698 an

2107 4737 2224 4785 nos,
2255 4723 2444 4779 eodem
2493 4725 2578 4780 die
2626 4741 2733 4795 quo
2778 4736 2980 4782 mutata
3028 4739 3329 4787 esteorum
3379 4735 3574 4806 religio
3621 4738 3686 4788 ad

2109 4809 2384 4878 profanam
2439 4825 2622 4868 eorum
2668 4815 2927 4870 idolorum
2977 4820 3440 4874 consuetudinem.
3488 4834 3516 4862 α
3551 4823 3685 4875 Nam

2110 4899 2364 4969 templum
2413 4902 2741 4963 destructum
2789 4905 2856 4960 ab
2907 4906 3169 4963 Antiocho
3215 4910 3293 4964 sic
3327 4912 3501 4966 tribus
3530 4914 3685 4967 annis

2108 4990 2404 5058 permansit
2433 5006 2448 5044 :
2489 4993 2675 5062 quinto
2701 4997 2842 5049 enim
2893 5012 3033 5053 anno
3074 5009 3129 5053 et
3152 5000 3385 5065 decimo,
3410 5011 3464 5057 et
3499 5012 3685 5058 cente-

2109 5077 2245 5132 simo
2270 5078 2324 5133 in
2352 5080 2550 5150 templo
2587 5081 2727 5137 facta
2754 5086 2850 5149 sit,
2882 5087 3067 5154 quinta
3091 5096 3147 5143 et
3179 5089 3439 5145 vicesima
3461 5091 3554 5147 die
3580 5091 3678 5160 Ap-

2107 5166 2317 5235 pelleon
2344 5172 2545 5225 mensis
2571 5188 2585 5235 ;
2626 5180 2818 5228 octavo
2841 5183 2895 5229 et
2935 5192 3074 5232 nono
3102 5192 3164 5232 ac
3191 5182 3488 5236 centesimo
3517 5196 3679 5243 anno.

2108 5253 2411 5325 Olympiade
2434 5260 2727 5314 centesima
2754 5270 2811 5315 et
2851 5263 3293 5337 quinquagesima
3334 5279 3549 5339 quarta.
3583 5270 3679 5324 De

2106 5342 2425 5400 solationem
2471 5363 2598 5403 vero
2629 5350 2809 5419 templi
2849 5353 3074 5422 contigit
3110 5353 3225 5409 ﬁeri
3255 5358 3553 5412 secundum
3579 5357 3683 5410 Da-

2106 5430 2260 5487 nielis
2282 5435 2671 5504 praefationem,
2696 5455 2854 5508 quam
2874 5449 2997 5496 ante
3014 5444 3227 5499 decimo
3248 5454 3303 5500 et
3329 5456 3521 5501 octavo
3545 5461 3679 5515 prte-
