3928 6168
242 284 251 287 ’
318 296 453 354 εισι

1037 302 1390 360 COMMENT.
1431 304 1498 360 IN
1538 304 1782 361 LIBROS
1823 305 2396 365 MACIIABAZORUM.
2437 338 2506 347 —
2548 305 2614 362 IN
2655 307 2783 364 ιω.
2821 306 2864 364 I.

3467 306 3602 368 illi!

309 426 528 482 dixerat
554 437 719 487 anno,
750 436 849 494 per
866 434 1029 492 quam
1061 421 1384 492 signiﬁcavit
1409 424 1550 493 quod
1582 422 1905 480 Macedones
1931 426 1984 485 Α
2007 435 2169 494 quem
2207 436 2307 480 nos
2342 436 2597 480 vocamus
2638 421 2908 487 Martium,
2953 434 3092 492 opus
3126 419 3195 476 ad
3224 418 3386 476 ﬁnem
3432 435 3604 488 usque

311 516 445 573 illud
468 515 830 569 destruerent.
867 513 1172 569 Celebravit
1200 522 1381 569 autem
1409 512 1576 571 ludas
1619 528 1743 571 cum
1772 515 1905 571 civi-

314 613 420 669 bus
460 609 576 665 suis
602 621 700 678 pro
741 607 1090 662 renovatione
1138 606 1319 677 templi
1354 606 1622 667 sacriﬁcia
1659 623 1758 678 per
1789 608 1908 664 dies

312 709 442 754 octo
469 738 485 763 ,
534 695 736 752 nullum
767 709 937 765 genus
960 694 1280 751 deliciarum
1318 696 1660 769 relinquens,
1704 698 1909 769 pretio-

308 788 545 845 sissimis
569 786 796 858 dapibus
821 800 916 841 eos
938 800 1168 854 pascens
1197 804 1211 839 :
1259 786 1430 843 Deum
1454 796 1633 845 autem
1659 788 1908 846 laudibus

307 894 373 941 et
401 879 624 953 psalmis
650 878 1047 949 gloriﬁcabant,
1089 890 1269 949 seque
1304 888 1492 935 mutuo
1542 880 1793 937 cantibus
1812 881 1911 936 de.

302 973 606 1033 lectabant.
646 969 757 1025 Pro
803 969 1152 1025 renovatione
1206 986 1338 1026 vero
1391 971 1735 1039 solemnium,
1788 984 1910 1044 post

310 1063 546 1120 multum
568 1069 776 1131 tempus
804 1059 1103 1117 inStaurata
1133 1062 1414 1132 religione,
1444 1072 1755 1135 receptores
1775 1063 1929 1137 legis‘

304 1159 613 1225 posuerunt
644 1159 705 1208 ut
744 1154 945 1223 posteri
977 1162 1100 1223 post
1125 1164 1251 1210 octo
1278 1156 1397 1212 dics
1430 1155 1573 1211 hanc
1598 1157 1909 1215 renovatio-

311 1262 439 1303 nem
467 1246 648 1315 templi
673 1245 1026 1301 celebrarent.
1060 1246 1215 1302 Unde
1238 1256 1293 1301 et
1314 1247 1385 1301 ab
1408 1246 1498 1303 illo
1534 1254 1779 1317 tempore
1805 1248 1907 1305 bse-

310 1346 507 1394 ctenus
545 1338 689 1393 hanc
710 1338 1061 1394 festivitatem
1085 1339 1454 1407 celebramus;
1504 1348 1762 1396 vocantes
1784 1355 1909 1397 eam

313 1427 572 1493 Lumina,
610 1443 677 1483 eo
701 1430 845 1499 quod
874 1439 1073 1499 praeter
1115 1446 1266 1502 spem
1295 1431 1401 1487 hoc
1442 1431 1601 1486 nobis
1629 1431 1910 1501 splendide

313 1516 498 1571 lumen
553 1517 793 1573 colenda:
831 1519 1107 1591 religionis
1154 1524 1421 1591 apparuit,
1460 1522 1688 1593 mystice
1725 1529 1907 1578 autem

313 1609 594 1667 renovatio
640 1610 826 1680 templi
865 1612 1149 1669 conversio
1180 1621 1266 1668 est
1314 1614 1592 1669 hominum
1623 1612 1691 1669 ad
1735 1612 1910 1684 ι)ωηὶ-

315 1702 539 1757 tentiam
565 1710 944 1772 peCcatOrum,
995 1705 1086 1775 qui
1138 1706 1407 1776 aliquibus
1431 1706 1711 1763 erroribus
1741 1716 1906 1775 atque

2008 511 2351 584 perductum.
2412 512 2547 569 Cum
2598 511 2851 567 videlicet
2903 519 3032 567 tunc
3069 510 3222 582 operi
3272 510 3608 582 praefuerat»

2009 606 2177 662 duces
2210 605 2383 677 plebis
2417 604 2800 668 strenuissimi,
2830 610 2891 659 ut
2926 603 3186 668 diximus,
3209 603 3513 665 lorobabel
3537 605 3606 667 de

2010 697 2159 769 regio
2181 710 2397 769 genere,
2430 704 2486 752 et
2510 695 2690 761 Jesus,
2715 695 2972 752 sacerdos
2993 710 3254 768 magnus;
3284 696 3381 753 sed
3406 705 3464 751 ot
3479 710 3607 771 pm-

2012 790 2191 862 pliette
2221 788 2454 860 Aggmus
2504 796 2562 845 et
2614 787 2907 843 Zacharias
2942 786 3263 859 adjuvantes
3302 803 3398 846 eos
3441 797 3608 867 atque

2011 882 2270 937 adversus
2296 879 2519 937 insidias
2546 879 2947 950 impedientium
2973 895 3110 952 opus
3136 880 3372 940 hostium
3388 897 3483 941 cor
3504 897 3604 957 po.

2010 974 2120 1043 puli
2151 974 2488 1029 roborantes.
2540 974 2670 1029 Inde
2696 981 2819 1044 post
2849 988 3020 1030 annos
3052 973 3225 1031 ferme
3248 983 3520 1033 trecentos
3549 986 3606 1035 et

2010 1065 2400 1136 quinquaginta
2426 1074 2531 1119 sex:
2558 1079 2655 1120 rex
2692 1062 3111 1122 nefandiSsimtts
3134 1065 3451 1126 Grareorum
3488 1067 3602 1127 Att-

2013 1158 2245 1222 tiocltus,
2280 1155 2468 1212 fraude
2501 1165 2660 1226 capta
2681 1157 3004 1226 Jerusalem,
3027 1160 3287 1231 templum
3313 1161 3455 1219 idem
3480 1179 3605 1219 sor-

2012 1249 2169 1305 dibus
2186 1248 2454 1305 idolorum
2485 1248 2805 1322 profanavit,
2852 1250 3106 1308 auferens
3132 1253 3259 1308 inde
3283 1262 3340 1310 et
3358 1254 3602 1314 contriu-

2012 1356 2145 1411 gens
2173 1341 2345 1396 altare
2370 1340 2585 1395 Domini
2613 1354 2862 1407 aureum,
2908 1356 3161 1399 mensam
3193 1345 3601 1414 propositionis,

2010 1432 2394 1489 candelabrum
2433 1433 2677 1501 luminis,
2706 1441 2762 1490 et
2798 1443 2996 1492 statera
3019 1451 3141 1507 quae
3164 1442 3333 1512 supra
3358 1453 3603 1498 comme-

2012 1530 2223 1577 morata
2257 1532 2401 1578 sunt.

2084 1616 2190 1671 Sed
2221 1617 2390 1674 ludas
2417 1617 2761 1676 llacbabaeus
2784 1629 3081 1678 comesset
3101 1623 3171 1681 de
3188 1638 3395 1697 genere
3416 1639 3605 1685 sacer-

2012 1706 2202 1772 dotali,
2253 1707 2483 1763 coﬂecto
2510 1711 2756 1765 exercitu
2780 1710 3086 1782 justomm,
3118 1714 3387 1773 adversus
3411 1718 3606 1775 Antio-

312 1789 645 1848 facinoribus
682 1793 1034 1850 contaminati
1078 1804 1253 1851 erant.
1307 1796 1460 1851 Tunc
1491 1797 1636 1851 enim
1676 1807 1902 1852 cantan-
1938 1785 1978 1843 Β
2007 1797 2095 1853 chi
2132 1798 2297 1853 duces
2324 1812 2478 1853 arma
2515 1798 2834 1871 corripiens,
2884 1805 3174 1874 eosquede
3199 1805 3389 1863 Iudae
3414 1810 3606 1880 expel-

311 1886 461 1945 dum,
494 1881 855 1952 gaudendum,
888 1882 1199 1950 lmtandum,
1230 1882 1573 1952 jubilandum
1602 1895 1767 1957 atque
1795 1885 1907 1940 lau-

312 1973 554 2028 dandum
603 1974 907 2045 quibusque
960 1975 1211 2033 ﬁdelibus
1254 1987 1359 2044 est,
1409 1980 1627 2050 quando
1668 1981 1906 2038 viderint

310 2065 591 2134 proximos
612 2080 740 2121 suos
769 2082 867 2137 per
895 2069 1291 2124 correctionem
1339 2071 1550 2127 viarum
1590 2081 1756 2144 atque
1789 2087 1906 2129 me-

315 2154 630 2212 ditationem
654 2157 787 2229 legis
817 2158 911 2214 Dei
952 2158 1007 2214 in
1048 2161 1356 2233 semetipsis
1381 2163 1710 2232 instaurare,
1757 2168 1903 2238 quod

314 2256 442 2303 ante
459 2246 574 2316 jam
599 2264 699 2319 per
732 2250 1115 2321 negligentiam
1142 2252 1545 2311 destruxerant.

387 2337 539 2395 Unde
560 2348 619 2396 et
639 2356 852 2396 sacrum
875 2342 1226 2414 Evangelium
1249 2356 1436 2402 narrat
1464 2345 1802 2406 Salvatorem
1829 2351 1904 2406 di-

318 2428 456 2484 tisse
485 2427 637 2501 (Luc.
669 2429 759 2502 xv)
815 2430 871 2485 in
917 2431 1071 2488 caelis
1111 2434 1368 2505 gaudium
1410 2437 1563 2492 nasci
1609 2454 1772 2509 super
1794 2456 1904 2497 uno

317 2530 601 2585 peccatore
645 2523 1021 2593 paenitentiam
1067 2534 1303 2597 agente:
1350 2527 1399 2583 si
1443 2528 1511 2583 de
1538 2545 1670 2595 uno,
1700 2540 1904 2602 quanto

310 2612 488 2682 magis
511 2611 579 2667 de
604 2613 788 2670 multis
823 2616 1116 2671 exsultatio
1153 2618 1261 2675 erit
1303 2621 1582 2678 conversis
1613 2623 1683 2677 ad
1711 2639 1900 2679 verum

312 2703 519 2761 cultum
550 2706 667 2761 Dei.
695 2705 830 2773 Quia
857 2708 999 2763 sicut
1041 2711 1302 2781 scriptum
1351 2721 1437 2769 est
1466 2730 1480 2768 :
1513 2712 1581 2769 In
1608 2713 1906 2771 multitudi—

312 2811 430 2849 nem
475 2793 638 2866 plebis
684 2797 914 2869 dignitas
957 2809 1031 2855 est
1067 2801 1319 2873 principis
1345 2803 1531 2876 (Prov.
1559 2805 1713 2878 xiv);
1760 2807 1905 2864 illius

314 2885 568 2943 videlicet
607 2888 894 2959 principis:
946 2891 1038 2964 qui
1076 2891 1188 2947 vult
1218 2894 1454 2950 homines
1510 2911 1689 2952 omnes
1733 2896 1905 2955 salvos

303 2995 423 3033 esse
450 2988 501 3033 et
529 2978 598 3033 ad
623 2980 937 3050 agnitionem
954 2983 1185 3040 veritatis
1209 2987 1473 3056 pervenire
1497 2987 1549 3061 (ι
1579 2987 1718 3044 Tios.
1747 2990 1832 3061 tt).

2005 1889 2146 1954 lens,
2176 1890 2541 1959 persecutioni
2570 1891 2882 1948 smvissiata:
2901 1892 3067 1951 ﬂuctu
3082 1894 3362 1966 imposuit,
3389 1912 3455 1955 ac
3476 1907 3611 1959 teu-

2003 1983 2151 2056 plum
2175 1984 2243 2040 ab
2265 1982 2532 2041 idolorum
2558 1985 2884 2057 imaginibus
2903 1987 3223 2055 emendatis,
3252 2004 3391 2046 nova
3414 2005 3609 2052 rursus

2006 2074 2199 2129 altaria
2233 2083 2292 2130 et
2325 2083 2522 2131 caetera
2553 2090 2683 2131 vasa
2711 2076 2798 2133 vel
2839 2076 3159 2135 ornamenta
3186 2078 3397 2138 faciens
3441 2090 3610 2153 atque

2006 2165 2063 2220 in
2089 2164 2289 2236 templo
2318 2179 2621 2237 reponens,
2652 2167 2923 2224 dedicavit
2949 2184 3015 2226 ea
3043 2170 3605 2255 simulm'templo.

2005 2254 2160 2323 Quod
2201 2255 2511 2326 puriﬁcavit
2553 2266 2611 2315 et
2652 2260 2940 2316 renovavit
2980 2254 3472 2336 vicesima-quinta
3500 2267 3629 2326 idle

2005 2347 2209 2403 mensis
2234 2347 2381 2412 noni,
2411 2348 2504 2418 qui
2548 2348 2693 2419 apud
2722 2362 2831 2406 nos’
2855 2350 3157 2423 appellatur
3174 2354 3494 2423 December,
3548 2367 3627 2419 et

2005 2437 2073 2492 ad
2101 2436 2337 2493 hiemem
2364 2437 2640 2509 pertinere
2671 2439 2806 2496 nulli
2835 2440 3058 2498 dubium
3094 2453 3328 2502 cenent.
3367 2444 3621 2504 Statuit--

2005 2541 2111 2599 que
2140 2528 2442 2596 decretum,
2488 2537 2550 2585 ut
2575 2530 2948 2603 praediximus,
2976 2534 3229 2593 omnibus
3252 2539 3435 2595 annis
3458 2539 3606 2597 diem

2005 2611 2414 2689 Encamiorum,
2471 2622 2527 2679 id
2559 2631 2675 2691 est,
2725 2624 3096 2684 innovationis
3141 2636 3219 2684 et,
3247 2626 3625 2691 dedicationis-

2007 2715 2191 2788 tempii
2212 2756 2228 2783 ,
2271 2716 2412 2774 festa
2441 2718 2727 2776 devotione
2765 2721 3065 2791 celebrari,
3111 2722 3255 2781 sicut
3297 2725 3461 2784 locus
3501 2727 3607 2787 iste

2006 2823 2153 2865 nunc
2175 2816 2424 2865 testatur.
3384 2808 3388 2813 ’

2079 2897 2210 2967 Quae
2230 2899 2479 2970 profecto
2496 2900 2710 2969 omnia,
2732 2902 2876 2960 sicut
2895 2902 3197 2976 Apost
3214 2905 3453 2984 dsint!
3468 2907 3605 2966 Cor.

2008 2987 2089 3062 χ),
2122 2990 2177 3045 in
2201 2989 2370 3061 ﬁgura
2395 2988 2539 3048 facta
2566 2996 2894 3053 sunt'nostri
2913 3036 2930 3063 ,
2960 3002 3017 3054 et
3041 3006 3271 3071 propter
3290 3002 3608 3074 mentique

386 3069 456 3125 Et
489 3072 671 3126 statuit
691 3070 862 3129 ludas
889 3086 937 3130 et
958 3076 1151 3145 fratres
1178 3077 1293 3147 ejus
1313 3120 1328 3145 ,
1367 3090 1415 3135 et
1444 3082 1689 3139 universa
1722 3084 1909 3141 Eccle-
1937 3144 1977 3162 Π
2011 3081 2238 3152 scripta,
2280 3080 2497 3154 imoque
2518 3084 2677 3141 nobis
2704 3084 2971 3144 solertlu‘s‘
2998 3069 3233 3162 spiritali
3251 3069 3621 3152 musaea—lu

307 3164 394 3217 sia
423 3160 616 3229 Israel,
649 3171 706 3216 ut
728 3173 918 3235 agatur
944 3144 1057 3223 dies
1084 3144 1429 3227 dedicationis
1471 3173 1661 3231 altaris
1686 3177 1745 3231 in
1773 3186 1905 3232 τετη-
1934 3144 1979 3208 C
2008 3144 2279 3229 cutienda.
2327 3144 2813 3249 Salomon‘quippe
2839 3192 2960 3247 rex,
2990 3144 3496 3256 quitaterpretat‘er
3518 3203 3615 3257 ps-

315 3254 525 3325 poribus
550 3255 680 3310 suis.
724 3254 872 3313 Hanc
903 3259 1120 3327 quidem
1150 3261 1548 3321 solemnitatem
1572 3265 1685 3337 ipse
1722 3265 1910 3323 Salva-

317 3352 402 3399 tor
423 3345 477 3399 in
504 3344 796 3417 Evangelia
820 3349 1200 3419 praedicatione
1227 3370 1324 3409 sua
1364 3354 1567 3427 legitur
1591 3357 1905 3427 decorasse,

316 3434 405 3489 ubi
433 3436 697 3507 scriptum
722 3446 805 3494 est
829 3458 842 3493 :
882 3437 1052 3495 Facta
1082 3452 1202 3497 sunt
1237 3442 1490 3501 Encwnia
1514 3447 1570 3501 in
1599 3447 1907 3521 Hierosoly-

315 3527 417 3581 mis
456 3539 504 3582 et
555 3529 719 3584 hiems
753 3540 889 3595 erat,
932 3540 985 3585 et
1022 3532 1325 3588 ambulabat
1371 3532 1528 3591 Iesus
1554 3538 1610 3592 in
1637 3538 1827 3609 templo
1848 3540 1908 3593 in

316 3620 521 3687 porticu
552 3618 870 3688 Salomonis,
922 3631 1028 3678 etc.
1071 3623 1251 3695 (Joan.
1301 3625 1380 3698 ι).
1429 3626 1581 3684 Unde
1627 3629 1909 3687 sciendum

314 3719 400 3763 est
425 3709 571 3778 quod
599 3711 849 3768 Encaania
875 3715 993 3770 haec
1024 3732 1144 3786 quae
1170 3717 1401 3775 lectione
1426 3721 1735 3791 evangelica
1767 3722 1908 3779 facta

316 3802 703 3867 agnovimus,
748 3820 856 3858 non
901 3804 975 3859 ad
1001 3807 1233 3877 primam
1265 3810 1448 3880 templi
1491 3812 1905 3880 dedicationem,

312 3892 413 3946 sed
443 3893 510 3947 ad
535 3892 777 3949 ultimam
822 3898 1130 3966 pertinent;
1179 3901 1324 3971 quod
1367 3918 1435 3957 ex
1458 3918 1525 3960 eo
1561 3904 1719 3961 facile
1759 3906 1911 3962 colli-

319 3981 463 4049 gitur
491 3983 618 4051 quia
674 3984 851 4040 hieme
892 3986 1039 4044 facta
1089 3988 1357 4047 feruntur.
1413 3992 1593 4050 Prima
1640 3996 1910 4068 siquidem

318 4069 434 4141 ejus
459 4071 725 4128 dedicatio
750 4091 782 4130 a
808 4075 1099 4135 Salomone
1135 4089 1378 4153 tempore
1420 4086 1698 4153 autumni;
1732 4088 1910 4142 media

320 4172 522 4229 autem,
540 4198 547 4205 ο
567 4164 863 4221 Zorohabel
886 4180 941 4223 et
960 4169 1098 4225 Jesu
1122 4174 1423 4241 sacerdote,
1457 4183 1696 4247 tempore
1725 4178 1906 4247 veris;

322 4255 512 4308 ultima
534 4265 739 4324 autem,
762 4256 898 4314 Juda
938 4259 1269 4343 Machabmo,
1294 4273 1541 4337 tempore
1564 4268 1784 4333 hiemis,
1827 4278 1912 4326 est

318 4343 462 4399 facta
490 4364 503 4399 :
533 4348 750 4417 quando
775 4351 1080 4419 specialiter
1105 4356 1456 4412 constitutum
1480 4374 1602 4414 esse
1626 4359 1826 4432 legitur
1853 4369 1912 4417 ut

322 4437 513 4490 eadem
534 4437 802 4494 dedicatio
830 4455 1148 4510 per'omnes
1173 4460 1344 4502 annos
1378 4448 1433 4502 in
1468 4452 1787 4508 memoriam
1816 4470 1908 4510 so-

325 4523 590 4581 lemnibus
633 4539 978 4586 revocaretur
1016 4532 1207 4591 ciliciis

326 4630 537 4694 tempus
590 4618 882 4683 Dominicze
933 4629 1322 4689 incarnationis
1367 4635 1714 4694 observatum
1746 4639 1914 4698 fuisse

323 4716 637 4787 supradicta
673 4722 936 4777 sententia
965 4722 1241 4797 Evangelii
1270 4729 1606 4799 agnovimus.
1652 4731 1779 4788 Haec
1813 4750 1915 4789 au-

327 4815 434 4862 tcm
464 4808 567 4864 fuit
587 4825 752 4869 causa
774 4813 1024 4870 secundae
1061 4826 1118 4872 et
1156 4818 1328 4874 tertia:
1356 4821 1729 4879 dedicationis.
1777 4823 1913 4891 Quia

325 4902 582 4959 Salomon
607 4906 824 4975 quidem
846 4909 1027 4980 templi
1054 4926 1191 4982 opus
1222 4916 1368 4985 quod
1396 4916 1624 4971 Domino
1650 4921 1912 4988 condidit,

326 5001 533 5062 septem
560 4997 716 5053 annis
739 4999 1004 5068 perfecit,
1059 5013 1252 5060 octavo
1274 5017 1453 5062 autem
1481 5025 1625 5065 anno
1645 5051 1661 5076 ,
1711 5012 1918 5068 decima

327 5084 418 5141 die
438 5088 659 5157 septimi
687 5092 889 5147 mensis
911 5133 926 5156 ,
973 5095 1065 5164 qui
1092 5112 1120 5149 a
1167 5098 1325 5153 nobis
1345 5100 1577 5157 October
1598 5102 1919 5174 appellatur,

328 5174 386 5231 in
416 5193 606 5249 magna
640 5179 808 5250 gloria
834 5184 1121 5241 dedicavit.
1152 5186 1259 5244 Sed
1284 5191 1351 5245 ad
1380 5192 1485 5248 hoc
1514 5195 1772 5264 tetnplum
1798 5206 1922 5268 post

325 5280 503 5324 annos
530 5269 961 5343 quadringentos
981 5276 1201 5347 triginta
1221 5282 1848 5351 ascenderuntChaldwi,
1869 5296 1923 5343 et

326 5359 787 5434 Jerosolymorum
833 5368 967 5424 urbe
1014 5370 1305 5440 destructa,
1363 5378 1616 5446 populum
1670 5379 1833 5435 Israel
1863 5382 1914 5435 in

328 5452 660 5523 Babylonem
691 5455 965 5515 abduxere
990 5462 1261 5531 captivum
1286 5483 1302 5530 ;
1345 5469 1433 5536 qui
1479 5479 1603 5538 post
1626 5486 1800 5527 annos
1827 5489 1915 5528 se-

329 5547 628 5618 ptuaginta,
655 5552 1004 5619 regnantibus
1026 5553 1226 5623 Persis,
1256 5558 1310 5613 in
1339 5562 1573 5630 patriam
1612 5574 1696 5620 est
1724 5566 1917 5623 remis-

330 5651 445 5704 sus,
493 5653 788 5709 rursusque
811 5643 1133 5701 aediﬁcatum
1183 5657 1266 5704 est
1306 5651 1566 5722 templum
1601 5668 1702 5724 per
1743 5671 1916 5712 annos

328 5730 685 5802 quadraginta
735 5749 852 5796 sex,
906 5746 961 5791 et
1007 5740 1164 5795 tertia
1206 5743 1291 5799 die
1320 5746 1522 5802 mensis
1567 5748 1911 5821 duodecimi,

613 5829 889 5892 Psrnon.
937 5832 1098 5895 CIX.

2008 3264 2224 3334 ciﬁeus,
2269 3265 2447 3335 ipsum
2487 3266 2909 3342 Redemptorem
2963 3279 3219 3330 nostrum
3234 3276 3425 3347 typice‘
3466 3278 3611 3336 desi-

2010 3364 2171 3427 gnat;
2217 3357 2284 3414 dc
2306 3374 2416 3429 quo
2451 3359 2618 3416 lsaias
2645 3363 2753 3417 ait:
2803 3362 3251 3436 Multiplieabitur
3287 3370 3405 3441 ejus
3445 3371 3614 3443 inspe-

2011 3450 2167 3510 n’um,
2190 3458 2245 3502 et
2258 3450 2403 3519 pacis
2426 3466 2529 3506 non
2555 3454 2657 3508 erit
2674 3454 2821 3523 ﬁnis.
2851 3457 3131 3529 Templum
3146 3463 3301 3533 "quod
3323 3463 3627 3524 admonvit:

2010 3540 2273 3595 catholica
2305 3542 2424 3613 ejus
2450 3543 2711 3601 Ecclesia
2741 3554 2828 3602 est
2847 3588 2863 3614 ,
2905 3559 3067 3619 cpiam
3107 3551 3181 3606 de
3212 3553 3485 3613 universis
3507 3568 3610 3627 per

2008 3632 2195 3689 orbem
2223 3634 2593 3702 credentibus,
2620 3638 2774 3707 quasi
2786 3640 2867 3696 de
2888 3641 3026 3697 vivis
3039 3641 3334 3713 lapidibus,
3360 3646 3416 3702 in
3442 3656 3621 3707 unam

1999 3731 2122 3777 suae
2164 3722 2288 3779 ﬁdei
2339 3732 2395 3780 et
2431 3725 2718 3783 charitatis
2760 3744 3099 3803 compagem
3123 3744 3397 3808 aggregat.
3450 3738 3610 3806 Quod

2009 3822 2188 3871 autem
2217 3819 2618 3886 septem‘annis
2644 3814 3397 3896 (ediﬁcatumestetemplum,
3429 3829 3605 3902 signi-

2012 3909 2140 3965 ﬁcat
2186 3910 2313 3980 quia
2340 3918 2639 3981 portatum
2667 3912 2831 3986 hujus
2875 3916 3057 3973 saeculi
3087 3925 3322 3990 tempus“,
3353 3924 3500 3993 quod
3524 3938 3615 3982 se-

2010 4010 2157 4071 ptem
2206 4002 2396 4059 di’ebus
2418 4003 2734 4073 evolvitur,
2789 4015 2991 4065 sanctae
3039 4016 3312 4069 structura
3352 4014 3617 4076 Ecdesite

2012 4108 2287 4165 nunquam
2333 4106 2583 4152 crescere
2619 4097 2833 4154 desinit.
2885 4099 3041 4168 Quod
3061 4110 3256 4160 octavo
3281 4114 3426 4163 anno
3454 4108 3612 4165 dedi.-

2011 4196 2191 4244 catum
2213 4198 2319 4257 est,
2344 4190 2795 4249 et-celeberrima'
2829 4194 3006 4251 illa-ac
3026 4196 3275 4254 maxima
3295 4199 3623 4261 solemnitas'

2013 4298 2045 4338 a
2070 4281 2359 4340 Salomone
2412 4300 2539 4357 rege
2583 4288 2794 4344 cunctis
2823 4287 2947 4346 filiis
2972 4289 3145 4348 Israel
3186 4300 3430 4364 tempore
3454 4310 3611 4352 com-

2011 4375 2170 4446 pictae
2197 4375 2556 4434 dedicationis
2582 4381 2837 4437 exhibita
2857 4422 2874 4446 ,
2925 4381 3166 4439 insinuat
3205 4387 3431 4457 mystice
3455 4390 3609 4460 quia,

1258 4468 1344 4502 ιιυδ
1378 4468 1433 4502 m
1468 4468 1787 4508 memoriam
1816 4470 1908 4510 so-
1940 4503 1991 4563 D
2012 4468 2259 4538 perfecto
2282 4469 2334 4523 in
2368 4468 2474 4525 ﬁne
2494 4472 2703 4527 mundi
2724 4488 2950 4531 numero
2991 4475 3311 4544 electorum,
3337 4478 3602 4536 diu'desi-
3643 4526 3661 4569 ἒ

1258 4534 1402 4569 εει-ιη
1450 4542 1593 4569 ιτα-...τι
1642 4558 1811 4569 ..-κηλ
1843 4546 1908 4569 ,Α
2034 4558 2048 4569 .
2252 4561 2265 4569 .
2507 4561 2540 4569 .-
2631 4563 2643 4569 -
2950 4566 2965 4569 -
3052 4567 3059 4569 Α
3307 4567 3311 4569 _

1248 4542 1405 4604 Ιωίῑίὶ
1449 4542 1595 4611 (Ιυοά
1642 4558 1813 4613 usque
1841 4546 1910 4600 ad
1945 4542 1991 4563 υ
2016 4558 2219 4615 derata:
2252 4561 2677 4618 immortalitatis
2711 4579 2901 4621 secura
2942 4542 3361 4637 festivitaserit,
3390 4578 3449 4627 et
3487 4585 3611 4642 pcr-

2019 4660 2142 4706 acto
2168 4653 2496 4710 universalis
2521 4656 3249 4727 resurrectibnis'miraculo,
3267 4674 3395 4718 mox
3419 4677 3610 4720 omnes

2018 4742 2109 4810 qui
2136 4742 2202 4796 ad
2225 4742 2436 4813 paciﬁci
2470 4746 2610 4816 regis
2635 4746 2767 4812 veri,
2794 4747 3003 4805 scilicet
3024 4747 3347 4816 Salomonis,
3380 4766 3611 4825 regnum

2018 4833 2311 4901 pertinent,
2343 4844 2545 4890 mtcrna
2568 4853 2691 4893 cum
2708 4852 2793 4893 eo
2814 4839 3009 4910 gaudia
3052 4842 3241 4913 patria:
3265 4842 3503 4902 caelestis
3528 4845 3613 4902 in-

2021 4924 2257 4981 trabunt.
3205 4946 3215 4957 ‘

2032 5032 2039 5039 ·
2093 5015 2228 5072 Nam
2256 5018 2380 5088 quia
2410 5019 2669 5076 Dominus
2703 5030 2887 5078 noster
2908 5032 3103 5081 octava
3138 5026 3243 5093 die,
3279 5025 3332 5084 id
3361 5035 3466 5097 est,
3487 5041 3614 5101 post

2022 5112 2308 5180 septimam
2349 5113 2596 5179 sabbati,
2629 5116 2943 5172 resuscitari
2984 5134 3016 5173 a
3042 5128 3214 5190 morte
3236 5122 3425 5189 voluit,
3462 5134 3612 5181 recte

2023 5217 2283 5259 numerus
2330 5205 2643 5263 octonarius
2687 5217 2884 5264 nostrae
2931 5224 3149 5283 quoque
3194 5216 3611 5271 resurrectionis

2024 5294 2158 5349 festa
2182 5302 2407 5350 ventura
2450 5296 2716 5369 designat.
2762 5298 2914 5368 Quod
2944 5303 3207 5372 templum
3248 5305 3317 5358 ab
3363 5303 3610 5360 hostibus

2027 5387 2308 5443 incensum
2360 5405 2574 5446 rursum
2628 5392 2863 5449 Domino
2903 5396 3200 5451 miserante
3230 5393 3601 5471 construitur;

2026 5480 2169 5547 quod
2206 5481 2275 5534 ab
2309 5481 2606 5538 idololatria
2651 5485 3059 5555 coinquinatum
3113 5488 3311 5550 denuo,
3359 5498 3609 5556 superna!

2023 5570 2235 5639 pietatis
2263 5572 2485 5639 auxilio,
2526 5576 2856 5641 mandatur;
2903 5577 3085 5631 varios
3121 5584 3319 5631 sancte
3346 5575 3609 5633 Ecclesia

2023 5661 2261 5717 insinuat
2282 5674 2531 5731 eventus,
2571 5680 2693 5735 qua:
2717 5680 2863 5722 nunc
2890 5663 3182 5721 inﬁdelium
3229 5666 3610 5736 persecutione

2021 5755 2302 5827 premitur,
2348 5774 2491 5816 nunc
2538 5768 2738 5827 autem,
2772 5758 3212 5831 persecutoribus
3237 5758 3445 5815 reddita
3468 5758 3606 5820 libe-

3009 5852 3089 5921 37
