3928 6168
309 219 447 278 “63

946 215 1008 270 Β.
1052 213 1304 269 [MBAN]
1344 212 1563 269 MAUlll
1597 208 1919 267 ARCHIEP.
1964 204 2270 263 BlOGUN'l‘.
2313 204 2597 264 Ol‘EllUll
2638 206 2819 263 PARS
2859 207 2899 263 Ι.

3452 211 3588 266 εισι

305 332 439 397 tier,
483 328 849 402 tranquillius,
880 331 1118 388 instante
1144 329 1394 396 Domino,
1436 327 1695 383 servitute
1723 323 1895 380 famu—
1920 328 1970 384 Α
1999 330 2087 376 tur
2133 335 2198 376 ac
2245 329 2647 390 persequuntur
2693 335 2880 376 servos
2918 322 3034 386 Dei,
3077 322 3144 377 ad
3202 323 3429 379 nihilum
3492 339 3598 379 eos

307 423 480 479 tatur:
512 436 654 477 nunc
679 420 732 475 in
760 419 1080 490 quihusdam
1115 420 1229 475 suis
1254 419 1513 474 membris
1538 416 1712 474 hostis
1751 415 1893 470 anti-

305 514 399 583 qui
428 512 764 583 periclitatur
782 510 1013 576 insidiis,
1042 523 1184 564 nunc
1210 509 1447 564 instante
1469 507 1691 563 solertia
1720 505 1900 561 docto-

310 619 430 659 rum
472 588 737 666 ﬁdelium,
785 614 922 671 quos
963 600 1030 655 ad
1076 594 1268 656 horam
1310 599 1540 668 perdere
1588 596 1896 661 videbatur,

306 711 403 767 per
428 692 803 766 pmnitcntiam
820 691 935 762 jam
962 692 1255 763 castigatos
1280 690 1491 761 recipit.

374 784 531 854 Quod
575 798 707 840 vero
742 784 995 855 templum
1023 783 1316 839 secundum
1341 779 1696 852 quadraginta
1719 787 1775 833 et
1802 791 1897 832 sex

306 877 464 935 annis
497 876 821 932 aediﬁcatum
862 882 984 942 est,
1033 875 1102 929 ad
1151 871 1600 945 signiﬁcationem
1632 866 1898 923 Dominici

302 966 548 1037 corporis
577 965 721 1036 quod
749 964 817 1021 de
846 964 1066 1035 Virgine
1085 962 1377 1032 assumpsit
1395 958 1712 1031 spiritaliter
1734 956 1900 1027 respi-

302 1060 414 1124 cit;
454 1059 522 1114 de
558 1072 668 1129 quo
695 1057 809 1131 ipse
848 1055 1093 1112 Judzeis:
1142 1052 1355 1119 Solvite,
1401 1051 1601 1121 inquit,
1651 1047 1899 1117 templum

303 1151 401 1203 hoc
428 1158 476 1203 et
496 1149 554 1202 in
577 1148 744 1203 tribus
768 1146 951 1202 diebus
977 1144 1249 1215 ardi/icabo
1270 1142 1405 1197 illud
1427 1141 1610 1214 (Joan.
1643 1139 1741 1209 ii);
1770 1137 1901 1208 quia

302 1239 555 1295 videlicet
567 1238 804 1294 solutum
824 1237 1079 1309 passione
1097 1251 1294 1307 corpus
1312 1250 1469 1290 suum
1490 1233 1608 1305 ipse
1627 1232 1715 1287 die
1737 1229 1899 1285 tertia

305 1332 652 1388 resuscitavit
675 1331 745 1387 ad
771 1331 961 1385 vitam.
989 1329 1193 1386 Ferunt
1231 1328 1501 1398 siquidem
1526 1325 1741 1398 physici
1772 1324 1900 1395 quia

305 1436 506 1492 corpus
543 1420 778 1477 hominis
815 1420 1230 1491 quadragesimo
1257 1426 1413 1474 sexto
1451 1417 1538 1472 die
1558 1422 1683 1485 post
1703 1428 1901 1470 conce-

304 1515 503 1584 ptionis
528 1514 738 1568 initium
769 1513 823 1568 in
845 1513 1211 1568 membrorum
1238 1509 1584 1566 distinctione
1609 1507 1903 1589 formetur;

304 1614 469 1676 atque
496 1621 603 1663 non
646 1620 777 1667 casu
809 1613 1020 1676 gestum
1042 1643 1060 1670 ,
1109 1603 1206 1659 sed
1248 1601 1510 1658 divinitus
1547 1606 1897 1671 procuratum

1998 412 2247 483 redigere
2282 411 2547 477 volentes,
2577 413 2796 481 quando
2835 414 3184 469 considerant
3206 429 3302 470 eos
3326 416 3395 486 in
3426 415 3593 470 altari

1998 514 2162 560 recta:
2176 503 2300 558 ﬁdei
2322 504 2586 558 bonorum
2607 517 2832 573 operum
2854 503 2991 560 velle
3015 505 3434 561 observantiam.
3458 506 3599 562 inde

1998 595 2198 651 dicitur
2219 593 2364 663 quod
2389 595 2692 664 cogitarent
2714 594 2904 650 tollere
2927 611 3098 667 genus
3120 595 3288 651 Jacob
3314 597 3408 665 qui
3430 609 3597 653 erant

1998 687 2141 742 inter
2154 694 2341 752 eos,et
2363 686 3223 758 cmperuntdeeooccidere,quia
3250 688 3600 744 clarescente

1998 780 2053 836 in
2086 781 2288 836 mundo
2333 778 2630 850 Evangelio
2666 779 2890 844 Christi,
2921 787 2976 835 et
3003 780 3258 836 omnibus
3302 780 3466 836 ﬁdem
3496 781 3598 835 Dei

1999 872 2387 944 recipientibus
2410 912 2424 937 ,
2465 870 2858 940 torquebantur
2881 879 3260 940 persecutores
3284 912 3298 936 ,
3331 880 3385 926 et
3412 873 3563 942 ραςιί
3578 887 3606 925 s

1998 978 2094 1020 eos
2132 971 2434 1019 mactantes
2472 961 2598 1017 inde
2627 971 2876 1017 avertere
2903 961 3209 1017 studebant.
3250 960 3518 1017 Similiter
3537 973 3599 1017 ct
3627 997 3637 1047 ς

1999 1055 2185 1111 hostes
2217 1053 2491 1124 spiritales
2514 1068 2636 1109 cum
2661 1053 2973 1109 inciderunt
2993 1051 3273 1126 [viderint]
3298 1053 3511 1123 aliquos
3524 1067 3599 1107 ex
3624 1058 3633 1089 ³

2000 1148 2204 1205 desidia
2241 1156 2298 1203 et
2330 1145 2659 1219 negligentia
2706 1160 2767 1202 se
2811 1154 3120 1202 restaurare
3156 1146 3295 1202 velle
3351 1147 3406 1200 in
3442 1146 3599 1201 cuitu

1999 1240 2237 1311 pietatis,
2266 1239 2565 1295 moliuntur
2592 1253 2688 1294 eos
2712 1237 2891 1309 gladio
2914 1238 3211 1308 impietatis
3239 1238 3629 1301 occidere,aet

2000 1346 2101 1403 pro
2127 1340 2303 1388 morte
2328 1339 2680 1402 peccatorum
2705 1330 2999 1387 trucidare.
3032 1329 3140 1386 Sed
3161 1329 3345 1391 Iudas,
3378 1328 3600 1384 fortiter

2003 1439 2127 1480 cum
2149 1431 2302 1479 scuto
2327 1422 2452 1478 ﬁdei
2465 1422 2712 1477 hostibus
2732 1421 3016 1483 resistens,
3030 1419 3265 1476 debellat
3288 1419 3430 1474 ﬁlios
3452 1418 3598 1475 Esau

2007 1516 2059 1571 in
2087 1515 2339 1580 ldumma,
2379 1514 2505 1586 quia
2536 1514 2735 1569 chorus
2764 1520 3081 1568 sanctorum
3110 1512 3395 1567 doctorum
3424 1510 3599 1565 idolo-

2008 1608 2196 1671 latras,
2216 1607 2306 1677 qui
2327 1606 2551 1676 spinetis
2566 1605 2818 1660 vitiorum
2835 1603 3278 1675 suntaspen'imi,
3293 1611 3351 1663 et
3362 1601 3598 1656 funestis

305 1702 412 1760 est;
451 1702 512 1749 ut
553 1708 618 1750 eo
658 1707 930 1751 annorum
972 1706 1202 1749 numero
1244 1690 1503 1761 templum
1545 1689 1902 1745 mdiﬁcaretur

2009 1697 2288 1755 sacriliciis
2309 1707 2471 1767 atque
2499 1696 2716 1751 luxuria
2736 1694 3017 1750 mundana
3062 1692 3393 1757 fetidissimi,
3415 1690 3605 1763 gladio

307 1797 414 1852 quo
452 1781 665 1843 dierum
710 1796 936 1837 numero
965 1795 1162 1851 corpus
1188 1779 1562 1858 Dominicu'm,
1615 1775 1760 1847 quod
1808 1789 1904 1844 per

310 1874 568 1945 ten-plum
599 1872 954 1945 ﬁgurabatur,
987 1873 1044 1929 in
1065 1880 1223 1928 utero
1247 1870 1497 1943 virginali
1530 1868 1718 1942 perﬁci
1747 1882 1904 1937 opor-

310 1965 477 2033 lebat.

374 2058 530 2129 Quod
558 2066 742 2117 autem
778 2057 1028 2113 Eunomia
1065 2070 1164 2126 per
1198 2069 1389 2112 omnes
1423 2068 1598 2109 annos
1626 2051 1903 2108 celebrare

304 2150 572 2209 sancitum
599 2158 705 2215 est,
743 2150 850 2207 hoc
891 2147 1136 2220 profecto
1182 2163 1284 2203 nos
1327 2149 1582 2201 admonet
1605 2153 1667 2198 ut
1692 2157 1906 2198 memo-

303 2239 442 2321 riam
472 2239 793 2305 .Duntinicaz
834 2235 1251 2294 resurrectionis
1272 2275 1287 2303 ,
1338 2249 1503 2305 quam
1532 2232 1648 2302 jam
1686 2232 1892 2287 factam

303 2332 601 2397 credimus,
632 2346 848 2402 senmer
876 2330 1061 2387 animo
1098 2329 1419 2393 retinentes,
1449 2334 1695 2383 nostram
1723 2338 1906 2379 resur-

309 2424 606 2480 rectionem
653 2422 892 2479 luturam
921 2421 1191 2492 sperando
1230 2419 1414 2476 taliter
1440 2433 1665 2491 agamus
1708 2425 1768 2472 ut
1793 2430 1899 2470 non

305 2514 375 2579 ad
403 2512 689 2583 judicium,
714 2512 823 2569 sed
872 2512 1014 2569 sicut
1052 2510 1318 2568 Dominus
1343 2510 1430 2566 his
1472 2509 1568 2580 qui
1598 2508 1741 2564 bona
1778 2520 1904 2577 ege-

306 2616 433 2664 runt
454 2606 727 2676 promisit,
761 2619 1047 2678 resurgere
1073 2620 1385 2662 mereamur
1405 2604 1476 2660 ad
1498 2604 1687 2660 vitam.

376 2696 452 2752 Et
473 2696 869 2766 ludiﬁcaveth
898 2697 955 2752 in
1001 2705 1231 2762 tempore
1265 2695 1360 2753 illo
1398 2704 1628 2751 montem
1657 2693 1821 2759 Sion,
1853 2702 1904 2748 et

304 2805 398 2860 per
425 2787 702 2843 circuitum
730 2804 909 2843 muros
937 2786 1071 2842 altos
1101 2796 1150 2841 et
1180 2796 1351 2843 turres
1376 2787 1582 2857 ﬁrmas,
1608 2794 1715 2843 etc.
1748 2784 1903 2841 Αἰαί-

305 2884 472 2943 ﬁeant
519 2882 699 2941 sancti
733 2882 989 2941 doctores
1022 2890 1274 2947 montem
1315 2879 1471 2945 Sion,
1508 2877 1726 2948 quando
1775 2891 1903 2932 san-

304 2984 449 3033 ctam
485 2975 788 3034 Ecclesium
823 2975 988 3031 verbo
1016 2984 1180 3046 atque
1203 2971 1455 3043 exemplo
1489 2970 1556 3025 ad
1593 2967 1897 3041 profectum

304 3069 568 3127 virtutum
594 3074 929 3140 provocant;
958 3081 1058 3137 per
1078 3038 1574 3121 circuitumvmuros
1594 3038 1741 3115 altos
1768 3074 1899 3116 con-
1926 3038 1971 3101 C

305 3167 559 3226 struunt,
612 3159 831 3229 quando
875 3172 1001 3212 eam
1047 3154 1288 3211 culmine
1330 3149 1614 3207 catholica:
1657 3149 1781 3204 ﬁdei
1835 3162 1901 3202 ac

307 3267 472 3323 opere
505 3266 730 3322 precum
758 3249 1007 3318 undique.
1040 3247 1322 3310 muniunt;
1354 3254 1533 3298 turres
1575 3241 1762 3296 ﬁrmas
1789 3238 1900 3294 eri-

311 3354 465 3418 gunt,
500 3343 716 3414 quando
764 3356 916 3412 spem
976 3347 1143 3396 totam
1184 3338 1238 3394 in
1268 3336 1367 3393 Dei
1410 3335 1652 3391 bonitate
1696 3348 1901 3404 ponere

306 3435 647 3506 prtecipiunt.
678 3433 757 3489 Ne
785 3432 1002 3503 quando
1029 3438 1219 3504 gentes
1263 3443 1389 3485 eum
1417 3435 1479 3482 ut
1518 3432 1755 3481 montem
1790 3424 1903 3496 pri-

308 3527 513 3597 stinum
559 3524 905 3590 conculcent;
948 3532 1009 3578 ut
1051 3539 1160 3578 non
1204 3521 1564 3592 malignorum
1608 3518 1898 3589 spiritumu

307 3618 550 3689 nequitia
573 3617 659 3673 vel
686 3631 979 3688 pravorum
1008 3615 1289 3671 hominum
1317 3612 1522 3669 malitia
1551 3625 1645 3668 eos
1666 3608 1902 3680 amplius

307 3723 510 3765 nocere
537 3706 850 3778 praevaleat.
1294 3696 1308 3703 ’

382 3798 453 3854 Et
482 3798 786 3864 collocavit,
823 3797 1039 3869 inquit,
1085 3796 1193 3852 illic
1216 3796 1503 3852 exercitum
1540 3804 1599 3850 ut
1635 3803 1899 3850 servarent

309 3906 450 3958 eum,
480 3899 585 3947 etc.
617 3888 904 3946 Exercitus
937 3888 995 3944 in
1038 3887 1170 3945 Sion
1197 3888 1266 3943 ad
1311 3886 1635 3945 servandum
1664 3899 1788 3941 eum
1815 3884 1901 3939 lo-

310 3991 489 4050 catur,
512 3998 638 4040 cum
663 3982 1035 4039 ministrorum
1067 3980 1223 4036 turba
1249 3978 1528 4036 servanda:
1550 3978 1683 4049 legis
1714 3977 1808 4032 Dei
1832 3976 1902 4033 ad

310 4083 774 4133 sacramentorum
802 4072 1105 4129 ctelestium
1135 4072 1301 4128 ritum
1330 4071 1386 4126 in
1425 4070 1667 4126 Ecclesia
1699 4069 1904 4126 submi-

311 4167 594 4241 nistratur.
627 4165 875 4223 Muniunt
899 4181 1017 4219 eum
1046 4164 1116 4220 ad
1140 4163 1538 4219 custodiendam
1562 4161 1899 4226 Bethsuram,

312 4274 437 4329 cum
481 4256 952 4331 exhortationibus
992 4255 1183 4312 validis
1227 4255 1457 4310 incitant
1502 4253 1906 4310 ecclesiasticos

314 4361 376 4429 ut
404 4350 728 4423 regulariter
770 4349 1037 4406 culturam
1083 4355 1302 4404 servent
1349 4346 1585 4403 divinam
1609 4344 1902 4419 (Betbsura

315 4443 459 4500 enim
484 4442 671 4498 domus
701 4442 901 4498 robusti
928 4440 1397 4512 interpretantur).
1433 4437 1505 4493 Ut
1529 4437 1717 4493 habeat
1738 4454 1905 4509 popu-

316 4532 399 4604 lus
425 4533 752 4591 munitionen
792 4542 975 4587 contra
1004 4531 1195 4601 faciem
1224 4528 1502 4584 Idumam.
1544 4527 1660 4584 Hoc
1697 4536 1814 4594 est,
1845 4536 1906 4583 ut

318 4618 444 4681 ﬁdei
469 4623 832 4691 constantiam
876 4629 1061 4679 servet
1101 4620 1361 4677 adversus
1387 4621 1572 4677 hostes
1614 4629 1670 4676 et
1715 4628 1905 4676 contra

317 4715 551 4795 (urentis
573 4715 758 4772 mundi
786 4712 1167 4787 pertinaciam.

940 4827 1171 4887 CAPUT
1208 4827 1274 4883 ν.

318 4922 555 4981 ὓσὸείἰιιε
579 4922 617 4977 Ι
621 4920 753 4978 udas
781 4929 953 4993 gentes
995 4919 1218 4993 vagantes
1242 4917 1457 4990 perdere
1478 4915 1668 4993 lsrael.
1714 4915 1791 4971 De
1820 4914 1909 4970 Ti-

391 4994 596 5049 motheo
628 4993 761 5048 duce
781 4987 1026 5045 )lmmon.
1058 4987 1251 5046 Simon
1279 4994 1472 5044 missus
1500 5005 1532 5040 a
1563 4987 1728 5056 fratre
1751 5002 1911 5056 expu-

393 5074 518 5143 gnat
542 5074 736 5137 gentes.
765 5062 844 5116 De
869 5060 1014 5116 bellis
1040 5060 1193 5115 Iuda:
1214 5069 1398 5114 contra
1425 5057 1774 5124 Timotheum,
1799 5067 1905 5113 etc.

392 5179 463 5263 Et
496 5176 697 5251 factum
730 5186 804 5231 est
830 5183 885 5229 ut
929 5174 1172 5229 audirent
1210 5182 1384 5243 gentes
1417 5173 1473 5226 in
1510 5173 1757 5237 circuitu,
1783 5172 1910 5243 quia

320 5274 643 5344 mdiﬁcatum
668 5278 745 5326 est
769 5265 939 5323 altare
959 5277 1006 5321 et
1030 5264 1393 5322 sanctuarium
1418 5263 1552 5319 sicut
1571 5265 1909 5336 prius,iralat

320 5375 442 5423 sunt
468 5362 638 5428 valde,
659 5369 768 5419 etc.
805 5356 1099 5415 lrritantur
1136 5366 1325 5428 gentes
1360 5372 1486 5413 cum
1525 5357 1765 5414 viderint
1790 5358 1907 5414 cul-

323 5466 460 5515 tu'rJe
487 5455 583 5515 Dei
610 5451 861 5511 renovari
908 5448 1219 5513 facturam,
1249 5449 1520 5520 quia‘sive
1558 5450 1744 5508 hostes
1781 5451 1908 5507 visi-

323 5545 461 5604 biles
487 5561 585 5604 seu
618 5538 936 5611 invisibiles,
966 5541 1058 5613 qui
1091 5540 1303 5603 invidia:
1322 5541 1545 5598 aestibus
1572 5552 1762 5598 contra
1787 5542 1912 5598 ﬁdei

328 5650 394 5693 ac
410 5638 672 5695 virtutum
685 5635 988 5710 profectum
1011 5633 1288 5699 anhelant,
1306 5633 1634 5701 irascuntur,
1666 5636 1915 5691 crucian-

2002 1791 2226 1862 spiritus
2258 1790 2598 1853 interimens,
2627 1788 2693 1843 de
2723 1787 3014 1844 contrariis
3040 1784 3202 1841 ellicit
3231 1784 3508 1854 subjectos
3527 1799 3597 1840 ac

2002 1884 2069 1939 de
2094 1882 2336 1938 hostibus
2367 1880 2500 1936 facit
2518 1881 2743 1935 amicos.

2073 1975 2144 2031 Et
2170 1992 2256 2031 eos
2290 1975 2381 2046 qui
2416 1983 2566 2029 erant
2596 1974 2652 2027 in
2700 1972 3070 2027 Acrabatltane
3093 2013 3109 2036 ,
3155 1971 3281 2042 quia
3312 1970 3596 2022 circumse-

2001 2066 2193 2120 debant
2222 2064 2518 2129 lsraelitas,
2545 2071 2651 2118 etc.
2678 2061 2741 2116 Hi
2764 2063 2856 2132 qui
2885 2063 2937 2117 iri
2971 2059 3289 2116 memoratis
3310 2058 3468 2121 locis,
3490 2057 3598 2112 hoc

2001 2168 2085 2216 est
2112 2157 2493 2214 Acrabathane
2534 2164 2591 2211 ct
2623 2155 2766 2210 Bean
2794 2194 2809 2219 ,
2862 2154 3225 2216 habitabant,
3252 2161 3307 2206 et
3354 2151 3592 2206 circum-

2002 2252 2255 2308 sedentes
2299 2250 2441 2305 ﬁlios
2463 2248 2628 2304 lsrael
2663 2249 2716 2302 in
2748 2247 2998 2318 laqueum
3027 2254 3084 2301 et
3117 2243 3431 2301 scandalum
3462 2243 3595 2296 ﬁunt

2004 2344 2265 2419 [fuerant]
2314 2340 2635 2398 insidiantes
2676 2341 2795 2406 eis,
2841 2339 3149 2409 signiﬁcant
3175 2337 3392 2393 Judaeos
3432 2343 3596 2403 atque

2002 2436 2329 2499 haereticos,
2381 2433 2475 2503 qui
2522 2440 2712 2487 contra
2752 2431 3055 2485 Ecclesiam
3098 2428 3195 2483 Dei
3243 2425 3503 2482 scandala
3545 2432 3597 2478 et

2003 2527 2227 2583 insidias
2266 2539 2483 2594 semper
2520 2523 2830 2591 disponunt.
2873 2519 2979 2574 Sed
3010 2518 3148 2573 tales
3183 2525 3365 2571 autem
3398 2531 3430 2569 a
3459 2512 3595 2569 Iuda

2003 2627 2059 2673 et
2087 2617 2252 2673 sociis
2281 2614 2400 2685 ejus
2430 2615 2484 2669 in
2531 2612 2773 2669 turribus
2801 2611 2914 2666 suis
2942 2610 3361 2673 concluduntur,
3393 2622 3518 2662 cum
3544 2605 3598 2659 in

2003 2708 2270 2779 superbiae
2324 2720 2437 2761 sure
2498 2702 2993 2758 machinationibus
3038 2715 3137 2771 per
3176 2700 3463 2754 doctorum
3511 2697 3600 2750 in-

2004 2798 2268 2856 dustriam
2301 2797 2620 2867 capiuntur,
2668 2803 2723 2849 et
2751 2806 2969 2848 errores
2994 2806 3184 2847 eorum
3229 2787 3600 2844 anathemati-

2004 2898 2229 2956 zantur;
2252 2903 2479 2958 quorum
2500 2896 2678 2941 turres
2692 2884 3055 2939 incenduntur
3075 2882 3187 2951 igni
3203 2895 3325 2935 cum
3346 2878 3604 2934 omnibus

2003 2982 2094 3052 qui
2123 2982 2177 3035 in
2198 2980 2282 3035 eis
2307 2986 2456 3044 sunt,
2488 2976 2706 3049 quando
2739 2982 2988 3030 auctores
3015 2972 3281 3028 scelerum
3321 2978 3379 3025 et
3413 2972 3603 3024 inven-

2004 3079 2150 3126 tores
2178 3083 2427 3124 errorum
2454 3082 2556 3137 pro
2604 3064 2842 3138 peccatis
2880 3064 2995 3119 suis
3021 3072 3076 3118 et
3103 3077 3251 3117 nunc
3294 3068 3603 3115 exuruntur

2003 3164 2200 3220 ardore
2248 3162 2419 3218 divini
2467 3161 2754 3227 sermonis,
2786 3169 2844 3215 et
2875 3160 2927 3213 in
2975 3159 3160 3215 futuro
3190 3160 3467 3222 examine,
3496 3156 3601 3211 nisi

2001 3255 2325 3326 condignam
2352 3253 2728 3325 paenitentiam
2772 3260 2901 3307 ante
2934 3251 3167 3322 egerint,
3217 3250 3341 3322 igne
3375 3263 3602 3306 concre-

2000 3347 2296 3403 mabuntur
2321 3356 2596 3415 perpetuae
2627 3344 2876 3399 ultionis.

2073 3435 2144 3490 Et
2170 3437 2382 3490 transiit
2406 3435 2475 3489 ad
2501 3434 2642 3504 ﬁlios
2662 3436 2906 3498 Ammon,
2933 3442 2981 3488 et
3016 3433 3213 3487 invenit
3241 3448 3462 3486 manum
3486 3432 3601 3501 {or-

2000 3536 2124 3594 tent,
2151 3534 2201 3580 et
2238 3525 2489 3597 populum
2513 3525 2810 3595 copiosum,
2852 3532 2958 3579 etc.
2996 3523 3135 3591 Quid
3171 3537 3269 3593 per
3298 3521 3440 3577 filios
3464 3521 3603 3577 Am-

2001 3637 2163 3686 mon,
2216 3619 2309 3690 qui
2367 3619 2759 3688 interpretatur
2818 3616 2963 3685 ﬁlius
3016 3615 3197 3686 populi
3241 3615 3343 3669 mei
3374 3655 3390 3679 ,
3433 3629 3601 3684 quam

2002 3711 2337 3787 schismatici
2368 3720 2424 3766 et
2448 3711 2691 3766 haeretici
2738 3709 3147 3780 exprimuntur,
3192 3707 3282 3777 qui
3324 3707 3601 3776 quondam

2002 3807 2098 3863 ﬁlii
2158 3815 2361 3862 sanctas
2412 3804 2669 3861 Ecclesia:
2718 3803 3063 3868 videbantur,
3118 3802 3214 3858 sed
3260 3800 3374 3871 jam
3444 3816 3603 3856 rece-

2004 3901 2192 3957 dentes
2237 3909 2293 3954 et
2341 3900 2397 3954 in
2426 3878 2677 3953 errorem
2713 3912 2773 3952 se
2807 3897 3124 3961 mittentes,
3157 3893 3283 3949 facti
3331 3902 3461 3949 sunt
3505 3892 3603 3948 ﬁlii

2004 3990 2226 4049 diaboli.
2284 3989 2438 4046 Unde
2478 3988 2720 4044 Joannes
2774 3987 3051 4059 apostolus
3112 3987 3190 4041 ait
3232 4002 3248 4041 :
3304 3986 3392 4041 Ex
3449 3988 3605 4042 nobis

2004 4085 2266 4148 exierunt,
2316 4081 2406 4137 sed
2445 4098 2550 4136 non
2594 4089 2744 4135 erant
2781 4096 2847 4135 ea:
2888 4079 3071 4146 nobis,
3109 4096 3232 4134 nam
3277 4081 3322 4133 si
3376 4079 3604 4150 fuissent

2005 4193 2070 4231 ea:
2107 4174 2275 4240 nobis,
2333 4172 2738 4243 permansissent
2804 4172 2982 4242 utique
3032 4170 3304 4225 nobiscum
3351 4169 3405 4243 (I
3431 4169 3599 4227 Joan.

2007 4267 2092 4340 ll).
2133 4265 2198 4320 lli
2248 4265 2453 4321 habent
2494 4264 2835 4318 Timotheum
2886 4263 3099 4329 ducem,
3128 4263 3235 4317 hoc
3276 4270 3382 4329 est,
3420 4263 3602 4318 haere—

2008 4358 2271 4421 siarchas,
2324 4355 2415 4425 qui
2459 4351 2616 4422 juxta
2670 4353 2904 4408 nominis
2950 4351 3034 4408 sui
3096 4352 3601 4423 interpretationem

2011 4448 2152 4518 apud
2181 4461 2275 4502 eos
2315 4444 2627 4523 laudantur,
2676 4443 2771 4499 sed
2796 4443 2952 4514 juxta
2987 4441 3355 4514 intelligentiae
3397 4442 3603 4497 verita-

2010 4548 2119 4595 tem
2149 4537 2289 4608 apud
2321 4552 2420 4592 nos
2448 4550 2793 4607 nequaquam
2822 4548 2942 4591 esse
2971 4534 3475 4606 deprehenduntur.
3509 4533 3605 4589 Ti-

2010 4631 2264 4687 motheus
2284 4644 2403 4683 cum
2433 4627 2695 4696 beneﬁciis
2715 4626 3127 4696 interpretatur;
3151 4625 3245 4681 sed
3274 4627 3392 4681 htec
3415 4626 3606 4696 opinio

2014 4720 2390 4777 haeresiarchis
2433 4718 2574 4788 apud
2620 4716 2875 4786 deceptos
2914 4726 3043 4779 est,
3084 4716 3224 4786 apud
3270 4730 3373 4771 nos
3417 4725 3607 4772 autem

2014 4809 2239 4865 veneﬁci
2268 4816 2650 4877 nuncupantur
2671 4846 2685 4869 ,
2717 4807 2841 4876 quia
2885 4805 3167 4861 maleﬁciis
3190 4806 3303 4860 suis
3330 4821 3604 4861 venenum

2014 4903 2218 4959 erroris
2251 4900 2588 4957 auditoribus
2610 4898 2725 4954 suis
2759 4899 2987 4954 miscent
3012 4915 3028 4954 :
3056 4907 3247 4953 contra
3270 4912 3408 4966 quos
3434 4895 3608 4953 Iudas

2015 4994 2310 5065 consurgit,
2349 4999 2404 5047 ct
2431 4990 2679 5061 superior
2707 4991 2948 5045 existens
2972 4990 3254 5044 victoriam
3279 4990 3423 5060 capit
3445 5005 3606 5045 erro—

2016 5102 2213 5158 resque
2260 5100 2449 5142 eorum
2482 5082 2811 5139 destruendo
2853 5083 2907 5137 in
2953 5080 3191 5138 Judmam
3217 5124 3234 5149 ,
3275 5083 3381 5139 hoc
3409 5093 3519 5149 est,
3546 5085 3606 5138 in

2017 5177 2412 5235 confessionem
2457 5176 2633 5231 laudis
2671 5174 2796 5240 Dei,
2826 5188 2950 5229 cum
2986 5173 3261 5245 triumpho
3301 5175 3612 5246 regreditur

2017 5270 2277 5326 hostium.

2092 5360 2160 5415 Et
2183 5369 2511 5431 congregata:
2547 5368 2671 5414 sunt
2697 5368 2870 5430 gentes
2895 5374 3013 5428 quae
3035 5368 3155 5412 sunt
3189 5358 3243 5412 in
3268 5354 3478 5412 Grdaad
3510 5358 3611 5411 ad.

2020 5470 2196 5509 versus
2222 5451 2497 5507 lsraelitas
2527 5451 2618 5522 qui
2647 5460 2798 5504 erant
2824 5451 2878 5504 in
2902 5448 3094 5519 ﬁnibus
3120 5466 3297 5504 eorum
3324 5490 3340 5515 ,
3365 5460 3422 5503 ut
3450 5449 3607 5504 tolle-

2022 5552 2135 5598 rent
2161 5560 2270 5608 eos,
2293 5551 2401 5598 etc.
2440 5540 2641 5596 Gentes
2670 5557 2789 5611 quae
2833 5548 2958 5595 sunt
2991 5541 3045 5595 in
3097 5538 3301 5595 Gaiaad
3344 5540 3609 5596 adversus

2022 5635 2295 5693 lsraelitas
2317 5645 2715 5705 congregantur
2734 5642 2795 5688 ut
2818 5631 3009 5689 tollant
3031 5647 3145 5697 eos,
3170 5648 3293 5689 cum
3318 5633 3607 5690 multitudo
