3934 6186
399 334 541 390 Ηΰό

1100 330 1451 387 COMMENT.
1489 333 1554 387 IN
1595 330 1845 390 LIBROS
1881 330 2461 390 MACHABIEORUM.
2503 362 2573 373 -
2608 331 2675 387 IN
2713 331 2842 389 LIB.
2879 331 2921 387 I.

3527 334 3666 392 ηδε

398 451 775 506 hereticorum
809 458 977 518 atque
1004 444 1468 502 schismaticorum
1504 445 1571 500 ad
1599 446 1703 501 hoc
1723 446 1974 500 convenit
2001 453 2051 510 Α
2077 445 2193 501 sive
2232 444 2575 501 circumcisio
2617 445 2752 517 legis
2796 444 3113 515 spiritaliter
3144 442 3506 515 observanda,
3548 449 3667 508 sive

396 548 457 594 ut
475 538 883 608 Scripturarum
908 535 1231 589 testimoniis
1249 535 1542 590 secundum
1570 550 1727 591 suum
1752 551 1972 591 sensum

396 630 721 704 depravatis,
756 636 1062 700 expugnent
1088 629 1412 685 catholicam
1443 629 1603 686 ﬁdem
1634 671 1649 696 ,
1671 646 1791 701 qua:
1814 631 1972 686 estin

397 723 612 780 saecula.
676 721 878 778 Galaad
925 721 1519 791 cnimdnterpretatnr
1563 739 1777 778 acervus
1827 723 1972 778 testi-

395 815 590 879 monii,
621 823 676 868 et
698 827 891 868 nomen
914 814 1049 866 bene
1066 811 1321 867 convenit
1346 811 1431 867 his
1450 811 1542 882 qui
1569 811 1973 882 Scriptararnm

398 904 731 960 meditationi
772 903 1044 957 insistunt.

468 994 573 1049 Sed
602 993 812 1065 fugiunt
838 992 1092 1049 Israelita
1124 986 1558 1047 in'munitioncm
1579 1032 1595 1057 ,
1625 1007 1750 1048 cum
1792 990 1975 1048 ﬁdeles

396 1084 595 1153 quique
621 1084 690 1137 ad
728 1082 851 1137 ﬁdei
897 1081 1214 1154 confugiunt
1246 1083 1562 1149 veritatem;
1606 1082 1976 1153 auxiliumque

397 1175 496 1229 sibi
546 1172 726 1228 afferri
772 1181 1057 1243 poscunta
1092 1173 1232 1228 Juda
1272 1181 1327 1230 et
1367 1171 1631 1229 fratribus
1672 1173 1812 1244 ejus,
1848 1175 1975 1243 quia

400 1267 690 1339 Evangelio
718 1264 919 1322 Christi
944 1280 1044 1336 per
1074 1274 1382 1322 sanctorum
1426 1265 1840 1339 prtedicatorum
1868 1266 1974 1322 nti-

397 1358 621 1412 nisteria
664 1356 880 1413 defendi
913 1359 1150 1428 gestiunt
1187 1367 1377 1414 contra
1420 1358 1765 1413 Timotheum
1816 1357 1976 1428 spiri-

399 1448 583 1513 talem,
610 1448 678 1503 de
704 1463 811 1518 quo
840 1463 1004 1518 supra
1033 1448 1289 1514 diximus,
1316 1457 1374 1503 ct
1404 1448 1581 1504 socios
1603 1449 1739 1519 ejus.

467 1539 620 1608 Quod
674 1546 854 1594 autem
916 1548 1321 1609 conquerantur
1376 1539 1636 1595 lsraelitae
1683 1540 1752 1594 de
1806 1535 1975 1595 inter-

398 1630 631 1688 iectione
658 1631 895 1686 virorum
915 1646 1139 1687 suorum
1156 1639 1216 1688 et
1239 1632 1573 1702 captivitate,
1601 1629 1840 1689 ostendit
1867 1647 1972 1687 non

400 1721 668 1777 modicum
693 1721 835 1792 apud
864 1721 1050 1779 ﬁdeles
1067 1722 1189 1778 esse
1216 1722 1455 1794 gentium
1481 1721 1974 1794 doloretn,quando

2076 536 2404 592 resurrectio
2427 535 2629 591 Christi
2661 537 2931 591 veraciter
2954 534 3225 591 credenda
3255 548 3377 592 esse
3415 536 3662 595 docetur.

2143 625 2216 682 Et
2236 627 2361 681 abiit
2378 625 2561 682 Simon
2575 628 2630 681 in
2647 626 2946 693 Galilaeam,
2963 636 3011 681 ct
3034 627 3289 682 commisit
3301 627 3483 699 pra'lia
3500 630 3668 687 multa

2073 732 2192 771 cunt
2242 717 2502 789 gentibus,
2549 726 2656 773 etc.
2703 717 3007 773 Committit
3055 716 3243 773 Simon
3271 719 3455 789 praelia
3495 720 3665 783 multa

2072 821 2198 864 cum
2236 808 2513 878 gentibus,
2557 823 2681 863 cum
2720 808 3104 878 pratdicatores
3145 809 3317 863 sancti
3361 824 3459 879 per
3489 819 3663 870 totum

2074 895 2336 951 mundum
2365 896 2724 952 idololatriam
2759 906 2812 952 et
2840 896 3095 953 confusos
3123 899 3362 969 gentium
3392 900 3667 959 debellare

2074 992 2291 1040 certant
2320 1000 2568 1053 errores;
2616 992 2671 1041 ct
2698 986 2947 1041 contritae
2975 997 3100 1041 sunt
3129 996 3318 1057 gentes
3352 1004 3382 1042 a
3413 988 3551 1045 faeie
3578 1006 3669 1045 eo-
3776 1014 3779 1018 ⁴

2073 1088 2217 1140 rum,
2245 1089 2369 1129 cum
2408 1076 2761 1145 pertinaciam
2809 1075 3093 1132 resistendi
3122 1077 3415 1150 Evangelia
3446 1080 3539 1136 Dei
3571 1081 3664 1136 deo

2073 1173 2304 1234 ponunt.
2336 1163 2648 1219 Pcrsecntus
2678 1174 2756 1220 est
2802 1182 2890 1220 eos
2920 1183 3084 1237 usque
3129 1167 3199 1221 ad
3232 1179 3439 1236 portam
3477 1167 3666 1225 Ptole-

2074 1254 2300 1322 maidis,
2346 1270 2468 1310 cum
2513 1255 2567 1310 in
2614 1256 2727 1311 suis
2773 1255 3277 1323 adinventionibus,
3321 1260 3518 1329 quibus
3565 1275 3666 1330 per

2074 1344 2251 1401 studia
2304 1360 2444 1401 vana
2530 1346 2983 1402 machinabantur
3062 1348 3441 1404 contradicere
3497 1351 3668 1406 verba

2076 1436 2202 1501 Dei,
2233 1436 2349 1507 ipsa
2377 1436 2607 1492 veritate
2646 1437 2885 1507 superati
2931 1439 3216 1508 capiuntur
3246 1448 3409 1510 atque
3452 1440 3669 1498 confes-

2074 1526 2228 1583 sione
2269 1535 2433 1585 rectte
2475 1526 2601 1584 ﬁdei
2640 1527 3020 1598 subjiciuntur.
3071 1529 3224 1588 Unde
3272 1542 3400 1603 apte
3434 1532 3664 1603 subjun—

2074 1624 2221 1688 gttur
2243 1636 2257 1672 :

2145 1705 2216 1761 Et
2261 1706 2558 1763 ceciderunt
2582 1710 2648 1764 de
2672 1709 2909 1780 gentibus
2936 1709 3046 1779 {ere
3068 1712 3173 1767 tria
3209 1711 3380 1768 ntiIIia
3403 1714 3662 1775 virorum.

400 1815 650 1870 ﬁdem,“
682 1814 894 1884 aliquos
940 1829 1162 1871 mm
1185 1829 1217 1869 α
1250 1815 1480 1871 vernale
1505 1814 1793 1882 “eodem,
1828 1823 1886 1869 ει
1915 1813 1969 1868 in
2000 1799 2047 1858 B
2074 1794 2177 1864 Qui
2220 1796 2288 1853 de
2335 1797 2601 1867 superbire
2641 1799 2973 1869 nequissimo
2999 1808 3141 1855 statu
3185 1803 3238 1857 in
3283 1805 3662 1872 pmnitentiam

397 1919 637 1961 errorem
665 1919 956 1977 pravorum
977 1920 1255 1975 corruere,
1275 1913 1385 1964 etc.

471 1994 540 2048 Et
572 2011 688 2050 ecce
732 1995 827 2050 alii
855 1996 1026 2050 nuntii
1061 2005 1309 2053 venerunt
1340 1997 1407 2053 de
1439 1993 1664 2053 Galilwa
1697 1996 1975 2052 conuiuis

398 2086 590 2139 tunicis
615 2087 913 2141 nuntiantes
957 2086 1108 2141 verba
1148 2087 1281 2156 hinc,
1306 2095 1415 2145 etc.
1452 2087 1539 2143 Illi
1565 2088 1659 2159 qui
1702 2086 1773 2143 de
1804 2088 1976 2143 variis

397 2176 529 2232 locis
561 2176 875 2249 alienigenae
918 2189 1288 2236 convenerunt
1323 2181 1394 2238 ad
1429 2182 1854 2237 consumendum
1881 2195 1976 2252 po-

397 2267 578 2339 pulum
607 2270 723 2335 Dei,
754 2270 1039 2326 manifeste
1060 2271 1340 2344 designant
1376 2274 1618 2346 gentium
1646 2272 1851 2344 plebes,
1882 2273 1974 2343 qui

398 2360 453 2413 in
506 2359 823 2417 inﬁdelitate
867 2371 1028 2429 sunt,
1069 2363 1246 2419 adhuc
1282 2364 1420 2419 bella
1465 2379 1530 2420 ac
1570 2363 1977 2435 persecutiones

398 2453 657 2511 adversus
686 2454 1022 2512 Christianos
1038 2472 1399 2515 commovere.
1425 2457 1533 2515 Sed
1552 2459 1748 2516 auditis
1772 2472 1977 2515 sermo-

397 2546 556 2601 nibus
599 2560 737 2617 quos
784 2547 1012 2603 diversae
1057 2547 1353 2621 legationes
1396 2551 1466 2605 ad
1495 2549 1687 2605 Judam
1717 2561 1772 2606 et
1799 2552 1977 2609 socios

396 2638 514 2708 ejus
563 2637 900 2705 detulerunt,
949 2640 1182 2694 convenit
1221 2639 1440 2695 ecclesia
1503 2657 1695 2712 magna
1748 2643 1978 2712 cogitare

396 2729 521 2798 quid
542 2728 769 2797 facerent
876 2729 1130 2801 fratribus
1147 2732 1259 2787 suis
1281 2734 1369 2805 qui
1385 2733 1441 2786 in
1454 2733 1791 2788 tribulatione
1801 2744 1975 2800 erant,

394 2828 440 2872 et
472 2818 908 2888 expugnabantur
952 2818 1018 2875 ab
1080 2824 1307 2880 inimicis
1344 2839 1365 2874 :
1392 2821 1516 2893 quia
1573 2822 1737 2879 totius
1778 2831 1978 2880 sancta:

398 2907 653 2962 Ecclesia:
689 2907 993 2965 sollicitudo
1018 2925 1083 2965 ac
1126 2925 1258 2965 cura
1301 2919 1384 2966 est
1410 2913 1668 2979 maxima,
1707 2916 1978 2985 quomodo

397 3004 587 3051 contra
621 2997 862 3054 diversos
908 2999 1124 3068 hostes,
1151 3001 1256 3056 hoc
1301 3009 1386 3057 est
1419 3001 1635 3059 indutos
1662 3045 1677 3072 ,
1715 3019 1976 3077 paganos,

398 3088 683 3145 latereticos
728 3098 888 3161 atque
939 3091 1336 3159 schismaticos,
1367 3091 1507 3150 filios
1545 3110 1674 3152 suos
1703 3097 1973 3155 defendat.

398 3180 497 3235 llic
528 3196 742 3252 quoque
776 3183 1024 3253 prudenti
1070 3185 1294 3241 consilio
1336 3201 1401 3242 ac
1430 3194 1544 3243 toto
1567 3189 1688 3244 nisu
1734 3203 1857 3246 cum
1886 3192 1974 3248 his

396 3272 487 3342 qui
516 3273 842 3329 eruditiores
881 3289 946 3329 ac
968 3273 1221 3330 fortiores
1250 3276 1498 3332 videntur
1528 3292 1650 3334 esse
1689 3280 1745 3335 in
1774 3280 1880 3337 ﬁde
1907 3296 1973 3339 ac

399 3360 655 3414 virtutum
689 3377 852 3431 opere
899 3363 1009 3434 agit
1040 3403 1055 3429 ,
1091 3363 1324 3435 qualiter
1361 3365 1606 3424 hostibus
1652 3370 1893 3439 resistat,
1918 3381 1975 3428 et

397 3467 525 3507 suos
548 3462 846 3523 opportune
865 3454 1135 3510 defendat.

467 3542 713 3613 Dixitque
745 3543 915 3599 ludas
957 3543 1159 3599 Simoni
1197 3545 1353 3616 fratri
1390 3563 1487 3603 sua
1512 3587 1527 3617 ,
1566 3557 1675 3606 etc.
1710 3550 1866 3608 Sicut
1885 3553 1974 3609 di-

398 3649 566 3690 versa:
594 3645 722 3691 sunt
759 3636 1189 3708 impugnationes
1229 3639 1482 3695 Ecclesiae
1503 3642 1572 3697 ab
1604 3642 1867 3712 hostibus,
1893 3644 1974 3701 sic

396 3732 453 3779 et
478 3725 730 3781 distineta
758 3726 954 3781 debent
987 3742 1107 3783 esse
1131 3729 1312 3798 praelia
1350 3731 1710 3802 spiritualium
1749 3734 1976 3792 bellato-

396 3832 536 3871 rum.
557 3817 602 3873 ιι
622 3818 784 3888 igitur
809 3817 994 3874 Simon
1017 3820 1070 3874 in
1093 3819 1366 3876 Galikeam
1390 3837 1514 3877 cum
1540 3824 1709 3880 tribus
1737 3826 1973 3883 millibus

396 3911 547 3976 viris,
601 3912 744 3967 sicut
790 3912 845 3966 in
887 3914 1240 3982 sequentibus
1284 3914 1631 3984 ostenditur,
1676 3925 1737 3972 ut
1781 3918 1974 3975 liberet

396 4000 593 4055 fratres
613 4016 771 4069 suos;
796 4001 963 4057 Judas
992 4011 1171 4058 autem
1192 4012 1247 4058 et
1262 4004 1525 4062 Jonathas
1545 4014 1677 4062 eunt
1699 4009 1752 4063 in
1776 4006 1974 4064 Galaa-

394 4095 547 4150 ditim
584 4110 707 4150 cum
737 4104 860 4151 octo
885 4096 1139 4151 millibus.
1166 4097 1231 4152 Et
1264 4097 1392 4167 quid
1426 4112 1525 4168 per
1555 4097 1854 4165 Simonem,
1877 4101 1973 4170 qui

396 4188 450 4241 in
481 4186 777 4253 Galilasam,
799 4187 902 4243 hoc
935 4195 1019 4242 est
1042 4197 1239 4254 rotam,
1269 4188 1533 4255 mittitur,
1580 4190 1683 4246 nisi
1711 4192 1973 4262 praedica-

397 4290 543 4336 tores
573 4280 627 4334 in
654 4287 842 4351 gentes
880 4278 1071 4335 directi
1115 4280 1486 4348 insinuantur;
1518 4282 1609 4352 qui
1648 4296 1768 4337 cum
1802 4282 1975 4339 tribus

395 4370 652 4436 millibus,
676 4371 780 4426 hoc
807 4378 913 4436 est,
941 4385 1062 4425 cum
1088 4378 1288 4426 sanette
1324 4371 1603 4427 Trinitatis
1628 4372 1753 4438 ﬁde,
1784 4381 1973 4428 eontm

393 4465 733 4522 adversarios
757 4481 885 4521 suos
910 4466 989 4520 ire
1019 4472 1291 4536 parantes,
1318 4481 1417 4536 per
1442 4466 1809 4538 evangelicum
1837 4481 1975 4537 prte-
1997 4484 2050 4545 D

394 4556 719 4613 dicationem
750 4556 931 4611 hostes
960 4554 1193 4624 dejicere
1213 4563 1269 4610 et
1300 4556 1584 4611 credentes
1620 4555 1850 4610 liberare
1874 4556 1973 4611 de-

394 4655 625 4704 certant.
651 4644 819 4703 Judas
843 4656 1023 4701 autem
1049 4654 1104 4701 et
1134 4636 1396 4699 anatbas
1439 4644 1561 4701 illos
1605 4645 1856 4701 doctores
1876 4658 1973 4699 ex-

393 4741 637 4811 primunt
659 4738 773 4808 qui,
794 4738 849 4792 in
875 4737 1058 4793 Judtea
1084 4736 1306 4792 verbum
1334 4736 1429 4791 Dei
1454 4736 1830 4806 przedicantes,
1857 4736 1975 4794 sive

393 4831 630 4899 .Iudtcos,
657 4833 771 4888 sive
795 4840 851 4887 ct
874 4830 1158 4886 haereticos
1174 4870 1191 4897 ,
1217 4816 1618 4900 Scriptitrarum
1650 4828 1976 4884 testimoniis

394 4928 700 4991 abutentes,
735 4938 832 4994 per
878 4922 1164 4977 veritatem
1204 4921 1321 4976 sani
1361 4919 1666 4975 intellectus
1705 4919 1979 4976 debellare

394 5019 635 5074 student.
672 5015 741 5070 Et
760 5021 887 5069 nota
921 5013 1065 5083 quod
1092 5019 1280 5068 contra
1306 5010 1534 5083 gentiles
1568 5009 1741 5066 solum
1784 5009 1972 5066 Simon

394 5125 517 5165 cum
544 5108 657 5164 suis
682 5106 919 5161 mittitur
940 5143 956 5170 ,
1004 5111 1193 5159 contra
1237 5100 1452 5157 Iudaeos
1497 5109 1680 5156 autem
1721 5110 1779 5157 et
1799 5101 1974 5156 hatre-

396 5204 534 5260 ticos
569 5201 675 5256 duo
710 5211 935 5269 pergere
960 5210 1083 5251 cum
1121 5193 1365 5264 pluribus
1394 5192 1688 5248 moliuntur
1717 5209 1731 5246 :
1768 5193 1894 5262 quia
1916 5191 1971 5247 in

392 5291 645 5365 gentibus
668 5288 782 5344 sola
811 5286 1115 5342 idololatria
1141 5298 1266 5340 cum
1294 5298 1480 5339 errore
1502 5282 1762 5374 paganica
1782 5280 1973 5374 debel-

393 5382 553 5437 landa
608 5387 767 5444 erat,
814 5379 867 5434 in
913 5376 1114 5433 Iudaeis
1159 5390 1291 5432 vero
1352 5384 1411 5430 et
1474 5374 1742 5430 haereticis
1775 5373 1971 5444 partim

391 5483 679 5530 veteranus
703 5486 855 5536 usus,
878 5469 1074 5541 partim
1097 5483 1232 5524 nova
1264 5465 1596 5538 superstitio,
1628 5480 1723 5536 per
1743 5465 1970 5520 duorum

392 5566 858 5623 Testamentornm
874 5561 1170 5634 spiritalem
1194 5559 1477 5617 scientiam
1522 5558 1837 5630 corrigenda
1862 5555 1974 5612 fue-

390 5670 539 5716 runt.
580 5659 683 5715 Ubi
719 5670 844 5715 octo
891 5658 1053 5713 millia
1098 5659 1333 5715 virorum
1383 5661 1690 5718 sumuntur,
1719 5652 1843 5720 quia
1896 5650 1968 5708 ibi

468 5786 494 5815 ι
524 5772 684 5827 Deest
721 5771 935 5840 aliquid.

2073 1896 2420 1958 peccatorum
2448 1889 2783 1955 decidentes,
2813 1891 3004 1947 melius
3029 1908 3127 1963 per
3155 1893 3313 1950 tidem
3343 1906 3548 1953 rectam
3580 1915 3668 1955 re-

2074 1979 2365 2048 surgendo,
2391 1979 2444 2033 in
2474 1977 2735 2034 bonorum
2761 1997 2986 2052 operum
3010 1990 3155 2037 statu
3190 1985 3323 2054 erigi
3362 1997 3661 2046 merentur.

2074 2070 2315 2139 Quorum
2362 2071 2533 2142 spolia
2572 2074 2770 2143 accipit
2805 2074 3022 2140 Simon,
3063 2090 3188 2130 cum
3227 2077 3490 2148 quidquid
3521 2079 3670 2136 littec

2075 2178 2259 2218 rarum
2304 2164 2529 2220 scientia
2556 2164 2641 2219 vel
2677 2164 3089 2236 investigatione
3116 2168 3368 2224 veritatis
3412 2171 3664 2227 elabora-

2075 2255 2271 2321 verint,
2304 2263 2476 2311 totum
2521 2256 2577 2311 in
2631 2256 2945 2313 servitutem
2993 2259 3087 2314 Dei
3134 2260 3323 2316 doctor
3360 2265 3664 2321 catholicus

2074 2356 2390 2404 convertere
2443 2348 2661 2415 studet;
2714 2350 2857 2405 unde
2892 2350 3114 2420 plurimi
3163 2368 3350 2410 eorum
3394 2357 3486 2425 qui
3528 2359 3663 2414 libe-

2076 2436 2280 2493 ralibus
2318 2438 2526 2494 artibus
2568 2438 2669 2495 sub
2717 2440 2903 2509 gentili
2954 2445 3370 2503 conversatione
3427 2447 3664 2507 instituti

2076 2526 2342 2585 fuerunta
2528 2531 2653 2588 Illos
2695 2542 2878 2588 autem
2922 2535 3016 2605 qui
3060 2534 3281 2593 fuerunt
3326 2538 3381 2594 in
3414 2539 3663 2610 Galilaea,

2076 2635 2201 2676 cum
2227 2621 2484 2678 uxoribus
2510 2630 2566 2678 ct
2612 2624 2754 2679 natis
2782 2631 2838 2679 et
2874 2626 3127 2682 omnibus
3169 2643 3290 2698 qua:
3336 2639 3494 2686 erant
3535 2649 3659 2687 cum

2076 2711 2174 2776 eis,
2223 2713 2447 2771 adduxit
2491 2715 2547 2770 in
2596 2714 2836 2772 Iudaeam
2882 2734 3005 2774 cum
3055 2718 3240 2776 laetitia
3284 2738 3503 2793 magna,
3538 2742 3663 2782 cum

2077 2803 2376 2861 catholicos
2450 2806 2757 2877 quoslibet,
2830 2809 3015 2865 steculi
3088 2813 3300 2871 actibus
3373 2817 3666 2888 implicitos

2076 2910 2176 2966 per
2243 2897 2543 2955 doctrinam
2607 2898 2887 2969 Evangelii
2947 2901 3073 2958 inde
3133 2919 3366 2974 erucas,
3416 2923 3483 2965 ea
3543 2925 3667 2981 qua:

2078 2995 2207 3044 sunt
2246 2988 2343 3047 Dei
2393 2997 2507 3047 tota
2555 2990 2917 3049 sollicitudine
2963 3000 3187 3066 totoque
3232 2997 3355 3055 nisu
3406 3010 3666 3073 appetere

2080 3081 2258 3136 docet.

2002 3149 2049 3214 (ἶ
2148 3171 2219 3227 Et
2266 3172 2439 3229 ludas
2488 3173 2826 3235 Machameus
2872 3190 2922 3234 et
2953 3179 3215 3241 Jonatltas
3240 3194 3291 3241 et
3325 3185 3493 3257 frater
3544 3190 3662 3261 ejus

2074 3266 2393 3321 transierunt
2425 3266 2737 3336 Iordanem,
2764 3281 2870 3327 etc.
2910 3271 3113 3330 Contra
3157 3292 3252 3333 eos
3295 3279 3389 3348 qui
3417 3282 3663 3352 captivos

2072 3354 2286 3414 Judteos
2311 3356 2368 3412 in
2395 3355 2731 3415 Galaaditide
2753 3360 3099 3419 detinuerunt
3125 3364 3292 3423 Iudas
3319 3368 3661 3427 Machameus

2073 3452 2129 3500 et
2153 3443 2324 3504 frater
2360 3447 2477 3520 ejus
2521 3446 2784 3506 Jonatbas
2810 3466 2935 3507 cum
2963 3455 3252 3513 comitibus
3297 3459 3413 3515 suis
3441 3460 3660 3529 directi,

2074 3537 2405 3592 transierunt
2447 3536 2741 3595 Iordanem
2782 3549 2839 3596 et
2880 3542 3134 3599 abierunt
3164 3546 3309 3604 viam
3354 3549 3515 3605 trium
3550 3551 3667 3607 die-

2073 3640 2193 3680 rum
2232 3640 2329 3697 per
2352 3628 2625 3683 desertum
2651 3646 2665 3683 :
2696 3629 2769 3683 ita
2797 3632 3185 3699 praedicatores
3227 3640 3401 3693 sancti
3433 3642 3502 3696 ad
3532 3656 3666 3698 con-

2072 3716 2344 3772 vocandos
2385 3716 2632 3774 homines
2673 3718 2952 3776 ad‘ﬂdem
2999 3720 3233 3790 Christi,
3279 3734 3334 3782 et
3381 3729 3448 3783 ad
3492 3745 3662 3801 expu-

2073 3806 2316 3876 gnandos
2370 3805 2626 3876 Iudaicos
2682 3816 2847 3879 atque
2911 3811 3290 3872 schismaticos
3336 3832 3553 3875 errores
3600 3821 3655 3878 in

2072 3897 2332 3953 mundum
2381 3898 2605 3965 directi,
2649 3898 2884 3970 primum
2930 3908 3213 3960 transeunt
3242 3904 3565 3975 Iordanem,
3608 3912 3663 3968 id

2072 3996 2157 4042 est
2176 4027 2192 4053 ,
2234 4001 2333 4057 per
2357 3987 2611 4059 baptismi
2637 4002 3041 4047 sacramentum
3071 3994 3139 4050 de
3168 3997 3406 4053 tenebris
3435 3999 3662 4057 inﬁdeli-

2074 4080 2201 4135 tatis
2242 4081 2296 4135 in
2343 4080 2576 4152 gratiam
2618 4079 2820 4138 Christi
2862 4083 3100 4153 primum
3145 4091 3531 4146 transeundum
3562 4093 3663 4148 do~

2073 4178 2215 4234 cent,
2253 4178 2545 4227 attestante
2578 4170 2695 4242 ipsa
2724 4169 2969 4231 Veritate
2994 4176 3139 4247 quod
3164 4178 3266 4232 nisi
3292 4181 3410 4251 quis
3443 4192 3657 4240 renatus

2072 4262 2230 4334 fuerit
2257 4279 2321 4318 ea:
2344 4276 2392 4318 et
2421 4280 2561 4336 aqua
2596 4264 2798 4336 Spiritu
2819 4278 2999 4324 sancto
3031 4285 3137 4325 non
3172 4283 3338 4343 potest
3358 4276 3576 4333 introire
3606 4280 3662 4334 in

2075 4373 2289 4427 regnum
2336 4356 2452 4411 Dei.
2496 4357 2700 4413 Deinde
2739 4359 2881 4415 viam
2912 4360 3075 4416 trium
3105 4361 3319 4421 dierum
3352 4381 3450 4437 per
3477 4368 3660 4425 deser-

2076 4455 2189 4502 tum
2219 4449 2439 4513 abeunt,
2469 4448 2596 4519 quia
2627 4456 2828 4504 sancta:
2861 4448 3143 4508 Trinitatis
3182 4453 3368 4523 ﬁdem,
3404 4471 3566 4527 quam
3604 4459 3660 4514 in

2074 4536 2397 4606 baptismate
2422 4536 2610 4593 ﬁdeles
2633 4539 2833 4609 quique
2880 4540 3224 4611 proﬁtentur,
3269 4551 3385 4602 toto
3416 4554 3663 4618 tempore

2073 4628 2340 4685 incolatus
2366 4630 2524 4686 istius
2553 4632 2738 4687 mundi
2761 4647 2884 4689 cum
2907 4634 3063 4690 bonis
3084 4637 3341 4706 operibus
3370 4640 3663 4697 observan-

2075 4720 2198 4776 dam
2236 4734 2357 4777 esse
2399 4721 2688 4779 allirmant.
2727 4722 2882 4792 Quod
2924 4733 3107 4782 autem
3146 4724 3429 4785 Nabutluni
3462 4746 3660 4788 occur-

2073 4819 2264 4865 rerunt
2306 4811 2386 4867 eis
2428 4812 2673 4883 paciliee,
2715 4821 2771 4869 et
2798 4825 3158 4873 narraverunt
3181 4833 3304 4889 qua:
3342 4820 3663 4879 acciderant

2075 4898 2333 4958 fratribus
2356 4903 2411 4957 in
2437 4902 2792 4971 Galaaditide,
2830 4906 3105 4978 signiﬁcat
3149 4909 3295 4979 quod
3338 4910 3484 4969 dicta
3531 4928 3661 4970 san-

2078 5003 2295 5055 ctorum
2329 4996 2715 5067 prophetarum
2757 4998 3070 5056 doctoribus
3110 5001 3318 5059 sanctis
3354 5014 3659 5075 opportune

2078 5086 2326 5142 solatium
2383 5088 2703 5156 conferunt,
2749 5106 2872 5146 cum
2930 5093 3115 5149 omnia
3156 5110 3279 5166 quae
3322 5096 3657 5152 credentium

2079 5174 2407 5251 [credentes]
2453 5179 2510 5234 in
2549 5177 2825 5236 Christum
2862 5184 3071 5252 passuri
3099 5194 3228 5241 sunt
3274 5194 3540 5243 tormenta
3573 5196 3660 5241 at-

2078 5273 2364 5329 testatione
2412 5289 2509 5329 sua
2566 5274 2851 5331 manifesta
2906 5274 3132 5332 faciunt.
3186 5277 3463 5334 Nabutlttei
3510 5277 3657 5333 enim

2076 5364 2440 5435 prophetantcs
2491 5365 2947 5436 interpretantur,
2994 5383 3319 5439 erroresque
3366 5382 3505 5437 quos
3556 5366 3656 5424 lilii

2076 5456 2394 5526 perditionis
2421 5466 2608 5513 contra
2638 5459 2925 5515 veritatem
2952 5459 3226 5531 Evangelii
3261 5458 3461 5516 Christi
3486 5472 3661 5530 oppo-

2076 5563 2206 5617 nere
2255 5550 2635 5606 machinantur
2675 5566 2804 5607 vero
2846 5552 3099 5606 vaticinio
3138 5548 3454 5620 praedicunt.
3498 5549 3657 5615 Unde

2074 5638 2212 5699 Osee
2238 5656 2436 5698 vaccas
2469 5626 2705 5697 Bethave
2743 5649 2798 5696 et
2843 5642 3173 5699 habitatores
3215 5638 3476 5699 Samaritc
3511 5641 3657 5705 inso-
