3928 6168
309 272 440 329 llG'i’

940 269 1000 322 Β.
1044 268 1293 328 llABANl
1332 267 1552 323 MAURI
1588 267 1904 329 ABCIIIEP.
1948 268 2254 327 MOGUNT.
2298 269 2582 327 OPERUM
2624 270 2804 328 PARS
2838 271 2879 325 Ι.

3430 272 3567 327 Ηω

303 391 486 461 quitur
506 384 654 461 (Ose.
680 384 779 459 tv),
805 392 858 440 et
884 384 1048 439 Amos
1077 383 1444 441 sacrificantes
1467 384 1533 439 de
1562 382 1885 440 fermentato
1913 394 1959 449 Α
1991 387 2171 458 agnita
2197 386 2397 441 virtute
2421 394 2477 441 et
2504 386 2737 449 veritate
2762 386 2975 443 Domini
3001 387 3173 447 nostri
3194 386 3320 445 Iesu
3340 389 3569 452 Christi.

304 479 517 537 laudem
558 478 859 547 vituperat,
888 488 989 529 nec
1036 488 1278 529 noneos
1313 474 1409 543 qui
1454 481 1779 531 convertunt
1825 474 1900 531 in.

304 570 674 641 parasintbum
688 580 713 607 ι
730 565 995 638 judicium
1015 574 1071 619 et
1085 564 1373 636 justitiam,
1394 572 1449 620 ct
1466 565 1744 635 accipiunt
1764 579 1884 619 mu-

306 677 406 717 nus
426 659 837 731 deprimuntque
862 670 1125 726 pauperes
1153 656 1207 709 in
1224 662 1381 726 porta
1402 655 1583 727 (Amos
1632 655 1708 727 ν),
1733 655 1884 712 dete-

302 762 495 808 statur.
523 749 678 817 Quod
706 755 886 802 autem
914 747 1335 815 comprehensos
1363 761 1483 801 esse
1518 746 1780 816 quosdam
1811 761 1879 801 ex

302 843 497 901 iudteis
527 842 579 897 in
620 839 818 896 Barasa
844 848 898 895 et
927 839 1113 903 Bosor,
1138 836 1419 893 Nabuthrei
1456 837 1718 903 indicant,
1745 836 1882 891 bene

301 933 534 990 nominis
560 946 749 987 eorum
777 929 1150 999 interpretatio
1178 927 1428 984 effectum
1479 928 1553 982 rei
1581 927 1835 998 exprimit
1859 943 1873 992 ;

302 1010 689 1097 interpretatur
720 1023 864 1080 enim
894 1022 1096 1077 Barasa
1142 1031 1197 1076 et
1242 1022 1409 1076 Bosor
1439 1019 1800 1074 tribulationes
1828 1028 1883 1074 et

298 1121 563 1192 angustia,
596 1118 722 1190 quia
752 1132 951 1181 omnes,
981 1112 1136 1182 juxta
1161 1112 1312 1167 Pauli
1342 1126 1550 1176 vocem,
1586 1112 1677 1182 qui
1706 1108 1882 1165 volunt

297 1213 380 1283 pie
422 1212 586 1265 vivere
624 1211 677 1264 in
724 1206 963 1273 Christo,
1004 1206 1409 1277 persecutionem
1448 1203 1736 1274 patientur,
1780 1216 1883 1257 nec

296 1301 515 1374 effugiet
563 1300 945 1357 luereticorum
988 1297 1264 1368 injuriam,
1292 1296 1386 1366 qui
1430 1311 1576 1351 same
1615 1294 1736 1350 ﬁdei
1768 1309 1873 1349 ser-

295 1408 425 1448 vare
448 1393 724 1449 contendit
751 1392 1069 1448 doctrinam.
1095 1391 1240 1459 Quos
1263 1390 1501 1445 Joannes
1525 1389 1800 1459 apostolus
1825 1388 1881 1442 in

296 1482 619 1554 Apocalypsi
651 1497 748 1540 sua
773 1481 1073 1537 cruciatum
1098 1480 1298 1543 facere,
1322 1480 1463 1536 sicut
1490 1480 1765 1535 cruciatus
1795 1486 1882 1533 est

295 1576 636 1647 scorpionum
677 1589 799 1629 cum
829 1573 1065 1644 percutit
1106 1572 1403 1639 hominem,
1433 1571 1719 1638 describit;
1753 1570 1882 1641 quia

294 1667 437 1722 sicut
462 1665 775 1735 scorpiones
803 1677 1068 1720 venenum
1102 1663 1157 1719 in
1197 1663 1369 1718 cauda
1392 1669 1634 1732 portant,
1666 1661 1742 1715 ita
1772 1662 1882 1715 bte-

1981 477 2261 547 perterriti
2302 476 2544 548 fugiunt;
2589 487 2648 533 et
2692 478 3072 547 percutiuntur
3132 494 3329 551 magna
3387 479 3570 550 plaga,

1981 570 2107 640 quia
2137 570 2190 624 in
2217 570 2299 625 eis
2323 570 2617 625 secundum
2640 569 2910 640 justitiam
2939 583 3038 639 per
3072 570 3323 629 doctores
3348 581 3568 627 sanctos

1981 670 2267 717 exercetur
2293 661 2656 719 anathematis
2682 661 2957 728 vindicta;
2997 662 3307 732 caduntque
3341 677 3413 723 ex
3461 664 3570 720 illis

1983 752 2098 810 fere
2119 760 2244 809 octo
2268 752 2436 808 millia
2462 752 2724 817 virorum,
2752 766 2879 807 cum
2906 753 3086 809 omnis
3106 752 3357 811 cumulus
3380 768 3568 810 eorum

1981 861 2118 915 quos
2147 853 2334 900 contra
2365 858 2611 898 veracem
2658 843 2992 899 intellectum
3031 844 3291 915 spiritalis
3329 845 3571 901 circum-

1982 936 2225 1000 cisionis,
2250 950 2351 991 seu
2379 943 2564 990 contra
2593 932 2752 989 fidem
2782 934 3200 990 resurrectionis
3224 933 3441 989 Domini
3479 950 3568 989 no-

1982 1027 2078 1081 stri
2126 1025 2253 1081 Jesu
2299 1024 2502 1081 Christi
2548 1033 2605 1079 et
2649 1025 3020 1081 membrorum
3059 1024 3199 1095 ejus,
3242 1026 3569 1082 contrahere

1983 1116 2373 1183 moliebantur,
2415 1116 2532 1185 ipsa
2578 1114 2831 1172 vincente
2880 1115 3254 1172 destrueretur
3306 1113 3567 1171 Veritate.

1983 1210 2121 1266 Hinc
2160 1219 2251 1266 ea
2281 1210 2425 1280 quod
2467 1208 2718 1277 Salvator
2744 1210 2801 1266 in
2836 1209 3131 1280 Evangelia
3172 1209 3393 1267 solvens
3425 1210 3566 1282 typi-

1982 1317 2106 1356 cum
2143 1301 2461 1363 sabbatum,
2504 1300 2679 1369 prima
2725 1301 2959 1366 sabbati,
2985 1307 3208 1371 quaeest
3229 1310 3422 1357 octava
3451 1301 3571 1356 dies

1981 1404 2103 1465 post
2148 1394 2452 1463 septimam,
2496 1393 2911 1450 resurrectionis
2959 1408 3071 1449 suae
3114 1392 3273 1450 nobis
3313 1392 3573 1464 patefecit

1983 1492 2405 1541 sacramentum.
2436 1482 2574 1539 Hinc
2613 1491 2669 1539 et
2700 1482 2904 1539 Paulus
2931 1482 3207 1553 apostolus
3241 1483 3403 1539 docet
3449 1481 3571 1555 (Co-

1983 1577 2109 1632 loss.
2137 1576 2200 1649 ιι)
2243 1577 2712 1632 circumcisionem
2760 1591 2869 1631 nou
2915 1591 3081 1633 manu
3130 1574 3328 1631 factam
3373 1575 3429 1630 in
3468 1589 3572 1633 ex-

1983 1667 2306 1738 spoliatione
2351 1666 2598 1737 corporis
2649 1666 2865 1732 carnis,
2906 1665 3005 1721 sed
3060 1663 3270 1736 Spiritu
3317 1663 3416 1720 Da'
3460 1662 3571 1721 vivi

296 1760 449 1817 retici
479 1760 534 1815 in
563 1755 1031 1815 consummatione
1057 1752 1265 1809 fraudis
1294 1752 1556 1807 malitiam
1579 1752 1881 1819 occultant,
1910 1758 1957 1818 Β
1986 1761 2040 1816 in
2085 1759 2339 1817 cordibus
2382 1758 2720 1815 credentium
2763 1759 2850 1831 agi
2894 1758 3136 1826 debae;
3186 1758 3329 1814 unde
3368 1768 3427 1813 et
3484 1756 3569 1813 [ex

294 1864 403 1921 quo
425 1850 597 1918 magis
618 1848 867 1903 incautos
892 1859 999 1902 non
1025 1851 1212 1914 aperta
1239 1840 1440 1909 fronte,
1467 1842 1562 1898 sed
1587 1841 1879 1897 latentibus

296 1942 509 1997 insidiis
540 1943 811 1995 noceant.‘

364 2031 435 2086 Et
465 2030 713 2086 convertit
744 2026 917 2083 ludas
955 2035 1002 2081 et
1031 2026 1290 2081 exercitus
1325 2025 1464 2095 ejus,
1488 2032 1594 2081 etc.
1627 2024 1685 2080 In
1721 2040 1880 2096 supe-

296 2121 531 2178 rioribus
592 2126 779 2175 narrat
830 2116 1082 2173 civitates
1137 2114 1523 2182 Galaaditidis,
1570 2116 1626 2170 iu
1682 2116 1879 2187 quibus

294 2216 669 2289 comprehensi
697 2221 826 2270 sunt
858 2210 1047 2279 Judmi,
1085 2211 1322 2267 munitas
1358 2209 1527 2266 fuisse
1549 2219 1605 2265 et
1633 2224 1876 2281 magnas,

292 2326 429 2381 quas
459 2307 641 2383 [quos]
666 2306 832 2363 ludas
859 2305 1052 2362 statuit
1074 2304 1130 2361 in
1160 2318 1266 2358 una
1307 2304 1395 2359 die
1421 2302 1879 2373 comprehendere

293 2411 349 2459 et
377 2402 565 2459 tollere
601 2419 615 2456 :
661 2399 789 2470 quia
834 2413 933 2470 per
971 2396 1239 2452 unitatem
1277 2395 1660 2466 praedicatores
1706 2394 1877 2450 sancti

294 2495 575 2550 destruere
628 2492 924 2561 disponunt
979 2501 1170 2545 omnes
1224 2486 1557 2542 munitiones
1618 2484 1879 2540 falsarum

295 2585 661 2642 doctrinarum
690 2597 825 2653 quas
865 2579 1104 2636 haeretici
1136 2579 1465 2635 constituunt
1502 2578 1569 2633 ad
1598 2577 1880 2647 decipien-

294 2678 392 2733 das
435 2675 646 2731 animas
692 2672 1061 2729 innocentium
1108 2678 1161 2726 et
1209 2670 1560 2741 captivandas
1602 2671 1883 2726 erroribus

294 2767 426 2824 suis.
454 2765 610 2829 Nunc
650 2772 833 2820 autem
869 2763 1001 2820 dicit
1034 2760 1229 2817 ludam
1258 2761 1312 2816 in
1340 2762 1557 2817 deserto
1592 2759 1762 2815 Bosor
1790 2776 1880 2815 oc-

293 2872 523 2931 cupasse
547 2856 720 2913 Bosor
752 2855 1045 2919 civitatem,
1070 2861 1125 2908 et
1150 2852 1398 2909 occidere
1419 2866 1637 2907 omnem
1667 2865 1881 2906 mascu-

294 2949 405 3005 lum
440 2950 496 3013 in
523 2962 618 3005 ore
645 2946 841 3021 gladii,
879 2953 936 3002 et
970 2944 1188 3025 auferre
1232 2943 1400 3015 spolia
1430 2958 1647 3010 eorum,
1667 2951 1726 2998 et
1753 2957 1879 2998 suc-

293 3042 523 3097 cendere
574 3054 697 3096 eam
746 3038 896 3110 igni;
944 3037 1072 3108 quia
1126 3037 1229 3093 hoc
1284 3049 1610 3106 magnopere
1664 3034 1881 3090 student

1979 1859 2136 1906 vetus
2182 1850 2504 1921 praeputium
2549 1850 2733 1908 cordis
2772 1850 2957 1906 docuit
2997 1862 3124 1907 esse
3171 1849 3569 1907 circumciden-

1980 1941 2129 1997 dum.
3352 2014 3359 2017 _

2050 2029 2180 2087 Post
2204 2032 2316 2087 [uec
2340 2040 2519 2086 autem
2540 2030 2689 2086 verba
2716 2032 3049 2102 congregavit
3088 2029 3575 2087 Timotheumrs

1979 2124 2139 2178 citum
2183 2122 2379 2188 alium,
2427 2131 2477 2177 et
2514 2132 2687 2178 castra
2732 2121 2906 2192 posuit
2948 2132 3131 2178 contra
3176 2121 3428 2193 Raphon,
3459 2131 3571 2178 etc.

1978 2215 2271 2286 Postquam
2299 2214 2616 2271 Timotheus
2642 2213 2810 2270 semel
2835 2222 3001 2284 atque
3028 2213 3227 2270 iterum
3249 2212 3426 2269 victus
3457 2221 3573 2280 est,

1978 2321 2086 2362 non
2131 2306 2368 2363 cessavit
2421 2320 2623 2377 augere
2666 2305 2998 2376 nequitiam,
3048 2305 3143 2360 sed
3199 2303 3576 2376 multiplicavit

1978 2399 2261 2455 malitiam.
2304 2399 2492 2455 Denuo
2521 2399 2786 2454 instaurat
2808 2397 3109 2456 exercitum
3151 2404 3345 2453 contra
3379 2395 3577 2453 ludam

1979 2499 2037 2547 et
2066 2491 2242 2547 socios
2275 2491 2429 2562 ejus:
2467 2491 2593 2562 quia
2633 2490 2905 2547 bmreticis
2947 2505 3057 2547 non
3097 2491 3233 2546 satis
3273 2498 3359 2549 est
3406 2490 3576 2547 semel

1980 2592 2144 2654 atque
2169 2583 2365 2639 iterum
2406 2583 2461 2638 in
2491 2598 2658 2654 parvo
2699 2598 2925 2639 numero
2969 2583 3349 2640 contentiones
3388 2598 3575 2653 agere,

1981 2675 2075 2730 sed
2105 2689 2243 2730 nova
2277 2674 2539 2730 adversus
2564 2672 2865 2731 Ecclesium
2886 2687 3102 2744 semper
3129 2674 3370 2730 excitant
3415 2674 3577 2738 bella,

1980 2780 2045 2821 ac
2069 2765 2309 2836 perﬁdia:
2331 2781 2442 2821 suae
2467 2765 2786 2842 multiplicia
2807 2764 3091 2821 effundunt
3119 2779 3351 2820 venena.
3378 2764 3577 2819 Castra

1980 2863 2186 2927 ponunt
2212 2866 2395 2911 contra
2427 2856 2650 2927 Raptim:
2685 2866 2832 2911 trans
2860 2866 3160 2921 torrentem,
3192 2857 3319 2929 quia
3360 2872 3579 2912 summo

1980 2947 2100 3003 nisu
2132 2947 2401 3018 superbia:
2419 2962 2535 3002 sua:
2560 2948 2801 3003 excitant
2824 2946 3068 3003 furorem
3095 2958 3425 3019 moventque
3457 2945 3575 3003 bel-

1982 3036 2159 3094 lorum
2188 3045 2589 3108 tempestatem;
2619 3054 2722 3095 nec
2746 3053 2857 3094 non
2897 3046 2955 3094 et
2991 3028 3243 3106 Arabas,
3271 3038 3367 3111 qui
3406 3039 3581 3095 inter-

294 3135 468 3191 sancti
491 3134 740 3190 doctores
760 3139 842 3197 ut,
862 3137 1127 3200 occupata
1151 3128 1452 3184 munitione
1475 3127 1879 3194 haereticorum,
1907 3115 1953 3178 ϐ
1983 3139 2268 3201 pretantur
2304 3141 2642 3202 campestres,
2682 3132 2886 3188 ducunt
2927 3131 2985 3186 in
3009 3131 3294 3197 auxilium,
3327 3132 3456 3203 quia
3488 3146 3580 3188 vo-

291 3241 509 3285 ctnnem
548 3224 789 3295 vigorem
849 3221 1159 3290 iniquarum
1213 3226 1515 3281 sectarum,
1567 3232 1729 3288 quam
1783 3232 1881 3288 per

294 3316 481 3372 mundi
523 3312 924 3385 philosophiam
968 3318 1025 3365 et
1079 3309 1298 3364 inanem
1352 3309 1621 3364 fallaciam
1682 3309 1883 3364 consti-

297 3414 473 3475 tuunt,
509 3405 687 3478 gladio
728 3404 967 3476 Spiritus
993 3402 1191 3471 sancti,
1219 3402 1362 3474 quod
1390 3410 1478 3459 est
1510 3403 1738 3459 verbum
1784 3402 1879 3457 Dei

297 3496 512 3569 (Ephes.
539 3493 638 3569 v1),
665 3494 975 3561 destruant;
1008 3502 1278 3565 quatenus
1319 3493 1372 3550 id
1400 3494 1544 3565 quod
1573 3507 1673 3563 per
1701 3501 1883 3549 osten-

296 3590 554 3644 tationem
584 3602 738 3644 suam
778 3587 855 3643 illi
899 3586 1174 3642 tinxerunt
1212 3601 1335 3642 esse
1375 3586 1743 3657 praecipuum,
1791 3585 1881 3641 isti

294 3680 666 3737 demonstrent
706 3693 878 3751 nugas
920 3692 1043 3733 esse
1075 3685 1133 3733 et
1173 3675 1445 3733 frivolum.
1476 3677 1764 3748 Accipiunt
1788 3693 1883 3733 au-

296 3783 400 3829 tem
426 3771 597 3844 spolia
617 3786 826 3838 eorum,
851 3785 974 3827 cum
994 3770 1303 3827 testimonia
1330 3769 1736 3841 Scripturarum
1760 3785 1885 3825 san-

295 3873 528 3929 ctarum,
555 3863 753 3934 quibus
779 3861 933 3918 abusi
978 3869 1125 3929 sunt,
1152 3860 1223 3916 ab
1248 3861 1329 3917 eis
1370 3861 1525 3932 quasi
1563 3860 1632 3916 ab
1666 3860 1882 3932 injustis

295 3954 699 4025 possessoribus
724 3956 997 4021 auferunt,
1026 3955 1307 4026 ipsamque
1330 3952 1724 4010 confessionem
1754 3969 1885 4009 ana-

297 4049 536 4101 themate
568 4053 829 4117 perpetuo
870 4045 1218 4101 comburunt.
1247 4044 1401 4112 Quod
1430 4052 1611 4100 autem
1637 4045 1884 4116 sequitur

297 4138 421 4209 quia
451 4144 789 4191 surrexerunt
823 4136 878 4190 in
921 4139 1088 4199 nocte,
1130 4136 1465 4191 demonstrat
1497 4148 1593 4191 eos
1626 4134 1793 4191 fuisse
1828 4135 1882 4191 in

299 4228 539 4285 tenebris
562 4228 767 4284 erroris
794 4228 878 4284 sui
904 4227 1145 4283 relictos.

372 4322 435 4377 Et
471 4324 671 4392 factum
699 4330 773 4376 est
798 4320 1034 4375 diluculo
1059 4336 1178 4374 cum
1209 4319 1492 4376 elevassent
1520 4317 1700 4374 oculos
1734 4335 1878 4385 suos,

296 4423 400 4470 etc.
433 4415 572 4483 Quid
616 4428 715 4484 per
747 4412 921 4469 scalas
948 4421 1112 4484 atque
1140 4412 1421 4468 machinas
1465 4413 1727 4485 gentium,
1775 4414 1881 4469 nisi

1984 3220 2263 3289 luptuosos
2306 3221 2407 3291 qui
2442 3219 2710 3275 luxuriam
2757 3218 2920 3289 hujus
2953 3219 3135 3276 saeculi
3178 3229 3483 3291 sequuntur
3525 3220 3577 3276 in

1985 3311 2249 3367 auxilium
2277 3311 2481 3367 erroris
2520 3310 2607 3365 sui
2647 3319 2948 3367 assumunt.
2978 3310 3136 3368 Unde
3158 3318 3219 3367 et
3256 3325 3452 3366 omnes
3489 3311 3577 3366 isti

1984 3415 2091 3455 non
2141 3400 2470 3456 mediocrem
2512 3408 2698 3456 contra
2747 3399 3049 3456 Ecclesiam
3102 3400 3309 3456 erroris
3349 3400 3434 3456 sui
3487 3415 3581 3455 ex-

1985 3499 2234 3547 struxere
2259 3491 2581 3561 nequitiam.
2613 3489 2720 3546 Sed
2749 3489 2921 3546 ludas
2960 3492 3156 3546 horum
3183 3491 3353 3546 mittit
3382 3504 3579 3561 specu-

1984 3579 2084 3641 lari
2124 3582 2446 3647 exercitum,
2477 3597 2600 3639 cum
2638 3583 2893 3638 doctores
2929 3582 3103 3638 sancti
3131 3582 3410 3639 auditores
3449 3597 3588 3638 suos

1985 3672 2277 3729 admovent
2296 3686 2589 3741 pravorum
2620 3687 2929 3743 praecavere
2959 3672 3246 3728 tumultum
3273 3688 3344 3729 ne
3373 3673 3585 3732 fraudis

1984 3777 2097 3821 suae
2133 3770 2313 3818 actum
2344 3762 2413 3819 ad
2461 3761 2893 3820 internecionem
2922 3762 3250 3834 simplicium
3279 3764 3585 3835 perducant

1985 3856 2311 3913 animarum.
2340 3855 2494 3923 Quod
2536 3862 2718 3911 autem
2758 3855 3097 3921 Timotheus,
3124 3857 3285 3927 quasi
3323 3854 3585 3912 collecto.

1987 3963 2105 4005 ram
2136 3947 2360 4013 faciens,
2390 3948 2468 4003 ait
2494 3946 2829 4017 principibus
2854 3947 3130 4002 exercitus
3156 3947 3280 4002 sui:
3315 3946 3450 4002 Cum
3481 3965 3584 4018 ap-

1984 4039 2405 4112 propinquaverit
2429 4037 2602 4094 ludas
2626 4047 2676 4093 et
2714 4038 2972 4094 exercitus
3015 4039 3132 4109 ejus
3179 4039 3249 4093 ad
3293 4048 3583 4094 torrentem

1986 4146 2139 4202 aqum
2162 4143 2181 4182 :
2210 4129 2256 4184 si
2284 4128 2554 4191 transierit
2590 4128 2660 4182 ad
2686 4144 2782 4183 nos
2807 4129 2974 4199 prior,
3005 4145 3109 4184 non
3133 4129 3418 4199 poterimus
3457 4145 3584 4184 sus-

1985 4224 2149 4278 tinere
2199 4236 2351 4287 eum,
2404 4220 2529 4291 quia
2573 4229 2767 4291 potens.
2801 4220 2991 4290 poterit
3030 4220 3309 4277 adversum
3356 4235 3491 4285 nos;
3535 4218 3582 4274 si

1985 4333 2103 4373 uero
2132 4318 2363 4372 timuerit
2392 4316 2620 4371 transire
2643 4325 2692 4370 et
2717 4317 2947 4387 posuerit
2974 4325 3151 4371 castra
3177 4325 3335 4371 extra
3355 4316 3583 4385 flumen,

1985 4409 2382 4481 transfretemus
2431 4409 2502 4464 ad
2535 4426 2643 4476 eos,
2690 4418 2737 4464 et
2776 4408 3058 4480 poterimus
3102 4406 3354 4465 adversus
3403 4408 3584 4463 illum.

297 4480 585 4561 exsultatio
617 4480 779 4575 atque
828 4480 1166 4560 contumacia
1217 4480 1573 4575 superborum
1622 4504 1883 4576 exprimi-
1908 4480 1961 4540 D
1986 4480 2236 4559 Ostendit
2269 4502 2414 4573 quod
2456 4515 2649 4557 omnes
2690 4501 2929 4557 haeretici
2964 4499 3221 4557 ﬁduciam
3257 4509 3427 4573 atque
3449 4517 3585 4557 cou-

301 4605 409 4661 tttt',
449 4609 547 4666 per
572 4608 733 4664 quam
769 4592 1067 4649 Ecclesiam
1099 4593 1302 4649 Christi
1341 4609 1649 4666 expugnare
1677 4603 1733 4650 et
1758 4594 1886 4651 sub.

299 4694 513 4742 vertere
551 4685 812 4756 cupiunt?
854 4684 960 4741 Sed
993 4682 1161 4741 ludas
1203 4695 1411 4752 noster,
1453 4687 1546 4756 qui
1589 4694 1757 4741 totum
1790 4701 1886 4757 ap-

300 4784 547 4846 paratum
571 4775 694 4831 belli
720 4776 775 4832 in
796 4776 916 4831 luce
931 4776 1190 4847 disponit,
1208 4776 1379 4832 tribus
1392 4776 1675 4832 ordinibus
1695 4784 1883 4832 contra

302 4884 398 4925 (os
421 4877 649 4941 pugnat,
680 4870 784 4926 hoc
804 4878 907 4935 est,
935 4870 1049 4925 sive
1072 4877 1275 4925 sanctae
1307 4869 1590 4925 Trinitatis
1616 4868 1742 4936 fide,
1772 4869 1884 4926 sive

301 4962 499 5034 duplici
542 4962 813 5034 dogmate,
842 4963 896 5018 id
926 4971 1010 5018 est
1031 5004 1044 5029 ,
1071 4962 1353 5029 historico,
1387 4962 1675 5034 allegorice
1721 4970 1886 5034 atque

304 5053 665 5123 tropologico;
709 5062 765 5107 et
804 5054 1006 5108 clamat
1049 5053 1192 5109 tubis
1233 5052 1287 5107 in
1317 5053 1545 5119 ctelum,
1584 5054 1711 5123 quia
1758 5051 1883 5106 forti

302 5143 689 5212 praedicatione
748 5142 985 5198 exsultat
1036 5157 1223 5198 vocem
1251 5184 1266 5209 ,
1329 5155 1382 5199 et
1448 5143 1643 5199 intimo
1705 5144 1889 5200 cordis

301 5237 541 5292 clamore
607 5235 776 5291 Deum
844 5234 1217 5290 auxiliatorem
1275 5237 1502 5291 advocat
1565 5237 1619 5291 in
1682 5235 1888 5291 oratio-

304 5342 447 5385 nem.

374 5420 443 5477 Et
475 5431 821 5492 cognoverunt
863 5432 1038 5476 castra
1085 5420 1340 5476 Timothei
1381 5422 1507 5493 quia
1549 5420 1891 5477 Hachaba'us

302 5521 400 5579 est,
428 5522 477 5568 et
516 5513 821 5585 refugerunt
846 5532 878 5568 a
901 5513 1037 5584 facie
1065 5514 1201 5584 ejus.
1231 5513 1422 5568 Castra
1451 5512 1722 5570 Timothei
1743 5555 1757 5580 ,
1798 5528 1891 5569 co-

303 5594 457 5675 gnito
474 5604 804 5674 Machabteo,
825 5606 1078 5676 fugerunt
1094 5620 1125 5659 a
1148 5603 1285 5660 facie
1307 5604 1444 5675 ejus,
1471 5604 1597 5676 quia
1619 5604 1887 5672 haeretici,

377 5727 407 5758 ι
425 5714 520 5774 Sic
546 5715 709 5774 habet
726 5716 897 5776 codex
917 5714 1015 5772 Ms.
1044 5727 1142 5786 pro
1172 5714 1511 5773 absimhium.

1987 4592 2243 4648 stantiam
2272 4591 2666 4663 pertimescunt
2710 4601 2858 4646 recte
2894 4591 3168 4646 credentis
3192 4589 3403 4662 populi,
3431 4599 3486 4646 et
3517 4606 3586 4645 eo

1988 4702 2049 4744 se
2078 4686 2406 4742 inﬁrmium
2434 4694 2766 4756 agnoscunt,
2806 4698 2913 4754 quo
2941 4683 3063 4739 illos
3092 4684 3149 4738 in
3193 4684 3408 4741 unitate
3456 4683 3583 4740 fidei

1987 4777 2336 4834 considerant
2362 4775 2660 4832 fortiores:
2695 4776 2742 4831 si
2789 4783 2974 4831 autem
3017 4774 3257 4845 reliquos
3280 4774 3357 4835 de
3389 4777 3585 4831 catho-

1986 4872 2107 4928 licis
2132 4872 2505 4943 perspexerint
2548 4873 2607 4927 in
2632 4871 2958 4941 cogitatione
3002 4871 3136 4943 legis
3181 4871 3283 4927 Dei
3322 4880 3487 4942 atque
3531 4873 3585 4927 in

1987 4965 2250 5022 exercitio
2297 4965 2423 5019 boni
2481 4965 2664 5035 cperis
2714 4963 2832 5019 ﬁeri
2881 4963 3177 5029 tardiores,
3231 4964 3433 5020 hornus
3479 4965 3585 5020 sibi

1990 5058 2321 5128 triumphum
2348 5064 2511 5126 atque
2539 5055 2913 5126 captivitatem
2941 5055 3264 5125 pollicentur
3291 5064 3587 5126 congratu-

1991 5147 2185 5203 iantes.

2076 5236 2143 5293 Ut
2206 5247 2382 5293 autem
2434 5234 2869 5309 appropinquavit
2931 5236 3107 5292 ludas
3175 5237 3247 5291 ad
3298 5246 3585 5292 concertent

1994 5346 2145 5403 aqua:
2165 5371 2182 5397 ,
2227 5338 2335 5385 etc.
2369 5329 2669 5385 Transiens
2692 5328 2861 5386 ludas
2891 5337 3186 5385 torrentem
3211 5343 3367 5399 aqua
3395 5328 3584 5383 statuit

1994 5424 2203 5481 scribas
2228 5422 2410 5494 populi
2441 5422 2532 5493 qui
2570 5421 2786 5479 turbam
2828 5432 2951 5494 post
2970 5437 3029 5477 se
3058 5422 3582 5479 exhortareuturire

1992 5518 2047 5572 in
2078 5516 2340 5589 praelium,
2365 5532 2489 5571 cum
2534 5516 2863 5587 Redemptor
2908 5524 3115 5581 noster,
3159 5514 3349 5570 adiens
3375 5513 3582 5583 passio-

1992 5623 2117 5667 nem
2143 5607 2339 5679 crucis,
2369 5607 2644 5680 apostolos
2669 5608 2963 5677 ordinavit,
3000 5608 3094 5681 qui
3131 5607 3411 5665 credentes
3440 5607 3493 5662 in
3520 5618 3581 5661 se
