3928 6168
422 402 559 458 “69

1131 411 1483 472 COMMENT.
1517 415 1588 474 IN
1626 415 1870 477 LIBROS
1909 417 2485 486 MACHABIEORUH.
2521 461 2594 474 --
2626 431 2696 488 IN
2734 432 2860 490 LIB.
2893 436 2943 491 ‘l.
2998 435 3004 440 ’

3527 447 3681 504 ’1-170

414 515 673 578 docerent
697 532 1402 588 contemnere'tormentum
1434 541 1708 606 corporea:
1731 540 1925 594 mortis
1947 549 2004 596 et
2030 556 2079 614 Α
2109 541 2162 597 in
2197 543 2470 614 Carnaim,
2526 547 2722 605 iterum
2772 551 2846 607 illi
2877 554 2968 622 qui
2994 553 3212 610 fuerunt
3256 557 3310 612 in
3340 557 3556 630 Ephron
3592 580 3680 619 re--

413 610 688 667 conﬁdere
715 613 784 668 de
805 619 1043 686 potentia
1073 635 1320 691 superna:
1349 627 1614 684 veritatis.
1644 629 1796 686 Unde
1817 639 1899 685 est
1935 631 1993 686 il-

413 697 545 751 lud:
577 699 758 756 Nolite
798 705 978 761 timere
1017 725 1102 764 eos
1127 713 1218 779 qui
1243 709 1484 771 occidunt
1519 733 1729 789 corpus,
1761 722 1991 776 animum

410 802 588 845 autem
629 811 731 849 non
763 808 979 866 possunt
1016 804 1296 860 occidere:
1330 810 1422 861 sed
1463 813 1634 880 potius
1675 819 1792 866 eum
1818 811 1992 869 timete

411 881 502 949 qui
539 893 702 951 potest
745 887 978 942 animam
1016 899 1064 944 et
1121 909 1307 964 corpus
1331 898 1334 902 ’
1354 899 1565 966 perdere
1625 901 1678 955 in
1705 903 1991 971 gehennam

413 971 630 1041 (blattis.
659 975 716 1048 χ)
739 993 754 1041 ;
783 985 840 1032 et
867 980 1066 1037 iterum
1093 1001 1106 1037 :
1141 984 1206 1040 In
1228 989 1482 1057 patientia
1513 1001 1681 1047 uestra
1708 993 1991 1062 possidebi-

409 1063 478 1114 tis
511 1064 718 1117 animus
755 1074 954 1118 vestras
989 1065 1146 1135 (Luc.
1178 1069 1332 1138 nt);
1359 1072 1452 1140 qui
1479 1079 1659 1125 autem
1688 1083 1992 1138 perseuera-

407 1158 540 1208 uerit
571 1172 732 1226 usque
764 1157 817 1210 in
863 1159 1046 1226 ﬁnem,
1076 1161 1160 1216 hic
1207 1163 1386 1216 saluus
1414 1165 1516 1218 erit
1550 1163 1773 1231 (Matth.
1795 1166 1856 1235 at)
1887 1185 1900 1226 :
1937 1179 1994 1224 ct

407 1248 538 1302 alibi
577 1267 592 1303 :
630 1248 805 1314 Beati,
833 1251 931 1313 ait,
968 1253 1058 1322 qui
1083 1259 1497 1320 persecutionem
1527 1261 1806 1326 patiuntur
1835 1275 1993 1330 prop-

411 1350 492 1392 ter
509 1341 806 1409 justitiam,
833 1344 1091 1412 quoniam
1119 1347 1354 1415 ipsorum
1382 1360 1458 1403 est
1487 1367 1705 1422 regnum
1737 1353 1989 1408 caelorum

404 1431 633 1491 illatua.
665 1435 740 1503 v).
775 1435 915 1492 lliuc
943 1437 1082 1493 bene
1106 1440 1466 1512 subiungitur
1497 1461 1512 1497 :

481 1514 523 1567 Τ
527 1518 858 1586 ransfretavit
901 1523 970 1577 ed
998 1525 1117 1580 illos
1159 1530 1308 1598 prior
1351 1541 1399 1585 et
1431 1549 1600 1588 omnis
1625 1535 1846 1606 populus
1866 1548 1985 1609 post

399 1621 546 1669 eum,
577 1610 704 1676 quia
739 1615 1044 1680 oportebat,
1091 1629 1151 1672 ut
1179 1621 1446 1677 mediator
1483 1624 1590 1679 "Dei
1625 1626 1984 1685 et‘hominum

404 1695 640 1762 primum
685 1701 950 1768 passionis
984 1720 1096 1759 sua:
1134 1708 1376 1777 expleret
1401 1715 1758 1783 mysterium,
1790 1728 1860 1772 'et
1889 1720 1985 1775 sic

406 1783 525 1852 cius
573 1789 820 1858 exemplo
856 1792 1147 1850 confortati
1179 1814 1275 1867 pro
1303 1801 1419 1869 ipso
1462 1805 1712 1872 patiendo
1742 1811 1982 1865 mortem

2096 633 2290 689 sistere
2320 634 2472 693 inda:
2498 648 2553 694 et
2595 641 2759 696 sociis
2794 640 2911 710 eius
2944 639 3281 700 moliuntur:
3322 649 3448 718 quia
3475 655 3680 708 contri-

2094 722 2167 776 tis
2184 724 2412 780 diversis
2440 727 2934 797 htereticis,’adhuc
2959 734 3034 788 illi
3055 735 3414 805 qui'iitteram
3440 755 3676 812 sequun-

2092 823 2182 871 tur
2207 817 2417 874 Veteris
2478 820 2806 878 Testamenti
2856 826 3036 881 aditus
3079 825 3336 896 spiritalis
3373 831 3678 914 intellectus

2093 907 2303 975 aperire
2344 909 2547 964 nolunt.
2583 911 2720 979 Quid
2749 915 2893 968 enim
2937 930 3036 985 per
3069 915 3326 987 Ephro'n,
3363 935 3482 991 quin
3507 909 3676 991 pulvis

2092 998 2347 1061 maeroris,
2381 999 2497 1054 sive
2519 1001 2688 1071 pulvis
2717 1011 2772 1064 et
2797 1004 2998 1059 inutilis
3027 1007 3436 1078 interpretatur,
3463 1011 3564 1067 nisi
3593 1029 3678 1069 su-

2069 1084 2357 1153 pervacua
2387 1088 2734 1145 Observant'ia
2776 1092 2909 1163 legis
2941 1098 3273 1165 temporibus
3310 1101 3499 1170 gratiae
3536 1102 3672 1157 insi-

2088 1186 2289 1230 nuatur
2315 1177 2368 1231 in
2402 1193 2508 1248 qua
2535 1179 2705 1236 Judaei
2741 1183 3065 1242 conﬁtentes
3093 1201 3154 1243 se
3182 1188 3464 1245 includunt
3494 1203 3553 1248 et
3575 1193 3673 1248 ob--

2074 1273 2302 1321 struunt
2325 1279 2509 1337 portas
2532 1270 2829 1340 lapidibus;
2865 1277 2956 1344 qui
2996 1280 3203 1334 umbra:
3244 1281 3410 1337 dediti
3451 1285 3675 1341 histori-

2087 1367 2206 1410 cam
2240 1359 2608 1429 traditionem,
2637 1380 2756 1433 qua:
2791 1366 2922 1438 legis
2949 1369 3004 1423 in
3034 1368 3299 1441 lapidibus
3335 1378 3535 1448 scripta
3563 1389 3666 1444 est,

2070 1445 2364 1517 Evangelii
2419 1453 2866 1520 prmdicatoribus
2927 1470 3227 1530 opponunt,
3290 1481 3392 1521 nec
3443 1445 3672 1525 consen—

2086 1537 2230 1592 tiunt
2279 1540 2347 1595 ab
2388 1541 2476 1596 illa
2519 1543 2630 1600 ullo
2667 1548 2827 1603 modo
2870 1551 3069 1616 divelli,
3099 1565 3198 1609 nec
3243 1573 3342 1613 nos
3383 1562 3667 1618 rectiore":

2085 1640 2305 1684 sensum
2348 1636 2653 1690 concedunt
2697 1641 2868 1708 sequi.
2918 1642 3070 1698 Unde
3113 1661 3190 1699 ore
3222 1649 3362 1703 vobis
3401 1651 3667 1723 legisperi—

2084 1718 2176 1783 tis,
2211 1721 2304 1789 qui"
2322 1722 2516 1779 tulistis
2543 1727 2735 1783 clavem
2765 1733 3015 1798 scientia},
3033 1736 3145 1806 ipsi
3172 1755 3275 1794 non
3312 1733 3587 1811 introistis,
3617 1759 3664 1800 et

2083 1823 2171 1862 eos
2195 1813 2286 1881 qui
2315 1813 2596 1870 introibant
2620 1820 3127 1895 prohibuistis(Lu'c.
3159 1828 3258 1898 x1).
3279 1829 3386 1886 Sed
3415 1835 3580 1888 mittit
3598 1838 3665 1890 ad

405 1884 752 1934 contemnere
789 1880 1058 1939 discerent
1097 1902 1163 1942 ex
1197 1890 1461 1946 universis
1484 1896 1980 1964 gentibusﬁdeles.
2011 1895 2059 1954 B
2087 1911 2179 1954 eos
2212 1899 2378 1958 ludas
2422 1907 2598 1963 verbis
2627 1909 2888 1978 paciﬁcis,
2912 1914 3096 1970 dicens
3133 1933 3146 1971 :
3185 1917 3544 1979 Transibimus
3576 1944 3668 1995 per

486 1965 544 1995 Ιᾶἰ
575 1971 806 1995 -ιη.ι..;ι..
837 1984 951 1995 μη..
989 1987 1094 1995 ,μμ
1153 1979 1176 1995 ι-
1240 1981 1250 1991 -
1611 1993 1617 1995 _

478 1965 544 2018 Et
570 1971 806 2025 contrita:
831 1984 951 2028 sunt
978 1987 1100 2030 ante
1145 1979 1332 2047 faciem
1360 1999 1540 2038 eorum
1565 1993 1741 2042 omnes
1775 2001 1979 2060 gentes,

403 2052 538 2108 Cum
581 2056 777 2114 diversi
819 2061 1095 2119 hominum
1141 2071 1380 2136 potentia
1401 2073 1624 2130 virtutis
1665 2077 1760 2133 Dei
1783 2052 1982 2136 'conte;

405 2154 596 2200 runtur
623 2162 855 2206 errores.
1755 2206 1788 2234 ο

475 2236 815 2308 Prajecerunt
858 2260 1008 2301 arma
1045 2263 1143 2302 sua
1185 2259 1233 2304 et
1257 2250 1503 2322 fugerunt
1528 2257 1597 2310 ad
1626 2257 1812 2327 fanum
1837 2263 1978 2331 quod

398 2337 478 2381 est
514 2330 567 2384 in
615 2329 886 2388 Carnaim.
918 2335 1052 2391 Cum
1081 2339 1310 2398 desertis
1352 2348 1756 2404 contentionum
1799 2329 1980 2408 obsta-

401 2417 555 2482 culis,
584 2432 959 2488 persecutores
988 2428 1233 2485 veritatis
1270 2433 1524 2490 resistere
1549 2452 1656 2492 non
1682 2441 1943 2497 audentes
1961 2483 1976 2509 ,

405 2506 457 2561 in
488 2507 726 2566 delubris
752 2513 973 2571 deorum
1003 2533 1226 2575 suorum
1253 2538 1313 2579 se
1339 2526 1640 2594 condendo,
1673 2532 1812 2587 unde
1831 2549 1978 2603 quaa-

406 2590 537 2652 runt
574 2601 815 2669 tutelam,
855 2605 980 2662 inde
1008 2602 1209 2665 habent
1237 2613 1468 2669 ruinam.
1501 2590 1753 2675 Carnaim
1795 2590 1977 2680 alitem

401 2688 788 2759 interpretatur
837 2713 1065 2765 cornua;
1113 2717 1312 2758 cornua
1341 2720 1470 2763 vero
1497 2718 1622 2778 apte
1663 2725 1763 2781 pro
1809 2728 1976 2783 regno

399 2787 562 2848 atque
595 2781 906 2841 defensione
943 2791 1111 2859 accipi
1147 2802 1390 2863 possunt.
1440 2797 1545 2859 Sed
1570 2815 1675 2855 non
1695 2799 1838 2869 juvit
1878 2781 1976 2860 eo-

401 2884 522 2924 rum
547 2871 747 2942 opinio,
775 2875 882 2932 imo
907 2877 1096 2936 fefellit
1119 2899 1133 2948 ;
1165 2884 1288 2952 quia
1313 2891 1582 2958 occupavit
1609 2889 1646 2944 J
1651 2892 1782 2948 udas
1805 2894 1972 2964 ipsam

397 2957 654 3016 civitatem
694 2973 743 3018 et
774 2965 956 3035 fanum
1005 2974 1269 3028 succendit
1301 2975 1411 3046 igni
1443 2957 1568 3032 cum
1605 2957 1843 3038 omnibus
1880 2987 1972 3056 qui

395 3057 544 3102 erant
592 3051 647 3106 in
691 3053 837 3122 ipso;
886 3059 1100 3126 quando
1143 3078 1253 3118 non
1294 3064 1468 3120 solum
1515 3070 1968 3130 machinationem

394 3157 611 3199 omnem
631 3149 832 3206 erroris
864 3152 1237 3211 hmreticorum
1259 3167 1419 3229 atque
1439 3171 1843 3230 persecutorem
1869 3167 1967 3223 de-

395 3238 574 3304 struit,
637 3239 745 3296 imo
786 3258 974 3301 omnes
1034 3248 1124 3316 qui
1165 3249 1216 3303 in
1273 3265 1340 3307 eo
1399 3253 1674 3312 conﬁdunt
1717 3256 1968 3323 Salvator
1997 3252 2040 3322 C

394 3337 583 3388 noster
624 3329 747 3407 igne
784 3329 945 3408 iusta!
993 3339 1262 3402 comburit
1300 3348 1536 3407 ultionis.
1599 3353 1752 3410 Unde
1787 3356 1967 3414 Domi-

391 3439 492 3479 nus
533 3423 586 3478 in
629 3426 1042 3490 Deuteronomio
1069 3439 1324 3507 praecepit
1353 3440 1582 3497 dicens:
1626 3443 1688 3500 Si
1734 3448 1966 3506 audieris

389 3512 443 3565 in
466 3529 572 3568 una
603 3517 807 3573 urbium
840 3529 1075 3591 tuarum,
1100 3541 1230 3596 quas
1257 3527 1512 3586 Dominus
1551 3532 1694 3589 Deus
1723 3545 1842 3592 tuus
1868 3538 1966 3592 da-

387 3599 458 3654 bit
486 3603 580 3657 tibi
608 3606 678 3660 ad
700 3608 1064 3680 habitandum,
1089 3615 1317 3673 dicentes
1341 3619 1544 3692 aliquos
1565 3639 1585 3678 :
1608 3623 1820 3695 Egressi
1844 3640 1965 3684 sunt

385 3691 484 3758 lilii
511 3692 680 3749 Belial
707 3697 772 3751 de
801 3701 970 3755 medio
997 3704 1075 3756 tui
1115 3716 1164 3760 et
1202 3719 1497 3764 auerterunt
1522 3691 1840 3771 habitatores
1865 3735 1961 3772 ur-

387 3783 463 3837 bis
501 3802 611 3841 sute
638 3798 792 3860 atque
819 3791 1066 3850 dixerunt
1093 3809 1112 3848 :
1131 3797 1338 3854 Eamus
1361 3810 1514 3872 atque
1548 3805 1832 3863 serviamus
1857 3809 1961 3865 diis

383 3872 568 3928 alienis
593 3893 720 3946 quos
747 3879 1020 3950 ignoratis,
1051 3903 1225 3956 quaere
1247 3887 1466 3944 sollicite
1491 3900 1539 3946 et
1567 3892 1861 3964 diligenter,
1885 3901 1960 3953 rei

380 3964 598 4020 ueritate
621 3981 910 4039 perspecta,
932 3974 979 4027 si
1018 3975 1270 4032 inveneris
1297 3989 1494 4035 certum
1525 3999 1634 4038 esse
1655 3986 1795 4055 quod
1819 3987 1957 4043 dici-

374 4061 482 4118 tur,
511 4063 558 4107 et
599 4057 1033 4118 abominationem
1071 4065 1207 4120 hanc
1253 4085 1403 4138 opere
1433 4083 1810 4143 perpetratam,
1850 4089 1959 4134 sta-

374 4143 470 4196 tim
494 4147 749 4213 percuties
779 4151 1094 4210 habitatores
1123 4158 1266 4212 urbis
1305 4159 1449 4216 illius
1477 4163 1532 4218 in
1569 4181 1657 4220 ore
1681 4166 1866 4236 gladii,
1907 4180 1956 4226 et

375 4233 566 4290 delebis
593 4255 729 4304 eam,
761 4245 1036 4316 omniaque
1073 4265 1189 4318 qua:
1221 4252 1277 4306 in
1297 4251 1391 4308 illa
1417 4266 1539 4310 sunt
1565 4233 1728 4330 usque
1764 4263 1833 4315 ad
1864 4281 1955 4333 pe-

373 4339 518 4378 cora.
548 4325 816 4399 Quidquid
860 4335 1018 4388 etiam
1058 4338 1392 4408 supellectilis
1411 4343 1579 4414 fuerit
1619 4325 1952 4421 congregabis

373 4412 428 4465 in
473 4417 643 4470 medio
673 4418 969 4488 platearum
1007 4427 1144 4496 ejus,
1191 4441 1239 4484 et
1281 4412 1549 4506 eumipsa
1589 4412 1794 4496 civitate
1823 4460 1948 4502 sun:-

369 4505 581 4573 cendes,
628 4509 701 4563 ita
728 4521 785 4566 ut
828 4516 1068 4572 universa
1096 4537 1374 4579 consumas
1419 4526 1644 4586 Domino
1671 4532 1796 4595 Deo,
1823 4545 1911 4592 tuo
1931 4578 1946 4604 ,

367 4603 416 4646 et
447 4595 510 4647 sit
538 4597 769 4654 tumulus
791 4606 1130 4674 sempiternus
1173 4611 1350 4682 (Deut.
1380 4616 1520 4690 xm).

441 4686 511 4740 Et
548 4696 873 4763 congregavit
909 4696 946 4750 Ι
951 4699 1082 4754 udas
1105 4705 1367 4762 universos
1391 4686 1665 4768 Israelitas
1687 4717 1778 4784 qui
1797 4730 1946 4774 erant

366 4783 424 4836 in
449 4781 804 4856 Galaaditide,
851 4803 956 4849 etc.
990 4795 1156 4854 Judas
1208 4800 1480 4864 Israelitas
1509 4807 1576 4863 de
1609 4781 1946 4874 Galaadi-tide

365 4885 673 4946 congregat,
711 4893 834 4934 cum
862 4881 1189 4957 Redemptor
1220 4901 1404 4948 noster
1427 4911 1523 4963 per
1545 4899 1796 4960 doctores
1817 4919 1944 4960 suos

364 4964 531 5017 verbo
561 4965 833 5039 Evangelii
879 4988 972 5029 eos
997 4978 1088 5046 qui
1117 4979 1197 5056 ab
1223 4982 1491 5042 btereticis
1521 4992 1665 5060 capti
1710 5001 1840 5048 sunt
1873 4997 1943 5050 ad

364 5055 684 5112 catholicam
735 5060 894 5118 ﬁdem
943 5055 1191 5137 revocat;
1240 5074 1342 5130 hoc
1371 5086 1455 5132 est
1487 5055 1632 5136 enim
1678 5086 1863 5141 venire
1886 5087 1938 5142 in

364 5153 565 5203 terram
591 5148 754 5221 Juda,
784 5166 932 5212 recta
965 5160 1065 5215 ﬁde
1096 5172 1150 5217 et
1173 5165 1328 5222 bonis
1358 5171 1611 5239 operibus
1654 5175 1938 5233 Dominum

363 5236 604 5298 laudare.

431 5327 504 5384 Et
557 5347 803 5392 venerunt
852 5355 1012 5410 usque
1072 5343 1318 5414 Epitron,
1359 5359 1406 5402 et
1459 5352 1570 5407 lucc
1605 5358 1788 5414 civitas
1817 5377 1934 5418 nta-

359 5433 486 5489 gna,
521 5430 626 5478 etc.
680 5425 939 5483 Universa
981 5434 1221 5500 gentium
1262 5437 1444 5504 prtulia
1492 5444 1640 5498 varia
1680 5447 1932 5504 vitiorum

335 5516 523 5580 atque
547 5527 792 5569 errorum
823 5519 1132 5588 signiﬁcant
1161 5524 1316 5580 bella.
1355 5528 1596 5587 Diximus
1621 5516 1773 5604 lquod
1799 5555 1931 5608 gen-

361 5609 442 5656 tes
471 5602 576 5658 illae
604 5619 724 5674 qua:
765 5604 983 5663 fuerunt
1036 5612 1089 5666 in
1139 5622 1280 5670 terra
1311 5616 1515 5676 Galaad
1565 5631 1619 5676 et
1648 5602 1930 5685 lsraelitas

356 5695 629 5764 captivare
658 5699 1074 5768 contendebant,
1111 5706 1480 5776 signiﬁcarent
1520 5713 1804 5773 luereticos
1848 5729 1930 5774 at-

354 5798 456 5842 quc
497 5782 744 5854 iudteos;
781 5787 879 5845 sed
926 5793 1087 5848 modo
1133 5795 1217 5851 his
1244 5802 1517 5870 oppressis
1570 5805 1662 5875 qui
1709 5806 1928 5867 fuerunt

2084 2000 2283 2045 (errant
2308 2005 2551 2065 vestram,
2580 2011 2633 2052 ut
2660 2017 2840 2056 eamus
2868 2005 2922 2058 in
2945 2015 3139 2063 terram
3171 2019 3424 2076 nostram,
3448 2025 3494 2069 et
3519 2034 3665 2072 nemo

2082 2080 2229 2136 nobis
2263 2086 2487 2140 nocebit.
2513 2089 3064 2161 Quia-praedicatores
3100 2101 3468 2170 sancti,juxta
3507 2123 3660 2162 man-

2080 2172 2264 2229 datum
2298 2175 2509 2232 Domini
2554 2183 2748 2248 neStri,
2791 2187 3026 2255 primum
3063 2203 3252 2259 pacem
3295 2193 3528 2252 offerunt
3573 2201 3664 2252 ad-

2078 2279 2248 2322 versae
2287 2271 2452 2337 parti,
2491 2280 2552 2326 ut
2590 2273 2685 2330 ﬁat
2749 2276 2880 2333 illud
2920 2282 3064 2349 quod
3107 2285 3368 2354 scriptum
3410 2299 3494 2345 est
3549 2311 3560 2344 :
3605 2291 3664 2347 Si

2078 2353 2236 2424 fuerit
2264 2358 2334 2412 ibi
2357 2360 2501 2427 ﬁlius
2533 2365 2700 2433 pacis,
2759 2370 3035 2440 requiescet
3063 2353 3234 2445 superi
3247 2377 3397 2433 illum
3433 2399 3542 2451 pax
3581 2401 3665 2438 ve-

2077 2453 2221 2512 stra;
2265 2450 2350 2502 sin
2389 2462 2583 2518 autem,
2615 2456 2811 2526 inquit,
2861 2461 2930 2514 ad
2959 2479 3045 2517 vos
3076 2476 3358 2521 revertetur
3395 2470 3544 2542 (Luc.
3583 2475 3657 2545 χ).

2081 2533 2448 2606 Transicmus,
2485 2542 2758 2613 inquiunt,
2789 2549 2843 2603 in
2903 2559 3108 2608 terram
3148 2565 3410 2624 vestram,
3460 2571 3518 2615 ut
3563 2578 3658 2617 ea-

2077 2643 2199 2685 mus
2249 2631 2303 2686 in
2346 2639 2550 2689 terrain
2577 2645 2872 2707 nostram;
2915 2658 2980 2698 ac
3020 2645 3066 2699 si
3115 2646 3340 2704 dicant:
3392 2650 3659 2723 Legamus

2067 2717 2342 2776 librorum
2376 2733 2681 2783 vestrorum
2722 2730 3023 2789 histeriam
3057 2775 3073 2801 ,
3130 2745 3188 2791 ut
3245 2739 3320 2795 ibi
3360 2717 3660 2814 allegorice

2075 2825 2237 2867 sensu
2277 2816 2603 2884 promissam
2658 2820 2713 2876 in
2770 2824 2925 2880 caelis
2969 2827 3306 2896 reperiamus
3363 2833 3521 2889 nobis
3563 2851 3660 2905 pa—

2075 2903 2270 2971 triam;
2301 2915 2356 2962 et
2385 2921 2546 2966 nemo
2577 2913 2732 2970 vobis
2755 2916 2991 2984 nocebit,
3019 2919 3146 2988 quia
3171 2929 3362 2977 noster
3393 2927 3653 2983 transitus

2072 2990 2324 3050 innoxius
2348 2998 2499 3054 vobis
2531 3001 2674 3068 erit;
2726 3011 2934 3062 tantum
2958 3057 2959 3060 η
2985 3008 3210 3076 pedibus
3259 3014 3613 3074 transibimus
3638 3059 3652 3081 .

2071 3089 2286 3154 quando
2315 3102 2515 3160 agressa
2553 3095 2816 3151 bonorum
2845 3113 3069 3169 operum
3100 3116 3323 3172 regnum
3361 3118 3652 3178 supernum

2071 3175 2222 3232 adire
2251 3181 2515 3249 cupimus.
2540 3182 2642 3250 Qui
2678 3187 2932 3244 nolebant
2955 3191 3166 3260 aperire
3183 3234 3197 3259 ,
3221 3209 3346 3249 cum
3367 3175 3445 3253 in_
3456 3202 3651 3260 tradita

2071 3268 2171 3331 sibi
2224 3269 2340 3347 lege
2393 3274 2647 3329 nolebant
2695 3293 2815 3333 cum
2855 3280 3134 3352 Evangelii
3175 3287 3644 3360 'prmdicatoribus

2070 3373 2494 3428 communicare.

2109 3476 2112 3478 ·
2140 3459 2209 3514 Et
2239 3466 2482 3534 prwcepit
2525 3465 2698 3522 Iudas
2727 3470 3016 3538 prtedicare
3054 3474 3113 3528 in
3133 3477 3340 3543 castris,
3378 3487 3484 3535 etc.
3514 3480 3652 3549 Quid

2067 3558 2152 3604 est
2198 3553 2342 3621 quod
2387 3553 2552 3610 ludas
2588 3559 2896 3626 praedicare
2925 3567 3185 3635 prmcepit
3236 3570 3290 3623 in
3334 3573 3538 3629 castris
3589 3584 3650 3630 ut

2067 3638 2401 3708 applicarent
2444 3643 2827 3703 ad'civitatem
2867 3654 3239 3724 unusquisque
3288 3659 3340 3712 in
3370 3676 3479 3730 quo
3527 3675 3650 3719 erat

2063 3725 2203 3794 loco,
2233 3730 2338 3785 nisi
2379 3734 2524 3801 qdod
2551 3735 2804 3793 doctores
2844 3743 3017 3797 sancti
3046 3725 3405 3805 auditoribus
3425 3753 3537 3807 suis
3582 3754 3648 3808 li-

2063 3817 2250 3874 heram
2280 3821 2333 3876 in
2364 3823 2662 3894 Scripturis
2710 3832 2884 3886 sacris
2920 3834 3160 3891 tribuunt
3189 3839 3596 3914 intelligentiam
3628 3889 3641 3911 ,

2062 3915 2123 3962 u't
2160 3913 2532 3984 unusquisque
2574 3919 2717 3987 quod
2768 3920 2824 3974 in
2870 3921 3100 3980 lectione
3150 3913 3516 3994 'divina,’sive
3548 3950 3644 4004 per

2063 3999 2398 4072 allegoriam,
2456 4006 2571 4062 sive
2614 4024 2712 4079 per
2737 4013 3118 4086 tropologiam,
3163 4019 3277 4076 sive
3303 4036 3402 4092 per
3443 4038 3641 4094 anago—

2059 4093 2202 4164 gian,
2228 4095 2382 4166 juxta
2423 4106 2614 4154 votum
2643 4102 2901 4160 desiderii
2932 4109 3018 4162 sui
3049 4110 3152 4165 sibi
3191 4113 3390 4182 aperiri
3423 4093 3634 4185 quaerit,

2055 4203 2289 4260 superna
2311 4193 2496 4264 gratia
2529 4195 2824 4264 annuente,
2867 4200 3104 4258 intrandi
3147 4207 3385 4276 accipiat
3414 4207 3638 4264 faculta-

2051 4286 2184 4335 tem.
2231 4280 2297 4336 Et
2337 4292 2466 4340 nota
2493 4287 2637 4355 quod
2663 4289 2762 4344 viri
2787 4291 2988 4346 virtutis
3030 4294 3104 4350 ibi
3140 4295 3410 4366 applicare
3446 4300 3638 4356 dicuna

2052 4378 2144 4426 tur
2169 4380 2225 4429 et
2259 4385 2569 4446 oppugnare
2597 4379 2873 4437 civitatein
2895 4390 3012 4438 tota
3062 4383 3154 4440 die
3177 4394 3234 4444 et
3267 4395 3380 4443 tota
3421 4401 3580 4450 nocte
3609 4409 3626 4449 :

2052 4460 2179 4533 quia
2222 4462 2326 4517 nisi
2372 4466 2495 4534 quis
2521 4468 2606 4520 vir
2630 4470 2848 4526 virtutis
2886 4472 2989 4540 "sit,
3018 4482 3079 4528 ut
3121 4475 3174 4531 id
3201 4491 3365 4547 opere
3407 4479 3632 4551 implere

2051 4549 2324 4608 desideret
2351 4557 2493 4625 quod
2517 4557 3188 4635 'didicerit'magistrorum
3232 4549 3542 4637 traditione,
3577 4584 3635 4630 et

1976 4627 2030 4691 D
2057 4640 2322 4698 instanter
2349 4643 2522 4716 legem
2551 4647 2645 4704 Dei
2674 4627 2964 4708 meditetur
2985 4659 3097 4710 tota
3120 4657 3206 4712 die
3229 4667 3284 4713 et
3309 4663 3417 4716 tota

2049 4729 2153 4786 hoc
2179 4740 2282 4798 est,
2305 4737 2452 4791 omni
2476 4743 2736 4810 tempore,
2767 4743 2942 4798 victor
2968 4747 3242 4814 pnedicue
3261 4748 3497 4806 civitatis
3522 4770 3626 4809 non

2043 4823 2167 4877 erit.
2185 4823 2342 4881 Unde
2359 4826 2645 4886 Psalmista
2677 4833 2881 4888 beatum
2906 4837 3074 4891 virum
3095 4839 3170 4892 ait
3195 4842 3358 4911 quiin
3382 4841 3492 4914 lege
3522 4845 3630 4900 Do-

2045 4912 2174 4966 mini
2198 4915 2592 4974 me’ditatur'die
2617 4939 2680 4975 ac
2705 4934 2871 4989 nocte,
2897 4936 2946 4979 et
2977 4943 3083 4982 non
3111 4929 3239 4984 abiit
3268 4949 3388 4986 cum
3409 4912 3626 4992 consilio

2045 5002 2344 5074 impiorum,
2369 5020 2415 5063 et
2445 5011 2498 5064 in
2526 5013 2608 5066 via
2629 5025 2958 5083 peccatorum
2986 5037 3087 5074 non
3109 5024 3250 5077 stetit
3273 5034 3428 5097 atque
3456 5029 3512 5084 in
3538 5048 3627 5084 ca-

2042 5094 2227 5151 thedra
2253 5101 2562 5170 pestilentia:
2608 5121 2712 5159 non
2745 5108 2875 5162 sedit
2907 5108 3078 5182 (I’sal.
3128 5114 3192 5187 l).
3244 5094 3398 5184 Quod
3442 5130 3621 5175 autem
3697 5168 3699 5170 .

2040 5183 2172 5241 dicit
2193 5190 2488 5256 peremisse
2515 5208 2609 5249 eos
2656 5211 2872 5253 omnem
2917 5205 3222 5262 masculum
3267 5209 3322 5264 in
3361 5226 3456 5266 ore
3506 5212 3621 5282 gla-

2041 5277 2116 5331 dii
2141 5286 2198 5333 et
2230 5282 2539 5338 eradicasse
2567 5286 2866 5357 civitatem,
2915 5293 3104 5366 sicque
3139 5301 3415 5370 accepisse
3449 5277 3618 5371 spolia

2037 5369 2154 5438 ejus
2177 5386 2300 5425 cum
2325 5375 2582 5431 transiret
2609 5393 2707 5448 per
2725 5389 2896 5438 totam
2926 5385 3204 5444 civitatem
3252 5369 3418 5460 super
3449 5369 3619 5449 inter-

2038 5457 2226 5523 tectos,
2257 5469 2314 5515 et
2353 5462 2546 5520 deinde
2576 5473 2874 5541 transgredi
2910 5473 3223 5544 Jordanem,
3254 5457 3496 5537 ostendit
3522 5500 3616 5545 no-

2037 5547 2123 5601 bis
2151 5559 2212 5602 ut
2244 5552 2289 5606 si
2318 5551 2450 5622 legis
2494 5557 2704 5615 Domini
2736 5562 2964 5621 velimus
2987 5580 3108 5623 esse
3143 5583 3482 5639 possessores
3503 5617 3518 5639 ,
3559 5593 3620 5633 et

2035 5637 2152 5726 ejus
2179 5641 2350 5710 spolia
2377 5685 2390 5710 ,
2435 5646 2536 5702 hoc
2564 5657 2666 5713 est,
2695 5651 2935 5710 diversos
2965 5637 3299 5726 intellectus,
3317 5637 3612 5722 secundum

2034 5724 2194 5783 ﬁdem
2223 5739 2426 5789 rectam
2464 5738 2766 5807 percipere,
2804 5744 3114 5803 Studeamus
3157 5724 3391 5820 primum
3425 5765 3613 5814 eonte-

2031 5830 2155 5875 rere
2200 5823 2537 5892 superﬁciem
2583 5827 2796 5898 litterae,
2820 5840 2875 5889 et
2909 5837 3266 5897 condemnare
3287 5857 3476 5902 omnes
3501 5849 3609 5904 be-
3654 5893 3661 5903 .
