3928 6168
294 290 424 348 ΗΠ

933 289 996 346 Β.
1033 288 1286 346 BABANi
1326 288 1546 347 MAURI
1579 287 1902 344 ARCHIEP.
1945 287 2261 345 MOGUNT.
2303 287 2593 347 OPERUM
2631 289 2815 349 PARS
2851 291 2896 348 ι.

2195 213 2226 224 η

3443 295 3584 352 H72

289 400 588 458 reticorum
619 410 870 465 errores;
908 398 1096 469 sicque
1136 398 1596 470 transgrediamur
1632 402 1687 455 ln
1737 413 1886 454 cam-
1912 402 1963 462 Α
1991 405 2152 453 recta:
2173 397 2297 453 ﬁdei
2316 400 2592 455 veramita
2611 410 2800 458 tenent
2819 401 3218 462 confessionem
3240 411 3300 461 ut
3319 405 3585 479 impleant

285 509 426 568 pum
475 507 752 562 inagnum,
804 492 910 548 hoc
959 500 1046 548 est
1103 506 1202 564 per
1260 492 1589 562 baptismum
1643 490 1887 546 mundati

291 599 484 647 onere,
523 583 578 636 in
623 581 930 638 libertatem
969 583 1155 655 gloriae
1187 591 1550 646 transeamus,
1595 581 1687 635 ubi
1731 580 1888 635 nobis

291 674 477 732 luceat
507 672 587 729 sol
611 673 858 744 justitiae,
889 674 942 728 in
970 671 1124 742 cuius
1149 673 1344 743 pennis
1367 687 1496 727 vera
1523 680 1610 727 est
1657 671 1885 737 sanitas,

297 766 390 837 qui
426 766 696 821 illuminat
731 767 1004 834 tenebras,
1053 768 1368 823 abscondita
1417 767 1763 823 tenebrarum
1791 807 1808 832 ,
1833 775 1888 821 et

298 857 496 915 revdat
523 857 737 913 occulta
758 861 1139 930 mysteriorum
1166 859 1250 914 his
1280 859 1369 928 qui
1396 873 1518 914 eum
1542 873 1648 912 non
1665 857 1889 912 simula-

195 1005 202 1010 ,
301 950 466 1005 tionis
514 951 753 1017 ﬁctione,
795 951 888 1006 sed
933 951 1057 1008 ﬁdei
1115 952 1394 1022 requirunt
1439 951 1687 1006 veritate.
1735 951 1889 1007 Unde

297 1040 572 1110 Sapientia
591 1040 846 1097 admonet
875 1041 1062 1096 dicens
1085 1040 1316 1096 :Sentite
1337 1041 1402 1095 de
1425 1041 1650 1095 Domino
1664 1041 1719 1095 in
1745 1041 1891 1095 boni-

206 1129 211 1131 “
296 1142 418 1194 tate,
445 1140 491 1185 et
521 1131 854 1202 simplicitate
883 1133 1055 1186 cordis
1079 1133 1296 1203 quaerite
1331 1132 1503 1199 illum,
1530 1133 1779 1204 quoniam
1808 1133 1892 1187 in-

294 1223 497 1276 uenitur
541 1223 604 1277 ab
634 1223 714 1277 Itis
741 1224 831 1294 qui
883 1239 986 1278 non
1012 1233 1212 1278 tentant
1238 1223 1410 1286 illum,
1469 1233 1682 1294 apparet
1715 1232 1889 1278 autem

295 1317 370 1370 eis
413 1317 502 1387 qui
529 1317 686 1386 ﬁdem
725 1318 914 1372 habent
963 1319 1019 1372 in
1057 1318 1229 1374 illum.
1262 1317 1542 1389 .Perversa:
1571 1320 1710 1374 enim
1749 1321 1892 1389 cogi-

296 1407 518 1461 tationes
566 1417 812 1476 separant
867 1426 899 1462 a
955 1408 1083 1473 Deo,
1124 1418 1172 1462 et
1215 1411 1435 1479 probata
1480 1411 1644 1465 virtus
1676 1410 1889 1479 corripit

294 1499 614 1568 insipientes.
650 1497 914 1564 Quoniam
960 1501 1014 1553 in
1050 1499 1362 1554 malevolam
1402 1501 1635 1554 animam
1685 1517 1790 1554 non
1817 1501 1893 1556 in-

296 1591 470 1646 troibit
498 1592 774 1662 sapientia,
807 1608 898 1646 nec
925 1591 1178 1645 habitabit
1205 1591 1260 1644 in
1293 1607 1510 1661 corpore
1547 1590 1755 1645 subdito
1774 1607 1892 1661 pec-

295 1686 446 1740 catis.
497 1686 728 1756 Spiritus
773 1685 910 1740 enim
955 1695 1172 1740 sanctus
1229 1685 1526 1755 disciplina:
1588 1685 1798 1754 e/Iugiet
1825 1684 1892 1752 ﬁ-

296 1791 437 1834 ctum
463 1822 478 1846 ,
524 1790 573 1834 et
619 1780 823 1850 auferet
867 1796 922 1834 se
964 1797 996 1834 a
1029 1781 1432 1852 cogitationibus
1477 1795 1595 1851 qua:
1624 1790 1744 1834 sunt
1780 1781 1892 1835 sine
1920 1759 1967 1820 Β

297 1868 563 1924 intellectu
596 1868 751 1941 (Sap.
797 1869 860 1941 l).

370 1961 439 2015 Et
453 1971 564 2016 erat
577 1961 748 2016 ludas
765 1977 1085 2032 congregans
1099 1947 1354 2016 extremos
1366 1970 1412 2015 et
1426 1961 1800 2015 exhortabatur
1809 1978 1898 2033 po-

301 2054 483 2124 pulum
509 2070 602 2124 per
613 2064 776 2109 totam
791 2055 948 2120 uiam,
965 2062 1071 2109 etc.
1096 2055 1249 2122 Quod
1267 2053 1435 2108 Judas
1447 2053 1760 2124 regrediens
1771 2070 1894 2110 cum

295 2145 539 2200 exercitu
558 2161 658 2200 suo
671 2145 724 2199 in
741 2155 885 2200 terra
899 2143 1037 2199 Juda
1055 2160 1374 2214 congregans
1383 2154 1640 2198 extremos
1656 2145 1898 2199 exhorta-

297 2236 456 2288 batur
482 2233 734 2306 populum
766 2251 858 2305 per
883 2242 1044 2288 totam
1070 2235 1206 2289 viam
1237 2233 1402 2287 donec
1423 2243 1669 2287 venerunt
1707 2234 1763 2288 in
1792 2244 1896 2288 ter-

296 2343 410 2379 ram
432 2325 468 2379 J
474 2327 600 2390 uda,
633 2325 886 2381 doctores
908 2333 1113 2380 sanctae
1137 2324 1393 2380 Ecclesia:
1420 2323 1668 2393 exemplo
1689 2339 1787 2378 suo
1814 2324 1896 2377 in-

299 2420 483 2482 struit,
531 2400 746 2489 qualem
786 2418 1201 2474 sollicitudinem
1250 2424 1622 2487 quantumque
1657 2416 1894 2471 studium

297 2510 500 2564 debent
553 2511 755 2565 habere
785 2525 912 2580 erga
959 2507 1254 2578 subjectos,
1289 2517 1348 2563 ut
1400 2509 1454 2562 in
1481 2507 1566 2561 via
1613 2507 1896 2578 praesentis

294 2601 420 2656 vita:
447 2601 672 2656 verbum
698 2601 1095 2656 exhortationis
1122 2599 1227 2655 illis
1252 2599 1565 2669 impendere
1597 2613 1704 2651 non
1731 2597 1897 2668 negli-

295 2701 444 2766 gant,
495 2694 589 2748 sed
631 2694 892 2760 docendo,
938 2693 1303 2759 admonendo,
1351 2691 1699 2762 increpando,
1734 2697 1895 2760 atque

295 2785 646 2852 consolando,
669 2801 886 2858 semper
905 2785 985 2840 eis
1010 2785 1268 2856 prodesse
1295 2785 1564 2847 studeant,
1581 2781 1896 2850 nullumque

295 2878 466 2933 relabi
498 2894 528 2932 a
567 2893 667 2934 suo
697 2877 957 2932 comitatu
1011 2885 1174 2948 atque
1222 2875 1491 2944 deperire,
1532 2881 1793 2943 quantum
1839 2873 1893 2926 in

297 2969 430 3039 ipsis
459 2978 563 3035 est,
590 2969 940 3040 permittant;
975 2969 1070 3024 sed
1096 2967 1270 3038 magis
1302 2966 1558 3020 festinent
1583 2972 1644 3018 ut
1667 2978 1891 3018 conser-

265 3069 428 3116 'vato
474 3076 701 3116 numero
749 3061 804 3115 in
833 3075 986 3114 suam
1015 3073 1204 3113 curam
1240 3064 1634 3125 susceptorum,
1685 3053 1793 3108 lani
1836 3053 1890 3107 in

299 3161 501 3205 terram
531 3148 698 3214 Juda,
721 3149 875 3220 juxta
904 3147 1059 3201 Pauli
1097 3124 1421 3201 sententiam
1461 3142 1648 3214 (Hebr.
1679 3142 1779 3214 xu)
1820 3142 1891 3195 ad
1920 3124 1965 3188 (δ

297 3251 525 3295 montem
553 3239 685 3296 Sion
710 3249 757 3292 et
787 3239 1044 3292 civitatem
1079 3236 1179 3290 Dei
1204 3235 1420 3290 viventis
1463 3231 1762 3288 Jerusalem
1796 3249 1896 3287 ca:-

298 3333 478 3387 lcstem
488 3349 552 3386 ac
579 3331 867 3386 multorum
889 3328 1112 3384 millium
1131 3327 1436 3399 angelorum
1453 3327 1824 3398 frequentiam,
1844 3335 1894 3380 et

302 3420 592 3477 Ecclesium
616 3420 1020 3492 primitivorum,
1049 3419 1138 3490 qui
1164 3418 1443 3488 conscripti
1473 3428 1592 3471 sunt
1620 3418 1676 3470 in
1712 3416 1852 3470 catis
1876 3455 1892 3481 ,

297 3522 346 3566 et
365 3513 600 3583 judicent
621 3512 855 3566 omnium
882 3511 1167 3566 Dominum
1195 3517 1556 3574 revertantur,
1585 3509 1742 3578 eique
1765 3517 1893 3564 tunc

299 3605 475 3675 dignis
507 3605 756 3660 laudibus
783 3605 987 3675 gratias
1024 3611 1190 3675 agant
1231 3600 1385 3671 cujus
1421 3602 1564 3657 dono
1609 3601 1678 3655 ad
1707 3600 1891 3656 sedem

299 3697 496 3766 quietis
523 3711 588 3750 ac
620 3696 773 3765 pacis
806 3695 1093 3765 pervenire
1120 3701 1433 3764 potuerunt.

369 3786 438 3840 Et
461 3786 514 3840 in
527 3786 708 3840 diebus
719 3787 905 3856 quibus
918 3793 1028 3838 erat
1047 3783 1082 3838 Ι
1084 3783 1155 3837 ut!
1160 3800 1218 3837 as
1230 3791 1276 3836 et
1288 3782 1550 3837 Jonathas
1563 3783 1619 3837 in
1633 3792 1774 3837 terra
1787 3781 1898 3837 ϐω

299 3880 448 3943 laad,
471 3888 572 3934 etc.
599 3878 737 3945 Quid
764 3894 861 3948 per
887 3878 983 3933 hos
996 3877 1132 3931 duos
1163 3875 1455 3946 principes,
1478 3874 1773 3945 Iosephum
1786 3875 1891 3929 sci-

299 3969 780 4033 licctetAzariam,
792 3967 886 4038 qui
904 3965 1245 4022 aemulatione
1257 3965 1515 4020 virtutum
1527 3962 1555 4018 J
1561 3965 1677 4020 uda:
1690 3979 1888 4035 provo-

301 4059 432 4125 cati,
459 4075 558 4132 per
587 4058 908 4128 iactantiam
946 4058 1052 4113 sibi
1082 4072 1279 4113 nomen
1311 4057 1364 4112 in
1390 4055 1588 4128 prteliis
1610 4055 1890 4125 acquirere

297 4150 605 4217 voluerunt,
643 4149 748 4206 nisi
789 4148 1195 4220 bypocritarum
1247 4162 1478 4218 persona
1527 4147 1842 4218 designatur
1869 4187 1885 4212 ,

299 4243 394 4312 qui
447 4257 558 4298 non
587 4241 816 4312 simplici
870 4240 1192 4304 intentione,
1239 4237 1335 4295 sed
1381 4236 1522 4294 fastu
1566 4238 1888 4310 arrogantiae

297 4334 528 4390 virtutes
557 4340 870 4389 sanctorum
915 4332 1117 4387 imitari
1159 4337 1438 4402 appetunt.
1470 4328 1577 4385 Sed
1617 4330 1757 4384 sicut
1779 4328 1887 4384 illis

300 4443 408 4484 non
442 4441 700 4499 prospere
726 4433 1026 4481 evenerunt
1049 4440 1171 4495 quae
1211 4439 1319 4480 non
1361 4423 1506 4478 bono
1550 4421 1731 4477 animo
1767 4435 1885 4492 ges-

1988 503 2155 558 opere
2178 489 2319 558 quod
2360 490 2660 560 pradicant
2686 506 2816 559 ore,
2842 494 3041 550 merito
3067 495 3312 551 omnium
3341 499 3588 570 gentium

1989 598 2122 638 voce
2133 582 2450 649 laudantur;
2467 587 2764 642 etveniunt
2791 589 2862 643 ad
2885 604 2984 645 eos
2999 589 3175 646 fausta
3198 591 3584 660 acclamantes,

1989 675 2092 731 hoc
2103 683 2204 741 est,
2220 691 2316 745 per
2328 677 2629 732 custodiam
2647 679 3029 736 mandatorum
3049 680 3168 750 ejus
3185 683 3584 749 beatiﬁcantes,

1987 765 2176 822 laudes
2197 765 2348 822 Iuda:
2372 767 2618 823 referunt
2657 770 2771 840 regi
2803 770 3036 837 cmlesti,
3061 771 3217 841 juxta
3262 773 3394 828 illud
3429 774 3587 830 Psal-

1988 859 2184 924 mistae,
2225 874 2356 930 quo,
2383 861 2748 916 consideratis
2787 861 2944 918 bonis
2975 863 3256 930 Ecclesiaz,
3293 866 3415 920 ait:
3451 865 3581 920 Bea-

1989 963 2101 1008 tum
2126 954 2377 1008 dixerunt
2412 955 2665 1026 populum
2700 957 2785 1010 cui
2828 957 2940 1011 [nec
2965 967 3110 1024 sunt,
3141 959 3323 1012 beatus
3364 959 3590 1029 populus

1989 1047 2144 1118 cujus
2183 1057 2257 1102 est
2303 1047 2559 1103 Dominus
2589 1049 2730 1103 Deus
2769 1049 2885 1120 ejus
2921 1049 3097 1120 (Psal.
3141 1051 3496 1118 cxuu.)llinc
3534 1062 3589 1107 et

1991 1135 2242 1192 Salvator
2288 1146 2474 1192 noster
2500 1138 2780 1208 discipulis
2823 1140 2939 1195 suis
2985 1140 3039 1195 in
3069 1140 3364 1210 Evangelio
3388 1157 3588 1212 praace—

1988 1227 2090 1298 pit,
2118 1227 2342 1288 dicens:
2375 1226 2468 1282 Sic
2496 1229 2669 1282 luceat
2707 1227 2803 1282 lux
2839 1239 3010 1284 uestra
3050 1246 3231 1284 coram
3259 1231 3582 1294 hominibus,

1991 1326 2050 1370 ut
2087 1316 2294 1371 videant
2338 1333 2497 1387 opera
2544 1327 2712 1372 vestra
2752 1321 2919 1384 bona,
2967 1329 3015 1374 et
3044 1319 3339 1390 gloriﬁcent
3380 1321 3589 1375 Patrem

1989 1418 2217 1462 uestrum
2243 1410 2333 1480 qui
2366 1410 2422 1464 in
2449 1409 2589 1464 cretis
2615 1420 2688 1464 est
2720 1411 2935 1480 (Matth.
2963 1411 3041 1481 v).

2063 1498 2131 1553 Et
2156 1500 2315 1554 exit-it
2339 1499 2374 1554 J
2379 1500 2512 1554 udas
2540 1512 2587 1555 et
2613 1501 2804 1570 fratres
2829 1503 2964 1572 ejus,
2991 1512 3040 1556 et
3061 1504 3432 1574 expugnabant
3454 1504 3591 1573 filios

1991 1591 2141 1646 Esau
2193 1591 2250 1646 in
2297 1601 2438 1646 terra
2472 1609 2590 1662 qua:
2615 1593 2685 1646 ad
2731 1605 2972 1646 austrum
3018 1604 3115 1660 est,
3167 1606 3274 1649 etc.
3309 1595 3452 1661 Quid
3498 1610 3592 1664 per

1990 1684 2135 1740 Esau
2173 1684 2510 1756 intelligitur,
2551 1685 2643 1753 qui
2677 1699 2776 1754 per
2797 1685 3149 1755 cupiditatem
3175 1701 3317 1740 escae
3343 1685 3586 1740 vendidit

1995 1779 2355 1848 primogenita
2386 1793 2482 1833 sua
2514 1779 2710 1834 minori
2741 1778 2896 1832 fratri
2929 1778 3118 1844 Jacob,
3168 1779 3273 1834 nisi
3316 1780 3471 1848 prior
3493 1794 3590 1848 po-

1995 1866 2176 1938 pulus,
2223 1867 2318 1937 qui
2346 1875 2568 1936 propter
2593 1867 2948 1937 cupiditatem
2987 1877 3257 1923 terrenam
3310 1869 3591 1939 indignum

1995 1973 2056 2014 se
2090 1958 2432 2030 primogeniti
2472 1959 2678 2013 honore
2717 1959 2974 2023 ostendit,
3010 1967 3066 2013 et
3114 1959 3185 2013 ob
3223 1959 3327 2013 hoc
3355 1958 3594 2029 dignitas

1995 2059 2109 2106 tota
2131 2051 2210 2112 ad
2239 2051 2479 2122 gentium
2526 2049 2783 2122 populum
2821 2049 3084 2105 translata
3113 2059 3216 2104 cst.
3261 2049 3328 2104 Et
3358 2051 3506 2104 bene
3539 2051 3595 2102 in

1994 2155 2136 2200 terra
2161 2160 2280 2215 quia
2306 2144 2376 2198 ad
2405 2153 2645 2197 austrum
2675 2153 2749 2198 est
2780 2143 2873 2196 ﬁlii
2899 2143 3041 2198 Esau
3069 2158 3288 2198 manere
3311 2142 3592 2207 dicuntur,

1995 2237 2123 2306 quia
2166 2234 2424 2290 Iudaicus
2453 2234 2708 2305 populus,
2752 2245 2975 2305 propter
3015 2242 3294 2304 acceptam
3325 2234 3501 2304 legem
3537 2243 3594 2288 et

1996 2329 2194 2398 scripta
2221 2328 2609 2398 prophetarum
2637 2343 2760 2397 quae
2789 2328 2840 2381 in
2870 2328 2976 2382 illis
3001 2328 3198 2382 tradita
3224 2339 3374 2393 sunt,
3402 2343 3594 2397 appro-

1996 2421 2267 2492 pinquare
2297 2419 2622 2474 videbantur
2654 2418 2841 2472 lumini
2888 2417 3020 2474 solis
3048 2420 3269 2484 aeterni;
3320 2417 3415 2472 sed
3465 2420 3593 2488 quia

1997 2521 2179 2567 mente
2205 2512 2426 2566 excitati
2457 2520 2604 2576 sunt,
2633 2519 2689 2566 et
2710 2509 2868 2579 juxta
2898 2511 3074 2567 lucem
3099 2511 3260 2580 positi
3293 2511 3310 2582 (
3340 2511 3488 2565 illam
3517 2513 3594 2566 vi-

1996 2601 2194 2656 delicet
2217 2600 2391 2655 lucem
2414 2617 2531 2671 qua:
2553 2599 2818 2653 illuminat
2852 2616 3055 2654 omnem
3087 2601 3349 2653 hominem
3375 2602 3591 2654 venien-

1995 2702 2098 2745 tem
2136 2693 2190 2745 in
2216 2692 2356 2745 hunc
2385 2690 2638 2744 mundum
2671 2690 2852 2762 [10am
2884 2689 2946 2762 1],
2980 2705 3101 2744 eam
3125 2705 3308 2745 coram
3357 2692 3591 2759 positam

1998 2787 2239 2855 recipere
2265 2785 2581 2849 noluerunt,
2629 2784 2753 2838 inde
2796 2792 2982 2854 aperte
3018 2798 3116 2852 per
3147 2781 3341 2838 Judam
3381 2793 3437 2838 et
3477 2782 3593 2837 fm-

1997 2884 2112 2932 tres
2138 2877 2255 2944 ejus
2291 2876 2584 2945 expugnati
2617 2884 3006 2928 memorantur.
3034 2875 3169 2940 Quia
3195 2878 3447 2929 doctores
3472 2891 3596 2929 san-

1997 2965 2068 3020 cti
2101 2981 2344 3021 errorem
2393 2965 2604 3021 illorum
2635 2967 2716 3020 eis
2757 2966 3210 3036 improperantes,
3256 2980 3358 3034 pro
3405 2965 3594 3020 inube-

1996 3055 2199 3109 dientia
2239 3053 2374 3123 justi
2423 3057 2623 3125 spretis
2671 3064 2836 3126 atque
2884 3057 3175 3122 damnatis,
3229 3057 3297 3111 ad
3349 3058 3590 3127 gentium

1996 3146 2438 3218 prmdicationem
2484 3148 2732 3202 conversi
2775 3158 2929 3213 sunt;
2969 3163 3322 3218 erroremque
3358 3148 3594 3217 perﬁdo-

1997 3254 2118 3293 rum
2166 3246 2275 3293 tam
2325 3239 2380 3292 in
2435 3239 2548 3307 ipsa
2610 3237 2894 3309 Synagoga
2937 3254 3101 3308 quam
3145 3248 3201 3292 et
3259 3239 3312 3292 in
3366 3238 3592 3307 singulis

1996 3328 2246 3398 personis
2282 3343 2542 3382 mucrone
2601 3329 2752 3382 verbi
2810 3327 2907 3383 Dei
2952 3329 3320 3397 percutientes
3349 3368 3364 3392 ,
3413 3338 3593 3382 turres

1995 3419 2282 3490 superbiat,
2320 3435 2456 3489 quas
2514 3419 2590 3474 illi
2641 3421 2902 3475 adversus
2962 3419 3313 3490 Evangelium
3385 3419 3590 3476 Christi

1993 3513 2132 3586 elata
2175 3521 2360 3567 mente
2414 3522 2733 3577 erexerunt,
2801 3513 2925 3583 igne
2983 3511 3180 3568 debita:
3220 3513 3594 3568 damnationis

1943 3627 1950 3630 ·
1993 3603 2320 3657 exurebant.

2069 3691 2136 3746 Et
2188 3692 2347 3746 movit
2404 3701 2580 3746 castra
2640 3702 2695 3746 ut
2755 3694 2852 3746 iret
2917 3694 2971 3746 in
3014 3703 3208 3746 terram
3267 3691 3595 3762 alienigena-

1993 3799 2146 3848 rum,
2204 3793 2310 3839 etc.
2345 3781 2502 3848 Nota,
2559 3782 2748 3847 lector,
2780 3784 2922 3851 quod
2972 3799 3162 3838 omnes
3217 3783 3339 3838 illas
3383 3784 3596 3852 species

1993 3874 2450 3937 adversariorum,
2495 3887 2628 3942 quas
2677 3882 2804 3926 ante
2844 3881 3390 3933 commemorarent,
3445 3888 3593 3926 nunc

1991 3963 2232 4020 breviter
2259 3964 2572 4031 attingenda
2615 3963 2955 4033 recapitulat,
3006 3965 3111 4018 hoc
3143 3971 3226 4017 est
3273 3962 3590 4016 Judaeorum

1992 4054 2272 4128 gentilium
2298 4063 2462 4124 atque
2502 4054 2901 4109 haereticorum.
2933 4052 3072 4108 Nam
3103 4069 3225 4108 cum
3273 4053 3440 4123 paulo
3461 4063 3592 4108 ante

1991 4157 2326 4219 expugnatos
2372 4163 2494 4203 esse
2545 4146 2685 4202 ﬁlios
2730 4147 2874 4202 Esau
2923 4147 3184 4212 narravit,
3239 4162 3364 4200 mox
3407 4155 3589 4202 castra

1991 4238 2416 4310 alienigenarum
2440 4238 2599 4293 simul
2627 4253 2750 4292 cum
2776 4238 2886 4292 aris
2910 4246 2966 4292 et
2993 4237 3179 4307 spoliis
3197 4237 3426 4293 deorum
3451 4239 3591 4309 ipso-

1992 4343 2112 4384 rum
2143 4343 2401 4385 succensa
2427 4345 2550 4385 esse
2579 4327 2893 4405 subjunxit;
2923 4329 3118 4384 deinde
3146 4328 3589 4400 perambulatam

1949 4461 1952 4464 .
1991 4420 2296 4478 Samariam
2323 4439 2336 4476 :
2372 4437 2515 4476 nunc
2539 4421 2840 4477 Samariam
2863 4429 3277 4486 commemorat,
3317 4423 3449 4491 quia
3478 4440 3587 4477 non

301 4529 515 4586 serunt,
558 4518 635 4574 ita
665 4525 720 4574 et
748 4517 871 4572 istis
895 4517 964 4572 de
989 4523 1190 4572 conatu
1243 4527 1342 4569 suo
1371 4528 1478 4568 non
1507 4527 1637 4566 vera
1672 4511 1840 4582 gloria
1867 4549 1883 4575 ,
1912 4512 1965 4571 D
1990 4513 2165 4569 solum
2207 4512 2434 4569 Iudaica
2483 4513 2815 4583 superstitio,
2869 4513 2962 4568 sed
3011 4519 3066 4566 et
3106 4512 3390 4582 gentilium
3431 4528 3592 4568 error

300 4609 396 4666 scd
424 4609 752 4681 sempiterna
783 4607 1029 4677 sequitur
1057 4605 1382 4678 ignominia;
1415 4604 1543 4674 quia
1571 4603 1638 4657 de
1666 4617 1889 4657 suorum

300 4719 408 4758 non
438 4712 717 4760 merentur
742 4701 970 4758 victoria
997 4699 1252 4772 gaudere,
1281 4698 1377 4753 sed
1416 4695 1591 4767 magis
1634 4695 1891 4766 lugebant

299 4794 366 4848 de
394 4809 492 4848 sua
516 4807 848 4864 suorumque
879 4791 1228 4848 damnatione
1252 4795 1534 4859 perpetua.
1566 4785 1720 4842 Unde
1741 4793 1888 4839 recte

300 4882 637 4954 sul‘jungitur
664 4899 683 4939 :

373 4973 442 5028 Et
467 4975 609 5044 facta
635 4983 710 5027 est
737 4973 862 5044 fuga
882 4991 1072 5045 magna
1096 4975 1152 5027 in
1172 4971 1382 5043 populo,
1411 4979 1498 5024 etc
1546 4967 1741 5022 Merito
1757 4981 1886 5037 ergo

301 5079 514 5135 magum
539 5063 709 5134 plaga:
736 5065 940 5134 patitur
973 5080 1178 5128 casum,
1211 5064 1302 5132 qui
1339 5077 1442 5116 non
1471 5058 1625 5114 ludat
1665 5059 1884 5128 spirita-

300 5157 369 5212 lis
413 5156 632 5213 salubre
674 5157 825 5210 audit
869 5156 1189 5218 eonsiiium;
1235 5163 1290 5207 et
1319 5153 1446 5222 quia
1495 5166 1602 5206 non
1633 5159 1792 5205 erant
1817 5149 1887 5203 de

1993 4611 2158 4673 atque
2206 4603 2461 4658 haeretica
2510 4604 2768 4672 pravitas,
2810 4603 3233 4673 puedicantibus
3283 4605 3585 4673 apostolis,

1992 4711 2091 4768 per
2127 4696 2478 4766 Evangelium
2512 4696 2712 4752 Christi
2756 4706 3064 4768 superatur,
3093 4697 3468 4762 confunditur,
3495 4701 3590 4756 dc-

1993 4787 2238 4852 struitur,
2273 4797 2437 4858 atque
2463 4789 2529 4844 ad
2576 4789 2804 4843 nihilum
2842 4789 3123 4860 redigitur.
3156 4789 3472 4846 Praesertim
3503 4801 3587 4846 ta-

1994 4893 2115 4932 men
2143 4879 2264 4932 vicit
2294 4877 2373 4931 leo
2398 4878 2462 4932 de
2490 4877 2625 4931 tribu
2651 4878 2795 4932 Iuda
2831 4879 2986 4933 radix
3013 4879 3182 4933 David
3208 4877 3394 4950 (Apoc.
3424 4881 3505 4951 v),
3529 4890 3586 4936 et

1992 4970 2117 5040 quis
2168 4969 2386 5024 resistet
2410 4969 2496 5024 ei?
2539 4971 2615 5024 De
2661 4969 2800 5025 caelo
2824 4968 3086 5037 judicium
3125 4969 3424 5039 jaculatum
3454 4981 3583 5039 est,

1991 5071 2135 5116 terra
2184 5060 2406 5114 tremuit
2433 5067 2488 5114 et
2535 5061 2738 5130 quievit
2768 5063 2894 5116 dum
2930 5070 3245 5132 exsurgeret
3282 5063 3335 5115 in
3370 5063 3582 5132 judicio

1988 5152 2130 5206 Deus
2151 5158 2205 5206 et
2247 5150 2426 5205 salvos
2461 5149 2666 5206 faceret
2695 5167 2884 5207 omnes
2913 5153 3126 5222 quietos
3173 5162 3334 5208 terrm
3379 5155 3396 5221 (
3423 5151 3576 5208 Psal.

301 5269 528 5310 numero
551 5251 869 5315 electorum,
919 5250 1010 5320 qui
1067 5248 1270 5320 Spiritu
1315 5247 1410 5300 Dei
1457 5244 1695 5315 instigati
1723 5257 1885 5312 opera
1987 5244 2172 5316 LXXV).
2215 5243 2365 5310 Quod
2404 5251 2582 5297 autem
2624 5244 2764 5298 inter
2801 5244 2906 5298 alia
2949 5245 3149 5299 dicitur
3186 5244 3451 5300 cecidisse
3479 5261 3580 5297 sa-

301 5347 562 5403 virtutum
590 5355 804 5419 gerunt,
835 5359 934 5415 pro
957 5359 1052 5397 sua
1084 5340 1381 5411 impudenti
1409 5337 1634 5393 audacia
1658 5335 1889 5405 turpiter

299 5439 508 5496 confusi
536 5439 592 5494 in
621 5438 881 5494 extremis
905 5451 1028 5492 cum
1068 5432 1444 5505 peccatoribus
1489 5437 1668 5485 erunt.

374 5531 440 5584 Et
491 5531 590 5585 uiri
629 5529 776 5583 Iuda
805 5525 1129 5600 magniﬁcati
1169 5533 1290 5579 sunt
1320 5522 1468 5578 value
1511 5521 1566 5575 in
1610 5526 1886 5588 conspectu

304 5619 496 5684 Israel,
519 5630 628 5677 etc.
660 5621 806 5676 Bene
845 5621 1044 5676 dicitur
1071 5617 1214 5688 quod
1253 5615 1358 5670 viri
1383 5613 1520 5669 Juda
1551 5610 1883 5682 magniﬁcati

303 5717 431 5764 sunt
447 5710 601 5766 valde
630 5710 686 5767 in
712 5721 1004 5780 conspectu
1021 5710 1263 5766 omnium
1285 5705 1544 5778 gentium,
1565 5703 1688 5772 quia
1702 5701 1776 5756 illi
1791 5701 1883 5772 qui

1991 5338 2238 5394 cerdotes
2278 5337 2332 5390 in
2367 5335 2526 5400 bello,
2557 5336 2682 5390 dum
2721 5337 2832 5390 sine
2867 5337 3087 5391 consilio
3109 5347 3297 5392 exeunt
3333 5338 3388 5391 in
3427 5351 3580 5406 prc-

1991 5429 2122 5482 lium
2176 5427 2337 5483 nimis
2365 5427 2702 5483 formidanda
2734 5427 3001 5482 sententia
3033 5437 3138 5486 est.
