3928 6168
378 410 515 472 H73

990 525 1219 583 CAPUT
1249 527 1336 582 Vl.

375 641 454 697 De
479 647 644 696 morte
671 635 1352 712 Antiochietsuccessione
1379 641 1480 712 filii
1509 642 1646 711 ejus,
1699 639 1792 710 qui
1821 639 1958 694 misit

447 713 733 767 exercitum
759 711 828 764 ad
857 709 1222 764 debellandum
1242 707 1465 775 ludam,
1497 707 1546 765 et
1571 707 1794 764 vincitur
1817 723 1834 761 :
1866 727 1962 780 pa-

445 799 554 836 cem
583 782 673 834 dat
694 780 813 849 ﬁcte
839 796 996 850 quam
1024 781 1126 835 cito
1151 782 1378 850 rumpit;
1406 782 1491 836 hic
1516 781 1710 835 dicitur
1733 781 1786 834 in
1815 779 1960 834 bellis

444 870 570 907 usus
599 851 905 921 elephantis.

448 988 514 1041 Et
560 1003 651 1042 rex
693 986 982 1040 Antiochus
1029 985 1403 1057 perambulavit
1454 987 1745 1055 superiores
1797 985 1967 1055 regio-

376 1095 488 1139 nes,
531 1086 636 1132 etc.
683 1076 813 1132 Post
853 1077 1148 1148 impietatis
1185 1090 1350 1147 Opera
1380 1076 1611 1148 plurima
1653 1092 1773 1146 quae
1801 1077 1968 1148 gessit

374 1168 678 1222 Antiochus
725 1167 780 1220 in
823 1165 945 1222 loco
993 1175 1183 1222 sancto
1229 1167 1360 1221 etin
1391 1166 1590 1237 populo
1624 1167 1744 1232 Dei,
1781 1167 1965 1222 divino

370 1259 576 1326 judicio
592 1257 735 1330 juste
762 1267 1072 1328 peremptus
1089 1267 1198 1324 est,
1226 1259 1369 1314 sicut
1395 1259 1510 1329 ipse
1533 1259 1587 1314 in
1615 1261 1966 1330 sequentibus

379 1361 626 1415 testatur,
658 1351 846 1405 dicens
892 1366 951 1405 sc
991 1350 1308 1420 cognovisse
1355 1351 1480 1422 quia
1529 1359 1754 1422 propter
1787 1366 1849 1406 ea
1883 1351 1966 1406 in-

377 1441 653 1496 venissent
700 1456 760 1496 se
785 1440 948 1506 mala,
991 1449 1046 1496 et
1075 1442 1202 1504 inde
1235 1443 1442 1512 periret
1483 1442 1700 1497 tristitia
1742 1443 1794 1497 in
1822 1451 1967 1498 terra

376 1534 571 1588 aliena.
623 1533 778 1589 Licet
804 1534 1058 1606 Polybius
1084 1535 1493 1607 Anegalopolita
1542 1534 1963 1608 [Megalopolita]

377 1624 687 1688 historicus,
717 1623 952 1694 Josepho
982 1634 1142 1692 teste,
1170 1627 1375 1682 scribat
1407 1626 1581 1682 solum
1609 1642 1734 1683 cum
1758 1627 1966 1696 perisse

375 1715 504 1784 quia
536 1714 702 1770 voluit
734 1715 994 1786 templum
1047 1718 1232 1773 Diana:
1283 1719 1337 1774 in
1386 1719 1610 1774 Perside
1636 1719 1918 1774 derastare
1949 1737 1962 1774 :

376 1807 472 1860 sed
499 1808 615 1862 haec
639 1807 824 1876 opinio
851 1807 999 1862 nullo
1040 1810 1200 1864 modo
1222 1825 1253 1865 a
1280 1811 1531 1866 ﬁdelibus
1559 1812 1839 1882 recipitur,
1871 1812 1965 1882 qui

1088 409 1440 468 COMMENT.
1482 408 1550 466 IN
1589 405 1837 499 LIBROS
1875 404 2450 464 MACllABJEORUM.
2491 437 2562 448 —
2598 407 2666 462 IN
2706 406 2831 462 LIB.
2868 405 2910 461 ι.

3512 411 3652 466 HN

1989 525 2040 583 Λ
2066 521 2234 576 nostri
2270 529 2480 591 propter
2507 519 2603 576 hoc
2634 518 3001 574 abalienabant
3024 533 3078 572 se
3111 535 3143 573 a
3168 519 3336 585 nobis,
3362 529 3410 574 ct
3431 520 3654 591 quicun-

2061 627 2160 682 que
2185 610 2579 665 inveniebantur
2603 624 2668 662 εκ
2693 607 2840 662 nobis
2869 607 3332 676 interﬁciebantur,
3365 618 3412 663 et
3437 611 3657 664 Itwredt-

2063 712 2196 756 tates
2213 710 2404 755 nostra:
2416 700 2470 754 di
2477 699 2812 769 ripiebantur,
2828 706 2875 752 et
2891 715 2993 751 non
3008 697 3076 751 ad
3092 715 3184 752 nos
3196 709 3397 753 tantum
3411 702 3658 756 extende-

2065 801 2184 846 runt
2220 807 2455 856 manum,
2483 789 2572 843 sed
2603 791 2657 844 in
2679 806 2855 844 omnes
2879 789 3264 858 finesnostros.
3295 788 3363 844 Et
3392 791 3559 845 iratus
3582 803 3656 848 est

2071 899 2178 950 rex,
2195 893 2252 936 ut
2275 884 2386 937 Ιιιινε
2413 882 2611 936 audivit
2638 890 2685 935 et
2718 881 3014 936 convocavit
3037 898 3213 936 omnes
3234 883 3429 937 amicos
3443 900 3590 950 suos,
3607 897 3656 940 et

2064 973 2327 1044 principes
2354 972 2611 1026 exercitus
2644 971 2748 1036 sui,
2776 968 3204 1042 etc.Cougregat
3229 972 3439 1044 typicus
3467 971 3656 1029 Antio-

2067 1066 2202 1122 chus
2219 1065 2516 1120 exercitum
2542 1079 2648 1118 non
2665 1063 2835 1120 solum
2852 1079 2915 1119 ex
2932 1065 3304 1136 propriis,‘sed
3319 1075 3374 1120 et
3387 1066 3453 1121 de
3479 1075 3656 1124 extra-

2068 1161 2217 1224 neis,
2241 1159 2367 1228 quia
2397 1157 2600 1213 saevitia
2628 1168 3056 1227 persecutorum,
3089 1177 3195 1215 non
3228 1169 3480 1217 contenta
3519 1163 3656 1218 sedi-

2068 1252 2213 1306 tione
2239 1251 2471 1316 interna,
2488 1251 2580 1305 sed
2595 1259 2649 1304 et
2664 1249 2966 1306 forinsecus
2983 1252 3153 1306 servis
3166 1251 3370 1308 Christi
3397 1253 3655 1309 immania

2068 1346 2272 1401 excitat
2315 1343 2471 1398 bella.
2521 1345 3064 1417 lnstituuntpedites,
3111 1344 3368 1401 ordinant
3404 1347 3650 1417 equites,

2067 1444 2374 1506 prieparant
2398 1435 2730 1505 elephantes,
2763 1444 2823 1490 ut
2863 1436 2994 1491 nihil
3024 1436 3165 1492 desit
3209 1452 3396 1491 eorum
3423 1437 3654 1492 crudeli-

2071 1527 2203 1593 tati;
2253 1527 2346 1582 sed
2371 1526 2630 1595 quidquid
2660 1527 2902 1596 cogitare
2948 1533 3127 1596 potest
3168 1526 3436 1596 impietas,
3479 1535 3650 1582 totum

2069 1629 2342 1689 przeparat
2388 1619 2668 1674 atrocitas.
2705 1618 2814 1674 Sed
2847 1618 3146 1689 ﬁguraliter
3184 1619 3323 1674 sicut
3368 1619 3578 1690 pedites
3603 1629 3659 1675 et

2069 1711 2281 1782 equites
2304 1721 2533 1782 possunt
2573 1713 2860 1782 designare
2886 1711 3106 1767 lictores
3129 1720 3182 1766 et
3221 1713 3534 1781 carniﬁces,
3584 1714 3657 1768 ita

2070 1812 2128 1858 et
2184 1803 2503 1873 elephanti,
2542 1814 2764 1874 propter
2808 1805 3190 1860 enormitatem
3242 1821 3530 1876 corporum
3595 1822 3659 1862 ac

379 1898 560 1951 sciunt
577 1899 718 1968 quod
741 1915 920 1953 omnes
948 1899 1022 1952 dii
1049 1899 1334 1968 da'monia,
1359 1911 1405 1956 et
1427 1902 1713 1956 simulacra
1734 1903 1962 1974 gentium

2074 1895 2447 1952 crudelitatem
2490 1896 2795 1952 animorum
2845 1907 3076 1968 possunt
3135 1898 3424 1969 designare
3460 1898 3657 1955 fastum

376 1999 650 2059 argentum
687 2000 736 2042 et
775 2006 964 2044 aurum
993 2030 1007 2056 ,
1051 2007 1209 2062 opera
1250 2009 1503 2046 manuum
1545 1993 1816 2047 hominum
1846 2001 1966 2047 sunt

377 2079 552 2150 (Psal.
572 2080 720 2153 CXIII)
731 2081 903 2150 .Quod
917 2092 1098 2138 autem
1113 2091 1302 2139 contra
1317 2084 1527 2139 Domini
1543 2085 1965 2154 omnipotentem

376 2171 629 2242 superbia
661 2163 940 2239 intumuit,
967 2174 1291 2246 condignam
1318 2175 1577 2232 ultionem
1609 2177 1814 2246 recepit
1848 2194 1860 2230 :
1890 2177 1971 2232 sic

269 2283 279 2292 -
375 2273 430 2316 et
466 2278 654 2318 omnes
690 2265 872 2334 impii;
919 2280 1019 2322 nec
1053 2282 1159 2320 non
1201 2275 1257 2321 et
1295 2268 1408 2337 ipse
1461 2270 1755 2325 novissime
1796 2285 1970 2326 novus

378 2353 521 2408 [ilius
557 2355 898 2423 perditionis,
934 2358 1024 2427 qui
1053 2356 1324 2411 extollitur
1362 2377 1520 2431 super
1551 2377 1702 2415 omne
1726 2361 1865 2432 quod
1891 2361 1968 2414 di-

375 2445 515 2498 citur
539 2445 680 2500 Deus
716 2456 806 2501 aut
843 2447 1034 2502 colitur
1063 2447 1150 2522 [II
1199 2449 1378 2505 Thess.
1409 2451 1472 2524 ιι]
1521 2451 1697 2523 (cujus
1727 2453 1818 2507 hic
1856 2452 1969 2506 An-

380 2537 595 2592 tiochus
642 2550 805 2609 typus
849 2539 1006 2614 fuit),
1056 2553 1277 2612 propter
1307 2544 1600 2614 impietatis
1639 2559 1801 2615 opera
1847 2560 1969 2615 qua:

378 2627 569 2696 faciet,
601 2644 833 2700 superno
859 2633 1136 2690 visitantis
1157 2633 1364 2704 judicio
1391 2637 1657 2704 interibit,
1681 2653 1840 2709 quem
1864 2639 1970 2696 Do-

379 2718 560 2772 minus
578 2717 758 2785 Jcsus,
765 2721 921 2791 juxta
944 2721 1097 2778 Pauli
1127 2740 1316 2781 vocem
1346 2726 1620 2796 interﬁciet
1648 2730 1838 2800 spiritu
1859 2731 1968 2785 oris

375 2811 462 2863 sui
499 2810 714 2883 (lbid.),
760 2823 816 2870 et
869 2814 1112 2872 destruet
1165 2817 1527 2875 illustratione
1564 2821 1835 2876 adventus
1861 2822 1966 2877 sui.

381 2903 419 2959 L'
433 2905 536 2958 nde
559 2905 646 2960 bic
671 2906 970 2964 Antiochus
996 2917 1179 2981 typum
1213 2919 1358 2967 tenet
1377 2922 1789 2983 persecutorum
1813 2913 1970 2970 Chri-

379 2995 446 3050 sti
478 3005 534 3051 et
559 2997 835 3055 Ecclesiae.

458 3085 524 3140 Et
564 3097 800 3144 mortuus
833 3101 908 3146 est
948 3090 1058 3146 illic
1086 3092 1374 3149 Antiochus
1405 3111 1497 3150 rex
1520 3113 1660 3152 anno
1693 3097 1969 3152 centesimo

378 3181 783 3251 quadragesimo
826 3200 986 3251 nono,
1023 3194 1129 3241 etc.
1163 3185 1280 3243 Non
1313 3189 1511 3245 mirum
1549 3191 1692 3259 quod
1720 3206 1789 3246 ex
1839 3207 1970 3248 cru-

379 3271 486 3325 deli
525 3282 678 3343 patre
706 3275 1045 3334 truculentus
1090 3277 1231 3334 ﬁlius
1261 3287 1346 3335 est
1391 3281 1624 3352 genitus,
1671 3283 1763 3352 qui
1804 3298 1970 3353 opera

382 3362 612 3418 nefanda
665 3367 980 3435 nequissimi
1023 3371 1196 3438 patris
1248 3371 1489 3427 imitatus
1528 3373 1617 3428 sit.
1667 3374 1742 3428 De
1772 3389 1881 3445 quo
1911 3375 1969 3430 in

383 3457 676 3529 Evangelio
699 3460 959 3518 Dominus
993 3463 1062 3518 ad
1087 3461 1304 3518 Judaaos
1334 3465 1576 3521 seniores
1616 3481 1681 3522 ac
1709 3469 1971 3537 superbos

383 3548 500 3604 ait:
563 3547 662 3604 Vos
701 3567 768 3605 ea;
793 3562 942 3622 patre
981 3553 1191 3608 diabolo
1229 3555 1374 3620 estis,
1414 3564 1464 3609 et
1501 3555 1764 3610 desideria
1803 3545 1971 3627 patris

382 3641 536 3693 vestri
565 3640 718 3694 vultis
745 3641 919 3710 facere
941 3659 960 3697 :
999 3643 1087 3698 ille
1111 3645 1248 3699 enim
1278 3645 1342 3699 ab
1373 3645 1523 3701 initio
1550 3647 1818 3702 homicida
1857 3658 1970 3702 erat

384 3729 568 3798 (Joan.
613 3732 757 3804 vni).
805 3732 873 3787 Et
919 3743 1066 3791 recte
1103 3735 1388 3791 homicidae
1422 3735 1570 3791 ﬁlius
1617 3737 1970 3792 homicidium

385 3820 565 3878 facere
593 3822 886 3878 meditatur
915 3839 1022 3880 non
1052 3825 1228 3880 solum
1258 3826 1563 3896 corporale,
1605 3826 1701 3882 sed
1729 3834 1783 3881 et
1811 3827 1971 3898 spiri-

387 3913 514 3977 tale,
541 3914 643 3968 hoc
685 3923 787 3980 est,
835 3930 1023 3972 necem
1069 3919 1376 3973 animarum
1405 3935 1529 3989 qua:
1559 3919 1614 3973 in
1661 3926 1890 3988 peccato
1916 3927 1972 3973 et

385 3989 661 4078 impietate
691 4010 1013 4065 moriuntur.

457 4097 524 4152 Et
554 4099 610 4154 bi
642 4099 733 4171 qui
764 4111 912 4156 erant
942 4101 997 4156 in
1029 4118 1150 4156 arce
1185 4103 1545 4159 concluserant
1572 4103 1741 4158 Israel
1780 4103 1834 4158 in
1869 4104 1973 4158 cir-

386 4189 527 4244 cuitu
553 4207 768 4245 suorum
786 4190 1157 4264 [sanctorum],
1179 4203 1284 4248 etc.
1299 4193 1599 4261 Quiautem
1624 4201 1753 4248 sunt
1782 4193 1856 4247 illi
1878 4193 1971 4264 qui

388 4277 440 4332 in
471 4292 597 4333 arce
619 4281 1013 4336 concludebant
1057 4281 1222 4338 Israel
1260 4284 1314 4338 in
1355 4284 1590 4338 circuitu
1619 4299 1876 4347 suorum,
1917 4293 1972 4339 et

388 4371 704 4437 qmerebant
751 4371 832 4426 eis
875 4371 1016 4426 mala
1057 4387 1271 4442 semper
1301 4374 1370 4428 ad
1397 4373 1799 4430 ﬁrmamentum
1839 4390 1972 4446 gen-

389 4463 544 4529 tium,
589 4464 690 4518 nisi
739 4464 794 4517 bi
821 4465 914 4535 qui
945 4465 998 4519 in
1043 4481 1169 4520 arce
1196 4466 1462 4536 superbia:
1489 4480 1549 4520 se
1585 4467 1858 4537 erigentes
1886 4481 1974 4522 ve-

389 4568 504 4606 ram
535 4553 846 4624 religionem
873 4563 1292 4624 persequuntur,
1326 4564 1595 4626 quatenus
1623 4559 1848 4614 verbum
1875 4559 1970 4614 Dei

388 4642 669 4708 sull'ocent,
699 4653 755 4699 et
779 4661 1020 4700 errorem
1051 4655 1213 4714 atque
1250 4647 1608 4704 idololatriam
1634 4651 1972 4706 instaurent?

389 4735 592 4789 Contra
636 4751 774 4805 quos
806 4735 972 4790 ludas
1014 4735 1252 4805 przeliari
1293 4738 1550 4808 disponit,
1583 4739 1711 4808 quia
1744 4749 1854 4794 tota
1897 4740 1976 4794 in-

392 4826 564 4879 tentio
616 4835 929 4881 sanctorum
963 4827 1245 4883 doctorum
1275 4828 1379 4884 hoc
1410 4830 1698 4900 disponere
1737 4831 1975 4885 maxime

389 4920 604 4990 satagit,
636 4927 694 4974 ut
721 4935 935 4975 errores
983 4930 1364 4992 cxpugnentur
1409 4931 1465 4977 et
1490 4938 1706 4980 errores
1728 4925 1974 4982 veritatis

389 5013 684 5068 enﬁnentia
722 5023 1065 5083 superentur.
1093 5014 1200 5071 Sed
1231 5017 1333 5071 hoc
1361 5017 1541 5072 studio
1573 5021 1828 5074 commoti
1854 5021 1976 5090 qui-

389 5106 513 5160 dam
545 5105 611 5159 de
651 5107 925 5175 gentibus,
956 5115 1016 5160 ut
1041 5117 1169 5162 sunt
1209 5109 1536 5179 philosophi,
1572 5111 1792 5179 quidam
1825 5120 1880 5166 et
1903 5127 1970 5166 ex

391 5197 570 5267 impiis
594 5196 781 5261 Israel,
812 5197 902 5268 qui
931 5209 1057 5253 sunt
1084 5198 1346 5263 haeretici,
1378 5209 1674 5269 provocant
1697 5201 1972 5271 principa-

394 5296 507 5340 tqu
546 5286 701 5340 istius
723 5287 907 5342 mundi
942 5287 994 5341 in
1022 5287 1206 5342 odium
1241 5303 1521 5342 servorum
1547 5289 1662 5353 Dei,
1701 5299 1971 5359 quatenus

392 5376 496 5430 hoc
521 5375 714 5430 solatio
740 5377 907 5448 adjnti
936 5377 1267 5447 impietatem
1296 5393 1448 5433 suam
1478 5377 1688 5434 facilius
1716 5380 1980 5437 extollere

391 5470 623 5541 possint.
679 5469 833 5525 Unde
885 5470 1081 5543 legitur
1137 5471 1280 5540 quod
1340 5471 1428 5525 isti
1489 5470 1750 5527 adeuntes
1791 5487 1974 5545 regem

391 5561 646 5616 dixerunt
678 5562 726 5617 ei
754 5581 769 5616 :

464 5650 746 5719 Quousque
771 5669 874 5707 non
899 5652 1061 5722 facies
1073 5652 1337 5722 judicium
1361 5661 1408 5706 et
1434 5652 1665 5707 vindicas
1687 5652 1875 5722 fratres
1892 5667 1979 5704 ur-

389 5743 491 5798 bis.
522 5740 636 5798 Nos
659 5742 977 5798 decrevimus
1006 5744 1198 5797 servire
1239 5745 1378 5814 patri
1409 5755 1498 5798 tuo
1526 5754 1573 5798 et
1616 5742 1888 5797 ambulare
1920 5743 1988 5819 in_

389 5834 662 5905 pra'ceptis
694 5833 830 5902 ejus,
877 5843 924 5886 et
953 5833 1164 5905 obsequi
1209 5835 1360 5888 dictis
1401 5835 1513 5903 ejus
1537 5848 1555 5885 :
1584 5845 1633 5890 et
1671 5833 1770 5903 ﬁlii
1797 5833 1976 5907 populi

2073 1989 2374 2059 principum
2402 2030 2414 2054 ,
2449 1989 2535 2044 cui
2581 1989 2720 2046 bene
2753 1992 3008 2046 convenit
3031 1992 3174 2062 quod
3199 1992 3387 2048 bestiis
3431 1993 3498 2049 ad
3531 2009 3660 2049 exa~

2073 2081 2402 2137 cerbandam
2441 2081 2577 2136 iram
2635 2082 2993 2138 ostenderunt
3055 2083 3372 2154 sanguinem
3438 2099 3554 2138 uva:
3604 2092 3660 2138 et

2073 2173 2236 2239 mori,
2264 2172 2390 2242 quia
2416 2171 2470 2225 in
2505 2169 2768 2227 cli'usionc
2791 2171 3073 2241 sanguinis
3102 2179 3398 2246 martyrum
3424 2173 3659 2230 excitata

2072 2271 2156 2318 est
2181 2263 2382 2318 saevitia
2406 2271 2840 2332 persecutorum.
2871 2261 2938 2316 Et
2975 2263 3115 2322 bene
3136 2261 3334 2318 dicitur
3361 2263 3506 2332 quod
3527 2262 3659 2316 asti-

2073 2365 2243 2410 terunt
2287 2355 2508 2426 singulis
2527 2354 2813 2425 elephantis
2839 2353 2984 2410 mille
3011 2355 3112 2412 uiri
3133 2356 3188 2410 in
3214 2353 3392 2410 loricis
3419 2365 3660 2410 concate—

2073 2449 2211 2503 natis
2248 2457 2296 2502 et
2336 2447 2501 2518 galea:
2539 2463 2690 2503 terea:
2737 2448 2802 2504 in,
2816 2446 3075 2519 capitibus
3105 2463 3284 2504 eorum
3320 2455 3368 2502 et.
3392 2446 3661 2520 quingenti

2071 2542 2266 2612 equites
2297 2540 2528 2595 ordinati
2575 2540 2854 2613 unicuique
2899 2539 3076 2596 bestiis
3108 2553 3136 2593 .‘.
3158 2540 3284 2610 quia
3308 2540 3490 2612 plures
3533 2547 3661 2598 sunt

2071 2633 2164 2705 qui
2208 2632 2392 2688 favent
2441 2633 2749 2691 adulatione
2795 2633 3443 2706 principibus;.qunrutn
3480 2635 3662 2692 loricae

2071 2733 2610 2791 concatenata-sunt,
2645 2726 2748 2782 hoc
2779 2733 2887 2792 est,
2917 2724 3056 2782 dolis
3085 2741 3375 2796 pravorum
3405 2725 3660 2782 consilio-

2073 2832 2193 2873 rum
2230 2817 2458 2872 invicem
2483 2816 2725 2888 perplexi
2757 2825 2884 2873 sunt
2931 2835 2945 2870 :
2980 2825 3038 2872 et
3078 2817 3530 2888 galeamazneam
3569 2819 3662 2874 ha-

2071 2906 2201 2963 bent
2228 2908 2283 2963 in
2307 2908 2573 2978 capitibus
2592 2907 2728 2974 suis,
2760 2922 2882 2962 cum
2923 2907 3228 2979 iniquitatis
3260 2906 3514 2963 duritiam
3552 2907 3660 2962 cir-

2071 2999 2326 3056 cumdant
2355 2999 2626 3054 mentibus
2651 2998 2784 3063 suis,
2817 2997 2910 3053 ubi
2936 3005 2992 3054 et
3015 2998 3226 3070 equites
3255 3005 3379 3052 sunt
3406 2998 3661 3062 ordinati,

2072 3089 2198 3158 quia
2244 3089 2510 3159 superbia:
2552 3089 2715 3144 elatio
2766 3089 2840 3145 ibi
2882 3105 2990 3145 non
3018 3089 3193 3146 deerit
3237 3089 3326 3145 ubi
3359 3091 3663 3146 communis

2075 3189 2282 3235 natura:
2309 3195 2406 3250 per
2444 3180 2879 3236 misericordiam
2906 3197 3014 3236 non
3042 3182 3420 3238 consideratur
3443 3182 3665 3252 aequali-

1999 3260 2044 3322 C
2079 3278 2180 3336 tas,
2211 3270 2306 3326 sed
2337 3270 2595 3328 mundani
2646 3269 2848 3326 favoris
2874 3271 3146 3342 appetitur
3189 3271 3423 3327 vanitas.
3459 3271 3566 3328 Sed
3609 3281 3664 3326 et

2075 3369 2250 3418 turres
2294 3361 2506 3433 ligneae,
2539 3377 2661 3432 qua:
2708 3361 2971 3432 impositae
3020 3361 3209 3419 bestiis
3249 3361 3468 3435 triginta
3513 3363 3566 3418 in
3607 3380 3665 3418 se

2073 3452 2427 3509 continebant
2459 3453 2624 3519 viros,
2652 3453 2964 3523 exprimunt
3010 3451 3356 3526 fragilitatem
3384 3455 3661 3526 potentiae,

2073 3559 2178 3614 qua
2228 3559 2443 3614 semper
2487 3559 2546 3598 se
2576 3551 2952 3613 persecutores
2989 3543 3283 3614 praevalere
3331 3547 3663 3622 martyribus

2073 3631 2369 3688 conﬁdunt.
2403 3634 2470 3688 Et
2499 3641 2644 3689 recte
2674 3634 2873 3689 dicitur
2902 3649 2917 3687 :
2955 3632 3110 3688 Intus
3139 3644 3249 3688 erat
3283 3636 3531 3705 magister
3576 3636 3663 3689 be-

2069 3719 2186 3772 stia:
2210 3727 2257 3771 et
2289 3718 2557 3772 residuum
2607 3719 2838 3788 equitum
2870 3719 2991 3771 hinc
3035 3719 3176 3784 inde,
3217 3720 3342 3789 quia
3369 3720 3663 3800 crudelitas

2071 3798 2355 3874 mcniium,
2379 3823 2498 3877 quae
2526 3816 2698 3862 totum
2723 3809 3136 3864 machinabatur
3162 3810 3383 3875 malum,
3405 3811 3559 3864 intus
3587 3798 3661 3863 ie—

2072 3904 2286 3959 stuabat
2316 3902 2370 3956 in
2402 3902 2655 3957 cordibus
2681 3912 3114 3971 persecutorum,
3146 3902 3238 3974 qui
3270 3909 3352 3955 est
3384 3912 3539 3956 actus
3572 3916 3661 3955 su-

2071 3992 2294 4062 perbite,
2317 3991 2811 4050 forinsecusautem
2830 3991 3203 4045 maculabatur
3222 3993 3272 4044 in
3291 3999 3498 4046 tortura
3515 3991 3664 4044 inuo-

2072 4084 2333 4140 ccntium.
2387 4082 2592 4153 Hisque
2631 4082 2704 4136 ita
2737 4082 3013 4152 dispositis
3043 4081 3208 4138 ludas
3239 4082 3429 4136 statuit
3453 4083 3664 4136 excrci-

2076 4183 2186 4228 tum
2218 4189 2374 4227 suum
2397 4187 2741 4228 commoncre
2762 4173 2888 4243 quia
2912 4173 3297 4242 pnedicatores
3323 4172 3515 4238 sancti,
3539 4187 3662 4227 cum

2076 4264 2328 4318 insistunt
2378 4263 2516 4318 bella
2572 4264 3028 4332 persecutionum,
3072 4280 3180 4318 non
3228 4270 3445 4319 cessant
3483 4262 3665 4316 verbis

2071 4354 2382 4410 confortare
2411 4357 2621 4411 animos
2643 4357 2970 4422 auditorum;
3003 4364 3059 4409 et
3084 4355 3212 4410 licet
3239 4363 3452 4409 terrena
3495 4353 3663 4425 gloria

2073 4445 2416 4516 resplendeat
2443 4447 2494 4500 in
2524 4462 2721 4517 pompa
2753 4446 3044 4512 mundana,
3070 4461 3167 4502 seu
3194 4446 3341 4500 varia
3372 4445 3424 4499 in
3454 4445 3656 4500 crucia-

2075 4540 2218 4592 tibus
2246 4547 2635 4592 tormentorum
2660 4538 3045 4592 incandescaut
3073 4531 3296 4606 genera,
3319 4544 3498 4590 Lumen
3522 4550 3666 4588 mat"-

2078 4642 2225 4702 tyres
2283 4631 2483 4685 Christi
2539 4631 2884 4700 imperterriti
2939 4641 3183 4696 manent,
3223 4640 3277 4685 et
3314 4630 3513 4701 judicis
3555 4630 3660 4693 sui,

2076 4723 2226 4776 .luda:
2253 4724 2437 4792 utique
2468 4723 2746 4791 spiritalis,
2769 4722 3108 4777 adhaerentes
3136 4722 3314 4787 lateri,
3343 4721 3563 4775 Vincunt
3585 4731 3662 4773 at-

2077 4828 2182 4883 que
2215 4821 2565 4882 prosternunt
2595 4814 2876 4882 impiorum
2901 4813 3200 4867 audaciam.

2149 4903 2217 4956 Et
2245 4904 2371 4957 vidit
2404 4902 2628 4957 Elezaar
2646 4902 2788 4971 filius
2807 4903 2981 4956 Snura
3006 4917 3164 4956 unum
3186 4901 3248 4956 de
3277 4901 3451 4956 bestiis
3474 4899 3664 4954 lorica-

2078 5005 2186 5048 tam
2209 4995 2386 5048 loricis
2418 4997 2567 5064 regis,
2595 5007 2698 5049 etc.
2736 4993 3039 5047 Notandum
3061 5003 3238 5048 autem
3266 4994 3408 5065 quod
3440 4994 3664 5047 Eleaza-

2084 5100 2202 5138 rum
2221 5083 2485 5153 Joscpltus
2509 5085 2729 5140 fratrem
2743 5100 2861 5138 esse
2873 5081 3021 5138 Inda:
3038 5082 3286 5149 alﬁrmat,
3303 5085 3368 5138 de
3383 5100 3489 5154 quo
3504 5099 3662 5153 supra

2081 5186 2359 5230 narratum
2381 5186 2463 5232 est
2487 5177 2626 5246 quod
2649 5185 2791 5231 esset
2813 5191 2950 5230 unus
2973 5176 3037 5230 de
3060 5176 3296 5250 quinque
3321 5177 3444 5231 ﬁliis
3466 5178 3664 5230 Mallia-

2081 5269 2207 5324 thia:
2245 5270 2509 5324 vocitatus
2547 5271 2650 5324 hoc
2685 5271 2920 5324 nomine.
2956 5267 3062 5323 Sed
3103 5268 3268 5340 (μιξεγὶ
3316 5276 3492 5337 potest
3531 5285 3663 5338 quo-

2076 5361 2238 5416 modo
2260 5361 2468 5415 dicatur
2495 5376 2615 5416 esse
2646 5360 2787 5414 ﬁlius
2818 5358 3012 5422 Saura,
3037 5359 3080 5413 si
3111 5359 3252 5413 ﬁlius
3309 5356 3411 5410 fuit
3458 5356 3662 5412 Matba-

2083 5455 2210 5510 tltia:
2241 5471 2254 5521 ;
2286 5454 2387 5508 nisi
2427 5451 2566 5507 forte
2595 5450 2919 5506 Mathathias
2948 5451 3060 5522 ipse
3089 5449 3194 5502 alio
3230 5448 3446 5506 uoutiue
3487 5450 3661 5504 Saura

2082 5559 2309 5606 vocatus
2335 5549 2422 5604 sit.
2453 5548 2519 5602 Et
2549 5547 2678 5618 quid
2705 5563 2800 5617 per
2828 5545 3166 5607 Eleazarum,
3197 5541 3288 5612 qui
3317 5539 3665 5610 elephantem

2082 5644 2411 5700 interficiens
2451 5641 2721 5706 occubuit,
2758 5640 2860 5695 nisi
2895 5652 3124 5709 persona
3151 5635 3520 5706 arrogantium
3568 5636 3664 5689 de-

2082 5739 2346 5807 signatur,
2389 5734 2486 5807 ξιιιὶ
2518 5723 2643 5788 dum
2706 5731 2892 5785 volunt
2940 5727 3153 5782 fortiter
3197 5726 3398 5796 aliquid
3443 5742 3664 5798 gerere,

2083 5830 2174 5886 sed
2222 5793 2409 5884 temeti
2432 5845 2535 5884 non
2576 5823 2805 5894 simplici
2853 5823 3054 5885 animo,
3088 5822 3181 5876 sed
3206 5828 3415 5880 erecto,
3463 5821 3517 5874 in
3549 5831 3662 5874 SUH
