3934 6186
242 272 245 273 ⁷
313 275 453 341 “7.5

948 269 1011 325 B.
1047 266 1305 333 RABANI
1342 266 1565 324 MAURI
1602 263 1921 322 ARCHIEP.
1962 263 2274 323 MOGUNT.
2317 264 2607 323 OPERUM
2644 264 2827 323 PARS
2865 266 2906 323 Ι.

3460 268 3613 328 H76

312 387 598 450 conatibus
635 380 831 445 devicti
856 387 1294 455 prosternuntur.
1344 377 1533 434 Potest
1574 385 1625 432 et
1673 393 1779 433 non
1822 377 1906 431 in-
1937 380 1984 440 Λ
2012 378 2425 449 ρτίρευιηρείεεε
2467 379 2774 450 imperium,
2824 390 2880 437 et
2905 396 3021 438 rem
3085 382 3357 454 publicam
3411 385 3616 445 Antio—

316 479 701 539 convenienter
735 474 853 531 inec
899 488 990 528 res
1014 473 1080 528 ad
1115 471 1524 543 hypocritarum
1552 468 1908 540 significatio-

316 585 442 633 nem
473 563 773 623 transferri.
811 563 948 623 Dum
978 562 1450 633 enim.hypocri|a:
1503 569 1692 616 contra
1745 559 1907 615 tum-

296 662 481 729 riam,
507 664 601 713 aut
622 661 812 715 contra
841 654 1051 726 gulam,
1081 662 1177 707 aut
1224 660 1412 708 contra
1462 651 1761 721 corporalia
1816 651 1908 706 de-

316 755 443 812 licta
480 769 592 825 per
636 749 1015 821 abstinentiam
1068 747 1383 819 conﬂigunt,
1436 758 1765 816 carnemque
1790 761 1911 827 ~per

312 846 579 922 jejunium
619 860 717 901 seu
752 858 868 916 per
928 841 1139 915 vigilias
1192 851 1248 897 et
1307 849 1505 897 caetera
1571 841 1909 897 abstinentiae

319 940 819 1016 operadumantes,
848 952 955 993 non
986 950 1045 992 se
1069 952 1101 992 a
1150 934 1486 1007 spiritalibus
1531 932 1789 1004 nequitiis
1817 933 1909 991 be-

312 1050 390 1094 ne
425 1036 736 1099 observant,
765 1031 840 1085 ita
879 1037 939 1085 ut
981 1037 1075 1083 aut
1103 1027 1170 1082 ab
1197 1027 1451 1092 elatione,
1476 1034 1568 1081 aut
1593 1025 1661 1081 ab
1683 1024 1907 1090 invidia,

320 1133 413 1185 aut
458 1140 489 1180 a
514 1122 811 1196 cupiditate
854 1136 964 1175 non
1006 1126 1260 1185 caveant,
1293 1118 1616 1189 quandoque
1643 1115 1908 1173 vincendo

320 1218 634 1281 vincuntur,
671 1214 801 1285 quia
830 1213 958 1269 dum
988 1210 1094 1269 alia
1135 1210 1248 1265 vita
1292 1217 1569 1281 superant,
1596 1209 1651 1267 in
1691 1208 1794 1264 ista
1823 1208 1907 1263 vi-

320 1310 493 1369 ctoria
523 1308 723 1377 incauti
754 1306 822 1373 ab
855 1304 978 1361 aliis
1001 1311 1379 1361 conteruntur.

391 1401 462 1457 Et
480 1399 840 1473 applicuerunt
871 1408 1045 1453 castra
1071 1399 1205 1470 regis
1234 1397 1304 1451 ad
1330 1395 1576 1452 Judwam
1608 1403 1658 1450 et
1683 1402 1906 1451 montem

322 1491 537 1558 Sion,.et
555 1489 675 1560 fecit
687 1505 867 1563 pacem
884 1503 1002 1544 cum
1030 1487 1112 1542 his
1134 1488 1226 1559 qui
1248 1497 1396 1541 erant
1421 1485 1478 1541 in
1500 1484 1782 1552 Bethsura,
1799 1493 1905 1540 etc.

320 1580 609 1638 Promovet
628 1582 889 1653 mysticus
913 1578 1210 1634 Antiochus
1232 1577 1297 1631 ad
1325 1576 1563 1635 Iudaeam
1596 1584 1652 1631 et
1669 1583 1909 1630 montem

323 1671 476 1738 Sion,
490 1671 618 1742 quia
640 1677 809 1726 totum
840 1673 1156 1742 apparatum
1178 1667 1306 1723 belli
1331 1667 1492 1723 vertit
1514 1667 1581 1720 ad
1603 1665 1911 1722 subversio-

2011 467 2099 523 chi
2128 468 2232 523 sibi
2262 468 2401 525 velle
2428 472 2720 542 suscipere,
2750 473 3233 543 prmtermittentes
3261 476 3614 534 obsidionem

1990 558 2093 615 ire
2110 559 2371 616 adversus
2392 559 2701 633 Philippum
2727 564 3105 620 decreverunt.
3132 564 3283 634 Quod
3311 569 3617 625 consilium

2012 662 2356 722 nequaquam
2387 650 2737 707 manifestum
2784 655 2997 709 caeteris
3041 655 3269 711 ducibus
3298 654 3487 714 facere
3513 675 3617 715 vo-

2009 741 2245 807 luerunt,
2271 743 2364 799 sed
2380 741 2543 812 jussit
2568 761 2663 800 rex
2688 744 2904 817 Lysiam
2933 746 3162 805 ducibus
3185 750 3369 806 dicere
3395 751 3622 808 diutur-

2009 848 2136 888 nam
2162 834 2533 890 obsessionem
2570 836 2705 891 nihil
2755 838 2836 892 eis
2866 854 3024 908 posse
3052 840 3336 910 prolicere,
3389 846 3619 913 quando

2009 930 2065 980 et
2114 924 2295 980 locum
2343 924 2779 982 adversariorum
2839 937 3116 999 constaret
3174 945 3295 986 esse
3335 933 3616 988 munitum

2011 1027 2066 1074 et
2117 1018 2218 1075 sibi
2263 1019 2579 1074 victualium
2624 1021 2923 1077 necessitas
2964 1023 3319 1093 irrogaretur,
3355 1034 3411 1079 et
3447 1040 3621 1096 expe-

2010 1109 2151 1165 diret
2197 1125 2386 1181 pacem
2420 1109 2603 1166 facere
2636 1124 2758 1166 cum
2805 1111 3023 1179 Judmis,
3064 1128 3267 1185 eosque
3298 1114 3621 1185 relinquere

2009 1202 2246 1274 propriis
2272 1204 2351 1257 uti
2381 1205 2739 1271 caeremoniis,
2778 1206 2921 1260 unde
2946 1206 3264 1261 hactenus'a
3297 1206 3460 1263 nobis
3487 1225 3620 1278 pro-

2010 1293 2187 1358 hibiti,
2202 1294 2438 1348 existere
2450 1294 2703 1349 videntur
2716 1296 2912 1350 aversi.
2932 1294 3057 1350 Haec
3068 1297 3275 1362 dicens,
3296 1299 3365 1353 de
3376 1297 3618 1370 Philippi

2012 1384 2299 1456 tyrannide
2350 1383 2638 1439 tacendum
2663 1400 2784 1441 esse
2825 1386 3083 1451 decrevit,
3118 1403 3186 1441 ne
3225 1390 3502 1445 exercitus
3529 1393 3621 1446 sui

2011 1474 2172 1530 dubia
2188 1473 2353 1530 corda
2367 1475 2689 1546 perciperet.
2708 1474 2834 1531 Haec
2846 1475 3007 1548 Lysia
3023 1478 3257 1541 dicente,
3271 1481 3538 1535 eXercitui
3562 1491 3624 1536 et

2011 1564 2238 1620 ducibus
2258 1566 2527 1621 sententia
2548 1566 2767 1637 placuit.
2785 1567 2936 1621 Tunc
2959 1568 3177 1623 mittens
3200 1583 3296 1624 rex
3327 1571 3395 1624 ad
3414 1569 3622 1626 Judam

2011 1669 2200 1726 pacem
2226 1657 2481 1726 promisit
2502 1658 2762 1725 obsessis,
2778 1667 2831 1714 et
2851 1660 3043 1730 patriis
3066 1659 3276 1731 legibus
3304 1677 3401 1718 eos
3427 1665 3623 1724 vivere

323 1778 445 1818 nem
464 1760 936 1825 EcclesizeChristi
963 1768 1019 1815 et
1038 1757 1166 1814 facit
1192 1771 1380 1828 pacem
1402 1771 1523 1812 eum
1549 1756 1632 1811 his
1645 1756 1738 1825 qui
1758 1763 1915 1809 erant
1944 1751 1989 1810 Β
2016 1748 2318 1818 pollicetur.
2352 1749 2418 1805 Hi
2465 1765 2598 1806 vero
2631 1751 2991 1823 suscipientes
3051 1754 3240 1821 verba,
3293 1764 3351 1812 et
3409 1763 3623 1817 confir-

322 1853 379 1907 in
399 1851 824 1919 Bethsura,cum
850 1862 959 1907 non
983 1863 1166 1905 veram
1193 1842 1515 1919 pace‘m,sed
1544 1845 1734 1903 falsam
1756 1844 1915 1901 offert

325 1945 414 2001 his
440 1958 577 2016 quos
600 1942 717 2000 vult
744 1941 994 2014 decipere
1031 1949 1087 1997 et
1114 1956 1212 2013 per
1254 1938 1652 1997 simulationem
1686 1938 1910 1995 fallere.

324 2036 435 2110 ﬁed
457 2036 533 2092 illi
553 2033 926 2091 tantummodo
954 2034 1021 2096 ad
1046 2049 1170 2091 eum
1198 2042 1398 2093 exeunt
1420 2033 1486 2089 de
1518 2032 1763 2098 civitate,
1792 2032 1913 2103 qui-

324 2128 429 2182 bus
473 2138 581 2181 non
606 2133 761 2182 erant
793 2125 1050 2193 alimenta
1084 2119 1397 2190 conclusis;
1440 2124 1567 2194 quia
1604 2122 1680 2187 illi
1710 2122 1915 2179 solum-

326 2215 589 2274 modo’de
634 2214 892 2279 Ecclesia:
930 2214 1231 2271 munimine
1264 2212 1471 2269 seducti
1502 2212 1788 2279 recedunt’,
1821 2212 1914 2283 qui

326 2324 436 2365 non
452 2307 663 2374 habent
687 2306 945 2379 pabulum
989 2303 1229 2361 scientia:
1256 2311 1421 2374 atque
1464 2301 1772 2370 cbaritatis,
1806 2316 1916 2372 quo

327 2397 383 2455 in
406 2400 590 2459 animo
632 2386 944 2469 pascantur.
991 2393 1095 2467 Qui
1123 2401 1179 2448 et
1202 2392 1345 2449 male
1376 2390 1714 2448 sabbatizant
1745 2431 1759 2456 ,
1788 2405 1914 2447 cum

328 2504 438 2548 non
456 2490 727 2546 “virtutum
753 2485 1013 2551 studium,
1036 2485 1137 2541 sed
1165 2483 1409 2556 segnitiae
1432 2483 1604 2541 otium
1632 2482 1866 2553 diligunt
1897 2498 1911 2535 :

330 2580 545 2654 ipsique
600 2579 670 2635 ab
704 2576 874 2634 thoste
912 2575 1223 2648 captivante
1250 2575 1305 2630 in
1333 2575 1452 2646 ejus
1478 2573 1784 2629 dominium
1831 2587 1918 2630 re-

333 2675 521 2745 deunt,
553 2672 647 2745 qui
684 2685 993 2745 praecavere
1017 2669 1135 2744 ejus
1160 2668 1388 2726 insidias
1414 2668 1624 2723 nolunt.
1647 2665 1801 2735 Quod
1822 2681 1917 2721 au-

331 2774 444 2823 tem
491 2764 689 2825 dicitur
729 2761 873 2838 quod
916 2761 1191 2833 convertit
1235 2769 1414 2817 castra
1464 2774 1561 2815 rex
1609 2760 1680 2815 ad
1734 2757 1915 2814 locum

312 2855 777 2927 sanctificationis
812 2855 939 2923 dies
964 2854 1182 2920 multos,
1238 2851 1510 2923 signiﬁcat
1537 2859 1918 2921 persecutores

322 2948 572 3017 fidelium
619 2961 728 3004 non
757 2944 913 3002 facile
953 2958 1170 3002 cessare
1194 2958 1225 2998 a
1252 2941 1651 3015 persecutionis
1685 2939 1919 2997 crudeli-

332 3049 467 3108 tate,
494 3038 589 3098 sed
609 3040 860 3097 omnibus
885 3039 1075 3095 diebus
1101 3052 1273 3109 usque
1297 3036 1365 3092 ad
1395 3032 1914 3093 consnnunatiOuem

2015 1843 2180 1899 matis
2207 1844 2570 1900 sacramentis
2593 1852 2647 1901 et
2676 1844 2802 1910 fide,
2826 1847 3075 1903 exierunt
3091 1862 3119 1904 a
3150 1851 3374 1922 templo.
3396 1853 3624 1910 lutrans

2011 1947 2143 1992 vero
2171 1933 2473 1993 Antiochus
2498 1941 2549 1991 et
2581 1933 2851 2008 aSpiciens
2878 1939 3147 1995 itumitum
3201 1935 3402 2008 locum,
3438 1945 3625 2015 impu-

2015 2019 2210 2086 denter
2231 2038 2570 2087 sacramenta
2588 2028 2959 2103 transgressus
2981 2041 3081 2091 est.
3096 2033 3369 2105 jussitqne
3393 2053 3621 2093 omnem

2014 2121 2317 2178 exercitum
2341 2122 2395 2177 in
2418 2122 2647 2177 circuitu
2667 2131 2899 2177 stantem
2924 2124 3199 2194 deponere
3226 2142 3411 2185 muros
3442 2144 3622 2198 usque

2015 2211 2085 2266 ad
2136 2210 2331 2267 solum.
2366 2210 2663 2282 Postquam
2702 2211 2819 2268 hmo
2846 2211 2991 2277 fecit,
3016 2228 3268 2271 reversus
3296 2226 3384 2272 est
3422 2217 3623 2273 Antio-

2016 2301 2217 2367 chiam,
2249 2301 2452 2357 ducens
2476 2299 2670 2358 Oniam
2697 2302 2996 2373 principem
3024 2305 3367 2360 sacerdotum
3391 2347 3405 2372 ,
3434 2307 3530 2377 qui
3562 2316 3623 2363 et

2010 2389 2291 2447 Menelaus
2310 2390 2611 2448 dicebatur.
2628 2390 2763 2448 Nam
2781 2393 2971 2465 Lysias
2987 2395 3256 2464 persuasit
3278 2397 3396 2469 regi
3423 2396 3619 2454 Hene-

2016 2482 2162 2538 laum
2184 2483 2435 2540 occidere
2457 2485 2505 2540 si
2541 2483 2705 2541 vellet
2734 2492 2955 2556 pacatos
2998 2502 3121 2543 esse
3146 2486 3395 2555 'Judteos,
3424 2492 3623 2547 dicens

2004 2572 2159 2629 tunc
2186 2572 2352 2629 fuisse
2372 2573 2593 2629 initium
2619 2575 2908 2642 malorum,
2930 2577 3021 2647 qui
3051 2576 3197 2631 ﬂexit
3219 2587 3431 2648 patrem
3455 2596 3618 2636 suum

2016 2661 2214 2737 cogere
2236 2662 2451 2722 iudteos
2490 2664 2802 2738 religionem
2843 2669 3076 2736 patriam
3112 2668 3441 2741 relinquere.
3493 2668 3624 2725 Mit-

2017 2765 2138 2814 tens
2157 2771 2286 2829 ergo
2308 2772 2402 2813 rex
2420 2754 2728 2813 Menelaum
2764 2756 3074 2813 adNeriam
3103 2759 3277 2833 Syria
3305 2762 3616 2830 civitatem,

2006 2850 2298 2906 interfecit
2357 2866 2503 2917 eum,
2552 2858 2677 2922 post
2722 2851 2995 2907 decimum
3032 2868 3231 2908 annum
3266 2856 3624 2927 principatus

2020 2940 2309 2996 sacerdotii
2338 2939 2499 3012 ejus;
2553 2950 2606 2997 et
2643 2950 2705 2996 ut
2750 2940 2866 3012 ipse
2892 2944 3253 3013 principatum
3316 2947 3619 3014 obtineret,

2021 3031 2234 3103 impulit
2255 3031 2467 3087 Iudaeos
2499 3032 2801 3103 transgredi
2827 3032 2993 3104 leges.
3024 3032 3285 3105 Princeps
3313 3051 3448 3091 vero
3471 3038 3625 3092 ordi-

331 3132 517 3191 δευουιί
569 3131 710 3192 bella
751 3131 1015 3203 ingerere.
1059 3129 1143 3185 Ad
1189 3128 1565 3201 probationem
1594 3127 1919 3201 quibusdam
1946 3112 1991 3176 C
2023 3131 2184 3179 natus
2215 3131 2309 3179 est
2351 3130 2477 3195 post
2532 3123 2758 3179 Menelai
2805 3124 3080 3179 interitum
3129 3125 3392 3192 Alcimus,
3422 3127 3519 3198 qui
3566 3138 3625 3185 et

331 3225 703 3293 credentibus,
740 3208 1064 3295 quibusdam
1111 3223 1179 3278 ad
1207 3222 1602 3294 deceptionem.
1628 3220 1764 3289 Quia
1792 3222 1919 3277 dum
2021 3217 2268 3274 Jonchim
2314 3224 2538 3271 vocatus
2577 3224 2680 3271 est.
2720 3215 2833 3270 Rex
2863 3226 3044 3272 autem
3097 3217 3421 3284 Antitlchus,
3462 3219 3622 3275 inve-

331 3316 563 3399 mystica
583 3300 798 3385 mulier,
812 3329 933 3387 quae
950 3330 1049 3386 per
1064 3313 1290 3387 ﬁguram
1305 3314 1431 3370 Evae
1445 3327 1699 3385 expressa
1712 3323 1816 3377 est.
1832 3330 1922 3370 ca-
2023 3308 2177 3365 niens
2206 3306 2516 3399 Philippum
2554 3307 2715 3399 rebus
2741 3308 3118 3378 imperantem.
3143 3309 3450 3364 debellnbal
3468 3325 3618 3375 eum.

331 3416 433 3481 put
457 3407 694 3464 conterit
727 3404 1018 3478 serpentis,
1049 3404 1165 3476 ipse
1214 3405 1406 3477 anguis
1442 3412 1741 3461 venenatus
1787 3421 1923 3459 nun-

334 3516 502 3577 quam
528 3500 761 3560 cessabit
789 3499 1037 3558 insidiari
1081 3498 1335 3557 caleaneo
1373 3498 1508 3572 ejus.
1550 3498 1706 3567 Quod
1741 3507 1923 3555 autem

335 3595 722 3669 subjungitur:
758 3591 830 3653 Et
861 3600 1221 3661 remanserunt
1269 3595 1326 3648 in
1378 3593 1577 3647 sanctis
1617 3593 1717 3648 viri
1742 3594 1921 3664 pauci,

334 3689 586 3763 quoniam
636 3686 928 3755 obtinuerat
955 3702 1042 3754 eos
1071 3686 1259 3758 fames,
1288 3684 1587 3757 etdispersi
1616 3695 1738 3741 sunt
1763 3702 1951 3747 unus-_

335 3780 554 3855 quisque
579 3780 636 3839 in
664 3777 836 3834 locum
869 3795 1045 3846 suum,
1067 3778 1330 3851 significat
1362 3779 1524 3863 quod,
1552 3779 1927 3849 persecutione

338 3871 637 3931 inﬁdelium
680 3870 940 3937 fervente,
976 3871 1193 3944 plurimi
1215 3887 1400 3928 eorum
1430 3871 1522 3942 qui
1547 3872 1846 3928 facieteuus
1869 3873 1925 3929 in

272 3966 277 3969 ’
338 3959 677 4029 Ecclesia,et
688 3975 797 4016 non
823 3958 946 4017 ﬁdei
967 3959 1290 4024 constantia,
1310 3960 1727 4031 perseverabant
1744 3960 1795 4015 in
1815 3961 1924 4028 illa,

340 4055 725 4129 disperguntur
751 4061 975 4125 propter
1000 4054 1249 4109 timorem
1290 4068 1599 4125 prunarum,
1616 4053 1774 4125 juxta
1797 4055 1929 4113 illud

343 4146 489 4218 quod
510 4144 772 4201 Dominus
792 4144 846 4199 in
871 4143 1160 4216 Evangelio
1181 4145 1430 4214 praedixit
1455 4145 1762 4203 novissimis
1793 4153 1930 4202 tem-

342 4237 566 4311 poribus
585 4234 825 4301 futurum
868 4253 881 4290 :
919 4235 1038 4293 Erit
1068 4237 1206 4292 enim
1234 4237 1427 4308 inquit,
1453 4255 1699 4309 pressura
1736 4256 1931 4311 magna

340 4339 499 4392 super
542 4333 767 4391 terram,
809 4334 858 4378 et
890 4326 973 4379 ira
998 4327 1191 4396 populo
1217 4326 1358 4383 huic.
1392 4326 1460 4380 Et
1489 4325 1679 4383 cadent
1723 4327 1783 4382 in
1835 4341 1926 4381 ore

340 4413 512 4486 gladii
539 4426 588 4469 et
616 4415 812 4485 captiui
844 4414 1105 4474 ducentur
1140 4416 1401 4473 inmunes
1433 4428 1634 4489 gentes,
1670 4428 1721 4474 et
1762 4416 1925 4474 Jeru-

343 4507 507 4562 salem
534 4510 897 4567 coarctabilur
922 4527 953 4563 ιι
974 4509 1236 4580 gentibus,
1264 4514 1426 4565 donec
1450 4512 1773 4579 impleantur
1797 4525 1930 4569 tem-

236 4638 239 4639 ν
340 4615 474 4668 pora
522 4602 800 4655 nationum
830 4599 985 4671 (Luc.
1019 4603 1158 4672 XXI).
1192 4600 1263 4657 Et
1293 4605 1396 4659 nisi
1433 4604 1654 4659 breviati
1701 4606 1926 4674 fuissent

342 4690 452 4744 dies
500 4690 600 4754 illi,
642 4707 745 4745 non
790 4693 940 4761 ﬁeret
981 4690 1131 4745 saltm
1168 4693 1338 4747 omnis
1384 4709 1533 4759 caro,
1584 4693 1675 4748 sed
1714 4705 1929 4766 propter

342 4780 532 4837 electos
563 4781 936 4838 breriabuntur
964 4784 1075 4838 dies
1104 4782 1187 4839 illi
1217 4782 1434 4854 (.llatth.
1470 4770 1641 4854 xxrv):
1840 4794 1845 4797 ‘

414 4872 483 4929 Et
515 4874 718 4931 audiuit
744 4872 937 4944 Lysias
967 4873 1105 4943 quod
1136 4874 1438 4946 Philippus,
1467 4892 1623 4946 quem
1649 4877 1925 4936 constituit

352 4974 445 5012 rea:
481 4959 768 5013 Antiochus
795 4978 911 5014 cum
943 4960 1116 5014 adhuc
1138 4961 1344 5029 viveret,
1370 4973 1474 5019 etc.
1499 4964 1637 5031 Quid
1668 4965 1937 5038 Iosephus

352 5050 480 5106 hinc
512 5048 712 5107 referat
754 5066 859 5106 non
888 5050 1165 5123 indignum
1202 5053 1414 5110 videtur
1447 5058 1572 5113 huic
1599 5059 1751 5128 operi
1784 5062 1933 5119 inse-

350 5158 508 5209 rere;
539 5156 640 5198 nec
677 5155 840 5214 grave
867 5141 1028 5199 debet
1063 5143 1233 5197 videri
1283 5144 1470 5200 lectori
1517 5147 1561 5202 si
1591 5148 1932 5206 diversarum

349 5232 701 5290 historiarum
747 5230 978 5287 invicem
1008 5230 1360 5292 conferuntur
1400 5238 1765 5303 narrationes,
1809 5242 1935 5309 quia

350 5322 669 5379 alterutrum
696 5336 755 5378 se
772 5321 1224 5394 juvarevidentur
1239 5324 1306 5380 ad
1325 5326 1719 5395 explanandam
1748 5330 1825 5390 rei
1851 5348 1933 5387 rc-

352 5414 669 5473 etitudinem
688 5412 946 5471 historice
958 5423 1205 5475 retexere
1218 5416 1502 5476 veritatem
1511 5456 1524 5470 .
1544 5416 1739 5475 Narrat
1753 5430 1935 5479 autem

348 5505 618 5580 ,losephus
672 5506 776 5562 hoc
825 5507 985 5562 modo
1035 5506 1183 5580 (Lib.
1244 5523 1321 5567 xu
1382 5507 1560 5580 Antiq.
1616 5527 1731 5581 cap.
1782 5513 1928 5583 ii):

360 5615 380 5648 ι
418 5596 604 5669 Lysias
636 5598 745 5655 dux
770 5606 827 5653 et
851 5614 947 5654 rex
967 5596 1267 5657 Antiochus
1291 5613 1413 5652 cum
1441 5597 1722 5671 Philippus
1747 5620 1777 5658 a
1806 5603 1934 5659 Per-

356 5686 473 5741 side
509 5687 743 5745 veniens
776 5690 1055 5769 nuntiatus
1111 5697 1193 5750 est
1233 5689 1313 5743 eis
1353 5692 1785 5752 commendatum
1831 5697 1932 5757 sibi

2023 3413 2184 3469 quem
2215 3398 2316 3453 sub
2341 3412 2438 3452 sua
2466 3396 2667 3453 faciens
2691 3407 2958 3468 potestate
2987 3400 3208 3455 occidit.
3230 3400 3402 3456 Filius
3430 3413 3621 3458 autem

2024 3490 2286 3562 principis
2305 3488 2604 3545 sacerdotis
2626 3487 2799 3555 Onite,
2822 3489 2890 3545 de
2913 3504 3019 3560 quo
3043 3490 3415 3562 praediximus,
3440 3496 3624 3552 adhuc

2024 3581 2280 3654 puerulus
2300 3580 2565 3637 defuncto
2596 3589 2752 3651 patre
2794 3581 3035 3648 relictus,
3067 3582 3258 3638 videns
3281 3586 3428 3654 quod
3449 3602 3627 3641 avun-

2020 3673 2204 3730 culum
2227 3687 2383 3727 suum
2398 3669 2802 3726 Menelaum-rex
2821 3669 3177 3727 interfecisset
3190 3675 3626 3746 etprineipatum

2026 3761 2316 3818 sacerdotii
2353 3758 2852 3825 Alcimodedisset,
2883 3768 2949 3815 et
2994 3777 3105 3815 non
3130 3762 3393 3818 existeuti
3426 3767 3495 3821 de
3532 3782 3631 3837 gs»

2022 3869 2158 3910 nere
2200 3854 2565 3919 sacerdotum,
2596 3853 2694 3909 scd
2712 3851 2873 3924 Lysia
2919 3851 3109 3920 ﬂexus,
3137 3865 3196 3911 ut
3241 3867 3630 3930 transponere:

2028 3947 2289 4002 honorem
2337 3945 2405 4000 ab
2450 3959 2513 3999 ea
2545 3942 2747 4005 familia
2795 3945 2862 4000 ad
2891 3945 3052 4003 aliam
3086 3947 3343 4016 domum;
3387 3952 3531 4024 fugit
3553 3958 3624 4010 ad

2028 4035 2380 4093 Ptolomaeum
2426 4050 2615 4107 regem
2665 4035 2903 4109 Egypti,
2937 4045 2993 4092 et
3037 4038 3298 4096 honorem
3325 4048 3527 4100 meruit
3554 4048 3626 4102 ab

2030 4131 2149 4202 ipso
2174 4128 2536 4200 et-Cleopatra
2568 4144 2737 4185 uxore
2764 4129 2902 4198 ejus,
2930 4130 3217 4203 locumque
3246 4137 3407 4207 petiit
3454 4140 3508 4194 in
3538 4156 3624 4195 re-

2031 4221 2189 4292 gione
2218 4219 2637 4290 Heliopolitana,
2669 4220 2759 4275 ubi
2789 4221 2964 4276 simile
2991 4220 3457 4296 Jerosolymorum
3492 4232 3623 4286 aedi-

2031 4313 2219 4369 ficaret
2246 4314 2524 4384 templum.
2557 4334 2577 4367 ι
2607 4313 2876 4371 Hactenus
2898 4314 3182 4388 Iosephus.

2102 4404 2257 4473 Quod
2288 4415 2468 4463 autem
2500 4406 2798 4462 Antiochus
2822 4406 2997 4463 fmdus
3020 4410 3222 4480 pepigit
3255 4427 3380 4468 cum
3408 4416 3623 4473 lsraeli-

2036 4501 2127 4566 tis,
2153 4506 2210 4556 et
2245 4499 2452 4570 juravit
2477 4498 2566 4554 ille
2590 4506 2645 4555 et
2673 4501 2943 4572 principes
2968 4501 3106 4571 ejus,
3130 4522 3233 4561 nec
3260 4514 3443 4565 tamen
3463 4511 3639 4582 jura-.

2032 4601 2277 4648 mentum
2311 4591 2567 4657 servavit,
2597 4592 2693 4647 sed
2718 4593 2874 4649 solvit
2896 4594 3277 4666 jusjurandum
3318 4612 3375 4657 et
3400 4605 3623 4664 violavit

2031 4693 2246 4755 pactum
2277 4701 2294 4749 ;
2326 4683 2590 4755 significat
2619 4685 2760 4754 quod
2786 4688 3204 4745 cum‘hzereticis
3224 4699 3278 4745 et
3308 4695 3622 4756 infidelibus

2033 4776 2181 4831 nullo
2214 4775 2373 4830 modo
2402 4773 2553 4829 firma
2590 4775 2693 4830 erit
2717 4774 2895 4844 pactio
2937 4777 3179 4846 hederis,
3231 4787 3357 4854 quia
3412 4790 3620 4860 nequa-

2033 4883 2195 4939 quam
2231 4867 2368 4937 apud
2394 4866 2488 4920 eos
2520 4864 2630 4920 ﬁxa
2660 4874 2743 4921 est
2780 4867 3083 4924 observatio
3103 4872 3261 4941 juris.
3290 4875 3447 4932 Unde
3472 4882 3620 4938 nullo

2038 4960 2198 5015 modo
2224 4975 2345 5014 cum
2375 4958 2522 5013 vitiis
2545 4966 2600 5013 et
2626 4959 2881 5013 vitiorum
2921 4970 3143 5019 auctore
3180 4963 3485 5026 feriendum
3532 4985 3620 5030 est

2036 5050 2232 5116 foedus,
2260 5050 2386 5105 licet
2428 5065 2613 5120 pacem
2651 5049 2968 5120 promittant
3004 5061 3057 5108 et
3097 5063 3515 5128 prosperitatem
3545 5069 3621 5122 si.

2041 5144 2245 5199 mulent
2271 5161 2285 5208 ;
2315 5143 2408 5198 sed
2444 5144 2588 5198 omni
2613 5128 2852 5214 tempore
2890 5145 3157 5204 instanter
3202 5163 3391 5210 contra
3419 5173 3515 5212 eos
3542 5161 3620 5215 di-

2039 5235 2344 5294 micandum
2369 5252 2490 5291 cum
2532 5244 2686 5291 scuto
2717 5235 2837 5290 fidei
2878 5245 2934 5291 et
2982 5242 3151 5298 armis
3196 5244 3458 5314 justilizez
3494 5260 3621 5309 tunc

1989 5342 1993 5351 '
2039 5338 2217 5386 autem
2261 5331 2580 5385 cessandum
2627 5345 2657 5385 a
2698 5330 2904 5402 prmlio,
2936 5333 3154 5403 quando
3210 5340 3383 5396 hostis
3418 5343 3619 5400 Antio-

2038 5424 2171 5482 chus
2200 5438 2305 5478 non
2329 5423 2477 5479 siluit
2502 5422 2555 5478 in
2581 5423 2800 5490 mundo,
2826 5423 2921 5479 sed
2949 5423 3230 5483 demersus
3251 5435 3545 5495 retruditur
3564 5437 3621 5497 in

2039 5513 2272 5571 inferno.

2717 5634 2946 5655 C—n—l
