3928 6168
334 334 472 394 ηπ

1025 447 1160 503 PUT
1201 447 1310 504 ΥΠ,

1025 447 1065 502 P
1117 448 1160 502 Τ
1201 447 1310 504 ΥΠ,

336 536 651 610 Degnetritts,
677 537 864 610 occisis
884 446 1138 610 ﬁlim-:50
1162 548 1209 592 et
1232 536 1411 610 Lysia,
1432 541 1655 594 obtinuit
1677 556 1910 610 regnum.

397 608 481 666 De
511 608 717 664 Alcime
736 618 787 663 et
801 607 1062 663 Bacchide
1090 618 1139 662 et
1170 607 1372 663 malitia
1401 627 1578 664 eorum
1602 627 1621 673 ς
1680 607 1747 664 de
1798 628 1918 665 san-

394 680 557 749 guine
598 678 778 749 eiusa
822 679 877 732 in
907 678 1129 733 circuitu
1172 678 1491 749 Jerusalem.
1542 680 1685 735 Misit
1712 681 1913 734 Deme-

398 747 533 832 trius
589 747 900 805 Nicanorem
942 760 1125 804 contra
1170 748 1388 804 Israel:
1443 752 1607 806 oravit
1648 751 1821 806 Iudas
1853 761 1914 807 et

396 828 543 873 vicit.

401 907 548 961 Anno
593 909 870 963 centesimo
898 911 1324 981 quinquagesimo
1361 910 1530 981 primo
1571 911 1696 964 exiit
1720 909 1913 965 Deme-

324 1000 460 1054 ttius
488 998 696 1055 Seleuci
720 1000 863 1069 ﬁlius
893 1003 956 1056 ab
1000 1001 1125 1056 urbe
1154 1000 1345 1067 Roma,
1373 1010 1478 1056 etc.
1506 1004 1581 1057 De
1609 1003 1712 1057 hoc
1733 1013 1913 1058 autem
1938 1056 1943 1067 ,

323 1089 601 1146 Demetrio
622 1089 912 1161 Pompeius
926 1091 1134 1163 Trogus
1162 1091 1215 1148 ib
1240 1110 1335 1147 sua
1371 1093 1606 1149 Historia
1635 1093 1707 1148 ita
1728 1103 1914 1149 narrat

323 1182 550 1237 dicens:
595 1180 733 1237 Cum
783 1181 1085 1238 Antiochus
1132 1182 1335 1239 recedit
1389 1183 1668 1257 [decedit],
1724 1185 1913 1242 relicto

319 1272 549 1343 parvulo
574 1272 863 1328 admodum
895 1271 1023 1337 ﬁlio,
1058 1274 1141 1327 cui
1167 1281 1373 1328 tutores
1395 1290 1425 1329 a
1453 1275 1648 1345 populo
1683 1276 1791 1330 dati
1821 1291 1911 1332 es-

320 1371 465 1428 sent,
494 1371 721 1433 patruus
747 1360 864 1431 ejus
890 1362 1212 1429 Demetrius,
1243 1364 1332 1435 qui
1362 1365 1523 1420 obses
1551 1365 1739 1421 Romae
1767 1376 1908 1433 erat,

319 1455 531 1524 cognita
563 1454 953 1510 morte‘t'ratris
993 1453 1274 1523 Antiochi,
1304 1468 1550 1514 senatum
1579 1460 1732 1528 adiit,
1763 1463 1911 1517 obsi-

317 1544 440 1598 dem
471 1558 531 1598 se
563 1543 687 1598 vivo
712 1542 882 1599 fratre
916 1545 1149 1610 venisse,
1197 1563 1305 1617 quo
1330 1557 1544 1604 mortuo
1566 1549 1720 1621 cujus
1748 1554 1910 1607 olzses

316 1637 388 1690 sit
418 1651 476 1691 se
512 1635 765 1707 ignorare
791 1653 807 1704 ;
867 1637 1064 1693 dimitti
1102 1640 1265 1710 igitur
1289 1657 1347 1696 se
1376 1642 1440 1697 ad
1470 1660 1691 1714 regnum
1741 1646 1908 1715 impe-

1058 335 1407 394 COMMENT.
1448 337 1515 394 lN
1554 336 1798 398 LIBROS
1836 339 2408 402 MACHABASORUM.
2436 376 2504 385 —
2538 345 2609 402 IN
2646 346 2773 404 LIB.
2812 348 2853 404 Ι.

3453 355 3588 415 1178

1941 453 2359 522 Apostmodum
2404 446 2579 525 dignis
2617 457 2890 527 impendat
2933 463 3109 528 poenis
3154 463 3307 534 quod.
3341 464 3594 531 operibus

2019 554 2337 599 meruerunt
2362 545 2584 617 iniquis.

2086 633 2157 687 Et
2190 635 2331 691 misit
2363 652 2454 690 rex
2500 634 2838 705 Nicanorem,
2875 655 3036 693 unum
3059 656 3121 694 ea:
3139 645 3459 716 principibus
3486 646 3595 701 suis

2016 724 2380 793 nobilioribus,
2420 729 2513 799 qui
2551 738 2662 784 erat
2697 730 3003 786 inimicitias
3033 748 3273 788 exercens
3299 745 3481 789 contra
3510 735 3593 791 ls-

2016 816 2147 883 rael,
2179 826 2285 872 etc.
2326 818 2434 874 Per
2472 818 2798 877 Nicanorem
2843 822 3029 890 istum,
3076 839 3235 895 quem
3266 826 3319 880 in
3347 826 3449 881 alio
3478 827 3595 885 loco

2013 909 2362 979 praepositum
2417 910 2831 981 elephantorum
2884 912 3057 970 fuisse
3109 915 3378 986 legimus,
3431 917 3595 974 falsos

2013 999 2286 1069 apostolos
2331 1001 2445 1056 sive
2488 1001 3003 1074 pseudoprophetas,
3036 1004 3129 1076 qui
3166 1020 3232 1060 ex
3272 1004 3471 1062 Judtcis
3502 1026 3593 1063 su-

2010 1092 2211 1161 perbia:
2234 1108 2341 1147 sum
2368 1091 2626 1151 functioni
2657 1096 2970 1151 incedentes
2989 1096 3050 1170 (?)
3070 1098 3137 1151 ad
3151 1094 3448 1154 Ecclesiam
3464 1118 3593 1172 gen-

2013 1182 2144 1236 tium
2180 1184 2487 1247 veniebant,
2531 1201 2821 1255 possumus
2867 1188 3189 1259 intelligere.
3220 1188 3285 1243 Hi
3310 1207 3408 1261 per
3428 1192 3593 1247 simu-

2012 1271 2266 1329 lationem
2318 1274 2371 1328 in
2426 1273 2665 1329 Ecclesia
2709 1274 2912 1330 Christi
2958 1292 3199 1332 errorem
3250 1279 3591 1338 introducere

2010 1364 2316 1429 molientes,
2342 1365 2611 1436 ﬁngebant
2634 1381 2690 1420 se
2706 1381 2826 1422 esse
2841 1367 3115 1437 paciﬁcos,
3139 1369 3234 1424 sed
3262 1378 3321 1425 ut
3344 1370 3395 1424 in
3429 1370 3587 1426 ﬁnem

2009 1458 2308 1527 apparebit,
2357 1466 2513 1513 erant
2555 1458 2739 1515 hostes
2768 1459 3068 1514 suavissimi.
3103 1461 3180 1516 De
3206 1462 3402 1531 quibus
3430 1461 3591 1515 Joan-

2009 1560 2104 1599 nes
2147 1545 2420 1614 apostolus
2456 1546 2507 1600 in
2548 1546 2871 1620 Apocalypsi
2910 1564 3004 1603 sua
3043 1550 3289 1605 scribens
3322 1549 3472 1623 (Cap.
3503 1550 3589 1622 u),

2007 1637 2083 1690 ait
2113 1654 2124 1689 :
2155 1635 2257 1702 Qui
2286 1637 2466 1691 dicunt
2494 1655 2550 1693 se
2579 1637 2797 1693 Juda‘os
2825 1657 2953 1705 esse,
2983 1650 3031 1695 et
3058 1658 3163 1697 non
3188 1652 3329 1707 sunt,
3355 1643 3446 1697 sed
3468 1654 3587 1698 sunt

317 1730 537 1785 tendum
567 1746 782 1801 aequum
818 1746 963 1799 esse,
990 1734 1134 1801 quod
1165 1733 1287 1803 jure
1311 1735 1549 1804 gentium
1579 1738 1767 1807 majori
1798 1736 1907 1792 [ηι-
2006 1744 2269 1798 synagoga
2295 1728 2546 1794 Satanw;
2566 1745 2701 1799 quos
2724 1731 2982 1802 magister
3001 1733 3240 1804 gentium
3272 1733 3322 1787 in
3351 1734 3587 1804 Epistula

314 1826 381 1879 tri
412 1826 641 1881 cesserit
667 1867 680 1890 ,
707 1826 780 1880 ita
812 1840 955 1880 nunc
983 1826 1104 1891 sibi,
1139 1827 1231 1898 qui
1261 1829 1521 1898 pupillum
1553 1832 1901 1887 antecedebat

2007 1836 2103 1875 sua
2128 1819 2212 1888 (11
2235 1818 2356 1874 Cor.
2386 1819 2487 1894 χι),
2505 1822 2707 1891 pseudo
2728 1824 3000 1892 apostolos
3022 1825 3286 1890 nominat,
3311 1827 3590 1894 operarios

311 1923 474 1970 amite
505 1915 705 1970 deberi.
733 1913 867 1970 Cum
909 1931 967 1971 se
1000 1932 1103 1971 non
1143 1917 1338 1973 dimitti
1389 1919 1840 1975 animadverteret
1871 1937 1903 1976 a
2003 1910 2275 1976 subdolos,
2292 1909 2382 1981 qui
2417 1909 2870 1983 transfiguratum
2893 1912 2944 1967 in
2974 1913 3246 1983 apostolos
3267 1914 3506 1981 Christi;
3537 1925 3591 1971 ct

312 2015 508 2060 senatu
536 2047 550 2071 ,
606 2006 768 2061 tacito
812 2006 1016 2077 judicio
1065 2008 1234 2063 tutius
1260 2011 1401 2078 apud
1432 2008 1693 2080 pupillum
1738 2028 1901 2082 quam

312 2098 456 2167 apud
483 2113 604 2152 eum
636 2112 860 2168 regnum
889 2096 1128 2154 futurum
1153 2100 1473 2166 arbitrante,
1493 2103 1672 2172 specie
1699 2118 1901 2158 venan-

311 2189 364 2243 di
402 2189 472 2243 ab
502 2186 645 2243 Urbe
677 2188 969 2259 profectus,
1000 2188 1165 2245 Ostiae
1190 2192 1385 2246 tacitus
1415 2207 1536 2245 cum
1564 2192 1704 2262 fuga:
1725 2194 1900 2249 comi-

312 2279 457 2335 tibus
483 2294 677 2334 navem
727 2281 989 2335 ascendit.
1039 2280 1257 2336 Delatus
1311 2283 1364 2338 in
1401 2280 1615 2354 Syriam
1662 2286 1900 2339 secundo

310 2370 496 2425 favore
522 2371 765 2425 omnium
787 2369 1070 2442 accipitur,
1125 2388 1460 2444 regnumque
1489 2374 1560 2441 ei,
1592 2376 1775 2431 occiso
1792 2392 1896 2446 pu-

309 2461 461 2531 pillo,
499 2476 530 2515 a
555 2460 827 2516 tutoribus
855 2461 1105 2517 traditur.

382 2549 450 2603 Et
481 2559 733 2606 venerunt
773 2551 844 2605 ad
879 2566 997 2605 eum
1034 2553 1131 2606 viri
1169 2552 1333 2623 iniqui
1363 2562 1410 2607 et
1439 2553 1584 2627 impii
1610 2570 1676 2609 ea:
1700 2553 1896 2622 Israel,

308 2650 356 2694 et
405 2640 640 2695 Alcimus
686 2642 798 2697 dua:
835 2659 1039 2709 eorum,
1086 2651 1192 2699 etc.
1243 2643 1381 2711 Quid
1424 2660 1521 2715 per
1561 2645 1896 2703 Demetrium

310 2748 515 2804 regem,
567 2734 671 2789 nisi
706 2735 995 2805 .principes
1043 2736 1288 2807 gentium
1330 2740 1421 2808 qui
1462 2740 1895 2810 persecutionem

312 2830 534 2878 movent
557 2832 745 2879 contra
768 2824 1065 2880 Ecclesium
1090 2825 1313 2891 Christi,
1343 2828 1896 2901 designantur?Quod

309 2915 450 2971 bene
496 2916 731 2972 nominis
778 2916 1154 2993 interpretatio
1180 2919 1251 2972 ita
1282 2919 1572 2991 explanat;
1625 2922 1891 2992 interpre—

311 3014 460 3061 tatur
489 3006 633 3063 enim
655 3007 978 3063 uehementer
1004 3009 1290 3075 innectens,
1321 3010 1435 3064 sive
1463 3011 1683 3065 nimium
1713 3028 1893 3081 perse-

309 3115 494 3172 quens.
544 3099 627 3156 Ad
666 3100 810 3156 hunc
847 3114 978 3172 ergo
1004 3099 1301 3171 principem
1340 3101 1564 3157 veniunt
1597 3103 1691 3158 eiri
1726 3103 1891 3174 iniqui

310 3201 360 3246 et
385 3192 532 3262 impii
551 3207 617 3247 es:
639 3190 831 3257 Israel,
860 3200 907 3245 et
932 3189 1165 3245 Alcimus
1188 3193 1298 3246 dua:
1316 3208 1518 3260 eorum,
1548 3209 1672 3248 cum
1696 3191 1775 3247 illi
1801 3194 1895 3265 qtti

310 3294 435 3356 post
466 3284 624 3339 ﬁdem
646 3284 849 3340 Christi
892 3293 1203 3354 perceptam
1242 3285 1310 3339 ad
1349 3286 1679 3355 apostasiam
1721 3287 1897 3343 redie-

312 3382 465 3440 runt,
499 3373 812 3444 religionem
848 3373 1216 3429 Christianam
1244 3373 1624 3445 blasphemaut
1645 3384 1701 3431 et
1724 3376 1897 3433 eccle-

309 3468 535 3522 siastico
557 3467 849 3522 detrahunt
869 3467 1070 3534 cultui;
1110 3481 1341 3537 quorum
1374 3469 1539 3525 duces
1573 3476 1699 3524 sunt
1725 3471 1898 3526 haere-

310 3561 428 3627 tici,
468 3561 560 3632 qui
582 3576 680 3632 per
702 3561 1052 3617 ambitionem
1078 3560 1426 3617 sublimitatis
1471 3561 1658 3616 volunt
1686 3564 1752 3616 ab
1780 3577 1896 3618 om-

311 3652 473 3709 nibus
517 3653 698 3726 magni
749 3652 940 3708 videri.
999 3651 1109 3708 Sed
1161 3653 1468 3724 proditione
1525 3652 1895 3723 hujuscemodi

310 3752 562 3815 suscepta
589 3737 757 3800 mittit
781 3742 1087 3799 Demetrius
1116 3744 1288 3814 typice
1312 3743 1658 3811 Bacchidem,
1682 3745 1775 3814 qui
1801 3746 1897 3801 do-

310 3834 622 3889 minabatur
665 3842 813 3889 trans
860 3835 1057 3905 flumen
1093 3834 1146 3889 in
1193 3850 1378 3906 regno,
1412 3842 1469 3890 ut
1493 3835 1762 3891 Alcimum
1797 3837 1898 3891 im-

309 3926 459 3996 pium
489 3925 782 3980 constituat
809 3923 864 3979 in
890 3925 1252 3991 sacerdotem,
1277 3933 1333 3980 et
1358 3924 1615 3981 ultionem
1645 3925 1811 3982 faciat
1840 3927 1897 3981 in

310 4015 449 4069 ﬁlios
492 4013 657 4069 Israel
682 4033 695 4067 :
721 4030 844 4070 cum
872 4030 969 4084 per
995 4029 1233 4087 paganos
1262 4015 1530 4087 quoslibet
1553 4017 1694 4086 apud
1727 4033 1897 4074 saecu-

309 4111 419 4165 lum
447 4119 718 4181 potentes,
758 4110 850 4180 qui
896 4111 1126 4166 necdum
1164 4122 1480 4167 meruerunt
1521 4110 1723 4168 Christi
1765 4113 1897 4183 bap-

308 4203 527 4259 tisntate
565 4202 697 4274 tingi
735 4209 791 4257 et
820 4201 875 4256 in
912 4217 1139 4258 numero
1168 4201 1405 4258 ﬁdelium
1432 4204 1758 4275 computari,
1785 4204 1896 4260 ha:-

311 4293 500 4349 relicis
540 4292 717 4348 fastus
756 4294 839 4348 sui
886 4294 1203 4364 praebebunt
1239 4293 1644 4361 adminiculum,
1673 4295 1895 4352 etveris

308 4384 719 4444 bonfcssorihus
744 4384 946 4441 Christi
985 4393 1378 4440 tormentorum
1409 4385 1655 4455 ingerent
1683 4386 1893 4442 crucia-

2002 2019 2107 2059 non
2147 2005 2344 2060 mirum
2391 2021 2513 2060 cum
2559 2005 2673 2077 ipse
2715 2004 2949 2060 Satanas
2978 2006 3324 2078 transﬁguret
3353 2022 3411 2063 se
3433 2009 3589 2077 quasi

2001 2099 2248 2169 angelum
2277 2098 2446 2166 lucis;
2474 2100 2615 2153 unde
2635 2114 2740 2153 non
2771 2108 3022 2172 magnum
3051 2107 3133 2155 est
3154 2100 3200 2154 si
3229 2101 3454 2154 ministri
3476 2101 3590 2170 ejus

2000 2191 2444 2259 trans/igurentur
2483 2189 2617 2244 velut
2663 2190 2889 2244 ministri
2916 2190 3169 2260 justitia’,
3199 2208 3427 2261 quorum
3467 2194 3590 2263 ﬁnis

1998 2283 2093 2337 erit
2112 2283 2395 2335 secundum
2423 2298 2577 2352 opera
2604 2282 2855 2353 ipsorum.
2890 2281 2951 2335 lli
2978 2298 3127 2354 ergo,
3159 2283 3306 2338 velut
3329 2283 3583 2347 Nicanor,

1948 2386 1953 2389 ‘
2002 2382 2292 2429 exerentes
2345 2370 2746 2445 [extendentes]
2811 2387 3032 2427 manum
3085 2381 3273 2429 contra
3331 2374 3586 2443 templum

2001 2463 2239 2528 Domini,
2291 2463 2698 2534 blasphemant;
2751 2464 2878 2533 quia
2925 2464 3180 2534 potentiae
3232 2463 3454 2531 Christi,
3496 2465 3588 2535 qui

1997 2561 2082 2609 est
2107 2553 2159 2607 in
2186 2551 2449 2617 Ecclesia,
2477 2551 2625 2607 velut
2650 2552 2832 2608 minus
2866 2553 3054 2609 validae
3085 2553 3366 2627 derogant,
3397 2555 3576 2612 dicen-

1998 2651 2081 2698 tes
2129 2642 2425 2696 fratribus:
2462 2640 2602 2708 Quia
2654 2641 2757 2697 nisi
2801 2643 3253 2697 circumcidamini
3295 2644 3582 2698 secundant

1995 2749 2192 2787 morem
2225 2731 2395 2803 Moysi
2427 2750 2531 2788 non
2564 2732 2775 2804 potestis
2807 2733 3004 2788 salvari
3046 2733 3147 2806 (sic
3176 2735 3319 2788 enim
3352 2733 3404 2788 in
3434 2734 3585 2788 Acti-

1995 2824 2098 2878 bus
2125 2822 2490 2893 apostolorum
2531 2820 2685 2896 (Cap.
2714 2822 2804 2896 xv)
2839 2840 2932 2879 eos
2958 2824 3205 2879 docuisse
3228 2824 3465 2896 legitur),
3490 2825 3583 2879 sed

1995 2914 2223 2970 victoria
2254 2929 2355 2983 per
2381 2911 2574 2969 ludam
2615 2923 2860 2971 nostrum
2905 2923 2963 2970 et
3003 2915 3180 2970 socios
3217 2915 3333 2985 ejus
3365 2917 3579 2986 adepta,

1996 3014 2160 3075 caput
2205 3004 2580 3074 bIaSphemum
2609 3005 2734 3060 huic
2774 3004 2950 3060 errori
2973 3004 3131 3060 simul
3166 3020 3288 3060 cum
3312 3004 3578 3061 Nicanore

1999 3104 2056 3151 et
2074 3096 2293 3152 dextera
2309 3111 2490 3166 prava:
2504 3096 2732 3152 actionis
2746 3097 3063 3162 absciditur,
3078 3113 3146 3153 nc
3160 3096 3297 3152 ultra
3312 3097 3583 3167 tnajcstati

1924 3158 1968 3220 C
2002 3189 2196 3245 divinae
2259 3158 2455 3258 injuria
2512 3189 2637 3244 talis
2702 3158 3058 3260 blasphemiat
3099 3158 3581 3260 irrogetttr.'Dicit

1997 3281 2142 3336 enim
2196 3280 2350 3335 nobis
2398 3279 2597 3335 Paulus
2647 3280 2918 3350 apostolus
2960 3278 3177 3350 (Ephes.
3224 3282 3285 3351 ιι)
3333 3297 3346 3332 :
3394 3276 3582 3332 Gratia

1996 3369 2112 3441 ejus
2141 3370 2263 3425 estis
2284 3369 2473 3425 saluati
2506 3387 2598 3441 per
2617 3370 2802 3440 ﬁdem,
2833 3370 2931 3424 ltoc
2972 3387 3074 3424 non
3103 3386 3166 3425 ea:
3189 3370 3353 3436 vobis,
3384 3368 3579 3424 donum

1994 3462 2134 3515 enim
2171 3460 2267 3515 Dei
2294 3472 2390 3515 est.
2427 3461 2549 3515 Non
2587 3477 2652 3515 ea:
2696 3460 2961 3532 operibus,
2989 3470 3044 3513 ut
3080 3477 3142 3514 ne
3168 3461 3285 3532 quis
3312 3459 3585 3532 glorietur.

1996 3551 2175 3621 Ipsius
2215 3552 2353 3605 enim
2387 3567 2568 3604 sumus
2610 3550 2820 3621 factura
2867 3552 2921 3605 in
2969 3549 3177 3606 Christo
3215 3553 3343 3607 Jesu
3376 3553 3428 3607 in
3461 3571 3583 3624 ορεο

1998 3642 2144 3696 ribus
2188 3641 2358 3709 bonis,
2403 3659 2521 3713 qua:
2561 3643 2874 3713 prtrparavit
2918 3641 3059 3697 Deus
3089 3654 3143 3697 ut
3170 3643 3225 3697 in
3256 3643 3361 3699 illis
3388 3644 3578 3698 ambu-

1997 3731 2186 3788 lentus.

2583 3835 2813 3895 CAPUT
2864 3838 2995 3893 Vlll.

1996 3952 2076 4008 De
2104 3951 2459 4033 Romanorum
2499 3951 2724 4021 [antu-et
2749 3959 3021 4033 potestate.
3055 3950 3218 4005 Mittit
3233 3951 3418 4033 guttas
3443 3951 3586 4023 lega-

2066 4021 2403 4147 totisllipimam
2441 4038 2603 4077 causa
2644 4021 2832 4094 pacis:
2862 4022 3170 4092 rescriptum
3219 4021 3593 4079 Romanorum.

2067 4110 2098 4147 a
2200 4110 2233 4146 ιι
2274 4109 2399 4146 tcos.

2064 4220 2136 4275 Et
2166 4219 2375 4275 audivit
2411 4218 2585 4273 ludas
2627 4234 2813 4274 nomen
2850 4217 3245 4287 Romanorum,
3294 4220 3422 4291 quia
3462 4226 3591 4275 sunt

1994 4320 2227 4385 potentes
2274 4310 2490 4377 viribus,
2520 4317 2629 4365 etc.
2659 4308 2827 4367 ludas
2873 4309 3041 4366 mittit
3077 4308 3343 4383 [mittens]
3383 4309 3592 4382 legatos

1995 4403 2065 4462 ad
2097 4401 2372 4457 Romanos
2398 4398 2729 4454 constituere
2770 4412 2894 4455 cum
2933 4397 3039 4453 illis
3083 4399 3379 4454 amicitiam
3413 4409 3470 4454 et
3503 4414 3588 4457 so'

314 4487 429 4534 tum
455 4495 470 4544 ;
518 4477 613 4533 sed
647 4476 773 4532 licet
802 4477 936 4531 tales
963 4491 1207 4546 personae
1233 4476 1384 4533 Judte
1409 4485 1464 4534 et
1489 4476 1751 4534 fratribus
1776 4477 1893 4548 ejus

2007 4496 2274 4556 pietatem,
2306 4489 2580 4562 signiﬁcat
2610 4489 3029 4558 Redemptorem
3056 4497 3428 4559 nostrumper
3456 4505 3592 4558 prte-

316 4570 498 4625 verbis
522 4566 765 4642 paciﬁcis
802 4568 1094 4639 loquantur
1131 4567 1185 4621 in
1226 4566 1370 4633 dolo,
1400 4584 1504 4624 non
1532 4577 1710 4625 tamen
1741 4587 1895 4627 acce-

315 4661 456 4715 tluut
484 4658 827 4713 sermonibus
859 4672 1070 4723 eorum,
1103 4657 1228 4727 quia
1263 4657 1409 4714 nullo
1432 4658 1591 4715 modo
1618 4660 1897 4719 conﬁdunt

311 4751 558 4824 perﬁdiae
586 4765 796 4805 eorum.

387 4839 458 4901 Et
490 4839 618 4894 vidit
642 4839 814 4895 Iudas
856 4842 1031 4895 omnia
1071 4837 1211 4893 mala
1240 4855 1358 4911 qua!
1393 4839 1515 4909 fecit
1554 4840 1810 4908 Alcimus,
1849 4853 1899 4899 et

310 4933 402 5004 qui
431 4947 550 4985 cum
575 4947 636 4987 eo
660 4940 829 4995 erant,
854 4941 960 4987 etc.
993 4931 1133 4998 Quid
1159 4943 1243 4988 est
1278 4934 1422 5003 quod
1443 4933 1900 5002 Judas,ultiouem

314 5026 373 5080 in
422 5024 935 5096 prtevaricatorihus
991 5023 1160 5091 facit,
1214 5026 1318 5080 nisi
1370 5027 1513 5096 quod
1568 5028 1899 5100 Redemptor

315 5123 502 5175 uoster
532 5115 766 5170 vindicat
790 5115 993 5171 electos
1018 5131 1163 5182 suos,
1198 5132 1299 5173 nec
1322 5132 1648 5190 quemquam
1676 5137 1897 5178 suorum

314 5209 370 5264 in
417 5223 646 5263 vacuum
687 5207 868 5278 perire
897 5207 1319 5279 permittit?Sed
1342 5208 1551 5265 duobus
1581 5213 1753 5268 modis
1776 5213 1898 5268 vin-

314 5297 517 5353 dictam
553 5297 609 5352 in
640 5298 725 5354 his
750 5297 841 5368 qui
879 5305 1177 5362 merentur,
1207 5306 1426 5353 exercet
1452 5317 1466 5354 :
1500 5300 1634 5356 alios
1658 5302 1801 5356 enim
1834 5304 1899 5360 de

315 5387 465 5446 fonte
488 5401 698 5459 magnae
721 5387 942 5458 pietatis
969 5401 1081 5442 suae
1101 5386 1169 5441 ad
1190 5374 1567 5461 paenitentiam
1590 5391 1798 5446 erroris
1813 5392 1896 5447 sui

314 5493 642 5550 provocans,
683 5478 814 5534 facit
845 5491 938 5535 eos
960 5479 1220 5537 adversus
1243 5480 1560 5552 semetipsos
1584 5496 1896 5553 exsurgere,

315 5575 378 5621 ut
415 5569 643 5639 puniant
684 5568 936 5624 lamentis
961 5569 1105 5639 quod
1130 5570 1280 5640 prius
1305 5571 1609 5626 commissis
1634 5582 1894 5643 egerunt;

314 5645 604 5716 aliosvero
629 5660 777 5730 justo
800 5661 1005 5730 )lldlClO
1038 5669 1160 5733 post
1194 5669 1501 5734 perpetrata
1548 5664 1776 5732 scelera,
1815 5665 1899 5720 in-

314 5764 599 5811 correctos
632 5756 686 5811 in
715 5756 911 5812 duritia
948 5772 1045 5811 sua
1087 5773 1437 5829 perseverare
1461 5759 1704 5828 dimittit,
1734 5769 1794 5816 ut
1817 5762 1899 5818 eis

2006 4588 2277 4643 dicatores
2302 4596 2431 4638 suos
2466 4579 2818 4651 Evangelium
2850 4578 3005 4650 pacis
3037 4580 3291 4649 gentibus
3307 4579 3507 4636 olferre
3532 4588 3592 4636 et

2005 4691 2308 4734 convocare
2334 4688 2429 4729 eas
2460 4671 2530 4727 ad
2557 4671 2716 4728 ﬁdem
2747 4686 2921 4726 suam.
2950 4670 3155 4737 Quibus
3307 4672 3585 4741 rescripse-

2005 4778 2127 4824 runt
2149 4769 2205 4822 in
2231 4765 2425 4820 tabulis
2449 4764 2621 4831 azreis,
2652 4762 2798 4834 quod
2821 4761 3076 4832 postulati
3110 4762 3362 4828 fuerunt,
3401 4772 3451 4818 et
3483 4765 3587 4819 mi-

2007 4868 2184 4915 serunt
2214 4860 2269 4912 in
2298 4856 2620 4923 Jerusalem,
2657 4864 2715 4910 ut
2753 4865 2884 4909 esset
2906 4854 2987 4908 ibi
3014 4854 3156 4924 apud
3181 4871 3269 4909 eos
3287 4857 3590 4913 meruerint:

2008 4952 2153 5021 pacis
2207 4961 2255 5004 et
2305 4948 2572 5003 societatis
2612 4962 2631 5002 :
2680 4946 2806 5017 quia
2861 4952 3053 5015 gentes
3095 4943 3166 5000 ad
3212 4945 3589 5003 credulitatem

2000 5039 2203 5097 Christi
2247 5052 2550 5103 conversae,
2583 5035 2754 5092 ﬁrma:
2788 5034 2911 5091 fidei
2938 5050 3050 5090 sua:
3074 5024 3591 5107 statuuntpsctom,

2000 5130 2146 5199 quod
2188 5128 2461 5199 signiﬁcat
2502 5127 2667 5196 longo
2712 5132 2955 5196 tempore
2996 5124 3344 5191 duraturum,
3366 5135 3423 5181 et
3446 5142 3591 5183 verm

2002 5217 2363 5274 confessionis
2406 5224 2821 5272 monumentum
2864 5213 3086 5281 tradunt
3125 5215 3183 5271 in
3224 5215 3465 5273 Ecclesia
3493 5232 3588 5271 ca-

2003 5311 2227 5378 tholica,
2251 5319 2309 5367 ut
2337 5310 2411 5367 ibi
2438 5309 2513 5366 sit
2534 5309 2849 5366 memoriale
2876 5310 3152 5366 societatis
3168 5324 3358 5373 eorum
3387 5309 3441 5362 in
3464 5323 3588 5377 per-

2004 5407 2244 5471 petuum.
2285 5400 2438 5457 Unde
2470 5415 2572 5470 per
2609 5401 2937 5471 prophetam
2966 5400 3205 5456 dicitur:
3236 5396 3372 5451 Ecce
3408 5395 3591 5450 Domi-

2005 5507 2104 5546 nus
2146 5490 2386 5547 auditum
2427 5490 2577 5560 fecit,
2611 5499 2660 5545 et
2694 5489 2892 5562 legatos
2926 5489 3002 5544 ad
3035 5496 3210 5558 gentes
3259 5484 3401 5539 misit
3448 5481 3582 5555 (Jer.

2006 5578 2176 5653 χιιι).
2230 5578 2496 5635 Item:Et
2540 5580 2758 5652 angelus
2794 5579 2949 5650 faciei
2993 5578 3110 5648 ejus
3134 5574 3357 5631 salvabit
3384 5590 3501 5640 eos,
3527 5575 3586 5630 its
3658 5582 3663 5588 ’

2004 5671 2283 5728 dilectione
2322 5688 2423 5727 sua
2465 5681 2513 5727 et
2550 5671 2876 5744 indulgentia
2917 5687 3017 5726 sua
3055 5684 3074 5723 :
3098 5669 3207 5738 ipse
3240 5667 3453 5723 redemit
3498 5682 3591 5725 eos

2006 5762 2141 5829 (Isa.
2168 5764 2344 5834 unt).
2383 5763 2453 5821 Et
2480 5764 2607 5820 item
2633 5781 2646 5818 :
2675 5762 2906 5818 Parvum
2927 5771 3026 5830 est,
3056 5758 3253 5832 inquit,
3276 5767 3336 5815 ut
3362 5758 3437 5814 sis
3458 5756 3595 5815 mihi
