3934 6186
341 360 480 422 H79

977 360 1039 415 B.
1083 358 1337 415 RABAN]
1374 358 1595 416 MAURI
1628 357 1948 416 ARCHIEP.
1987 357 2297 418 MOGUNT.
2338 354 2623 416 OPERUM
2660 356 2841 415 PARS
2873 358 2917 417 Ι.

3476 361 3617 421 uso

335 489 517 529 servus
558 472 628 527 ad
656 471 988 526 suscitandas
1029 467 1199 522 tribus
1239 466 1405 523 Iacob
1457 476 1505 523 et
1548 466 1702 537 fa'ces
1748 466 1920 523 Israel
1946 470 2389 540 Apmdestinati
2446 478 2573 525 sunt
2616 469 2685 524 ad
2733 478 2998 525 aeternam
3048 470 3444 530 beatitudinem
3492 491 3627 546 pa-

336 567 704 623 convertendas
737 563 873 637 (Isa.
904 562 1078 637 XLIX),
1113 563 1237 618 dedi
1273 573 1322 618 te
1354 564 1410 619 in
1456 563 1625 618 lucem
1653 566 1915 635 gentium,

338 668 397 713 ut
421 660 492 713 sis
513 657 656 712 salus
679 674 793 711 mea
820 673 984 727 usque
1006 656 1074 713 ad
1096 666 1381 710 extremum
1408 666 1561 711 terrm
1582 655 1738 728 (1εαί.
1760 656 1915 728 xm).

339 750 408 805 Et
433 750 627 803 iterum
654 766 668 802 :
697 747 829 802 Dedi
852 756 902 801 te
922 748 977 801 in
1007 746 1175 814 fmdus
1208 745 1406 816 pepuli,
1444 748 1782 807 utsuscitares
1815 756 1919 801 ter-

340 856 455 894 ram
504 849 552 895 et
584 839 871 911 possideres
904 837 1235 893 hatreditates
1276 836 1559 907 dissipatas
1586 836 1720 909 (lsa.
1747 836 1918 907 mx).

339 933 409 988 Et
437 933 565 1003 quid
605 940 688 987 est
721 931 862 1001 quod
896 929 1063 985 ludas
1103 931 1239 985 duos
1284 929 1491 1002 legatos
1538 929 1923 1001 componendae

342 1024 493 1095 pacis
534 1023 705 1093 gratia
733 1023 801 1076 ad
830 1020 1105 1075 Romanos
1142 1020 1311 1085 misit,
1344 1021 1448 1076 nisi
1477 1022 1621 1091 quod
1650 1021 1921 1090 Redemp-

338 1125 432 1170 tor
468 1122 676 1182 noster,
718 1114 786 1168 ad
830 1114 1204 1168 convocandos
1232 1114 1298 1167 ad
1330 1112 1488 1168 ﬁdem
1524 1124 1580 1169 et
1606 1114 1923 1168 societatem

338 1205 491 1275 pacis
527 1213 734 1276 gentes,
767 1204 873 1258 duo
918 1203 1263 1258 Testamenta
1303 1202 1367 1256 .in
1399 1202 1668 1257 mundum
1705 1203 1922 1268 direxit,

342 1294 457 1348 sive
484 1292 646 1347 aliter
686 1292 844 1347 binos
875 1292 1098 1346 nuntios
1141 1291 1308 1346 mittit
1349 1300 1569 1362 propter
1609 1307 1923 1348 sacramen-

344 1393 455 1438 tum
480 1382 783 1447 cbaritatis,
809 1382 934 1452 quia
967 1384 1071 1437 duo
1095 1391 1220 1436 sunt
1247 1391 1515 1453 prmcepta
1541 1382 1842 1448 cltaritatis,
1873 1392 1929 1438 et

345 1476 583 1533 charitas
628 1477 807 1530 minus
842 1491 1002 1546 quam
1054 1476 1195 1531 inter
1240 1476 1376 1532 duos
1420 1475 1607 1532 haberi
1668 1494 1774 1533 non
1823 1493 1919 1548 po-

347 1573 472 1620 test.
515 1564 683 1619 Nemo
717 1566 861 1620 enim
903 1567 1121 1635 proprie
1160 1568 1226 1621 ad
1268 1566 1503 1637 seipsum
1527 1567 1725 1623 habere
1750 1569 1929 1624 chari—

348 1665 512 1710 tatcm
542 1655 759 1718 dicitur,
786 1656 879 1710 sed
904 1656 1191 1711 dilectione
1223 1672 1280 1711 se
1308 1657 1359 1710 in
1382 1656 1612 1712 alterum
1638 1658 1829 1720 tendit,
1869 1667 1931 1713 ut

345 1762 466 1802 esse
495 1746 734 1802 cbaritas
756 1746 948 1817 possit.
981 1746 1141 1801 Binos
1163 1747 1228 1800 ad
1252 1745 1656 1817 praedicandum
1681 1748 1734 1802 in
1754 1748 1931 1802 Evan-

347 1839 486 1906 geiio
508 1838 802 1907 discipulos
828 1838 1087 1893 Dominus
1115 1839 1300 1905 mittit,
1329 1847 1599 1910 quatenus
1636 1840 1739 1895 hoc
1774 1841 1929 1897 nobis

347 1930 544 1983 tacitus
569 1929 778 1994 innuat,
803 1929 927 1998 quia
952 1929 1043 1999 qui
1067 1931 1390 1985 charitatem
1417 1947 1542 2003 erga
1565 1932 1794 1987 alterum
1822 1950 1928 1989 non

349 2019 532 2083 habet,
563 2018 967 2089 prtedicationis
1013 2019 1244 2074 ofﬁcium
1296 2022 1574 2093 suscipere
1622 2023 1929 2080 nullatenus

346 2108 526 2163 debet.
577 2108 720 2163 Bene
770 2117 947 2163 autem
989 2109 1187 2169 dicitur
1223 2112 1366 2181 quod
1397 2113 1548 2167 misit
1577 2128 1672 2168 eos
1702 2121 1827 2169 ante
1852 2113 1929 2168 fa-

347 2200 485 2258 ciem
535 2215 688 2255 suam
726 2201 779 2254 in
808 2216 1025 2256 omnem
1066 2203 1340 2258 civitatem
1371 2212 1424 2258 et
1456 2204 1634 2259 locum
1671 2209 1778 2277 qu‘o
1810 2216 1929 2259 erat

346 2291 465 2363 ipse
495 2303 754 2347 venturus
783 2291 935 2364 (Luc.
964 2290 1052 2365 x);
1086 2295 1470 2365 prtedicatores
1494 2298 1640 2353 enim
1678 2313 1806 2353 suos
1832 2297 1931 2352 Do-

348 2381 526 2436 minus
573 2383 838 2471 sequitur,
883 2384 1006 2452 quia
1046 2385 1360 2453 praedicatio
1404 2389 1685 2458 prarveuit,
1714 2397 1769 2443 et
1802 2396 1928 2445 tunc

348 2470 415 2525 ad
442 2472 639 2526 mentis
661 2482 859 2527 nostras
884 2473 1251 2535 habitaculum
1279 2474 1540 2533 Dominus
1568 2479 1737 2545 venit,
1761 2481 1925 2535 verba

344 2565 741 2627 exhortationis
791 2578 1129 2644 praecurrunt
1179 2579 1343 2643 atque
1402 2588 1500 2645 per
1551 2574 1668 2631 haec
1726 2576 1929 2633 veritas

347 2669 529 2721 mente
555 2662 865 2735 suscipitur.

966 2775 1196 2835 CAPUT
1230 2780 1320 2835 IX.

350 2882 511 2947 Mittit
541 2883 836 2941 Demetrius
863 2891 1145 2943 exercitum
1170 2902 1352 2947 contra
1383 2892 1623 2950 ludam.
1662 2894 1739 2950 De
1765 2907 1929 2952 morte

418 2954 594 3033 (add:
610 2955 926 3033 Macltalm'i.
951 2958 1028 3033 De
1052 2962 1174 3015 viris
1201 2964 1375 3033 impiis
1401 2975 1450 3019 et
1478 2965 1683 3021 malitia
1705 2967 1931 3022 Bacchi-

417 3025 521 3077 dis.
550 3024 628 3079 De
655 3028 846 3095 nuptiis
879 3028 935 3082 in
965 3028 1161 3085 luctum
1196 3024 1475 3088 conversis.
1506 3033 1767 3091 Jonathas
1799 3038 1930 3091 obti-

420 3104 503 3165 net
534 3097 917 3165 principatum;
970 3099 1204 3157 Alcimus
1258 3102 1430 3159 volens
1491 3105 1756 3162 destruere
1798 3117 1930 3162 tem-

418 3164 588 3233 plum,
613 3164 893 3235 obmutuit,
918 3178 1022 3224 etc.

421 3295 633 3357 Interea
662 3297 751 3353 ubi
770 3299 969 3353 audivit
992 3300 1309 3368 Demetrius,
1331 3308 1455 3376 quia
1477 3308 1661 3363 cecidit
1699 3309 1934 3366 Nicanor

351 3395 402 3442 et
427 3388 687 3440 exercitus
712 3388 827 3462 ejus
852 3388 905 3441 in
924 3389 1127 3458 prwIio,
1158 3401 1264 3448 etc.
1294 3393 1567 3453 lnstaurat
1596 3414 1808 3455 rursum
1834 3400 1935 3457 De-

355 3476 583 3531 metrius
627 3476 823 3532 bellum
872 3494 969 3549 per
1006 3480 1326 3546 Bacchidem
1362 3495 1419 3541 et
1442 3487 1709 3544 Alcimum
1744 3500 1934 3547 contra

350 3565 565 3632 ludam,
607 3569 732 3648 quia
782 3584 880 3638 per
915 3586 1155 3647 paganos
1203 3585 1365 3646 atque
1411 3578 1697 3634 haereticos
1734 3581 1800 3635 de
1830 3581 1935 3638 ﬁde

350 3660 554 3714 Christi
592 3656 853 3731 relapsus,
896 3664 1079 3718 mundi
1124 3665 1378 3737 princeps
1406 3681 1593 3724 contra
1635 3654 1933 3729 Ecclesiam

353 3751 593 3821 quotidie
624 3753 779 3808 novis
805 3753 1013 3809 artibus
1037 3764 1248 3812 veteres
1279 3757 1505 3817 insidias
1533 3760 1600 3814 ad
1630 3744 1944 3817 nocendum.

350 3843 650 3910 instaurat;
678 3861 800 3900 cum
836 3847 1032 3916 quibus
1060 3858 1113 3902 et
1138 3849 1379 3904 dextrum
1410 3868 1573 3906 cornu
1606 3852 1771 3915 misit,
1807 3870 1931 3910 cum

351 3934 427 3996 ad
463 3934 571 3990 tale
618 3934 773 3991 nefas
812 3940 1229 4007 perpetrandum
1271 3941 1504 3996 validam
1548 3943 1933 4000 auxiliatorum

350 4038 572 4081 manum
619 4027 892 4095 tradidit;
946 4037 1132 4084 contra
1177 4045 1313 4100 quos
1368 4029 1536 4088 Iudas
1584 4049 1707 4089 cum
1759 4035 1933 4091 tribus

349 4115 592 4172 millibus
613 4116 784 4184 vadit,
809 4118 935 4187 quia
965 4127 1154 4174 contra
1180 4121 1366 4177 hostes
1394 4137 1585 4178 omnes
1607 4123 1728 4179 ﬁdei
1759 4135 1933 4182 cretus

351 4208 634 4264 doctorum
676 4224 801 4265 eum
847 4210 1097 4267 ﬁdelibus
1142 4213 1377 4283 praeliari
1426 4217 1684 4286 disponit,
1729 4226 1792 4274 ut
1834 4235 1935 4290 per

352 4308 556 4355 nactae
592 4299 872 4358 Trinitatis
901 4302 1062 4358 ﬁdem
1112 4305 1344 4360 hostium
1375 4315 1650 4363 catervam
1700 4318 1928 4380 sternat,

350 4405 470 4458 qua
522 4390 941 4460 praesumptione
997 4394 1357 4462 superbiendo
1406 4405 1596 4452 contra
1652 4408 1929 4456 auctorem

349 4496 507 4535 suum
537 4496 596 4537 se
622 4483 829 4553 erigere
853 4483 1033 4539 audet.
1060 4484 1167 4541 Sed
1190 4486 1468 4545 videamus
1488 4490 1618 4561 quid
1644 4492 1771 4548 binc
1796 4495 1931 4550 scri-

350 4579 502 4642 ptum
532 4572 778 4642 sequitur
800 4591 815 4628 :

420 4662 493 4715 Et
528 4662 766 4718 viderunt
791 4663 1173 4720 multitudinem
1202 4669 1458 4725 exercitus
1485 4674 1611 4743 quia
1634 4675 1788 4729 multi
1808 4688 1935 4733 sunt

350 4764 401 4808 et
428 4754 711 4809 timuerunt
740 4754 914 4822 valde,
954 4763 1060 4812 etc.
1103 4756 1236 4824 Quia
1275 4758 1404 4815 licet
1430 4760 1585 4817 multi
1630 4765 1686 4818 in
1722 4765 1936 4823 confes-

352 4846 503 4901 sione
530 4847 809 4903 catholica:
846 4848 970 4904 ﬁdei
999 4849 1286 4906 videantur
1312 4869 1555 4922 manere,
1583 4862 1769 4915 tamen
1808 4874 1934 4929 per-

351 4938 629 4992 secutione
660 4939 1066 5007 exardescente,
1094 4944 1372 5012 apparebit
1400 4945 1491 5015 qui
1532 4947 1625 5001 ﬁxi
1649 4946 1850 5004 fuerint
1879 4951 1932 5014 in

353 5027 478 5092 ﬁde,
510 5034 567 5081 et
607 5029 699 5096 qui
740 5027 1038 5086 facietenus
1080 5032 1135 5086 in
1164 5046 1227 5087 ea
1261 5048 1381 5090 esse
1408 5035 1747 5093 videbantur.
1779 5038 1933 5099 Unde

352 5116 617 5187 scriptum
652 5124 736 5170 est
780 5118 836 5172 in
879 5120 1185 5190 evangelica
1226 5123 1485 5192 pa'rabola
1521 5124 1738 5198 (Matth.
1784 5127 1929 5201 xm),

354 5206 500 5276 quod
523 5215 715 5261 exorto
755 5205 867 5261 sole
909 5218 1169 5264 aruerunt
1197 5220 1408 5283 segetes
1454 5229 1575 5285 quae
1610 5214 1825 5273 fuerant
1873 5220 1929 5275 in

352 5308 569 5368 petrosa
603 5306 660 5356 et
690 5306 892 5355 terram
917 5301 1139 5356 multam
1179 5317 1288 5357 non
1317 5305 1663 5375 habuerunt;
1687 5311 1812 5380 quia
1841 5312 1937 5382 qui

356 5392 540 5446 ﬁrmtts
571 5391 625 5445 in
652 5391 817 5448 corde
845 5391 1181 5449 credulitatis
1223 5396 1436 5452 radices
1474 5413 1582 5454 non
1632 5407 1835 5466 tenent,
1863 5401 1933 5457 ad

359 5489 569 5550 tempus
597 5483 880 5538 credentes
920 5483 975 5538 in
1020 5490 1265 5553 tempore
1299 5487 1611 5543 tentationis
1653 5490 1931 5545 recedunt.

359 5573 434 5627 De
454 5573 627 5628 tribus
653 5588 785 5645 ergo
809 5575 1045 5630 millibus
1072 5590 1179 5631 non
1209 5590 1583 5636 remanserunt
1626 5596 1748 5639 cum
1773 5582 1931 5653 Juda,

357 5659 463 5714 nisi
486 5664 854 5719 tantummodo
898 5668 1192 5739 octingenti
1234 5667 1376 5733 viri;
1426 5671 1552 5741 quia
1594 5664 1839 5744 reprobis
1864 5676 1932 5731 ab

359 5745 616 5805 Ecclesia:
658 5751 1013 5810 societatibus
1056 5755 1434 5825 deﬂuentibus,
1489 5759 1587 5817 soli
1632 5760 1810 5829 electi,
1839 5766 1927 5835 qui

1956 4540 2011 4599 D

2025 560 2351 631 cipiendam,
2377 560 2431 613 in
2447 558 2742 615 stabilitate
2757 574 2905 615 same
2919 559 3044 616 ﬁdei
3063 564 3480 631 permanebunt,
3504 574 3624 621 etc.

2093 648 2165 703 Et
2195 650 2354 704 movit
2382 649 2644 703 exercitus
2690 649 2756 702 de
2791 650 2979 704 castris
3011 659 3062 704 et
3104 660 3361 706 steterunt
3397 651 3485 706 illi
3520 656 3627 708 ob-

2024 739 2160 793 viam
2189 750 2237 793 et
2275 740 2430 793 divisi
2456 749 2581 794 sunt
2618 740 2814 811 equites
2842 742 2899 795 in
2940 740 3078 797 duas
3118 754 3313 812 partes.
3345 743 3490 811 Quid
3536 755 3633 801 est

2026 828 2167 898 quod
2194 836 2446 900 promoto
2473 829 2719 885 exercitu
2763 830 2831 885 de
2881 832 3076 888 castris
3122 834 3335 904 equites
3378 836 3435 891 in
3486 838 3632 891 duas

2025 927 2209 989 partes
2236 919 2392 974 divisi
2419 928 2735 987 narrantur,
2781 920 2883 977 nisi
2914 923 3058 992 quod
3090 923 3232 980 inter
3270 927 3544 996 superbos
3569 937 3634 982 et

2028 1017 2346 1080 arrogantes
2391 1024 2665 1079 nunquam
2710 1010 2891 1066 unitas
2915 1020 2971 1066 ct
3014 1011 3165 1067 ﬁrma
3191 1016 3483 1069 concordia
3509 1032 3635 1071 ser-

2029 1102 2145 1156 vari
2175 1101 2395 1173 potest?
2443 1109 2679 1157 testante
2731 1101 3034 1173 Scriptura,
3087 1118 3209 1173 qua:
3247 1103 3419 1159 dicit:
3473 1103 3635 1160 Inter

2029 1193 2274 1265 superbos
2302 1210 2502 1263 semper
2519 1194 2703 1265 jurgia
2730 1204 2850 1248 sunt
2880 1192 3063 1267 (Prov.
3091 1194 3235 1266 xm).

2103 1284 2171 1338 Et
2203 1282 2569 1354 fundibularii,
2599 1284 2796 1354 inquit,
2832 1293 2880 1338 et
2901 1286 3164 1355 sagittarii
3187 1285 3447 1355 pra'ibant
3478 1305 3635 1343 exer-

2029 1378 2212 1431 citum.
2243 1376 2379 1444 Quid
2409 1391 2507 1447 per
2546 1375 2935 1432 fundibulurios
2961 1384 3017 1429 et
3062 1376 3394 1448 sagittarios,
3438 1380 3544 1434 nisi
3572 1381 3631 1435 bi

2032 1467 2123 1539 qui
2162 1470 2229 1522 ad
2256 1467 2553 1522 illiciendos
2580 1466 2859 1521 hominum
2900 1475 3112 1522 mentes
3153 1468 3221 1522 ad
3262 1468 3633 1525 idololatrian)

2033 1563 2149 1619 sive
2177 1562 2524 1631 apostasiam,
2556 1569 2650 1616 aut
2692 1562 2847 1617 vanis
2887 1563 3265 1633 prosperitatis
3302 1565 3636 1636 promissio-

2034 1656 2194 1709 nibus
2232 1654 2570 1718 blandiendo,
2614 1654 2762 1709 velut
2801 1663 2979 1709 rotatu
3025 1654 3223 1721 fundas.
3275 1657 3464 1713 ﬁdeles
3509 1675 3632 1729 per-

2037 1753 2246 1800 vertere
2271 1745 2511 1815 cupiunt,
2550 1753 2644 1799 aut
2677 1745 2837 1800 minis
2876 1755 3264 1802 tormentorum
3301 1763 3422 1813 eos,
3469 1752 3631 1819 quasi

1960 1826 2003 1885 Β
2032 1836 2351 1907 sagittarum
2402 1836 2633 1904 ictibus,
2682 1836 2938 1891 terrendo
2978 1837 3227 1906 decipere
3269 1841 3645 1894 contendunt?

2026 1927 2270 2000 Apteque
2299 1930 2352 1984 bi
2383 1930 2575 2000 praeire
2602 1931 2898 1986 exercitum
2923 1931 3321 1998 describuntur,
3360 1934 3489 2001 quia
3511 1949 3635 1991 mos

2028 2020 2131 2075 fuit
2154 2036 2367 2091 semper
2414 2031 2827 2092 persecuturum
2862 2022 3063 2079 talibus
3100 2024 3295 2083 studiis
3322 2027 3635 2096 praevenire

2028 2114 2362 2169 exactionem
2395 2123 2808 2170 tormentorum.

2100 2206 2167 2261 Et
2192 2217 2450 2262 commota
2486 2218 2560 2261 est
2612 2217 2755 2262 terra
2793 2226 2825 2262 a
2856 2225 2976 2264 voce
3001 2210 3351 2276 exercituum,
3396 2220 3510 2266 etc.
3560 2211 3632 2266 Et

2027 2311 2284 2356 commota
2315 2310 2413 2368 est,
2460 2300 2654 2371 inquit,
2698 2311 2839 2355 terra
2879 2319 2913 2357 a
2952 2319 3072 2358 voce
3115 2304 3483 2369 exercituum;
3528 2304 3635 2360 hoc

2027 2403 2129 2459 est,
2158 2393 2456 2449 carnalium
2500 2392 2664 2448 corda
2711 2407 2973 2449 concussa
3024 2402 3151 2449 sunt
3197 2409 3404 2464 pavore
3445 2409 3636 2452 uerse-

2027 2486 2328 2541 cutionum.

2099 2554 2167 2609 Et
2201 2557 2536 2610 commissum
2578 2566 2653 2611 est
2691 2555 2930 2626 praelium
2958 2573 2992 2610 a
3034 2572 3188 2610 mane
3224 2572 3390 2627 usque
3416 2571 3490 2608 aa
3515 2570 3631 2608 ves-

2027 2663 2229 2718 perum.
2256 2644 2389 2702 Cum
2418 2646 2484 2700 ab
2506 2654 2627 2700 ortu
2655 2646 2980 2701 lucesceutis
3004 2644 3126 2701 ﬁdei
3169 2660 3342 2715 usque
3364 2646 3432 2698 ad
3464 2645 3633 2698 ﬁnem

2028 2738 2215 2793 mundi
2264 2745 2440 2793 castra
2481 2736 2682 2792 diaboli
2725 2737 2984 2792 adversus
3030 2736 3325 2792 Ecclesiam
3359 2735 3458 2789 Dei
3505 2751 3638 2790 con-

2029 2828 2216 2901 ﬂigere
2269 2845 2373 2884 non
2428 2837 2663 2894 cessant,
2724 2837 2779 2885 et
2830 2829 3162 2885 adversitate
3216 2827 3634 2883 tribulationum

2029 2937 2304 2992 nunquam
2330 2923 2503 2977 bonos
2546 2936 2762 2976 movere
2782 2921 3071 2977 desistunt.
3114 2920 3274 2989 Quia,
3291 2917 3451 2987 juxta
3480 2920 3635 2974 Pauli

2030 3013 2389 3068 sententiam:
2422 3010 2612 3067 Omnes
2640 3013 2730 3084 qui
2774 3012 2857 3082 pie
2897 3013 3065 3067 vivere
3093 3012 3268 3067 volunt
3311 3012 3366 3067 in
3397 3011 3632 3075 Christo,

2028 3104 2439 3176 persecutionem
2459 3104 2824 3177 patiunturUl
2848 3103 2985 3159 Tim.
3013 3101 3119 3176 ιιι).

1955 3187 2000 3249 C
2112 3205 2257 3261 Vidit
2285 3204 2458 3259 ludas
2484 3207 2606 3277 quia
2647 3206 2853 3276 [iratior
2890 3215 3004 3261 erat
3040 3224 3164 3278 pars
3193 3209 3461 3263 exercitus
3490 3208 3631 3262 Bac-

2035 3298 2202 3353 chidis
2239 3299 2293 3352 in
2337 3298 2557 3363 dextris,
2599 3306 2654 3353 et
2697 3298 3015 3354 coadunatis
3044 3315 3231 3356 secum
3260 3299 3518 3358 omnibus
3540 3300 3635 3370 qui

2034 3388 2250 3443 fuerant
2279 3398 2591 3445 constantes
2613 3390 2798 3454 corde,
2836 3390 3095 3446 contrivit
3118 3390 3267 3445 illam
3294 3408 3308 3445 :
3351 3391 3481 3447 dum
3503 3407 3636 3446 con-

2027 3479 2231 3550 junctis
2258 3480 2577 3550 opportunis
2626 3478 2859 3535 ﬁdelium
2910 3480 3137 3545 solatiis,
3184 3481 3432 3537 doctores
3458 3482 3634 3536 sancti

2034 3569 2311 3639 gentilium
2368 3570 2625 3639 impetum
2688 3571 2855 3626 verbo
2910 3570 3038 3624 ﬁdei
3087 3585 3401 3642 expugnare
3460 3582 3517 3625 et
3562 3571 3637 3625 ad

2035 3658 2484 3727 tranquillitatem
2536 3658 2657 3714 ﬁdei
2707 3661 3007 3741 perducere
3056 3668 3332 3730 satagunt.
3392 3659 3634 3715 Firmior

2034 3747 2178 3802 enim
2208 3747 2419 3803 illorum
2449 3764 2576 3818 pars
2618 3764 2739 3805 esse
2780 3750 3090 3817 videbatur,
3135 3752 3261 3821 quia
3298 3768 3330 3805 a
3358 3760 3513 3822 parte
3539 3769 3639 3822 pa-

2036 3839 2228 3910 ganica
2258 3853 2446 3895 errore
2465 3856 2562 3910 pcr
2588 3849 2979 3897 tormentorum
3016 3843 3410 3898 immanitatem
3436 3854 3635 3899 contra

2034 3929 2332 3985 Ecclesiam
2372 3930 2680 3997 fervebant,
2724 3948 2887 4004 quam
2934 3932 3143 3989 illorum
3192 3933 3336 3990 ﬁctis
3375 3936 3636 3991 amicitiis

2035 4022 2218 4079 dolose
2245 4022 2505 4080 fratribus
2530 4024 2753 4081 insidias
2777 4026 3156 4097 disponebant.
3204 4028 3312 4082 Sed
3343 4029 3636 4085 Bacchidis

2034 4117 2331 4171 exercitum
2358 4114 2523 4173 Iudas
2552 4133 2726 4187 usque
2765 4118 2833 4172 ad
2874 4111 3033 4172 ﬁ'dem
3064 4119 3219 4174 Azoti
3259 4122 3631 4192 persequitur.

2034 4223 2158 4263 cum
2188 4196 2467 4278 gentilium
2515 4207 2755 4264 furorem
2805 4209 3187 4279 praedicatores
3232 4209 3513 4283 Evangelii
3555 4211 3625 4265 ad

2036 4298 2343 4354 incendium
2386 4298 2460 4369 pii
2499 4298 2700 4353 amoris
2740 4298 3037 4369 perducere
3074 4300 3428 4355 contendunt.
3456 4299 3636 4354 Inter-

2034 4398 2281 4460 pretatur
2305 4391 2447 4445 enim
2474 4390 2678 4447 Azotus
2714 4393 2848 4463 ignis
2872 4393 3144 4464 palmetis.
3192 4392 3362 4447 Amor
3389 4391 3502 4456 ille,
3537 4393 3631 4462 qui

2041 4482 2093 4536 in
2123 4482 2559 4552 patriarcharum
2583 4484 2838 4539 cordibus
2857 4484 3101 4540 fervebat
3124 4484 3229 4540 dici
3252 4493 3450 4555 potest,
3465 4501 3629 4555 quem

2038 4572 2090 4626 in
2121 4572 2354 4628 ﬁliorum
2398 4574 2672 4629 mentibus
2713 4575 3005 4630 strenuitas
3054 4576 3337 4630 doctorum
3394 4573 3632 4631 formare

2038 4663 2331 4731 desiderat,
2370 4674 2431 4720 ut
2474 4664 2570 4720 ﬁat
2610 4665 2739 4721 illud
2781 4666 2925 4737 quod
2968 4667 3035 4721 de
3064 4667 3181 4722 Elia
3212 4668 3476 4737 scriptum
3502 4675 3627 4724 est:

2041 4752 2109 4809 Ut
2139 4764 2403 4815 convertat
2445 4756 2605 4813 corda
2633 4766 2841 4827 patrum
2875 4759 2934 4812 in
2960 4758 3100 4828 ﬁlios
3145 4768 3193 4812 et
3235 4758 3536 4813 incredulos
3560 4762 3630 4812 ad

2035 4846 2367 4916 prudentiam
2387 4845 2688 4914 Iustorum,
2735 4857 2992 4919 prteparet
3024 4847 3251 4903 Domino
3288 4847 3485 4918 plebem
3513 4866 3623 4919 per-

2036 4937 2225 5008 fectant
2248 4937 2400 5010 (Luc.
2422 4938 2487 5012 ι).

2107 5038 2177 5092 Εῑ
2198 5040 2307 5111 qui!
2327 5040 2380 5094 in
2404 5039 2615 5094 sinistro
2651 5056 2814 5094 cornu
2845 5049 3015 5107 erant,
3045 5041 3285 5097 viderunt
3321 5043 3463 5114 quod
3501 5059 3628 5097 con-

2033 5125 2213 5183 tritum
2241 5138 2315 5183 est
2341 5128 2583 5183 dextrum
2624 5146 2808 5196 cornu,
2862 5138 2969 5185 etc.
3013 5129 3213 5186 Dextro
3246 5146 3435 5195 cornu,
3486 5131 3633 5202 quod

2033 5221 2265 5279 validius
2294 5222 2417 5291 fuit,
2439 5223 2740 5290 decidente,
2765 5224 3050 5285 sinistrum
3082 5241 3251 5280 cornu
3289 5242 3321 5280 a
3350 5233 3503 5296 targu
3530 5224 3625 5278 Ju-

2036 5315 2159 5371 dam
2179 5314 2556 5387 persequitur;
2583 5316 2708 5386 quia
2733 5316 2906 5387 sopita
2926 5317 3325 5388 quodammodo
3348 5316 3629 5388 gentilium

2042 5407 2193 5478 gravi
2219 5406 2616 5475 persecutione,
2645 5406 2885 5462 haeretici
2931 5408 3152 5462 sinistra
3180 5406 3478 5463 intentione
3499 5420 3627 5461 sau—

2039 5506 2181 5555 ctam
2210 5496 2505 5553 Ecclesiam
2529 5495 2711 5551 dolose
2733 5497 3038 5553 insidiando
3059 5507 3221 5568 atque
3237 5497 3446 5553 occulte
3471 5497 3623 5566 quasi

2036 5594 2189 5658 tergo
2217 5585 2458 5642 laedendo
2487 5600 2825 5655 nequaquam
2873 5587 3120 5655 persequi
3160 5586 3434 5643 desinunt.
3476 5585 3625 5643 Unde

2035 5677 2281 5747 sequitur
2301 5692 2316 5729 :

2111 5767 2179 5821 Et
2211 5768 2543 5836 ingravatum
2567 5772 2643 5818 est
2670 5762 2914 5835 pra'lium
2940 5775 2987 5819 et
3018 5764 3315 5819 ceciderunt
3340 5761 3486 5817 multi
3513 5762 3624 5817 sul-
