3928 6168
306 372 333 428 1
346 367 445 428 181

1020 364 1371 424 COMMENT.
1400 364 1479 421 1N
1516 364 1765 421 LIBROS
1800 362 2376 424 MACRABE‘ORUM.
2419 397 2489 407 —
2525 365 2599 421 ΙΝ·
2632 364 2742 421 LIB
2778 365 2821 421 l.

3428 362 3571 420 “83

291 487 467 542 uasti
487 500 559 541 ex
585 482 694 550 Itis,
724 490 831 538 etc.
872 485 1214 554 lngravatum
1254 492 1332 538 est
1365 481 1628 553 prtelium,
1662 481 1880 553 quando
1906 480 1958 538 Α
1983 481 2148 549 solus,
2178 492 2227 536 et
2259 481 2581 536 benedictum
2624 498 2812 536 nomen
2853 478 3144 550 maiestatis
3182 477 3295 547 ejus
3328 475 3383 531 in
3414 485 3568 531 mter-

288 576 512 648 pagani,
541 582 728 644 aperta
758 572 1154 644 persecutione,
1182 580 1239 629 et
1264 574 1505 630 lueretici
1548 572 1769 628 subdola
1798 587 1884 627 se-

291 668 551 722 ductione
573 706 591 731 ,
642 664 936 720 Ecclesiam
981 661 1182 719 Christi
1232 663 1515 734 impetum.
1567 662 1884 732 Caduntquc

292 755 451 811 nnilti
475 754 742 811 vulnerati
767 767 836 809 ex
863 753 949 809 his
981 761 1036 808 et
1077 753 1202 819 illis,
1244 768 1369 809 cum
1396 753 1544 831 mali,
1583 753 1884 809 invidentes

293 847 474 913 bonis,
507 845 765 917 nequitia
789 859 902 901 sua:
926 844 1049 899 telis
1070 844 1294 899 sauciati
1332 844 1587 899 decidunt
1606 857 1830 898 numero
1864 859 1879 897 :

294 935 860 994 tormentismalorum
872 934 1045 990 coacti
1063 934 1439 1003 blasphemare
1460 933 1881 1003 compelluntur,

293 1026 441 1095 quod
467 1027 542 1081 ibi
585 1025 879 1095 saepissime
923 1025 1107 1081 evenit
1132 1025 1221 1079 ubi
1268 1024 1450 1095 plebes
1489 1023 1689 1079 auxilio
1719 1023 1884 1095 magi-

294 1126 537 1171 strorum
567 1116 952 1171 destituuntur.
980 1115 1134 1171 Unde
1168 1114 1548 1186 subiungitur:
1598 1114 1667 1169 Et
1711 1114 1884 1169 Iudas

294 1208 506 1271 cecidit,
531 1215 581 1261 et
604 1207 778 1261 certari
804 1207 1073 1276 fugerunt.
1101 1206 1235 1275 Quia
1266 1208 1546 1261 trucidatis
1579 1207 1886 1277 pastoribus

296 1314 492 1369 greges
526 1298 581 1352 in
607 1297 820 1352 diversa
848 1295 1031 1367 lugere
1056 1306 1341 1368 coguntur,
1369 1298 1511 1352 sicut
1534 1299 1587 1351 in
1622 1298 1886 1352 Zacharia

295 1390 562 1459 propheta
592 1390 647 1442 in
674 1388 933 1457 praesagio
962 1387 1226 1455 passionis
1252 1387 1450 1443 Christi
1479 1389 1739 1458 scriptum
1763 1395 1883 1443 est:

300 1479 544 1542 Parente,
578 1478 770 1547 inquit,
813 1487 1072 1547 pastorem
1108 1487 1156 1530 et
1184 1477 1542 1548 dispergentur
1576 1493 1695 1532 oves
1719 1478 1887 1548 gregis

300 1566 490 1635 (Zach.
522 1567 664 1639 xm).
705 1567 856 1634 Quod
888 1567 1218 1637 evangelista
1264 1568 1320 1622 in
1368 1567 1619 1636 passione
1649 1569 1884 1635 Domini,

300 1661 393 1714 ulti
431 1659 548 1729 ipso
573 1660 966 1729 comprehenso
993 1674 1026 1713 a
1072 1659 1243 1714 turbis
1281 1658 1528 1730 discipuli
1557 1674 1765 1726 omnes,
1796 1674 1885 1714 re-

303 1752 429 1808 licto
455 1768 544 1817 eo,
571 1752 839 1822 fugerunt,
870 1753 938 1807 ad
968 1751 1333 1807 testimonium
1378 1751 1709 1815 introduxit;
1759 1751 1886 1820 quia

304 1843 448 1912 quod
478 1843 751 1911 pmcessit
778 1843 834 1897 in
865 1841 1062 1913 capite,
1092 1856 1313 1898 necesse
1352 1849 1437 1897 est
1472 1849 1531 1896 ut
1557 1849 1813 1912 sequatur
1833 1841 1889 1896 in
1919 1825 1965 1885 Β

305 1947 555 2003 corpore.

376 2062 448 2116 Et
472 2061 729 2119 Jonatlms
751 2072 798 2117 et
818 2061 996 2135 Simon
1017 2063 1245 2119 tulerunt
1263 2063 1459 2120 ludam
1477 2062 1694 2134 fratrem
1714 2080 1888 2130 suum,

309 2164 356 2208 et
387 2154 695 2224 sepelierunt
734 2169 851 2208 eum
882 2154 937 2207 in
982 2154 1218 2226 sepulcro
1259 2165 1467 2226 patrum
1495 2172 1707 2210 suorum
1734 2158 1789 2211 in
1818 2157 1893 2211 ci-

306 2244 464 2296 nitate
494 2240 699 2307 Modin,
728 2249 833 2296 etc.
874 2240 990 2295 Non
1038 2250 1215 2313 potest
1252 2245 1483 2299 transire
1512 2245 1627 2300 sine
1652 2245 1890 2315 discipu-

308 2334 484 2388 lorum
516 2332 733 2387 tristitia
762 2332 1025 2387 bonorum
1071 2334 1449 2405 magistrorum
1496 2351 1594 2405 per
1629 2352 1890 2398 occasum

306 2423 498 2478 mortis
527 2422 834 2494 temporalis
862 2423 1017 2477 ruina
1044 2441 1057 2477 :
1092 2423 1215 2479 inde
1243 2424 1440 2479 dicitur
1475 2426 1616 2495 quod
1657 2424 1893 2482 ﬂevisset

306 2511 498 2568 Judam
547 2513 713 2568 omnis
758 2512 979 2584 populus
1026 2511 1199 2567 Israel
1240 2513 1452 2584 planctu
1494 2500 1704 2586 magno.
1754 2515 1891 2572 Huic

308 2619 526 2673 quoque
567 2601 743 2658 simile
789 2603 843 2657 in
894 2604 1145 2673 passione
1196 2602 1457 2675 Stephani
1503 2607 1764 2677 scriptum
1804 2607 1891 2662 in-

309 2694 563 2747 venitur:
611 2690 933 2747 Gurarerunt
966 2692 1288 2764 Stephanum
1317 2695 1412 2749 ciri
1450 2695 1683 2751 timorati
1722 2706 1769 2751 et
1810 2696 1891 2767 fe-

311 2795 493 2840 cerunt
534 2802 689 2857 super
730 2802 789 2839 eo
833 2784 1101 2855 planctum
1144 2802 1391 2857 magnum
1437 2788 1736 2859 (Act.vnl).
1786 2787 1894 2842 Sed

311 2877 439 2930 licet
471 2877 621 2932 dolor
649 2878 897 2931 abscessu
930 2891 1149 2930 suorum
1199 2885 1383 2947 tangat
1420 2878 1653 2933 ﬁdelium
1682 2888 1893 2933 mentes
1971 2896 1983 2908 ο

311 2980 409 3034 per
450 2964 893 3035 compassioncm,
929 2976 1104 3020 tamen
1153 2982 1257 3021 non
1290 2967 1439 3023 deest
1481 2969 1559 3022 eis
1598 2968 1892 3023 consolatio

312 3073 476 3127 quam
505 3057 704 3112 habent
724 3058 790 3112 de
814 3057 992 3112 futura
1018 3058 1318 3112 animarum
1347 3060 1533 3129 requie
1568 3076 1665 3129 per
1690 3070 1893 3115 certam

314 3165 485 3220 spem.
523 3150 831 3205 Tristantur
876 3151 1017 3205 enim
1052 3151 1225 3205 sancti
1272 3151 1451 3222 aliquo
1484 3153 1643 3207 modo
1673 3153 1728 3207 in
1768 3168 1891 3208 cor-

312 3242 465 3311 poris
493 3241 575 3295 sui
614 3241 814 3305 dolore,
846 3242 940 3296 sed
981 3242 1259 3296 minimum
1311 3243 1562 3298 laetantur
1600 3245 1782 3302 animo
1829 3246 1896 3301 de

314 3332 628 3404 consignata
651 3334 750 3389 sibi
774 3334 830 3388 in
853 3333 1055 3389 cmlesti
1100 3350 1267 3406 regno
1298 3337 1562 3392 mercede.
1596 3336 1749 3393 Unde
1780 3336 1901 3393 Sal-

318 3434 474 3478 vator
494 3422 770 3496 discipulis
811 3427 923 3482 suis
949 3427 1014 3482 de
1043 3429 1305 3497 passionis
1353 3430 1719 3498 magnitudine
1753 3443 1808 3487 et
1832 3433 1899 3489 de

318 3514 576 3585 triumphi
599 3515 680 3569 sui
721 3525 868 3571 certa
899 3518 1333 3574 remuneratione
1363 3518 1413 3571 in
1443 3518 1734 3589 Evangelio
1763 3535 1900 3589 prae-

315 3605 524 3671 dicans,
554 3607 660 3660 ait:
702 3605 855 3661 Beati
892 3608 1012 3662 estis
1038 3624 1158 3661 cum
1182 3606 1546 3662 maledixerint
1570 3610 1710 3664 vobis
1732 3609 1901 3663 homi-

318 3711 428 3759 nes,
458 3704 505 3748 et
531 3696 786 3764 persecuti
814 3712 900 3750 vos
943 3695 1138 3764 fuerint
1168 3705 1217 3750 et
1257 3695 1482 3751 dixerint
1508 3713 1659 3750 omne
1701 3697 1898 3753 malum

316 3784 595 3839 adversum
625 3800 712 3839 vos
739 3786 1062 3849 mentientes,
1082 3794 1288 3856 prapter
1314 3800 1499 3840 nomen
1526 3801 1720 3843 meum.
1751 3783 1900 3840 Gau-

316 3874 435 3926 dcte
455 3874 511 3927 in
550 3872 644 3927 illa
688 3873 774 3928 die
816 3883 867 3927 et
900 3872 1175 3940 exsultate,
1210 3874 1457 3947 quoniam
1498 3890 1692 3930 merces
1735 3883 1901 3930 vestra

320 3960 489 4014 multa
512 3969 587 4015 est
613 3963 668 4017 in
694 3948 834 4017 caelis
861 3961 1078 4035 (Matth.
1100 3963 1176 4035 γ).
1528 3956 1537 3963 “

1986 591 2131 640 num,
2164 584 2212 629 et
2233 575 2288 628 in
2314 573 2565 629 saculum
2591 573 2774 628 strculi
2810 569 2985 643 (Psal.
3005 571 3218 624 exuri.

2054 664 2122 718 Et
2149 665 2345 735 factum
2368 673 2444 719 est
2467 672 2581 734 post
2609 663 2808 718 obitum
2836 660 3014 724 Judrc,
3055 664 3373 713 emerserunt
3402 654 3576 725 iniqui

1982 756 2038 809 in
2063 756 2300 810 omnibus
2338 755 2533 826 ﬁnibus
2586 752 2789 820 Israel,
2820 762 2925 808 etc.
2970 751 3028 806 lu
3070 748 3360 820 prioribus,
3385 747 3475 801 ubi
3506 747 3577 808 de

1982 842 2293 899 Mathathice
2328 851 2501 899 morte
2544 848 3022 905 commemoratum
3051 847 3155 904 est,
3200 838 3458 907 scriptum
3488 851 3586 891 re-

1982 935 2192 1005 peritur
2219 934 2365 1005 quod
2409 934 2522 1005 ipse
2552 933 2847 989 centesiino
2883 939 2938 987 et
2966 929 3377 1000 quadragesimo
3419 915 3576 990 sexto

1986 1039 2129 1078 anno
2162 1023 2447 1079 defunctus
2481 1023 2572 1078 sit.
2614 1022 2673 1077 ln
2716 1022 2870 1093 cujus
2904 1021 3078 1077 locum
3126 1020 3362 1075 surrexit
3407 1019 3574 1075 Judas

1986 1111 2134 1167 ﬁlius
2156 1112 2273 1183 ejus
2302 1121 2357 1168 et
2396 1112 2746 1184 pneliabatur
2792 1110 3036 1182 praelium
3085 1108 3270 1164 lsrael.
3312 1108 3574 1164 Similiter

1985 1210 2042 1256 et
2066 1202 2119 1255 in
2151 1201 2506 1272 sequentibus
2544 1201 2805 1271 scriptum
2835 1200 3110 1254 invenitur
3135 1200 3277 1269 quod
3314 1197 3575 1259 Jonathas

1985 1300 2109 1363 post
2130 1291 2323 1347 ludam
2370 1290 2593 1346 fratrem
2646 1305 2803 1346 suum
2858 1289 3151 1360 sumpserit
3191 1288 3571 1359 principatum.

1989 1382 2115 1438 Post
2140 1398 2298 1453 quem
2324 1381 2562 1437 Alcimus
2610 1396 2751 1436 anno
2792 1381 3085 1436 centesimo
3133 1380 3576 1453 quinquagesimo

1988 1474 2151 1528 tertio
2175 1472 2432 1543 prmeepit
2451 1472 2658 1527 destrui
2683 1486 2867 1525 muros
2898 1470 3089 1526 domus
3111 1478 3312 1525 sanctae
3336 1478 3390 1524 et
3410 1483 3574 1538 opera

1988 1565 2391 1636 prophetarum,
2422 1563 2513 1634 qui
2536 1571 2782 1618 mortuus
2808 1572 2890 1617 cst
2914 1569 3154 1631 tempore
3175 1560 3286 1615 illo.
3310 1560 3578 1629 Iosephus

1990 1663 2170 1708 autem
2200 1662 2385 1708 narrat
2429 1653 2571 1723 quod
2616 1661 2904 1723 postquam
2948 1650 3210 1712 Alcimus,
3248 1650 3339 1721 qui
3369 1658 3424 1705 et
3451 1649 3580 1704 Joa-

1991 1743 2156 1807 chim,
2189 1751 2379 1796 tenens
2407 1741 2773 1812 principatum
2815 1738 3101 1795 sacerdotii
3149 1747 3380 1807 quatuor
3400 1738 3573 1801 annis,

1993 1830 2175 1885 inierit
2195 1828 2577 1892 sacerdotium,
2597 1827 2746 1883 Judte
2765 1827 2993 1897 populus
3015 1826 3359 1892 contradixit,
3383 1827 3581 1896 ipsum-

1993 1935 2099 1990 que
2123 1917 2275 1982 dicit,
2326 1926 2614 1987 postquam
2660 1916 3022 1988 principatum
3069 1915 3358 1970 sacerdotii
3408 1915 3581 1969 tribus

1989 2011 2147 2067 annis
2172 2009 2580 2072 ministraverit,
2612 2023 2733 2063 esse
2758 2007 3092 2062 defunctum.
3136 2005 3193 2060 In
3216 2006 3302 2061 his
3331 2006 3583 2060 omnibus

1989 2101 2362 2157 consideratur
2408 2099 2552 2169 quod
2597 2099 2764 2154 ludas
2807 2103 2930 2167 post
2972 2103 3204 2151 mortem
3261 2094 3572 2149 Mathathia:

1987 2195 2162 2267 patris
2188 2193 2270 2249 sui
2300 2194 2556 2248 ducatum
2582 2191 2763 2262 populi
2804 2197 3016 2261 gereret
3054 2197 3260 2258 septem
3298 2188 3490 2251 annis;
3525 2187 3581 2241 in

1990 2285 2189 2356 quibus
2211 2281 2627 2353 quadriennium
2651 2280 2902 2335 Antiochi
2935 2279 3099 2333 duces
3124 2279 3179 2332 in
3204 2276 3384 2332 Judma
3423 2277 3582 2331 dimi-

1991 2375 2167 2430 cando
2191 2372 2488 2443 expellens,
2538 2379 2594 2425 et
2639 2370 2899 2439 templum
2945 2367 3211 2424 idolorum
3259 2367 3583 2436 imaginibus

1990 2463 2312 2527 ernundans,
2354 2462 2562 2533 patrias
2599 2459 2745 2529 leges
2786 2458 3051 2529 posthaec
3073 2458 3186 2512 suis
3213 2456 3423 2512 civibus
3459 2456 3583 2511 rcd~

1991 2559 2147 2624 didit,
2192 2555 2495 2629 olympiade
2531 2553 2829 2609 centesima
2866 2558 3058 2621 quarta
3101 2547 3344 2622 [prima],
3394 2548 3585 2617 sicque

1992 2649 2201 2721 accepit
2222 2648 2587 2719 principatum
2638 2641 2931 2699 sacerdotii
2963 2649 3021 2695 et
3063 2648 3177 2695 tres
3221 2652 3408 2694 annos-
3435 2639 3489 2693 in
3517 2652 3587 2692 eo

1991 2741 2247 2813 explevit.
2288 2738 2442 2794 Unde
2486 2743 2542 2790 et
2589 2735 2642 2789 in
2685 2732 2971 2789 Chronicis
3007 2731 3280 2813 invenitur
3322 2726 3587 2783 Jonathas

1993 2810 2148 2888 serito
2177 2844 2319 2883 anno
2350 2825 2609 2882 Demetrii
2634 2824 2842 2879 Soteris
2874 2810 3179 2877 Itidmorum
3205 2821 3466 2875 ducatum
3487 2834 3579 2872 ac-

1993 2920 2222 2990 cepisse,
2269 2933 2429 2988 quem
2485 2916 2657 2971 tenuit
2699 2915 2883 2980 decem
2922 2918 2977 2966 et
3019 2926 3210 2966 novem
3259 2910 3433 2972 annis,
3460 2915 3587 2977 post

1996 3019 2223 3065 mortem
2254 3008 2505 3063 videlicet
2530 3007 2703 3077 patris
2741 3006 2824 3060 sui
2852 3004 3162 3058 Mathathia‘.
3199 3002 3353 3061 annis
3377 3001 3584 3063 decem,

1994 3100 2295 3171 Olympiade
2319 3096 2613 3153 centesima
2637 3095 3080 3168 quinquagesima
3103 3094 3308 3165 quinta.
3340 3091 3429 3147 Illa
3457 3107 3587 3162 ergo

1921 3178 1965 3241 C
1995 3206 2286 3262 pravorum
2319 3187 2617 3255 infestatio,
2664 3203 2781 3258 qua:
2809 3196 2933 3258 post
2961 3187 3164 3242 obitum
3200 3183 3349 3244 Iuda:
3375 3185 3587 3254 inquit:-

2001 3292 2210 3340 taverat
2236 3283 2375 3338 ﬁlios
2397 3280 2583 3345 Israel,
2613 3280 2836 3352 mystice
2884 3278 3152 3350 signiﬁcat
3193 3278 3353 3348 quod,
3395 3277 3590 3331 ablatis

1996 3372 2155 3428 bonis
2181 3371 2515 3434 doctoribus,
2547 3369 2883 3439 dispendium
2934 3383 3040 3422 non
3081 3366 3362 3422 minimum
3406 3365 3591 3427 ﬁdeles

1999 3465 2238 3519 sentiant
2293 3463 2601 3528 auditores,
2657 3476 2782 3516 cum
2833 3458 3118 3514 occasione
3171 3464 3422 3527 percepta
3482 3470 3591 3509 non

2001 3555 2173 3610 solum
2226 3551 2542 3625 pagani,sed
2589 3558 2643 3605 et
2693 3549 2929 3605 htcretici
2977 3547 3231 3618 gravibus
3260 3549 3592 3618 persecutio-

2000 3644 2419 3715 nibus'fatigent
2460 3641 2756 3697 Ecclesium
2798 3641 2914 3696 Dei.
2953 3639 3091 3694 Hinc
3139 3639 3338 3694 Paulus
3378 3637 3593 3692 Jcrcsc-

2000 3732 2199 3805 lymam
2252 3741 2638 3804 perrecturus,
2696 3729 3007 3785 convocatis
3060 3726 3356 3795 majoribus
3412 3725 3588 3796 Ephe-

2003 3823 2231 3889 siorum,
2260 3823 2402 3878 inter
2453 3821 2556 3876 alia
2605 3820 2776 3874 dixit:
2835 3817 2992 3871 Nunc
3039 3832 3155 3870 ecce
3192 3832 3284 3886 ego
3317 3815 3423 3868 scio
3467 3816 3591 3884 quia

2004 3913 2229 3987 amplius
2279 3928 2383 3968 non
2411 3910 2643 3966 videbitis
2682 3908 2871 3987 faciem
2919 3922 3088 3962 meum
3139 3922 3223 3959 ros
3259 3920 3454 3968 omnes,
3500 3920 3594 3973 per

2003 3986 2133 4078 quos
2163 4001 2380 4057 transivi
2398 3999 2691 4072 prwdicans
2720 3986 2931 4068 regnum
2962 3995 3078 4049 Dei.
3121 3992 3447 4064 Quapropter
3468 4009 3592 4044 con-

398 4089 463 4144 Et
487 4101 676 4145 cetera
704 4091 858 4145 verba
888 4091 1149 4165 bellorum,
1181 4092 1340 4150 Iuda:
1381 4103 1427 4149 et
1468 4095 1741 4161 uirtutum,
1770 4113 1904 4169 quas
2006 4103 2173 4149 testor
2204 4108 2292 4147 vos
2315 4090 2569 4145 hodierna
2595 4087 2681 4143 die
2720 4087 2845 4158 quia
2874 4085 3099 4140 mundus
3138 4101 3252 4139 sum
3283 4102 3313 4137 a
3339 4083 3593 4153 sanguine

321 4181 470 4251 fecit,
500 4190 603 4235 etc.
643 4180 803 4235 Multa
836 4190 961 4237 sunt
1002 4183 1141 4238 bella
1182 4192 1239 4239 et
1267 4185 1492 4240 virtutes
1523 4200 1659 4256 quas
1701 4186 1907 4247 faciunt
2006 4183 2258 4238 omnium.
2310 4179 2435 4235 Non
2489 4179 2628 4234 enim
2671 4177 3003 4247 subterfugi,
3047 4175 3325 4248 quominus
3378 4179 3591 4227 adnun-

324 4271 519 4337 sancli,
545 4270 653 4325 imo
680 4269 937 4326 Dominus
965 4272 1019 4326 in
1050 4274 1153 4341 eis,
1200 4289 1429 4344 quarum
1478 4277 1719 4332 omnium
1764 4279 1907 4335 noti-
2007 4272 2191 4327 tiarem
2229 4285 2378 4327 omne
2415 4267 2688 4323 consilium
2715 4265 2815 4321 Dei
2862 4266 3025 4320 vobis.
3065 4265 3327 4320 Attendite
3375 4265 3513 4341 υιύὶδ
3539 4275 3589 4319 et

327 4359 456 4413 tiam
498 4374 659 4414 nemo
704 4360 979 4431 percipere
1027 4369 1225 4431 potest,
1273 4363 1365 4418 sed
1409 4362 1465 4418 in
1493 4362 1605 4420 sola
1635 4365 1907 4436 agnitione
2007 4358 2442 4431 universo‘gregi,
2494 4358 2551 4413 in
2594 4373 2696 4428 quo
2740 4372 2831 4411 vos
2882 4355 3114 4427 Spiritus
3154 4366 3366 4410 sanctus
3417 4359 3592 4437 posuit

325 4457 645 4518 permanent
664 4449 918 4503 auctoris.
954 4448 1102 4505 Unde
1128 4450 1194 4505 de
1221 4451 1352 4521 ipsis
1368 4450 1627 4507 Dominus
1647 4453 1702 4507 in
1728 4453 1908 4509 Evan‘
1937 4521 1969 4525 ξ
2008 4455 2271 4525 episcopos
2306 4466 2479 4521 regere
2502 4444 2791 4505 Ecclesium
2831 4446 2951 4515 Dei,
2973 4464 3130 4519 quam
3175 4447 3442 4521 acquisivit
3469 4466 3593 4504 san-

325 4540 610 4610 gelio'ait:
665 4537 795 4597 Oves
844 4557 971 4594 metu
1014 4558 1189 4595 vocem
1235 4559 1404 4596 meam
1444 4544 1688 4610 audiunt,
1736 4555 1783 4600 et
1812 4562 1906 4616 ego
1932 4521 1986 4583 Ῐ)
2011 4521 2308 4616 ἀυὶηεέαο.
2337 4541 2453 4614 Ego
2499 4542 2608 4597 scio
2641 4540 2885 4613 quoniam
2932 4539 3203 4595 intrabunt
3242 4549 3356 4611 post
3393 4541 3592 4596 disces-

325 4630 583 4718 Dominus
613 4646 828 4700 agnosct
866 4647 956 4685 eas
991 4629 1171 4703 (Joan.
1193 4632 1249 4703 x)
1274 4650 1289 4699 ;
1321 4640 1378 4689 et
1397 4633 1524 4689 item
1553 4652 1566 4688 :
1604 4631 1836 4691 Gaudete
1859 4645 1908 4692 et

326 4721 606 4788 exsultate,
638 4721 830 4792 inquit,
864 4722 1109 4793 quoniam
1131 4723 1343 4779 nomina
1362 4733 1533 4781 vestra
1561 4725 1756 4797 scripta
1784 4734 1908 4784 sunt

326 4816 384 4868 in
411 4812 572 4880 caelo,
621 4814 804 4872 ctenim
836 4814 1005 4880 vestri,
1044 4815 1143 4879 ait,
1179 4815 1358 4885 capilli
1395 4815 1581 4886 capitis
1609 4833 1785 4871 omnes
1810 4834 1910 4872 nu-

2013 4637 2212 4692 sionem
2236 4650 2405 4689 meam
2428 4633 2539 4704 lupi
2559 4648 2773 4704 rapaces
2792 4631 2849 4686 in
2878 4647 2991 4699 vos,
3019 4647 3123 4686 non
3140 4639 3408 4701 parcentes
3427 4633 3593 4702 gregi,

2013 4725 2104 4783 sed
2132 4742 2197 4781 cx
2224 4724 2363 4779 vobis
2410 4724 2537 4795 ipsis
2582 4730 2859 4792 exsurgent
2902 4722 2995 4777 viri
3040 4721 3304 4793 loquentes
3330 4737 3601 4792 perversa,

2014 4824 2071 4871 ut
2107 4815 2369 4873 abducant
2400 4809 2683 4882 discipulos
2708 4820 2823 4881 post
2856 4827 2929 4864 se.
2954 4809 3177 4882 Propter
3195 4810 3336 4880 quod
3365 4810 3590 4882 vigilate,

328 4905 517 4959 merati
542 4913 682 4969 sunt,
728 4912 776 4960 et
821 4902 1040 4975 capillus
1064 4906 1128 4959 de
1175 4906 1343 4975 capite
1383 4915 1549 4961 vestro
1577 4924 1680 4962 non
1724 4912 1910 4979 peribit
2012 4903 2264 4961 memoria
2287 4902 2563 4961 retinentes
2583 4900 2721 4970 quod
2747 4915 2840 4969 Per
2861 4900 3139 4955 ινὶεηηὶωη
3160 4908 3307 4954 ηοειε
3324 4908 3373 4954 εἰ
3388 4901 3471 4955 die
3491 4917 3597 4955 που
3666 4944 3683 4963 .

331 4992 485 5067 (Luc.
515 4993 590 5067 ι).
624 4993 700 5049 De
722 5010 828 5061 quo
868 5002 922 5049 et
966 4994 1091 5049 alibi
1118 4993 1414 5064 scriptum:
1460 4993 1621 5050 Novit
1648 4996 1907 5054 Dominus

2012 4994 2226 5058 cessavi,
2251 5008 2369 5045 cum
2390 4991 2636 5061 lacrymis
2656 5006 2870 5045 monens
2908 5006 3320 5060 unumquemque
3348 5000 3590 5047 vestrum.

330 5087 422 5157 qui
452 5095 569 5140 sunt
594 5085 1191 5161 ejus(llTimot/:.u);ct
1211 5086 1379 5141 item:
1430 5085 1551 5157 Ipse
1592 5090 1735 5143 solus
1774 5090 1912 5144 nouit
2012 5086 2083 5142 Et
2107 5103 2243 5143 nunc
2273 5084 2574 5139 commendo
2599 5099 2686 5138 vos
2723 5082 2831 5136 Deo
2858 5091 2907 5136 et
2936 5082 3086 5136 verbo
3120 5083 3305 5152 gratia:
3341 5082 3478 5151 ejus,
3504 5084 3595 5152 qui

332 5175 497 5229 corda
543 5176 773 5228 omnium
818 5175 1049 5243 ﬁliorum
1096 5177 1267 5230 Adam
1315 5175 1467 5247 (Luc.
1509 5177 1644 5248 xw).
1682 5178 1818 5234 Hinc
1855 5179 1912 5236 in
2013 5186 2194 5249 potens
2220 5185 2294 5230 est
2323 5174 2587 5245 wdiﬁcare
2609 5180 2657 5227 et
2681 5172 2808 5226 dare
2833 5170 3190 5227 Ita'reditatent
3212 5174 3267 5229 in
3300 5172 3596 5240 sanctiﬁca-

333 5264 542 5335 psalmo
589 5263 849 5333 Propheta
903 5264 1010 5318 ait:
1072 5263 1178 5334 Qui
1230 5274 1467 5323 numerat
1526 5265 1912 5325 multitudinem

333 5354 624 5420 stellarum,
652 5366 700 5410 et
728 5354 963 5411 omnibus
988 5357 1062 5411 eis
1088 5357 1299 5412 nomina
1326 5367 1472 5411 vocat
1507 5356 1678 5429 (Psal.
1696 5358 1909 5431 CXLVI);

336 5450 396 5499 et
422 5442 547 5497 item
571 5485 586 5500 .
622 5443 903 5508 Hirabilis,
930 5443 1122 5513 inquit,
1165 5443 1420 5500 Dominus
1459 5446 1515 5501 in
1538 5447 1730 5500 sanctis
1760 5447 1912 5512 suis;

339 5531 455 5603 ipse
480 5534 623 5587 dabit
658 5534 897 5589 virtutem
936 5543 984 5588 et
1024 5534 1383 5604 fortitudinem
1416 5535 1552 5605 plebi
1595 5554 1706 5592 sua:
1737 5535 1910 5609 (Psal.

2018 5266 2245 5322 tionibus
2276 5265 2415 5337 (Act.
2441 5262 2557 5337 xx).

2087 5354 2157 5409 In
2180 5355 2361 5409 diebus
2404 5353 2511 5409 illis
2542 5352 2686 5422 facta
2711 5361 2786 5407 est
2830 5351 2992 5423 fames
3035 5368 3226 5421 magna
3267 5348 3437 5415 valde,
3481 5357 3590 5405 etc.

2015 5443 2182 5500 Fame
2210 5445 2398 5499 oborta
2420 5442 2639 5498 tradidit
2661 5459 2717 5500 se
2758 5440 3007 5499 Bacchidi
3044 5439 3211 5493 omnis
3251 5438 3429 5507 regio:
3465 5438 3595 5508 quia

2016 5533 2390 5593 deﬁcientibus
2448 5532 2893 5603 praedicatoribus
2935 5537 3154 5603 propter
3198 5527 3400 5587 famem
3440 5529 3594 5589 verbi

336 5622 528 5694 um).
558 5621 711 5680 Unde
736 5636 957 5678 necesse
997 5631 1081 5679 est
1108 5631 1167 5677 ut
1188 5623 1368 5679 dicant
1412 5624 1627 5696 singuli,
1655 5625 1837 5681 dicant
1861 5634 1916 5683 ct
2018 5625 2136 5692 Dei,
2160 5625 2301 5681 unde
2346 5625 2538 5679 animm
2586 5622 2822 5695 saginari
2868 5623 3079 5686 debent,
3117 5621 3266 5691 quia,
3295 5623 3595 5681 secundum

333 5728 557 5770 ontncs:
588 5714 895 5769 Benedictus
920 5712 1175 5769 Dominus
1192 5715 1280 5785 qui
1305 5714 1424 5784 fecit
1444 5715 1705 5771 mirabilia
1728 5734 1916 5788 magna
2021 5717 2276 5774 Veritatis
2305 5706 2668 5772 sententiam:
2717 5713 2843 5769 Non
2881 5713 2935 5767 in
2972 5711 3082 5769 solo
3107 5711 3385 5782 panerivit
3411 5713 3588 5786 homo,
