3928 6168
320 332 457 396 H83

954 335 1015 391 B.
1053 333 1305 391 ltABANl
1344 333 1566 391 MAURI
1601 331 1925 393 ARCHIEP.
1967 329 2284 391 MOGUNT.
2322 331 2614 399 OPERUM
2649 331 2831 393 PARS
2854 332 2914 391 ‘1.

3475 337 3621 397 1184

320 452 411 508 sed
446 451 501 506 in
530 450 672 506 omni
698 451 850 505 verbo
889 448 1029 520 quod
1065 447 1297 519 procedit
1336 447 1402 502 de
1438 463 1528 503 ore
1554 446 1654 502 Dei
1679 445 1898 521 (Matth.
1928 446 1985 511 Α
2007 461 2129 503 mor
2154 446 2523 518 lacrymarutn
2546 447 2616 503 ab
2639 447 2837 514 oculis,
2864 446 2939 505 ad
2956 450 3622 520 provocandum‘snba-i-

323 541 421 616 ιγ),
449 540 667 613 quidam
696 537 977 594 tormentis
999 538 1187 601 coacti,
1220 536 1438 607 quidam
1464 550 1595 592 vero
1612 536 1768 592 vanis
1796 550 1917 591 sua-

325 634 569 689 sionibus
595 630 778 696 illecti,
809 630 875 686 de
902 627 1394 684 ecclesiasticarum
1442 643 1669 683 numero
1699 627 1919 683 tradunt

325 742 385 781 se
412 722 680 795 gentibus.
729 719 831 787 Qui
857 719 1062 775 amicos
1106 719 1224 774 veri
1271 717 1445 784 Iudae,
1475 733 1635 789 quem
1683 725 1919 774 testante

327 814 608 883 Scriptura
637 810 858 867 laudant
883 825 1072 865 omnes
1102 808 1298 864 fratres
1344 809 1451 875 sui,
1483 816 1917 880 perscrutantur,

322 915 522 961 etcum
567 901 890 965 invenerint,
944 900 1229 955 illudentes
1258 900 1555 955 vindictam
1577 904 1836 954 exercent
1865 897 1921 953 in

325 996 465 1051 illos.
522 993 674 1051 Hanc
716 1007 848 1061 ergo
916 991 1417 1061 interpretationem
1470 987 1750 1059 cognoscit
1797 1000 1923 1043 cve-

324 1088 472 1143 nisse
497 1085 687 1157 primis
717 1083 1051 1154 temporibus
1074 1082 1331 1138 Ecclesia:
1359 1080 1657 1136 cultoribus
1695 1078 1919 1146 Christi,

325 1179 505 1236 omnis
536 1176 636 1249 qui
690 1174 1120 1234 ecclesiasticam
1165 1173 1451 1229 historiam
1500 1171 1669 1243 legit:
1722 1170 1819 1226 sed
1869 1177 1924 1225 et

329 1267 604 1340 Spiritales
657 1259 934 1335 nequitia},
982 1278 1102 1333 quae
1136 1263 1339 1332 antiqui
1389 1262 1562 1317 hostis
1610 1260 1926 1317 deserviunt

326 1358 611 1424 voluntati,
634 1371 755 1412 cum
786 1353 1018 1409 viderint
1042 1354 1253 1409 animas
1281 1353 1562 1408 hominum
1603 1365 1744 1423 pane
1775 1346 1925 1406 verbi

330 1448 427 1503 Dei
452 1462 664 1513 carere,
708 1445 926 1502 student
972 1459 1068 1500 eos
1110 1444 1165 1498 in
1191 1458 1432 1498 errorem
1476 1442 1719 1506 mittere,
1755 1450 1812 1495 et
1858 1440 1927 1493 ad

330 1540 464 1595 vitia
489 1538 825 1614 pertrahere,
874 1542 1142 1605 quatenus
1169 1536 1236 1590 de
1269 1534 1462 1589 amicis
1507 1530 1660 1586 Iuda:
1689 1530 1928 1586 efficiant

330 1629 569 1702 prmdam
605 1628 840 1694 Satanae,
870 1636 926 1683 et
948 1640 1079 1681 vasa
1122 1627 1218 1682 Dei
1247 1626 1503 1697 pabulum
1549 1623 1689 1694 ignis
1715 1621 1924 1677 aeterni.

407 1721 475 1777 Et
506 1721 648 1792 facta
681 1729 756 1775 est
787 1718 1058 1773 tribulatio
1082 1734 1274 1788 magna
1314 1718 1370 1771 in
1396 1714 1587 1782 Israel,
1622 1713 1797 1784 qualis
1824 1729 1928 1767 non

2018 537 2265 595 cordiam
2292 537 2411 607 Dei,
2437 537 2640 610 largius
2666 537 2802 596 fons
2824 537 3149 597 eﬁ'unditur.

2089 628 2162 684 Et
2186 631 2421 701 cognovit
2443 628 2757 696 Bacchides,
2779 638 2829 686 et
2859 630 2945 686 die
2966 630 3472 689 sabbatorum.“
3512 633 3627 704 ipse

2019 728 2069 775 et
2097 720 2266 777 omnis
2285 721 2545 777 exercitus
2566 720 2682 791 ejus
2701 730 2853 777 trans
2874 720 3199 789 Jordanem,
3232 730 3341 779 etc.
3369 722 3514 790 Quid
3541 732 3625 779 eat

2021 810 2166 880 quod
2193 811 2493 868 Bacchides
2520 811 2576 867 in
2608 812 2696 867 die
2733 812 3084 873 sabbatorum
3132 821 3286 870 trans
3330 810 3626 871 Iordanem

2023 916 2147 957 cum
2172 903 2417 958 exercitu
2444 903 2596 959 venit
2615 912 2807 959 contra
2833 902 3071 968 Judaaos,
3103 906 3209 961 nisi
3247 906 3397 976 quod
3435 921 3626 976 parse-

2023 1001 2241 1049 cutores
2269 993 2725 1061 Christianorum,
2755 996 2878 1066 paci
2912 1004 2972 1051 et
2997 997 3165 1067 quieti
3196 996 3460 1053 Ecclesia:
3489 998 3622 1054 invi-

2023 1087 2233 1153 dentes,
2281 1102 2406 1144 cum
2460 1086 2692 1143 tumultu
2749 1088 3098 1158 irrumpendo
3126 1088 3383 1158 baptismi
3431 1103 3619 1144 sacra.

2025 1188 2267 1237 mentum
2292 1182 2618 1236 conturbare
2648 1190 2706 1236 et
2755 1181 2882 1241 ﬁdei
2922 1190 3120 1237 statum
3160 1182 3481 1237 subvertere
3511 1191 3625 1237 stu-

2027 1270 2176 1326 dent.
2217 1268 2301 1326 Ad
2328 1269 2431 1326 hoc
2470 1269 2793 1328 Nabathaeos
2838 1272 3045 1327 amicos
3094 1287 3224 1327 suos
3267 1272 3323 1327 in
3370 1272 3625 1327 auxilium

2026 1369 2344 1431 provocant,
2370 1361 2497 1430 quia
2538 1362 2825 1418 haereticos
2851 1363 2921 1418 ad
2961 1364 3344 1419 contritionem
3390 1364 3627 1418 ﬁdelium

2026 1462 2195 1525 atque
2219 1453 2511 1510 malevolos
2553 1454 2656 1511 sibi
2701 1457 2993 1512 associant.
3039 1456 3323 1513 Nabutbai
3362 1458 3536 1524 enim,
3575 1467 3626 1513 ut

2029 1543 2246 1613 quidam
2270 1543 2558 1611 allirmant,
2596 1546 2958 1616 profanant“,
2989 1549 3284 1605 secundum
3317 1551 3504 1606 cordis
3547 1551 3627 1608 sui

2030 1636 2351 1704 nequitiam,
2394 1635 2845 1708 interpretantur,
2885 1648 2940 1696 et
2987 1649 3111 1712 apte
3150 1641 3395 1698 heretici
3436 1642 3543 1697 hoc
3568 1644 3625 1696 il

2035 1725 2156 1782 loco
2192 1726 2546 1797 profanantes
2576 1728 2681 1784 dici
2714 1738 2962 1799 possunt,
2995 1746 3102 1785 non
3124 1732 3271 1786 enim
3318 1745 3468 1787 sana:
3511 1732 3617 1788 ﬁde

333 1814 456 1883 fuit,
491 1820 596 1868 etc.
634 1812 930 1880 Postquam
958 1810 1105 1864 enim
1136 1824 1242 1863 non
1281 1815 1366 1862 est
1388 1808 1537 1862 visus
1574 1804 1839 1875 propheta
1880 1802 1937 1857 in
1966 1806 2013 1866 B
2041 1816 2285 1873 docendo
2309 1819 2693 1874 comma,de
2711 1820 3020 1884 veritatem,
3057 1821 3151 1877 sed
3175 1823 3401 1887 erroris,
3444 1839 3609 1878 seu,"

333 1908 518 1973 lsrael,
547 1907 687 1962 facta
707 1913 794 1959 est
815 1902 1090 1959 tribulatio
1113 1916 1344 1972 magna;
1381 1898 1530 1970 quia,
1554 1906 1802 1952 cessante
1831 1894 1929 1949 doc

334 1999 511 2055 ctrina
534 1999 588 2053 in
612 1996 827 2067 populo,
853 2003 1199 2066 peccatorum
1221 1992 1492 2047 excitatur
1528 1989 1704 2060 plaga,
1728 1996 1785 2042 et
1806 1988 1932 2043 inde

336 2091 390 2145 in
417 2103 511 2144 eos
553 2087 647 2143 Dei
686 2086 951 2156 processit
994 2083 1252 2147 vindicta,
1298 2082 1440 2138 unde
1476 2094 1701 2136 necesse
1743 2086 1827 2134 est
1872 2083 1934 2133 ut

335 2184 587 2239 doctores
626 2178 883 2235 Ecclesia:
912 2177 1030 2232 sint
1075 2175 1300 2231 studiosi
1350 2175 1420 2229 ad
1462 2172 1765 2229 docendum
1802 2169 1934 2226 sub-

330 2273 527 2343 jectos,
556 2281 613 2329 et
646 2272 922 2327 auditores
958 2272 1077 2327 sint
1120 2269 1310 2324 intenti
1344 2269 1414 2324 ad
1451 2266 1777 2322 audiendum
1810 2280 1934 2320 ver-

336 2369 465 2423 bum
490 2366 606 2422 Dei.
640 2364 779 2421 Hinc
804 2379 1020 2434 quoque
1048 2379 1151 2435 per
1187 2362 1534 2417 Salomonem
1556 2360 1787 2416 dicitur:
1830 2359 1936 2414 Do-

336 2459 511 2513 ctrina
535 2458 670 2512 bona
700 2457 845 2511 dabit
868 2458 1095 2528 gratiam
1119 2453 1302 2527 (Prov.
1329 2451 1474 2524 xm).
1522 2452 1690 2507 Labia
1724 2452 1936 2523 sapien-

336 2556 472 2609 tium
490 2553 796 2608 custodiunt
836 2568 943 2607 eos.
972 2549 1073 2605 Ubi
1105 2568 1208 2605 non
1236 2560 1359 2606 sunt
1396 2550 1567 2616 boves,
1592 2564 1823 2620 praesepe
1846 2565 1935 2604 oa-

338 2660 496 2699 ταωνι
520 2653 636 2709 est;
684 2643 774 2698 ubi
799 2642 1042 2714 plurima:
1085 2651 1298 2713 segetes,
1344 2640 1419 2696 ibi
1456 2640 1736 2711 manifesta
1787 2639 1938 2709 forti-

338 2732 468 2787 tudo
521 2732 705 2804 (Prov.
756 2732 889 2804 xxv).
939 2731 1104 2788 Bonis
1138 2733 1193 2787 in
1239 2731 1389 2786 omni
1432 2744 1598 2800 opere
1626 2730 1772 2786 bono
1829 2729 1936 2785 erit

340 2827 689 2882 abundantia.
730 2825 1097 2882 Misericordia
1122 2835 1173 2881 et
1212 2824 1403 2881 ueritas
1449 2832 1753 2895 purpuram
1798 2822 1936 2879 bona

340 2917 553 2992 (Ibid.).

415 3048 480 3105 Et
502 3052 799 3124 congregati
823 3060 945 3107 sunt
986 3068 1164 3107 omnes
1202 3052 1358 3107 amici
1401 3050 1582 3121 Iudae,
1616 3063 1663 3109 et
1690 3053 1938 3108 dixerunt

339 3143 609 3211 Ionatlue,
637 3152 742 3199 etc.
773 3142 911 3211 Quid
932 3143 1175 3214 estquod
1196 3153 1317 3215 post
1335 3144 1544 3200 obitum
1567 3143 1718 3199 Judm
1742 3143 1940 3215 legitur
1966 3162 2012 3226 ο

341 3231 603 3288 Jonathas
646 3249 675 3286 a
712 3234 909 3304 populo
937 3232 990 3286 in
1032 3233 1395 3288 sacerdotium
1435 3234 1561 3305 eligi
1605 3243 1668 3289 ut
1696 3234 1942 3305 suppleat

345 3324 521 3380 locum
545 3323 730 3379 fratris
755 3324 861 3387 sui,
886 3322 988 3377 nisi
1012 3323 1153 3391 quod
1175 3323 1549 3382 obedientibus
1568 3321 1939 3397 [obeuntibus]

344 3430 443 3484 per
466 3412 785 3485 martyrium
812 3413 1049 3483 primum
1083 3412 1392 3469 doctoribus
1421 3412 1699 3480 Ecclesiae,
1727 3431 1941 3471 succes-

345 3521 499 3562 sores
526 3519 734 3571 eorum,
766 3503 1180 3560 administrante
1211 3503 1446 3574 Spiritus
1466 3505 1642 3561 sancti
1667 3505 1861 3577 gratia,
1885 3506 1940 3561 in

346 3597 523 3653 locum
559 3596 796 3667 ipsorum
821 3595 1240 3663 substituuntur,
1265 3595 1416 3665 cujus
1459 3596 1943 3653 administrationis

345 3687 639 3743 ellicaciam
658 3686 890 3741 nominis
911 3684 1159 3749 Jonathm
1178 3687 1553 3757 interpretatio
1573 3687 1937 3744 demonstrat:

345 3780 735 3850 interpretatur
770 3779 914 3836 enim
960 3777 1201 3837 columba
1247 3796 1450 3847 eorum,
1498 3779 1642 3836 sicut
1691 3781 1942 3852 superius

349 3873 775 3928 demonstratum
833 3880 955 3936 est,
1005 3870 1296 3926 admovens
1349 3871 1734 3941 prtedicatores
1787 3873 1940 3927 verbi

345 3970 613 4034 quatenus
658 3959 819 4032 digne
866 3960 1093 4015 ducatus
1140 3960 1223 4015 sui
1269 3958 1504 4016 oﬁicium
1551 3961 1605 4016 in
1643 3962 1802 4032 plebe
1844 3960 1940 4017 Dei

345 4061 560 4125 gerant,
600 4059 655 4108 et
681 4050 1046 4108 defensionem
1076 4066 1372 4122 congruam
1396 4059 1583 4108 contra
1604 4052 1791 4108 hostes
1816 4054 1943 4109 sub-

348 4143 476 4199 ditis
502 4142 832 4218 impendant.
864 4140 969 4196 Sed
998 4140 1137 4196 sicut
1181 4139 1454 4212 prioribus
1500 4140 1574 4195 ita
1615 4148 1672 4195 et
1715 4156 1945 4212 sequen-

350 4233 492 4293 tibus
524 4232 707 4305 populi
756 4231 852 4288 Dei
889 4231 1199 4289 doctoribus
1247 4232 1316 4288 ab
1352 4230 1657 4287 inﬁdelibus
1683 4241 1739 4288 et
1771 4232 1942 4289 baare-

352 4316 795 4380 ticisYruculenta
826 4323 1186 4378 immittuntur
1208 4320 1333 4389 tela,
1350 4332 1405 4378 et
1424 4338 1565 4380 saeva
1587 4325 1821 4380 hostium
1849 4314 1943 4383 ad-

348 4422 601 4469 versatur
627 4412 931 4469 inimicitia.
966 4411 1114 4469 Unde
1142 4412 1387 4483 sequitur
1413 4431 1426 4468 :

420 4563 493 4619 Et
513 4563 735 4635 suscepit
762 4563 1023 4619 Jonathas
1054 4572 1281 4635 tempore
1305 4563 1397 4625 illo
1422 4566 1794 4637 principatum,
1832 4579 1939 4623 etc.

351 4653 510 4726 Fugit
531 4653 1128 4712 Jonathas’imminerite
1150 4654 1293 4709 bello
1312 4654 1368 4709 in
1391 4655 1661 4711 desertum
1690 4657 1938 4725 Thecuze,

350 4746 499 4814 quia,
544 4746 928 4802 exardescente
968 4744 1206 4800 hostium
1258 4748 1648 4817 persecutione,
1694 4750 1943 4807 doctores

353 4840 526 4894 sancti
552 4852 675 4895 cum
713 4840 828 4895 suis
864 4838 1187 4911 sequacibus
1228 4839 1464 4896 cmlestis
1509 4842 1645 4898 aula:
1689 4844 1943 4914 precibus

275 4959 297 4982 .
352 4919 640 5002 penetrant
683 4940 974 4997 secretum,
1002 4940 1061 4987 ut
1112 4931 1184 4987 ibi
1216 4933 1514 4989 invocanda
1554 4936 1942 5005 omnipotentis

354 5020 451 5074 Dei
487 5020 762 5075 inveniant
786 5020 1063 5087 auxilium,
1091 5034 1251 5091 quem
1286 5028 1397 5077 tota
1436 5022 1732 5079 intentione
1759 5024 1940 5082 cordis

354 5113 542 5168 venire
566 5112 672 5167 sibi
692 5112 967 5182 postulant
996 5113 1049 5167 in
1080 5112 1425 5183 adiutorium.
1455 5112 1671 5171 Thecue
1692 5116 1836 5171 enim
1862 5117 1941 5172 in-

355 5211 686 5277 terpretatur
720 5203 847 5256 tuba
892 5203 1007 5258 sive
1047 5202 1282 5274 clangor.
1326 5204 1478 5271 Quod
1513 5215 1692 5261 autem
1719 5206 1942 5278 subjun-

353 5298 537 5369 situr:
578 5292 648 5351 Et
668 5291 1011 5349 consederunt
1030 5293 1100 5346 ad
1121 5310 1313 5365 aquam
1341 5294 1487 5350 lacus
1523 5296 1747 5367 Asphar,
1776 5298 1941 5370 signi-

356 5386 486 5442 licat
509 5399 703 5443 vacare
723 5382 1151 5455 compunctionis
1169 5383 1443 5455 lacrymis,
1468 5398 1574 5455 quo
1595 5384 1804 5442 facilius
1824 5402 1936 5443 om.

357 5480 648 5551 nipotentis
674 5477 767 5534 Dei
798 5477 1091 5548 impetrare
1134 5484 1381 5548 satagunt
1422 5477 1694 5544 solatium,
1725 5480 1942 5549 quando

359 5586 464 5627 non
490 5570 634 5637 alibi,
665 5569 759 5624 sed
784 5565 903 5637 eius
946 5565 1163 5638 pietatis
1205 5565 1541 5623 solummodo
1570 5576 1826 5638 expetunt
1858 5585 1943 5627 re-

359 5661 583 5732 fugium.
616 5660 769 5715 Unde
790 5659 1003 5731 Aspbar
1028 5659 1412 5729 interpretatur
1431 5658 1562 5712 sedit
1591 5657 1704 5713 sive
1731 5659 1939 5726 humus,

362 5753 488 5821 ouis
508 5751 726 5826 quando
764 5765 860 5810 cor
891 5751 1041 5808 vitiis
1064 5759 1290 5809 sanatur
1321 5756 1378 5806 et
1421 5749 1816 5823 compungitur,
1846 5751 1944 5807 hu-

2042 1909 2169 1963 dum
2208 1910 2389 1965 cordis
2436 1911 2520 1966 sui
2579 1913 2900 1982 nequitiam,
2948 1914 3270 1983 depromunt
3318 1915 3610 1971 falsitatem

2036 1998 2191 2055 Unde
2216 2008 2270 2056 et
2308 2002 2361 2056 in
2403 2002 2520 2073 lege
2549 2005 2825 2074 prophetae
2867 2005 2960 2074 qui
2995 2021 3133 2062 vana
3185 2007 3534 2063 somniabant
3575 2017 3635 2062 et

2035 2087 2352 2145 divinabant
2381 2091 2684 2160 mendacia,
2715 2094 3011 2149 secundum
3053 2096 3373 2152 sententiam
3424 2097 3635 2153 Domini

2035 2185 2199 2239 morti
2230 2183 2663 2255 dijudicabantur
2688 2186 3182 2263 [adjudicabantur]
3210 2207 3226 2255 ;
3263 2190 3410 2261 quod
3441 2192 3611 2246 certis

2035 2276 2233 2331 simum
2272 2284 2355 2332 est
2382 2277 2652 2332 btereticis
2699 2280 2936 2348 evenire,
2983 2281 3078 2351 qui
3129 2296 3188 2337 se
3215 2295 3314 2352 per
3342 2281 3632 2336 schismata

2036 2377 2093 2425 et
2119 2376 2297 2426 sectas
2346 2369 2564 2425 inutiles
2612 2379 2870 2443 separant
2912 2387 2942 2427 a
2978 2371 3110 2438 Deo,
3160 2380 3218 2427 et
3259 2386 3362 2441 per
3397 2384 3635 2427 errorem

2036 2472 2198 2534 atque
2222 2462 2616 2533 blasphemiam
2646 2461 2984 2536 coniungunt
3008 2462 3245 2520 diabolo.

2108 2553 2179 2608 Et
2200 2556 2438 2609 exierunt
2462 2553 2565 2624 ﬁlii
2599 2553 2808 2609 Jambri
2833 2570 2899 2609 ex
2938 2538 3188 2618 Madaba,
3215 2565 3264 2609 et
3302 2556 3616 2621 corripi-eheu

2037 2643 2227 2699 derunt
2274 2640 2537 2698 Joannem
2581 2654 2630 2699 et
2669 2645 2845 2700 omnia
2882 2661 3001 2716 quae
3048 2644 3291 2710 habebat,
3349 2653 3458 2699 etc.
3502 2643 3637 2712 Quid

2036 2747 2135 2805 per
2175 2732 2313 2789 ﬁlios
2354 2732 2562 2789 Jambri
2610 2734 2714 2790 nisi
2758 2734 3064 2806 voluptuosi
3114 2736 3271 2790 istius
3317 2736 3508 2791 mundi
3542 2751 3639 2790 cx-

2037 2823 2367 2895 primuntur,
2396 2824 2489 2894 qui
2530 2826 2680 2880 exire
2722 2840 2789 2881 ex
2833 2825 3084 2892 Madaba,
3110 2826 3215 2882 hoc
3246 2835 3354 2893 est,
3384 2843 3456 2883 ex
3492 2827 3636 2882 nati-

2038 2915 2209 2971 vitate
2237 2915 2449 2971 Domini
2480 2915 2802 2991 [dicuntur],
2838 2934 2965 2973 cum
2993 2918 3497 2990 concupiscentiam
3522 2934 3640 2973 ear-

2040 3007 2239 3073 nalem,
2268 3022 2431 3079 quam
2457 3008 2792 3079 originaliter
2832 3025 2899 3066 ex
2946 3019 3105 3081 parte
3139 3011 3321 3067 carnis
3346 3022 3639 3067 contraxe-

2043 3105 2171 3153 runt
2236 3098 2355 3154 sine
2407 3099 2807 3169 permutatione
2866 3100 3090 3158 visitare
3139 3104 3517 3160 contendunt?
3574 3103 3638 3159 lii

2043 3205 2172 3260 ergo
2191 3191 2655 3260 comprehendunt
2682 3190 2945 3248 Joannem
2967 3203 3023 3250 et
3047 3194 3226 3250 omnia
3242 3211 3383 3266 qua:
3411 3195 3642 3251 habebat

2041 3290 2097 3337 et
2124 3281 2373 3337 abierunt
2402 3280 2664 3338 habentes
2703 3299 2790 3350 ea,
2821 3300 2946 3340 cum
2991 3286 3227 3357 aliquem
3254 3286 3324 3341 de
3372 3286 3504 3344 ﬁliis
3539 3287 3642 3342 Ec-

2043 3372 2222 3429 clesia:
2248 3372 2596 3444 baptismatis
2623 3374 2764 3429 unda
2786 3374 3049 3443 ablutum,
3084 3385 3141 3431 et
3162 3376 3339 3447 gratia
3368 3377 3464 3432 Dei
3488 3392 3641 3432 rena-

2044 3474 2180 3531 tum,
2210 3479 2307 3535 per
2332 3463 2516 3519 illicita
2547 3465 2817 3521 desideria
2865 3467 2932 3522 ad
2971 3481 3032 3522 se
3075 3468 3309 3537 rapiunt,
3358 3476 3417 3522 et
3465 3467 3641 3522 studia

2042 3557 2184 3612 bona
2213 3557 2409 3628 quibus
2443 3557 2706 3613 militabat
2758 3559 2891 3623 Deo,
2926 3567 3323 3630 pervertentes,
3367 3560 3438 3614 ad
3463 3560 3644 3615 illece-

2041 3646 2171 3701 bras
2201 3647 2536 3717 voluptatum
2564 3656 2901 3719 pervertunt.
2932 3647 3039 3705 Sed
3058 3648 3322 3705 Jonathas
3348 3659 3409 3704 et
3453 3649 3642 3704 Simon

2041 3736 2228 3795 ulcisci
2250 3755 2313 3795 ea
2350 3740 2648 3809 cupientes,
2686 3755 2945 3811 sponsum
2972 3741 3066 3810 qui
3106 3741 3263 3796 duxit
3283 3741 3459 3810 ﬁliam
3486 3742 3644 3797 cuius

2043 3827 2109 3881 de
2130 3828 2333 3899 magnis
2368 3829 2691 3899 principibus
2729 3829 2987 3884 Chanaan
3010 3831 3065 3884 in
3090 3830 3376 3885 ambitione
3416 3847 3638 3901 magna,

2044 3934 2168 3974 cum
2192 3920 2339 3974 omni
2369 3934 2467 3974 suo
2494 3930 2758 3990 apparatu
2780 3929 2837 3975 et
2870 3920 3061 3976 amicis
3103 3921 3222 3976 suis
3265 3921 3539 3977 subvertit
3561 3930 3645 3975 at-

2044 4023 2151 4079 que
2175 4002 2409 4065 occidit:
2448 4011 2664 4080 quando
2692 4011 2941 4066 doctores
2988 4013 3164 4067 sancti
3204 4011 3416 4082 aliquos
3451 4028 3642 4068 comm

2044 4110 2182 4169 quos
2210 4103 2331 4155 tota
2373 4099 2494 4155 nisu
2524 4101 2871 4172 conspiciunt
2914 4102 3278 4172 voluptatibus
3320 4105 3513 4159 mundi
3564 4106 3644 4159 in-

2046 4190 2200 4247 hiare
2218 4201 2283 4247 et
2302 4193 2370 4247 ad
2399 4191 2669 4248 luxuriam
2703 4193 2970 4263 proclives
2995 4211 3113 4251 esse
3139 4196 3360 4267 (quibus
3387 4199 3644 4268 princeps

2044 4282 2205 4354 hujus
2247 4283 2425 4338 saeculi
2474 4285 2541 4339 ad
2592 4278 2966 4356 decipiendum
3012 4285 3266 4342 ardentes
3313 4303 3534 4360 quoque
3588 4289 3643 4343 in

2044 4373 2477 4444 concupiscentia
2509 4370 2691 4429 carnis
2726 4376 2979 4446 proponit
3024 4376 3094 4431 ad
3123 4377 3443 4433 societatem
3478 4394 3640 4434 suam

2049 4477 2144 4519 eos
2172 4463 2551 4538 pertrahendo)
2581 4466 2646 4520 ab
2675 4466 2972 4522 intentione
3000 4483 3169 4538 prava
3190 4468 3452 4540 eripiunt,
3475 4479 3642 4541 atque

2049 4554 2105 4608 in
2135 4553 2217 4610 eis
2256 4554 2361 4611 hoc
2408 4556 2551 4626 quod
2589 4557 2838 4612 nocivum
2869 4557 2969 4613 fuit
3017 4567 3074 4614 et
3124 4558 3398 4616 reluctans
3442 4562 3642 4619 divinis

2044 4648 2314 4703 mandatis
2342 4660 2602 4704 mucrone
2635 4649 2804 4704 divini
2833 4650 2982 4705 verbi
3007 4649 3281 4705 occidunt.
3311 4650 3460 4707 Talis
3493 4653 3640 4708 enim

2042 4742 2267 4797 victoria
2294 4742 2433 4797 bene
2479 4743 2577 4799 bos
2606 4743 2867 4798 condecet
2894 4743 2985 4813 qui
3028 4759 3095 4799 ex
3136 4744 3398 4815 magistro
3428 4745 3640 4800 caelati

2043 4833 2330 4889 didicerint
2360 4833 2582 4905 diligere
2630 4834 2880 4890 inimicos
2917 4840 3045 4891 suos
3085 4843 3141 4889 et
3173 4832 3502 4890 benefacere
3551 4836 3638 4890 bis

2042 4929 2136 4997 qui
2157 4929 2389 4984 oderunt
2416 4942 2511 4992 se;
2554 4936 2711 4983 crare
2738 4934 2835 4999 pro
2874 4922 3330 5000 persequentibus
3354 4935 3412 4983 et
3433 4927 3640 4982 calum-

2046 5018 2322 5073 niantibus
2346 5017 2468 5083 sibi,
2507 5018 2827 5074 benedicere
2856 5017 3301 5074 maledicentibus
3326 5027 3386 5072 et
3412 5033 3523 5073 non
3554 5034 3641 5073 rc-

2044 5109 2388 5166 maledicere.
2424 5109 2525 5177 Qui
2556 5126 2746 5167 eorum
2781 5111 2951 5182 spoiia
2987 5098 3278 5181 accipiunt,
3305 5112 3530 5181 quando
3560 5122 3639 5166 to-

2044 5204 2129 5254 tos
2151 5200 2302 5255 nisus
2330 5199 2506 5274 [usus]
2554 5216 2743 5256 eorum
2774 5202 2829 5257 in
2864 5218 3021 5257 usum
3049 5202 3483 5259 coelesiasticum
3515 5218 3639 5259 eon—

2044 5299 2282 5347 vertunt.
2315 5291 2469 5348 Unde
2505 5301 2629 5364 apte
2653 5292 3022 5367 subjungitur:

2119 5382 2189 5437 Et
2222 5399 2480 5440 conversa:
2504 5394 2627 5439 sunt
2668 5384 2862 5455 nuptiae
2904 5384 2960 5440 in
2997 5384 3219 5451 luctum,
3257 5394 3306 5439 et
3343 5399 3444 5439 eos:
3480 5383 3637 5439 musi-

2050 5490 2228 5531 corum
2254 5475 2485 5546 ipsorum
2526 5476 2582 5530 in
2621 5475 2929 5531 Iumentum.
2969 5476 3107 5544 Quia
3148 5491 3344 5533 vanam
3390 5475 3633 5531 lanitium

2051 5569 2233 5624 mundi
2263 5569 2315 5624 in
2342 5567 2544 5624 luctum
2588 5570 3007 5640 pmnitentiaz'et
3034 5586 3204 5635 vanos
3238 5569 3395 5640 jocos
3421 5586 3488 5625 ac
3518 5586 3633 5625 car-

2051 5662 2196 5716 mina
2221 5658 2429 5716 inutilia
2459 5662 2514 5717 in
2543 5661 2897 5733 psalmodiam
2924 5662 3184 5731 divinam,
3220 5677 3349 5719 cum
3374 5676 3630 5731 compun-

2051 5749 2229 5807 ctione
2263 5750 2643 5825 laerymarum,
2674 5754 2849 5811 sancti
2883 5754 3267 5826 praedicatores
3308 5753 3507 5810 docent
3538 5765 3629 5806 eos
