3928 6168
292 279 425 337 “85

963 306 969 313 ο
1009 279 1363 337 COMMENT.
1404 279 1474 335 ΙΝ
1510 280 1757 337 LIBROS
1795 281 2368 339 MACHABA‘ZORUM.
2411 313 2480 322 -
2518 283 2586 339 ιΝ
2625 280 2753 339 LIB.
2795 282 2836 338 i.

3396 284 3561 350 ἨΜ

285 400 642 459 commutare,
695 408 833 465 quos
878 394 1157 449 salutifera
1205 396 1389 465 praeda
1445 396 1683 468 rapiunt,
1737 403 1792 451 et
1844 412 1875 451 a
1903 399 1953 459 Λ
1980 397 2360 452 subvertentur
2403 406 2459 452 et
2505 398 2832 454 dissolvetur
2867 398 3021 472 vigor
3055 412 3236 471 pravae
3272 394 3564 462 voluntatis

284 486 394 541 vita
427 485 632 541 carnali
660 499 725 541 ac
752 486 955 540 veteris
978 486 1188 541 actibus
1216 486 1452 542 hominis
1497 486 1741 542 funditus
1777 502 1874 542 oc-

282 576 487 632 cidunt.
517 574 721 646 Sicque
760 583 1107 631 revertuntur
1139 576 1207 632 ad
1245 578 1417 648 ripam
1445 576 1716 642 Jordanis,
1752 591 1876 632 cum

280 681 378 723 eos
405 666 707 738 perducunt
735 666 804 722 ad
830 674 1032 722 statum
1058 666 1388 725 Christiana:
1416 668 1689 739 religionis
1715 677 1876 739 atque

283 759 351 811 ad
404 758 806 828 perceptionem
856 758 999 813 sacri
1053 759 1416 829 baptismatis,
1466 768 1526 815 ut
1580 760 1653 815 ibi
1706 775 1875 816 evan-

284 848 488 920 gelicus
515 848 799 920 expleatur
831 849 995 916 ritus,
1040 864 1140 921 pro
1179 865 1287 921 quo
1332 851 1484 907 labor
1523 853 1878 908 exercebatur
1920 844 1929 852 ’

283 946 448 993 ωιιιε.

351 1026 420 1082 Et
443 1027 638 1083 audivit
665 1026 952 1083 Bacchides
996 1037 1047 1084 et
1088 1030 1227 1083 venit
1254 1028 1339 1083 die
1358 1029 1690 1084 sabbatorum
1714 1047 1877 1100 usque

279 1121 350 1175 ad
372 1137 526 1175 oram
552 1119 810 1177 Iordanis
846 1122 903 1176 in
949 1123 1139 1177 virtute
1167 1123 1357 1188 multa,
1399 1132 1504 1178 etc.
1534 1124 1666 1183 Cum
1696 1139 1870 1194 perse-

276 1220 500 1267 cutores
546 1210 789 1266 ﬁdelium
835 1212 1064 1267 sabbato
1098 1213 1350 1283 spiritali,
1394 1229 1500 1284 quo
1540 1228 1736 1269 vacant
1773 1216 1873 1286 ipsi

280 1304 519 1360 cultores
547 1304 747 1360 Christi
778 1320 806 1359 a
856 1306 1087 1362 terrenis
1114 1308 1499 1378 cupiditatibus
1543 1311 1610 1365 ad
1652 1311 1861 1366 audien-

281 1395 406 1450 dum
440 1395 667 1449 verbum
712 1395 827 1460 Dei,
870 1404 924 1450 ct
952 1396 1161 1453 laudem
1192 1400 1422 1456 Domino
1459 1401 1870 1469 concinentiam,

280 1500 380 1554 per
404 1484 657 1540 invidiam
696 1487 893 1541 conciti
941 1489 1257 1556 perturbare
1289 1504 1383 1545 eos
1435 1492 1788 1557 contendunt,
1820 1502 1872 1548 et

279 1584 680 1630 sacramentum
735 1577 986 1646 baptismi
1042 1592 1141 1647 per
1196 1580 1493 1648 potentiam
1553 1582 1868 1638 saecularem

277 1665 652 1720 contaminare
681 1667 964 1733 nituntur;
1012 1666 1277 1723 Jonathas
1324 1671 1584 1741 mysticus
1623 1686 1751 1727 suos
1791 1673 1873 1728 in-

1977 504 2186 556 eorum,
2231 490 2446 560 quando
2483 491 2627 561 quod
2651 492 2839 546 volunt
2865 493 2933 547 ad
2975 492 3224 548 effectum
3269 495 3565 565 perducere

1977 596 2082 637 non
2128 591 2375 652 possunt.
2439 581 2551 638 Nec
2588 583 2753 639 etiam
2795 584 2862 639 de
2905 584 3065 640 domo
3108 601 3205 641 sua
3230 622 3246 653 ,-
3292 588 3396 643 hoc
3436 598 3558 656 est,

1976 672 2042 726 de
2084 672 2430 741 subscquenti
2480 674 2893 730 conversatione
2932 690 3051 741 sua,
3092 676 3408 732 imminente
3444 677 3559 747 jam

1976 762 2192 831 superni
2232 762 2433 833 judicis
2476 764 2744 818 sententia
2773 804 2788 830 ,
2830 765 3071 820 ordinari
3114 766 3280 833 licet,
3328 768 3424 823 sed
3470 770 3564 823 tiet

1977 852 2106 906 illud
2152 854 2293 922 quod
2334 870 2434 924 per
2474 854 2815 912 Psalmistam
2860 857 3092 913 dicitur:
3131 859 3413 931 Disperdat
3450 861 3559 916 Do-

1974 946 2146 997 minus
2174 946 2417 999 universa
2444 945 2583 1000 labia
2610 947 2792 1003 dolosa
2816 959 2865 1003 et
2890 949 3121 1021 linguam
3144 954 3557 1025 magniloquant.

1978 1034 2081 1100 Qui
2121 1036 2364 1090 dia'eruut
2408 1054 2426 1092 :
2484 1037 2740 1108 Linguam
2786 1052 3020 1097 nostram
3066 1044 3559 1114 magniﬁcabimus,

1975 1127 2114 1181 labia
2147 1138 2326 1182 nostra
2362 1147 2393 1182 a
2434 1130 2580 1184 nobis
2618 1141 2764 1197 sunt,
2805 1133 2921 1204 quis
2960 1132 3214 1190 Dominus
3240 1145 3415 1191 noster
3439 1138 3561 1191 est?

1976 1217 2148 1287 (Psal.
2178 1218 2277 1291 x1.)

2046 1307 2112 1360 Et
2148 1319 2386 1363 mortuus
2423 1319 2499 1364 est
2526 1309 2760 1365 Alcimus
2802 1313 2857 1368 in
2897 1321 3127 1385 tempore
3160 1314 3252 1370 illo
3288 1328 3407 1375 cum
3442 1327 3555 1372 tor—

1972 1408 2145 1452 mento
2184 1415 2395 1470 magno.
2444 1401 2578 1468 Quia
2607 1402 3022 1472 perdurantibus
3058 1405 3324 1463 haereticis
3363 1408 3415 1461 in
3457 1424 3555 1463 sua

1971 1490 2210 1558 nequitia
2245 1506 2414 1561 usque
2451 1492 2520 1546 ad
2564 1492 2722 1547 ﬁnem
2759 1496 3041 1563 praesentis
3074 1497 3219 1564 vitae,
3256 1514 3404 1554 mors
3430 1500 3558 1554 sub-

1969 1581 2216 1649 sequitur
2256 1583 2488 1637 secunda
2519 1624 2534 1647 ,
2594 1593 2650 1639 et
2699 1585 3001 1652 mittentur,
3035 1586 3189 1657 juxta
3230 1590 3558 1644 sententiam

1969 1669 2322 1742 Apocalypsis
2363 1670 2589 1729 Joannis
2634 1673 2788 1746 (Cap.
2838 1674 2974 1748 xxv),
3017 1676 3072 1731 in
3119 1686 3366 1751 stagnum
3415 1680 3560 1751 ignis

279 1761 413 1816 citat
439 1761 506 1815 ad
534 1776 770 1833 pugnam
806 1762 1126 1833 spiritalem,
1164 1764 1267 1818 hoc
1291 1773 1395 1831 est,
1436 1775 1497 1821 ιιι
1535 1783 1632 1839 ρει-
1659 1770 1870 1840 pauca-
1897 1748 1943 1809 Β
1970 1762 2181 1827 aeterni,
2230 1771 2287 1817 ct
2328 1764 2716 1820 cruciabnntur
2762 1766 2886 1838 igne
2931 1775 2987 1821 et
3032 1748 3289 1839 sulphure
3329 1771 3383 1825 in
3427 1748 3557 1827 con-

283 1852 417 1906 tiam
444 1852 639 1914 mentis
675 1861 735 1915 et
773 1855 940 1910 robur
963 1852 1086 1909 ﬁdei
1125 1861 1364 1926 pugnent
1389 1872 1452 1911 ex
1483 1857 1711 1914 adverso
1738 1877 1868 1915 con-

281 1950 366 1996 tra
396 1942 645 2000 inimicos
672 1958 821 2011 suos,
848 1959 955 1999 non
991 1945 1132 2014 quod
1173 1946 1480 2003 dimicando
1508 1955 1601 2003 aut
1625 1948 1869 2008 feriendo

280 2048 377 2088 eos
408 2033 626 2099 laedant,
656 2035 750 2091 sed
789 2051 888 2106 per
928 2036 1244 2106 patientiam
1290 2046 1346 2093 et
1393 2041 1867 2099 mansuetudinem

284 2124 567 2180 tolerando
591 2139 655 2181 ac
685 2124 961 2210 beneﬁcii/3
989 2129 1383 2184 remunerando
1412 2129 1604 2186 melius
1622 2131 1864 2199 vincant,

278 2216 576 2273 secundum
597 2215 742 2270 illam
769 2217 1094 2271 sententiam
1120 2216 1440 2284 Salvatoris,
1468 2219 1558 2289 qui
1589 2221 1867 2292 discipulis

276 2306 391 2361 suis
416 2306 523 2359 ait:
576 2305 813 2360 Audistis
839 2308 962 2376 quia
984 2306 1179 2360 dictum
1221 2316 1297 2361 est
1342 2308 1611 2380 antiquis:
1641 2309 1867 2371 Oculum

274 2414 370 2467 pro
391 2396 566 2462 oculo,
589 2407 638 2451 et
660 2396 860 2452 dentem
884 2413 979 2468 pro
1016 2397 1209 2464 dente;
1252 2414 1346 2469 ego
1380 2409 1555 2455 autem
1588 2401 1700 2463 dico
1729 2409 1868 2464 vobis

277 2506 383 2543 non
400 2489 638 2543 resistere
676 2487 840 2555 malo,
868 2487 960 2542 sed
995 2488 1042 2542 si
1066 2489 1181 2558 quis
1222 2499 1271 2544 te
1306 2498 1624 2556 percusserit
1652 2502 1707 2551 in
1736 2498 1866 2552 dex-

273 2591 413 2633 tram
441 2577 737 2656 "tntillum,
787 2579 959 2660 prmbe
988 2587 1034 2639 ei
1068 2595 1115 2637 et
1146 2589 1362 2648 alterum
1387 2600 1413 2658 ;
1462 2596 1510 2642 et
1541 2592 1589 2643 ei
1634 2588 1722 2659 qui
1760 2587 1868 2642 vult

275 2686 442 2730 tecum
471 2683 525 2731 in
544 2680 747 2747 judicio
776 2683 1085 2736 contendere
1125 2692 1175 2737 et
1216 2684 1449 2737 tunicam
1490 2688 1633 2732 tuam
1659 2678 1864 2746 tollere,

274 2767 480 2821 dimitte
507 2770 555 2822 ei
581 2777 627 2822 et
651 2767 869 2839 pallium
896 2770 1113 2841 (Matth.
1137 2771 1213 2845 v).
1261 2772 1328 2827 Et
1360 2773 1488 2827 item
1517 2786 1532 2824 :
1577 2768 1642 2822 In
1667 2770 1867 2834 patien-

275 2859 351 2912 tia
379 2869 552 2913 vestra
576 2859 904 2929 possidebitis
932 2863 1134 2915 animas
1158 2871 1354 2916 vestras
1382 2862 1532 2934 (Luc.
1556 2856 1697 2924 xxx).
1731 2855 1867 2913 llinc

274 2959 332 3004 et
354 2950 552 3005 Paulus
576 2951 689 3006 ait:
723 2951 785 3007 Si
803 2953 1043 3007 esurierit
1071 2953 1315 3008 inimicus
1344 2963 1487 3020 tuus,
1526 2954 1640 3008 ciba
1670 2948 1820 3003 illum
1844 2965 1866 3016 ἱ

274 3045 320 3094 si
347 3043 484 3107 sitit,
533 3052 712 3111 potum
760 3042 831 3095 da
878 3041 1001 3095 illi:
1050 3043 1147 3097 hoc
1185 3044 1323 3097 enim
1365 3042 1583 3113 faciens,
1615 3043 1865 3097 carbones

1969 1860 2158 1922 specta
2186 1853 2497 1925 angelorum
2535 1864 2866 1923 sanctorum,
2903 1865 2957 1913 et
2992 1856 3047 1911 in
3080 1868 3367 1927 cons;:ectu
3395 1860 3555 1933 Agni,

1966 1951 2016 1996 et
2055 1943 2235 2013 fumus
2282 1952 2659 2001 tormentorum
2715 1962 2899 2001 eorum
2954 1949 3198 2004 ascendet
3252 1950 3308 2003 in
3361 1950 3559 2005 siccqu

1965 2032 2302 2100 swculorum,
2345 2051 2438 2088 nec
2477 2034 2753 2091 habebunt
2794 2038 3022 2108 requiem
3054 2037 3140 2092 die
3172 2054 3235 2092 ac
3272 2047 3436 2103 nocte,
3465 2038 3561 2111 qui

1966 2124 2317 2179 adoraverunt
2355 2124 2572 2180 bestiam
2606 2136 2655 2180 et
2685 2127 2966 2197 imaginem
3001 2129 3140 2197 ejus,
3185 2137 3242 2184 et
3278 2143 3557 2184 comman-

1964 2217 2165 2273 ducant
2210 2218 2423 2291 linguas
2467 2235 2593 2276 suas
2631 2236 2745 2293 prre
2787 2220 3007 2287 dolore,
3064 2229 3121 2277 et
3175 2221 3555 2292 blasphemant

1966 2306 2253 2365 Dominum
2294 2309 2420 2364 cteli
2463 2325 2574 2380 prae
2618 2310 2891 2366 doloribus
2916 2310 3200 2367 vulnerum
3227 2326 3470 2376 suorum,
3498 2321 3557 2367 et

1967 2417 2075 2455 non
2118 2408 2345 2471 egerunt
2392 2399 2727 2456 fructuosam
2770 2401 3145 2472 paenitentiam
3190 2416 3258 2457 ex
3298 2399 3557 2472 operibus

1967 2493 2099 2556 suis,
2148 2491 2272 2561 quia
2317 2498 2444 2545 ante
2487 2506 2547 2545 se
2586 2505 2839 2562 purgare,
2881 2490 3009 2546 dum
3047 2489 3221 2558 licuit,
3263 2491 3557 2547 noluerunt

1966 2585 2035 2639 ab
2061 2582 2336 2638 erroribus
2364 2582 2496 2638 suis.

2037 2678 2106 2733 Et
2150 2679 2275 2733 uidit
2315 2678 2603 2734 Bacchides
2645 2677 2896 2749 quoniam
2934 2684 3173 2730 mortuus
3215 2682 3292 2729 est
3318 2672 3553 2745 Alcimus

1965 2780 2013 2824 et
2048 2786 2281 2825 reversus
2312 2780 2386 2825 est
2420 2769 2490 2823 ad
2523 2784 2692 2839 regem
2728 2776 2778 2823 et
2808 2766 2954 2821 siluit
2989 2776 3127 2821 terra
3151 2765 3304 2820 annis
3326 2763 3552 2819 duobus.

1967 2860 2009 2914 A
2035 2862 2412 2929 persecutione
2451 2859 2748 2914 inﬁdelium
2792 2864 2849 2912 et
2892 2854 3276 2911 haereticorum
3322 2852 3551 2908 infesta-

1967 2951 2112 3005 tione
2145 2966 2333 3021 pacem
2372 2950 2558 3005 habuit
2597 2949 2663 3004 ad
2710 2957 2920 3017 tempus
2962 2944 3225 3011 Ecclesia,
3253 2943 3550 2999 secundum

1970 3041 2096 3095 illud
2134 3043 2275 3111 quod
2307 3042 2361 3095 in
2388 3040 2613 3096 Actibus
2635 3038 2999 3110 apostolorum
3034 3036 3232 3109 legitur
3257 3034 3409 3108 (Cap.
3440 3032 3552 3106 Ix):

274 3133 411 3203 ignis
437 3148 682 3204 congeras
707 3149 863 3202 super
886 3136 1040 3203 caput
1061 3134 1194 3204 ejus.
1224 3132 1352 3188 Noli
1372 3134 1506 3188 vinci
1533 3150 1564 3188 a
1589 3134 1751 3198 malo,
1774 3133 1862 3186 sed
1891 3114 1937 3181 C
1968 3130 2206 3187 Ecclesia
2246 3132 2455 3202 quidem
2495 3147 2588 3201 per
2627 3138 2790 3185 totam
2833 3128 3110 3193 Judazam,
3151 3136 3199 3181 et
3241 3124 3517 3181 Galilaeam
3536 3165 3555 3193 ,

274 3223 418 3276 since
444 3221 502 3275 in
522 3220 656 3274 bono
675 3219 873 3275 malum
895 3220 1072 3293 (Rom.
1096 3220 1217 3294 xu).
1250 3220 1471 3275 Talibus
1494 3220 1637 3275 enim
1667 3219 1863 3274 hostiis

277 3321 621 3383 promeretur
660 3312 824 3378 Deus,
872 3312 965 3382 qui
1004 3312 1098 3367 dat
1148 3311 1431 3366 victoriam
1462 3310 1634 3366 servis
1671 3310 1785 3365 suis
1810 3317 1867 3365 et

274 3403 571 3475 prosternit
594 3398 840 3457 inimicos
862 3417 1050 3457 eorum
1065 3405 1166 3456 sub
1186 3401 1411 3472 pedibus
1430 3400 1686 3470 ipsorum.
1712 3400 1865 3456 Unde

273 3493 330 3548 in
376 3494 772 3564 posterioribus
816 3494 1079 3564 scriptum
1122 3501 1207 3548 est
1251 3491 1396 3563 quod
1442 3490 1702 3546 Jonathas
1739 3507 1863 3545 cum

272 3586 546 3641 Bacchide
592 3593 971 3656 composuerat
1023 3600 1236 3656 pacem,
1290 3592 1346 3639 et
1397 3582 1539 3652 quod
1583 3582 1864 3653 iuraverat

273 3677 574 3733 Bacchides
597 3677 722 3733 mali
748 3676 879 3732 nihil
914 3692 969 3731 se
1000 3676 1047 3730 ei
1091 3675 1354 3746 facturum
1396 3673 1633 3728 omnibus
1680 3672 1862 3726 diebus

272 3770 395 3823 rita:
422 3766 561 3837 ejus,
594 3766 917 3838 reddiditque
945 3766 1296 3836 captivitatem
1316 3764 1364 3819 ei
1391 3778 1559 3834 quam,
1577 3761 1724 3833 prius
1749 3769 1883 3815 erat.

273 3860 545 3930 pradatus
575 3859 641 3914 de
663 3867 803 3912 terra
826 3857 992 3913 Juda.

343 3950 415 4003 Et
466 3966 606 4004 anno
650 3950 925 4003 centesimo
973 3947 1399 4019 quinquagesimo
1443 3945 1630 4012 tertio,
1679 3959 1858 3999 mense

273 4041 507 4097 secundo
535 4082 550 4107 ,
607 4041 850 4113 praecepit
891 4039 1124 4095 Alcimus
1171 4039 1371 4095 destrui
1416 4054 1597 4093 muros
1648 4037 1857 4091 domus.

277 4133 524 4188 Diximus
562 4132 813 4203 superius
849 4132 994 4202 quod
1031 4130 1296 4196 Alcimus,
1341 4129 1743 4195 contaminator
1786 4126 1863 4180 le-

273 4226 365 4296 gis
405 4233 461 4279 et
497 4224 742 4294 proditor
777 4224 998 4294 patriae,
1041 4222 1372 4294 signiﬁcaret
1414 4219 1716 4283 haereticos,
1766 4218 1860 4288 qui

275 4316 687 4371 Testamentum
722 4315 819 4371 Dei
860 4314 1023 4371 sectis
1062 4305 1310 4370 nefandis
1351 4311 1639 4383 profanare
1673 4317 1729 4366 et
1760 4308 1864 4365 Ec-

272 4407 501 4463 clesiam
553 4406 649 4461 Dei
678 4406 1016 4477 perturbare
1066 4420 1174 4461 non
1227 4412 1508 4470 metuunt;
1562 4403 1653 4458 hic
1697 4401 1861 4456 modo

1965 3236 2011 3279 et
2059 3220 2397 3287 Samariam,
2444 3221 2665 3276 habebat
2707 3212 2888 3291 pacem
2935 3227 2986 3274 et
3026 3217 3397 3287 aediﬁcabatur
3443 3234 3559 3271 am-

1966 3312 2154 3366 bulans
2204 3310 2261 3366 in
2314 3310 2499 3364 timore
2553 3309 2799 3376 Domini,
2861 3318 2911 3364 et
2968 3306 3324 3362 consolatione
3384 3306 3555 3360 sancti

1968 3403 2198 3473 Spiritus
2228 3401 2539 3473 replebatttr.
2570 3401 2677 3456 Sed
2702 3402 2826 3470 quia
2849 3401 3101 3456 diuturna
3125 3406 3179 3454 et
3198 3412 3555 3470 permansura

1965 3509 2071 3548 non
2101 3493 2203 3549 erit
2228 3508 2334 3564 pax
2360 3502 2414 3547 et
2440 3493 2706 3548 securitas
2733 3492 2784 3546 in
2812 3490 3065 3562 priesenti
3087 3490 3218 3557 vita,
3244 3487 3556 3545 manifestat

1963 3602 2198 3657 sequens
2227 3587 2517 3652 sententia,
2545 3587 2635 3641 ubi
2665 3572 2928 3656 scriptum
2957 3594 3040 3641 est
3066 3599 3081 3639 :

2038 3677 2106 3731 Et
2146 3678 2500 3747 cogitaverunt
2549 3692 2728 3730 omnes
2769 3676 2938 3745 iniqui
2982 3673 3232 3740 dicentes,
3260 3682 3365 3729 etc.
3413 3674 3561 3728 Invi-

1965 3767 2094 3820 dent
2138 3764 2323 3819 hostes
2370 3764 2607 3820 universi
2649 3764 2770 3836 paci
2814 3772 2869 3819 et
2917 3764 3087 3835 quieti
3132 3763 3387 3819 Ecclesiae
3431 3763 3548 3819 Dei.

1969 3856 2120 3912 Unde
2163 3854 2400 3928 [Quod]
2440 3855 2685 3910 exoritur
2733 3869 2989 3910 successu
3040 3852 3185 3910 felici
3240 3854 3551 3924 bonorum,

1963 3954 2212 4016 qumrunt
2247 3946 2314 4000 ad
2350 3946 2649 4001 nocendum
2691 3945 2892 4000 auxilia
2934 3959 3242 4013 pravorum.
3272 3944 3427 4012 Quod
3453 3943 3550 4001 de-

1964 4038 2143 4109 signat
2176 4038 2402 4109 epistola
2437 4031 2740 4103 Bacchidis,
2785 4035 2999 4092 occulte
3037 4036 3205 4091 missa
3248 4035 3410 4091 sociis
3438 4034 3560 4091 suis

1964 4131 2055 4200 qui
2099 4140 2257 4187 erant
2293 4132 2348 4185 in
2382 4130 2566 4191 Judzea
2608 4137 2669 4185 ut
2710 4127 3232 4201 comprehenderent
3264 4127 3557 4185 Ionatham

1964 4234 2019 4281 et
2057 4240 2151 4281 eos
2193 4225 2286 4295 qui
2326 4239 2448 4280 cum
2483 4238 2548 4279 eo
2581 4231 2737 4279 erant
2780 4223 2836 4278 in
2871 4219 3087 4287 Iudaea;
3136 4221 3264 4293 quia
3302 4233 3558 4292 persecu-

1963 4325 2113 4373 tores
2181 4317 2307 4372 saevi
2366 4315 2704 4372 extrinsecus
2758 4330 2866 4370 non
2916 4310 3214 4383 praevalent
3266 4308 3556 4374 tormentis

1964 4407 2279 4463 subvertere
2322 4403 2660 4461 confessores
2680 4402 2907 4470 Christi,
2934 4408 3257 4458 construunt
3282 4400 3437 4457 dolos
3462 4400 3551 4456 in-

272 4498 509 4554 destruit
548 4504 981 4553 murossanctm
1017 4496 1211 4552 domus
1254 4494 1558 4560 interioris,
1604 4502 1659 4548 et
1690 4508 1859 4563 opera

1974 4501 2234 4555 triusecus
2274 4512 2372 4569 per
2397 4496 2559 4552 falsos
2598 4495 2817 4561 fratres,
2860 4494 2952 4566 qui
2981 4494 3235 4550 videntur
3268 4492 3324 4551 in
3365 4490 3556 4548 Eccle-

271 4592 661 4663 prophetarum
704 4588 955 4645 demoliri
999 4594 1493 4651 commemoratur,
1543 4583 1685 4654 quod
1728 4599 1861 4639 con-

278 4682 575 4738 venienter.
607 4680 781 4751 aptari
834 4685 1014 4750 potest
1060 4677 1195 4750 ipsis
1239 4675 1550 4740 haereticis,
1613 4673 1706 4745 qui
1753 4689 1863 4729 non

272 4776 453 4832 solum
487 4773 707 4829 oracula
739 4773 1129 4843 prophetarum
1161 4771 1317 4825 vanis
1356 4768 1738 4824 traditionibus
1769 4768 1864 4823 de-

272 4882 530 4938 pravare,
571 4864 667 4921 sed
709 4874 764 4921 et
806 4863 1203 4919 munimentum
1245 4862 1368 4918 ﬁdei
1415 4861 1579 4934 (quod
1605 4860 1660 4915 in
1685 4861 1864 4916 cordi.

271 4960 380 5015 bus
421 4958 756 5013 credentium
801 4957 871 5012 ad
919 4955 1386 5012 conversationem
1441 4953 1682 5025 mysticae
1728 4953 1863 5023 legis

273 5050 375 5105 Dei
416 5051 623 5104 intenta
667 5056 846 5104 mente
891 5045 1248 5116 custoditur),
1294 5046 1671 5115 qualicunque
1702 5043 1864 5099 modo

272 5154 507 5213 possunt
548 5141 749 5197 violare
798 5149 960 5210 atque
1012 5141 1285 5210 disputare
1334 5138 1688 5194 contendunt.
1757 5136 1866 5192 Sed

272 5232 561 5289 videamus
600 5231 743 5301 quod
781 5231 1029 5301 sequitur
1067 5230 1461 5285 communiter:

350 5319 424 5376 In
464 5330 691 5393 tempore
728 5321 821 5376 illo
866 5337 1142 5392 percussus
1185 5330 1261 5376 est
1293 5320 1527 5376 Alcimus
1566 5329 1618 5375 et
1660 5320 1864 5391 perdita

270 5422 403 5469 sunt
444 5428 607 5484 opera
640 5412 808 5477 illius,
846 5423 954 5469 etc.
997 5413 1134 5481 Quia
1174 5413 1301 5470 licet
1336 5411 1481 5466 inani
1518 5411 1659 5467 fastu
1696 5411 1866 5466 haere-

275 5506 376 5562 liei
412 5507 754 5578 superbiant,
783 5506 907 5561 licet
940 5507 1007 5560 ad
1043 5515 1256 5577 tempus
1300 5505 1597 5576 prtevalere
1624 5503 1867 5558 ﬁdelibus

232 5659 243 5672 ε
275 5610 382 5666 per
418 5595 661 5652 subsidia
702 5603 983 5667 potentum
1023 5597 1182 5667 hujus
1221 5596 1406 5653 mundi
1447 5596 1736 5650 audiantur
1766 5592 1868 5664 [vi-

1965 4590 2047 4646 sia
2093 4602 2454 4654 commanere,
2481 4594 2541 4641 ut
2565 4601 2722 4662 quos
2763 4585 2841 4642 illi
2880 4600 2988 4641 non
3032 4586 3328 4654 potuerunt
3352 4582 3559 4654 gladio,

1965 4681 2067 4738 hos
2115 4680 2192 4736 illi
2235 4678 2509 4751 decipiant
2551 4679 2693 4734 dolo.
2744 4678 2901 4736 Unde
2940 4689 2997 4732 et
3033 4676 3237 4732 Paulus
3279 4674 3563 4746 apostolus

1965 4785 2108 4841 saepe
2156 4770 2211 4824 in
2258 4769 2513 4840 Epistolis
2558 4769 2670 4825 suis
2715 4764 2858 4840 (Gal.
2891 4766 2955 4838 ιι)
2995 4765 3347 4836 conqueritur
3388 4763 3558 4820 falso—

1968 4878 2089 4918 rum
2116 4860 2345 4916 fratrum
2368 4859 2612 4915 fraudem
2633 4901 2647 4925 ,
2673 4860 2765 4929 qui
2794 4851 3222 4917 subintroierunt
3249 4866 3306 4912 et
3327 4868 3557 4928 perver-

1966 4961 2154 5010 terunt
2195 4954 2479 5010 veritatem
2506 4951 2817 5024 Evangelii,
2858 4950 2950 5007 sed
2973 4967 3075 5005 non
3094 4958 3404 5022 potuerunt,
3428 4950 3558 5023 quia

1965 5026 2195 5101 innotuit
2240 5044 2316 5099 eis
2361 5042 2638 5098 consilium
2681 5058 2898 5108 eorum;
2944 5042 3056 5113 agit
3094 5041 3238 5097 enim
3282 5040 3557 5098 industria

1967 5139 2095 5197 boni
2138 5138 2376 5193 doctoris
2416 5142 2477 5191 ut
2518 5135 2658 5207 plebi
2707 5134 2809 5197 sibi
2849 5131 3213 5204 subiectorum
3264 5132 3564 5208 providere

1966 5239 2023 5286 et
2061 5242 2254 5285 cavere
2297 5224 2435 5283 sciat
2481 5226 2738 5285 astutiam
2784 5240 3185 5297 perversorum.

2039 5319 2108 5374 Et
2136 5318 2493 5391 apprehendit,
2528 5317 2720 5388 inquit,
2754 5317 2818 5373 de
2846 5318 2969 5373 viris
2996 5317 3238 5388 regionis,
3274 5313 3366 5388 qui
3398 5313 3558 5387 prin-

1971 5414 2106 5482 cipes
2137 5420 2287 5466 erant
2312 5409 2533 5475 militiae,
2559 5419 2606 5463 et
2633 5410 3004 5464 occidebantur
3028 5426 3061 5462 a
3084 5406 3370 5463 Bacchide.
3410 5403 3562 5474 Quid

1971 5503 2115 5558 aliud
2148 5502 2252 5558 nisi
2285 5501 2339 5556 hi
2367 5500 2491 5572 qui,
2522 5498 2807 5570 superﬁcie
2840 5500 3035 5556 littera:
3070 5495 3258 5566 legalis
3288 5492 3562 5558 contenti,

1970 5593 2395 5648 Pentateuchum
2426 5592 2560 5664 legis
2591 5606 2701 5646 non
2738 5589 3070 5660 spiritaliter,
3103 5586 3204 5643 sed
3236 5582 3561 5649 carnaliter,

279 5685 545 5763 deantur]
564 5727 583 5759 ,
627 5694 808 5746 tamen
851 5688 1237 5761 omnipotentis
1279 5689 1375 5746 Dei
1414 5685 1620 5760 judicio
1661 5686 1719 5744 in
1761 5683 1877 5742 fine
1973 5684 2029 5741 in
2073 5682 2483 5742 circumcisione
2528 5689 2585 5739 et
2626 5678 3296 5765 sermonibus’gbservare
3322 5674 3557 5751 volunt;
