3928 6168
385 260 521 321 1187

1020 255 1084 311 Β.
1123 247 1379 308 RABANI
1416 244 1637 303 MAURI
1673 239 1994 298 ARCIIIEP.
2031 237 2344 298 MOGUNT.
2384 234 2676 295 OPERUM
2711 233 2898 293 PARS
2932 238 2976 289 Ι.

3539 233 3677 288 1188

378 388 520 447 quos
547 370 823 442 redarguit
845 367 1035 422 doctor
1085 363 1327 436 gentium
1355 358 1601 415 scribens
1629 356 1697 411 ad
1722 353 1962 416 Galatas,
1993 353 2046 414 A
2069 358 2396 405 construunt
2421 348 2780 415 calamitates,
2798 347 2942 403 sicut
2961 346 3213 416 superius
3233 343 3675 403 demonstratum

385 436 475 519 ubi
523 463 646 518 ait:
694 436 738 516 ὅ
778 457 1031 515 insensati
1067 452 1314 509 Galatae!
1360 452 1478 524 quis
1520 466 1607 504 vos
1647 445 1921 517 fascinavit
1947 445 1976 499 ?
2074 448 2178 498 est.
2241 439 2397 507 Quod
2449 448 2506 495 et
2554 439 2673 509 ipsa
2718 438 2938 492 nomina
2975 436 3091 491 suis
3131 436 3676 506 interpretationibus

389 553 663 623 Quomodo
705 549 1064 607 convertimini
1106 538 1296 601 iterum
1341 545 1409 599 ad
1456 543 1669 613 inﬁrma
1718 550 1765 595 et
1810 551 1970 610 egena

383 645 634 699 elementa
658 641 843 714 quibus
869 640 1041 695 denuo
1066 638 1255 693 servire
1286 634 1439 691 vultis
1462 626 1488 688 ἐ)
1515 632 1639 686 Dies
1664 629 1968 694 observatis,

380 744 429 789 et
460 750 680 799 menses,
722 741 768 786 et
799 740 1055 801 tempora,
1092 739 1139 782 et
1176 744 1361 782 annos.
1403 720 1579 779 Timeo
1610 739 1672 775 ne
1701 720 1835 790 forte
1858 720 1971 774 sine

385 841 547 878 causa
574 816 918 878 laboraverim
947 812 999 874 in
1027 819 1190 874 vobis.
1229 814 1532 871 Currebatis
1561 813 1707 876 bene,
1739 811 1854 883 quis
1882 824 1969 863 vos

381 910 646 989 impedivit
676 906 882 969 veritati
912 930 1016 967 non
1041 909 1290 966 obedire?
1321 906 1604 961 Persuasio
1630 904 1739 957 haec
1768 917 1869 955 non
1894 910 1970 954 est

379 1023 448 1063 ex
475 1023 534 1062 eo
564 1004 653 1079 qui
677 1015 826 1060 vocat
853 1021 937 1058 vos
961 1019 981 1057 :
1010 1001 1270 1055 modicum
1299 998 1435 1052 enim
1463 997 1775 1066 fermentum
1806 1001 1970 1046 totam

381 1115 612 1156 massam
652 1092 975 1175 corrumpit;
1015 1113 1111 1167 ego
1146 1094 1352 1164 εοηίὶιιο
1389 1093 1453 1146 de
1487 1090 1628 1145 vobis
1662 1090 1718 1143 in
1744 1087 1970 1142 Domino

380 1192 518 1263 quod
550 1189 680 1245 nihil
712 1189 860 1244 aliud
903 1187 1153 1258 sapietis;
1202 1185 1290 1255 qui
1338 1194 1514 1237 autem
1560 1179 1837 1257 conturbat
1885 1194 1971 1233 vos

380 1283 606 1355 portabit
637 1282 902 1352 judicium
932 1278 1226 1351 quicunque
1260 1286 1334 1331 est
1370 1274 1480 1329 ille.
1531 1272 1755 1327 Talibus
1788 1278 1971 1325 autem

381 1372 607 1447 perfidia
659 1375 833 1431 hostis
872 1372 1083 1442 antiqui
1116 1372 1169 1425 in
1213 1370 1409 1424 animae
1446 1376 1622 1422 morte
1649 1364 1967 1436 peremptis,

379 1468 661 1522 videamus
687 1458 816 1536 quid
847 1463 1094 1534 sequitur
1118 1480 1131 1517 :

454 1552 523 1609 Et
567 1554 773 1610 secessit
820 1552 1100 1619 Jonathas,
1153 1559 1201 1605 et
1246 1547 1458 1616 Simon,
1510 1556 1557 1603 et
1604 1547 1695 1619 qui
1742 1562 1861 1601 cum
1908 1561 1969 1600 eo

380 1657 549 1712 crant,
573 1654 677 1701 etc.
713 1644 851 1712 Quid
876 1652 959 1700 est
984 1643 1127 1714 quod
1148 1640 1431 1706 Jonathas,
1454 1639 1815 1695 tumultuante
1834 1635 1960 1693 Bac-

2073 548 2181 586 non
2222 530 2669 588 inconvenienter
2706 534 3010 598 exponunt.
3063 526 3279 582 Odaren
3325 528 3475 582 enim
3514 543 3675 598 gesse-

2073 627 2211 681 ratio
2249 625 2386 697 ejus,
2410 634 2466 679 et
2494 623 2775 679 Phaseron
2798 621 3042 692 confusio
3065 622 3480 691 interpretatur.
3522 621 3676 677 Unde

2070 732 2171 790 per
2213 716 2431 772 Odaren
2489 722 2546 770 et
2603 714 2802 769 fratres
2850 712 2970 781 ejus
3027 712 3106 768 illi
3154 713 3398 770 denotari
3447 727 3679 784 posSunt

2072 817 2100 847 α
2127 804 2219 875 qui
2264 819 2362 875 per
2388 802 2653 858 unitatem
2689 800 2973 857 catholicae
3018 801 3382 857 confessionis
3421 800 3671 870 ejusdem

2071 902 2343 950 secretum
2387 891 2545 947 bonis
2594 900 2651 946 et
2691 889 3029 960 simplicibus
3081 889 3294 959 lingunt
3335 903 3459 945 esse
3506 907 3672 962 gene—

2072 983 2395 1050 rationibus,
2419 983 2515 1038 sed
2541 981 2677 1037 alios
2718 996 2778 1036 se
2803 982 2873 1037 ab
2909 980 3152 1051 ipsorum
3197 982 3462 1037 societate
3487 992 3673 1037 osten-

2071 1080 2206 1136 dunt
2250 1078 2410 1133 factis
2464 1078 2714 1148 iniquis;
2784 1076 2854 1131 de
2909 1076 3109 1146 quibus
3154 1075 3287 1131 dicit
3326 1076 3626 1146 Apostolus
3661 1093 3675 1129 :

2078 1164 2410 1236 Conﬁtentur
2435 1169 2691 1238 siquidem
2716 1184 2868 1223 nosse
2892 1166 3079 1229 Deum,
3100 1166 3254 1234 factis
3271 1173 3445 1217 autem
3470 1169 3659 1231 negant

2079 1259 2215 1331 (Tit.
2253 1260 2322 1332 ι).
2351 1259 2456 1317 Per
2484 1262 2765 1317 Phaseron
2800 1269 2984 1313 autem
3014 1257 3222 1320 cmteri,
3254 1255 3348 1323 qui
3378 1254 3447 1308 ab
3483 1253 3661 1307 Eccle-

2079 1354 2180 1410 siae
2210 1354 2421 1410 unitate
2456 1370 2564 1409 non
2595 1354 2771 1409 solum
2807 1352 3089 1422 religione,
3119 1350 3214 1404 sed
3242 1360 3294 1403 et
3319 1346 3662 1415 professione

2078 1446 2203 1502 ﬁdei
2225 1448 2558 1517 discrepant,
2586 1446 2961 1517 designantur.
2989 1445 3235 1511 talesque
3259 1442 3583 1503 schismata,
3606 1449 3664 1494 ct

2082 1537 2209 1593 lites
2236 1544 2397 1608 atque
2420 1536 2766 1592 calamitates
2796 1536 2940 1591 veris
2961 1532 3290 1590 Christianis
3312 1545 3509 1599 parare
3533 1546 3666 1584 nun-

2080 1613 2243 1699 quam
2277 1630 2568 1695 desistunt,
2599 1630 2691 1685 scd
2725 1644 2915 1683 eorum
2952 1628 3394 1681 machinamenta
3425 1632 3487 1679 et
3515 1623 3667 1678 dolos

382 1707 560 1803 chide,
593 1751 652 1791 se
685 1707 949 1807 recolligit
979 1707 1103 1788 c-um
1135 1732 1247 1787 suis
1276 1732 1331 1784 in
1359 1729 1701 1793 Bethbessen,
1742 1743 1859 1799 qua:
1892 1735 1967 1781 est
1996 1707 2046 1769 Β
2072 1709 2240 1807 (hic?!)
2258 1708 2548 1807 ἐξίνίῑξιξ-θε
2577 1707 2631 1762 in
2660 1707 2807 1807 iPSOS
2836 1715 3189 1807 retorquent.
3236 1714 3294 1762 ει
3330 1723 3441 1764 non
3470 1710 3670 1765 mum

381 1827 437 1881 in
467 1826 691 1892 deserto,
732 1834 778 1879 et
809 1824 1065 1878 exstruxit
1095 1820 1272 1876 diruta
1302 1820 1416 1891 ejus
1452 1820 1780 1875 conlirmans
1807 1832 1926 1873 eam
1947 1858 1963 1884 ,

384 1917 487 1973 nisi
519 1916 663 1988 quod
690 1915 1075 1985 prtedicatores
1107 1912 1314 1977 sancti,
1354 1926 1478 1966 cum
1508 1908 1745 1965 viderint
1777 1921 1963 1978 perse-

380 2016 628 2062 cutorum
659 2003 957 2075 prmvalerc
987 2018 1205 2057 manum
1226 2043 1239 2067 ,
1278 2001 1352 2057 ita
1383 2009 1444 2055 ut
1472 2017 1577 2054 non
1605 2000 1816 2070 possint
1842 2013 1964 2053 eum

379 2097 779 2172 praedicationis
803 2085 971 2153 verbo
999 2096 1293 2166 procedere
1325 2095 1383 2149 in
1411 2094 1703 2166 publicum,
1732 2094 1799 2147 ad
1830 2102 1964 2148 tem-

379 2206 479 2261 pus
509 2206 567 2245 se
595 2190 794 2245 cedunt
823 2189 878 2244 in
906 2173 1030 2243 106a
1059 2194 1303 2253 secreta,
1344 2193 1612 2256 quatenus
1647 2185 1720 2240 ibi
1744 2182 1965 2255 jejuniis

378 2291 434 2337 et
462 2279 801 2337 orationibus
828 2293 1049 2351 operam
1085 2277 1244 2341 dent,
1292 2286 1347 2332 et
1382 2276 1643 2346 quidquid
1681 2291 1781 2347 per
1806 2277 1962 2331 incu-

379 2370 516 2426 riam
546 2371 687 2426 inter
706 2370 993 2442 populares
1014 2368 1385 2425 convcrsando
1410 2368 1475 2423 de
1500 2367 1823 2424 certitudine
1841 2370 1965 2424 vita!

368 2462 489 2519 sua:
513 2460 878 2524 relabebatur,
913 2461 1019 2516 hoc
1041 2468 1348 2530 separatum
1373 2473 1471 2530 per
1494 2457 1809 2513 instantiam
1835 2459 1963 2514 boni

381 2552 543 2611 .Ludii
571 2593 588 2619 ,
634 2553 831 2607 iterum
878 2553 947 2606 ad
994 2551 1262 2621 integrum
1304 2556 1615 2604 renovetur.
1664 2547 1963 2605 Bethbesse

377 2646 523 2702 enim
551 2644 737 2700 dorsus
765 2644 873 2699 oris
898 2642 1134 2714 ﬂorentis
1163 2641 1574 2711 interpretatur.
1605 2639 1792 2693 Floret
1817 2638 1961 2693 enim

379 2750 444 2791 os
487 2750 611 2790 cum
656 2733 912 2804 precibus
943 2739 1106 2801 atque
1152 2729 1469 2802 psalmodiis
1509 2728 1836 2800 hymnisque
1868 2722 1963 2783 Dei

377 2826 648 2882 consortis
679 2823 795 2898 (sic)
844 2822 1139 2879 resonabit.
1186 2821 1342 2890 Quod
1374 2821 1590 2876 videtur
1620 2830 1673 2876 et
1701 2820 1964 2875 Dominus

378 2918 433 2976 in
463 2916 753 2986 Evangelio
781 2916 1060 2986 discipulis
1088 2915 1369 2978 mandare,
1390 2928 1514 2968 cum
1544 2912 1655 2967 ait:
1686 2911 1818 2967 Cum
1845 2929 1965 2982 per-

377 3010 539 3066 secuti
584 3008 779 3079 fuerint
820 3024 910 3062 vos
952 3007 1009 3062 in
1052 3023 1159 3061 una
1201 3005 1435 3070 civitate,
1490 3003 1654 3074 fugite
1697 3004 1753 3057 in
1797 3001 1960 3058 aliam

376 3099 595 3173 (Matth.
665 3097 739 3172 x).
796 3097 951 3154 Unde
981 3098 1097 3167 ipsa
1125 3096 1362 3159 Veritas,
1401 3110 1526 3149 cum
1554 3093 1722 3149 Ξυᾶωί
1750 3094 1958 3164 cogita-

376 3200 501 3250 rent
537 3189 843 3246 interﬁcere
880 3203 1040 3251 eum,
1073 3187 1195 3258 jam
1224 3202 1329 3239 non
1356 3186 1412 3239 in
1434 3184 1613 3255 palam
1657 3183 1961 3238 ambulabat

374 3283 519 3355 apud
546 3281 798 3346 Iudaeos,
834 3278 925 3334 sed
954 3277 1082 3331 abiit
1108 3277 1166 3330 in
1194 3275 1456 3347 regionem
1474 3274 1638 3344 juxta
1666 3273 1959 3339 desertum,

376 3372 433 3426 in
469 3372 730 3424 civitatem
758 3384 875 3439 qua:
901 3366 1097 3421 dicitur
1122 3363 1374 3436 Ephrem,
1405 3364 1493 3418 ubi
1513 3362 1822 3417 morabatur
1840 3378 1959 3417 cum

376 3457 649 3530 discipulis
679 3457 788 3511 suis
818 3455 1000 3528 (Joan.
1028 3453 1138 3529 xi);
1173 3462 1230 3512 et
1258 3453 1384 3510 alibi
1415 3453 1615 3525 legitur
1643 3453 1760 3524 ipse
1784 3454 1963 3510 exisse

376 3548 435 3604 in
465 3554 706 3604 montem
733 3561 893 3603 orare
920 3546 1013 3601 ubi
1040 3554 1154 3602 erat
1180 3555 1493 3616 pernoctans
1519 3545 1574 3599 in
1601 3546 1838 3600 oratione
1863 3544 1962 3600 Dei

377 3636 649 3711 (Luam).
684 3635 777 3693 Sic
816 3646 872 3692 et
912 3634 1112 3691 Paulus
1156 3644 1213 3692 et
1250 3634 1530 3690 Barnabas
1554 3650 1678 3691 cum
1704 3635 1759 3690 in
1781 3634 1963 3691 Iconio

374 3728 733 3802 pmdicamnt
760 3728 986 3785 verbum
1015 3726 1112 3782 Dei
1128 3724 1415 3801 (Act.xrv),
1432 3735 1488 3781 et
1516 3725 1689 3797 factus
1713 3735 1842 3781 esset
1870 3727 1966 3780 im-

375 3829 528 3892 petus
548 3817 819 3891 gentilium
847 3826 895 3873 et
908 3816 947 3872 J
952 3817 1222 3872 udazorum
1252 3833 1371 3872 cum
1397 3816 1717 3889 principibus
1746 3816 1877 3883 suis,
1904 3826 1964 3872 ut

376 3910 705 3968 contumeliis
729 3920 777 3965 et
800 3908 1061 3982 lapidibus
1083 3910 1341 3981 aﬁicerent
1367 3917 1416 3964 et
1437 3908 1732 3980 lapidarent
1755 3926 1862 3976 eos,
1886 3910 1965 3965 in-

377 4004 663 4075 telligentes
685 4001 1028 4073 confugerunt
1049 4001 1117 4056 ad
1139 4002 1372 4056 civitates
1389 4000 1691 4073 Lycaoniaz,
1717 4000 1960 4073 Lystram

375 4107 426 4152 et
462 4096 667 4153 Derben
705 4104 754 4151 et
798 4095 1096 4149 universam
1124 4094 1180 4147 in
1218 4094 1444 4148 circuitu
1486 4094 1768 4164 regionem,
1810 4104 1858 4148 et
1891 4094 1963 4148 ibi

376 4186 903 4258 evangelizaverunt.
933 4182 1041 4239 Sed
1065 4182 1305 4254 nequitia
1327 4182 1500 4238 hostis
1524 4183 1731 4253 antiqui
1756 4183 1962 4238 nullum

377 4278 556 4333 locum
600 4277 654 4332 in
693 4275 895 4331 mundo
934 4282 1108 4329 tutum
1148 4272 1218 4328 ab
1260 4273 1473 4329 insidiis
1517 4273 1634 4328 fieri
1675 4274 1957 4344 permittit.

375 4368 515 4425 llinc
544 4376 598 4425 et
625 4366 921 4423 Bacchides
945 4380 1107 4436 super
1130 4363 1461 4420 Betbbessen
1489 4363 1635 4420 ducit
1661 4365 1959 4420 exercitum

377 4472 436 4518 ut
462 4444 732 4536 oppugnet
758 4474 913 4526 eam,
948 4465 1006 4515 et
1032 4457 1272 4514 cultores
1302 4456 1397 4512 Dei
1426 4456 1610 4526 quiete
1639 4456 1821 4513 vivere
1849 4472 1959 4512 non

375 4554 660 4626 permittit.

454 4645 518 4701 Et
570 4646 779 4718 reliquit
815 4641 1077 4699 Jonathas
1125 4638 1393 4696 Simonem
1439 4640 1657 4711 fratrem
1706 4657 1863 4696 suum
1904 4641 1961 4696 in

376 4737 585 4792 civitate
634 4746 683 4793 et
727 4734 852 4790 exiit
893 4733 949 4787 in
992 4730 1292 4803 regionem,
1332 4738 1437 4787 etc.
1501 4730 1640 4798 Quid
1686 4739 1770 4788 est
1815 4732 1961 4802 quod

375 4829 638 4887 Jonathas
678 4828 904 4883 fratrem
948 4840 1105 4882 suum
1151 4822 1428 4880 Simonem
1473 4822 1527 4878 in
1572 4823 1795 4880 civitate
1833 4823 1961 4878 reli-

376 4918 556 4988 querit
600 4917 821 4989 ipseque
860 4915 1051 4971 exierit
1097 4914 1153 4968 in
1196 4914 1470 4985 regionem
1516 4920 1576 4968 ut
1616 4915 1958 4970 adversarios

375 5016 813 5079 persequeretur,
836 5004 941 5061 nisi
963 5004 1109 5075 quod
1144 5003 1318 5061 sancti
1356 5004 1604 5060 doctores
1647 5005 1792 5060 intus
1833 5020 1962 5078 ope-

377 5115 498 5155 ram
540 5097 671 5153 dant
710 5096 1019 5162 virtutibus,
1046 5104 1102 5153 ct
1142 5103 1324 5152 tamen
1350 5095 1481 5152 foris
1506 5113 1628 5152 cum
1656 5097 1780 5153 ﬁdei
1806 5108 1961 5155 scuto

376 5199 432 5247 ct
462 5189 643 5264 gladio
683 5187 908 5259 spiritus
941 5196 1131 5244 contra
1167 5188 1351 5245 hostes
1385 5189 1646 5245 dimicare
1687 5206 1799 5245 non
1837 5206 1959 5247 ces-

378 5284 540 5341 sant?
588 5278 683 5337 sed
727 5278 829 5350 ipsi
867 5280 1052 5335 hostes
1074 5275 1328 5333 Ecclesiae
1351 5294 1458 5334 non
1485 5289 1610 5335 sunt
1633 5279 1955 5348 uniformes,

375 5373 507 5447 quin
549 5371 731 5444 potius
754 5369 920 5426 variis
967 5369 1398 5439 persecutionum
1440 5370 1731 5441 generibus
1772 5370 1957 5426 multi—

374 5465 563 5536 plices,
591 5476 715 5519 cum
754 5458 945 5527 Judaei,
990 5461 1204 5532 pagani,
1253 5459 1489 5516 haeretici
1516 5470 1679 5532 atque
1704 5461 1962 5516 schisma—

377 5554 493 5620 tici,
521 5567 622 5608 nec
648 5566 756 5607 nou
793 5560 849 5605 et
873 5550 996 5607 falsi
1026 5549 1338 5609 Christiani.
1368 5551 1434 5606 ad
1459 5551 1760 5607 nocendum
1788 5551 1960 5608 bonos

449 5662 681 5722 ILocus
707 5673 1016 5739 corruptus.
1344 5727 1359 5737 ,
1413 5722 1457 5733 ω
1544 5724 1572 5731 ..
1617 5682 1708 5732 in

2068 1799 2274 1857 Christi
2299 1797 2581 1855 fraudibus
2611 1798 2724 1854 suis
2752 1812 2952 1853 nocere
2976 1797 3321 1868 permittunt.

2139 1890 2209 1949 Et
2236 1909 2516 1950 conversus
2546 1893 2675 1947 abiit
2708 1892 2764 1946 in
2795 1902 2990 1946 terram
3017 1908 3170 1946 suam
3202 1899 3251 1945 et
3282 1907 3391 1946 non
3420 1892 3669 1962 apposuit

2067 1988 2294 2060 amplius
2326 1986 2494 2043 venire
2522 1987 2577 2041 in
2598 1986 2735 2055 ﬁnes
2763 1985 2905 2055 ejus,
2922 1993 3028 2039 etc.
3062 1982 3416 2039 Cessantibus
3441 1982 3670 2038 turbini-

2066 2075 2169 2134 bus
2196 2074 2324 2133 belli
2352 2074 2616 2133 Jonathas
2645 2077 2699 2131 in
2728 2076 3009 2132 Maelimas
3033 2074 3333 2146 egreditur,
3363 2074 3556 2144 ibique
3586 2074 3668 2129 iu-

2064 2170 2317 2227 habitaus
2346 2169 2557 2240 iudicat
2596 2168 2854 2242 populum
2894 2177 2951 2224 et
2994 2168 3322 2224 exterminat
3363 2168 3567 2239 impios
3604 2184 3669 2223 ex

2064 2262 2264 2331 Israel;
2307 2263 2436 2334 quia
2481 2262 2673 2334 sopitis
2714 2276 3013 2333 pravorum
3061 2259 3240 2327 bellis,
3281 2260 3673 2332 praedicatores

2066 2357 2239 2413 sancti
2282 2356 2387 2412 hoc
2428 2356 2572 2427 quod
2616 2355 2771 2426 prius
2815 2355 2884 2410 de
2929 2351 3240 2410 moralitate
3286 2352 3666 2417 subditorum,

2066 2454 2290 2517 propter
2334 2444 2687 2502 imminentes
2732 2452 3088 2515 tempestates
3135 2443 3492 2515 praeliorum,
3536 2459 3676 2498 nun-

2068 2537 2326 2604 tiabatur,
2354 2547 2671 2593 restaurare
2695 2537 3053 2601 contendunt,
3083 2536 3178 2592 sed
3198 2534 3363 2605 jusue
3388 2536 3672 2591 servitutis

2064 2644 2296 2699 pensum
2337 2628 2494 2684 bonis
2537 2629 2783 2684 moribus
2819 2627 3055 2683 creatori
3092 2642 3192 2683 suo
3227 2625 3460 2682 reddere
3490 2626 3671 2683 omni-

2064 2720 2225 2775 modo
2262 2727 2536 2791 satagunt.
2596 2718 2873 2775 Machmas
2916 2718 3062 2774 enim
3110 2716 3473 2773 historialiter
3514 2717 3672 2771 vicus

2063 2817 2148 2864 est
2191 2810 2437 2881 grandis,
2480 2810 2574 2880 qui
2617 2825 2791 2880 usque
2836 2809 2944 2865 huc
2987 2809 3040 2863 in
3079 2807 3282 2863 ﬁnibus
3317 2806 3454 2862 Elia:
3486 2815 3668 2862 osten-

2063 2900 2231 2967 ditur,
2278 2901 2561 2972 antiquum
2604 2916 2802 2957 nomen
2845 2901 3108 2966 retinens,
3146 2914 3457 2970 novemque
3492 2899 3564 2956 ab
3598 2913 3663 2954 ea

2064 2992 2303 3048 millibus
2336 2991 2565 3060 distans,
2604 2991 2763 3060 juxta
2797 2993 2983 3047 villam
3025 2992 3215 3047 Roma.
3268 2992 3667 3062 Interpretatur

2064 3086 2209 3141 enim
2255 3084 2532 3142 Machmas
2575 3086 2713 3142 villa:
2769 3086 3000 3141 tribuum
3052 3086 3137 3140 vel
3188 3087 3501 3151 decretum,
3558 3102 3665 3158 quo

2062 3182 2316 3238 videlicet
2343 3188 2530 3237 saneta
2567 3180 2813 3251 signetur
2837 3179 3103 3245 Ecclesia,
3127 3180 3217 3235 ubi
3258 3179 3536 3235 instanter
3556 3180 3666 3235 Deo

2063 3275 2307 3345 quotidie
2351 3274 2677 3338 deservitur,
2723 3280 2779 3327 et
2823 3273 2915 3327 ubi
2951 3270 3110 3341 juxta
3155 3272 3378 3328 decreta
3406 3271 3543 3343 legis
3568 3271 3664 3326 Dei

2055 3367 2202 3439 justa
2234 3366 2440 3436 judicia
2464 3381 2563 3436 per
2600 3365 2789 3421 doctos
2824 3364 3062 3421 fidelium
3096 3364 3286 3420 sedqu
3311 3373 3665 3427 exercentur,

2065 3469 2228 3530 atque
2264 3473 2567 3530 pravorum
2601 3458 2842 3529 nequitia
2885 3471 2920 3514 a
2959 3472 3089 3514 vero
3128 3456 3296 3513 Israel
3337 3456 3532 3529 procul
3570 3471 3667 3511 ex-

2065 3551 2412 3609 terminatur.

2691 3640 2921 3699 CAPUT
2957 3642 3026 3697 X.

2066 3752 2368 3808 Alexander
2395 3753 2584 3809 occidit
2620 3751 2947 3822 Demetrium,
2971 3762 3021 3806 et
3048 3752 3237 3822 accipit
3274 3751 3448 3822 ﬁliam
3480 3751 3664 3807 Ptolo-

2136 3825 2257 3879 mtei
2304 3824 2439 3895 regis
2480 3839 2724 3895 uxorem.
2776 3822 2855 3875 De
2890 3821 3064 3895 gloria
3101 3821 3384 3895 Ionathar,
3564 3840 3662 3895 ea:-

2134 3903 2334 3964 pugnat
2355 3891 2713 3965 Apollonium,
2739 3902 2789 3947 et
2815 3893 2900 3947 cui
2924 3891 3226 3947 Alexander
3250 3894 3411 3948 mittit
3440 3891 3664 3963 ﬁbulam

2136 3981 2375 4018 auream.

2136 4098 2207 4154 Et
2243 4114 2381 4154 anno
2419 4099 2698 4153 centesimo
2736 4097 3060 4168 sexagesimo
3095 4095 3328 4150 ascendit
3358 4093 3665 4150 Alexander

2065 4191 2308 4247 Antiochi
2334 4190 2500 4260 ﬁlius,
2538 4191 2630 4262 qui
2663 4189 3063 4261 cognominatus
3101 4198 3178 4242 est
3209 4186 3445 4252 Nobilis,
3487 4197 3540 4242 et
3566 4205 3662 4241 oc-

2065 4281 2270 4351 cupavit
2295 4278 2698 4343 Ptolemaidam,
2721 4287 2829 4335 etc.
2858 4277 3186 4333 Antiochum
3211 4276 3461 4333 Nobilem
3485 4276 3663 4350 ipsum

2065 4369 2197 4426 dicit
2224 4384 2384 4441 quem
2413 4368 2590 4426 Graeci
2623 4369 2894 4440 appellant
2928 4368 3295 4438 Epiphanem,
3337 4367 3513 4423 lilium
3544 4367 3661 4424 An-

2064 4460 2229 4517 tiochi
2254 4460 2456 4531 Magni,
2484 4460 2552 4515 de
2577 4476 2686 4531 quo
2710 4459 2960 4530 superius
2984 4458 3140 4529 plura
3169 4467 3495 4514 narrantur.

2126 4549 2197 4605 Et
2228 4550 2429 4605 audivit
2453 4549 2749 4604 Demetrius
2778 4564 2872 4604 rex
2906 4557 2955 4603 et
2991 4549 3328 4619 congregavit
3365 4548 3661 4603 exercitum

2055 4640 2206 4697 valde
2233 4641 2520 4711 copiosum,
2547 4649 2656 4696 etc.
2706 4641 2785 4696 De
2831 4640 2937 4695 hoc
2989 4648 3170 4695 autem
3214 4638 3359 4695 bello
3392 4638 3660 4697 Demetrii

2057 4740 2221 4803 atque
2244 4731 2537 4787 Alexandri
2564 4732 2709 4802 quod
2730 4730 3024 4801 Pompeius
3047 4730 3258 4803 Trogus
3282 4729 3511 4803 ejusque
3535 4732 3661 4788 bre-

2056 4825 2236 4880 viator
2261 4822 2500 4881 Iustinus
2528 4824 2790 4891 referunt,
2820 4840 2929 4880 non
2960 4823 3255 4880 absurdum
3277 4825 3499 4881 videtur
3525 4839 3659 4881 eon-

2058 4914 2320 4971 siderare.
2375 4914 2467 4971 Sic
2503 4914 2651 4970 enim
2698 4914 2753 4969 in
2790 4915 3102 4985 tEpitomica
3131 4915 3378 4987 ejusdem
3407 4915 3655 4988 Pompeii

2059 5005 2222 5087 Trogi
2241 5046 2257 5069 ,
2294 5004 2434 5061 libro
2463 5006 2743 5062 tricesimo
2768 5006 2979 5076 quinto,
3008 5007 3272 5079 scriptum
3294 5015 3384 5064 est
3408 5025 3424 5063 :
3453 5008 3654 5065 Deme-

2058 5097 2222 5163 trius,
2257 5108 2524 5170 occupato
2574 5099 2745 5172 Syria
2791 5115 2989 5172 regno,
3038 5101 3268 5157 novitati
3313 5117 3431 5158 sure
3476 5102 3652 5159 otium

2057 5191 2423 5260 periculosum
2449 5202 2625 5259 ratus,
2672 5192 2934 5264 ampliare
2960 5193 3106 5249 vires
3128 5194 3284 5266 regni
3307 5203 3364 5248 et
3392 5208 3530 5265 opes
3556 5210 3655 5249 au-

2059 5282 2173 5355 geri
2203 5282 2558 5339 liuitimorum
2586 5298 2810 5341 suorum
2837 5282 2994 5340 bellis
3022 5285 3230 5340 statuit.
3274 5283 3466 5356 Itaque
3491 5283 3654 5340 Aria-

2059 5376 2219 5439 recti,
2269 5374 2386 5446 regi
2429 5372 2806 5445 Cappadociae,
2857 5384 3084 5447 propter
3128 5375 3401 5433 fastiditae
3445 5379 3652 5433 sororis

2060 5466 2277 5535 nuptias
2304 5464 2555 5529 infestus,
2585 5464 2809 5521 fratrem
2837 5464 2955 5535 ejus
2983 5465 3347 5532 Holofernem,
3385 5482 3488 5538 per
3512 5465 3650 5535 inju-

2062 5556 2202 5613 riam
2246 5571 2417 5627 regno
2461 5555 2699 5628 pulsum,
2750 5556 3049 5629 supplicem
3085 5558 3291 5630 recepit
3353 5558 3649 5630 datumque
