3928 6168
305 176 448 233 1189

1023 170 1375 230 COMMENT.
1417 171 1484 226 IN
1524 169 1769 227 LIBROS
1808 164 2385 228 MACIIABASORUM.
2424 200 2494 211 —
2531 168 2600 225 IN
2640 165 2768 225 LIB.
2810 168 2850 224 Ι.

3452 170 3585 233 "90

301 290 421 347 sibi
438 291 724 343 honestum
742 283 870 339 belli
893 283 1107 339 titulum
1126 283 1894 355 gratulatus,restituereeum
1924 282 1975 340 A
2000 289 2210 346 morte,
2264 298 2296 337 a
2342 282 2425 338 sui
2476 281 2803 338 rectitudine
2849 289 3026 336 status
3067 280 3320 337 inclinari
3358 284 3590 352 poSsiut.

304 384 361 436 in
393 392 618 450 regnum
647 376 857 431 statuit.
920 374 1031 431 Sed
1076 374 1416 441 Ilolofernes,
1468 375 1682 446 ingrato
1712 371 1894 426 animo

304 472 442 529 inita
495 484 620 525 eum
668 466 1125 523 Antiochensibus
1159 468 1448 536 pactione,
1497 464 1718 525 oii‘ensis
1767 473 1897 518 tunc

304 559 605 624 Demetrio,
656 557 856 629 pellere
903 572 1027 612 eum
1079 572 1245 628 regno
1293 572 1325 611 a
1374 572 1482 627 quo
1510 555 1898 610 restituebatur

304 653 598 711 consilium
628 651 791 720 cepit.
824 649 941 718 Quo
963 651 1182 722 cognito
1207 652 1515 706 Demetrius
1532 652 1657 705 vitae
1680 650 1898 719 quidem

310 759 379 800 ne
403 743 715 797 Arimectes
741 751 885 796 metu
915 740 1131 796 finitimi
1172 742 1297 797 belli
1323 742 1667 807 liberaretur,
1699 754 1896 811 peper-

307 834 418 899 cit,
452 834 631 904 ipsum
661 844 842 888 autem
866 822 1323 906 comprehensum
1353 835 1612 892 Seleucia:
1639 832 1900 890 custodiri

302 928 501 999 jubet;
548 940 649 979 nec
679 923 1074 980 Antiochenses
1097 926 1304 996 judicio
1331 927 1506 981 territi
1536 942 1567 980 a
1596 925 1900 980 defectione

312 1019 660 1076 destiterunt.
714 1015 899 1086 Itaque
945 1014 1324 1083 adjuvantibus
1363 1027 1419 1073 et
1454 1018 1745 1073 Ptolemteo
1774 1030 1902 1085 rege

311 1108 535 1183 Egypti
570 1114 624 1161 et
654 1106 838 1160 Attalo
872 1121 997 1176 rege
1032 1105 1232 1177 Syriae,
1281 1121 1508 1178 regnum
1538 1107 1687 1162 velut
1718 1115 1901 1177 pater-

312 1184 443 1255 num
468 1197 636 1252 armis
664 1205 953 1266 repeteret,
978 1203 1034 1251 et
1061 1213 1128 1252 ne
1151 1198 1281 1269 quid
1305 1197 1645 1254 contumeliae
1666 1199 1900 1264 deesset,

313 1306 515 1346 nomen
545 1289 595 1343 ei
622 1288 919 1343 Alexandri
959 1289 1141 1356 datur,
1177 1291 1499 1363 genitusque
1539 1293 1608 1346 ab
1637 1290 1903 1346 Antiocho

312 1397 441 1457 rege
470 1383 689 1439 dicitur.
748 1382 979 1437 Tantum
1025 1383 1210 1438 odium
1249 1383 1509 1457 Demetrii
1539 1383 1681 1454 apud
1702 1391 1903 1439 'omnes

314 1482 456 1540 erat,
486 1484 547 1529 ut
576 1473 773 1529 aemulo
803 1472 920 1542 ejus
953 1489 1062 1529 non
1088 1474 1234 1530 vires
1261 1483 1473 1530 tantum
1500 1476 1683 1547 regiai,
1714 1489 1902 1529 verum

314 1577 371 1625 et
400 1567 616 1639 generis
660 1566 911 1623 nobilitas
958 1582 1226 1624 consensu
1264 1569 1504 1624 omnium
1550 1569 1898 1623 tribueretur.

314 1638 486 1732 Igitur
510 1658 819 1713 Alexander
847 1659 1155 1714 admirabili
1200 1675 1380 1716 rerum
1411 1661 1675 1715 varietate
1715 1659 1901 1729 pristi-
1931 1638 1980 1697 Β

316 1768 515 1807 narum
545 1751 784 1807 sordium
812 1750 1031 1819 oblitus,
1058 1752 1224 1807 totius
1253 1751 1423 1808 ferme
1448 1752 1675 1807 orientis
1701 1752 1906 1805 viribus

316 1841 648 1905 succinctus,
686 1839 885 1895 bellum
930 1840 1203 1896 Demetrio
1244 1839 1428 1907 infert,
1462 1824 1768 1910 victumque
1795 1841 1904 1896 vita

316 1932 529 2005 pariter
558 1947 622 1987 ac
664 1947 832 2003 regno
863 1932 1079 2003 spoliat.
1129 1931 1447 2003 Quanquam
1492 1950 1591 1989 nec
1632 1934 1907 1989 Demetrio

319 2018 541 2080 animus
576 2024 628 2079 in
661 2021 1026 2096 prepulsando
1057 2024 1198 2082 bello
1224 2024 1413 2083 defuit.
1465 2026 1601 2081 Nam
1642 2035 1695 2082 et
1730 2027 1907 2098 primo

316 2119 532 2174 hostem
584 2116 828 2188 fugavit,
888 2125 941 2171 et
991 2116 1208 2187 regibus
1252 2115 1449 2172 bellum
1497 2117 1909 2173 restituentibus

320 2212 491 2270 multa
516 2210 683 2268 millia
712 2212 766 2267 in
790 2211 959 2285 Mysia
985 2212 1212 2278 cecidit;
1246 2213 1315 2267 ad
1342 2222 1676 2283 postremum
1703 2221 1905 2279 autem,

322 2317 504 2363 tamen
551 2307 755 2362 invicto
799 2306 1004 2372 animo,
1054 2306 1195 2361 inter
1232 2303 1560 2361 fortissimos
1612 2305 1910 2361 fortissime

320 2399 588 2453 dimicans
626 2397 840 2453 cecidit.
888 2395 1047 2451 Initio
1089 2396 1215 2452 belli
1250 2397 1558 2453 Demetrius
1599 2397 1733 2453 duos
1772 2396 1911 2452 filios

322 2488 464 2559 apud
494 2489 781 2557 quemdam
812 2486 1076 2556 hospitem
1110 2501 1266 2540 suum
1294 2502 1415 2541 cum
1447 2502 1645 2558 magno
1673 2487 1912 2557 pondere

322 2581 442 2635 auri
475 2578 974 2644 commendaverat,
1002 2586 1062 2632 ut
1084 2576 1211 2634 belli
1238 2577 1494 2648 periculis
1519 2578 1909 2645 eximercntur,

324 2679 379 2726 et
417 2670 463 2726 si
496 2670 570 2725 ita
610 2684 729 2725 sors
764 2669 996 2735 tulisset,
1025 2681 1283 2749 paternm'
1307 2668 1503 2724 ultioni
1538 2679 1908 2726 servarentur.

324 2761 404 2817 Ex
437 2762 522 2817 his
546 2761 728 2832 junior
757 2760 1081 2826 Demetrius,
1107 2776 1279 2816 annos
1306 2774 1557 2832 egressus
1584 2762 1910 2831 pubertatis,
1940 2820 1947 2827 κ

326 2853 511 2908 audita
541 2851 830 2907 Alexandri
862 2851 1106 2917 luxuria,
1146 2867 1306 2921 quem
1351 2851 1639 2922 insperata:
1683 2868 1814 2922 opes
1859 2860 1913 2908 et

327 2945 518 3001 alienze
544 2942 819 3000 felicitatis
842 2953 1159 3005 ornamenta
1186 2943 1333 2999 velut
1359 2953 1575 3016 captmn
1601 2945 1744 3001 inter
1766 2959 1914 3000 seor-

327 3045 506 3092 torum
534 3051 723 3108 greges
751 3035 992 3092 desidem
1021 3035 1076 3091 in
1107 3036 1253 3107 regia
1286 3035 1574 3101 tenebant,
1602 3036 1911 3091 auxilianti-

326 3125 429 3182 bus
454 3124 804 3181 Cretensibus
832 3140 1080 3189 securum
1110 3141 1177 3195 ac
1200 3125 1334 3181 nihil
1361 3126 1556 3182 hostile
1587 3134 1914 3183 metuentem

328 3216 658 3289 aggreditur.
691 3216 1089 3273 Antiochenses
1114 3233 1350 3289 quoque,
1380 3225 1618 3274 veterem
1643 3217 1816 3289 patris
1841 3216 1919 3274 of-

329 3308 539 3363 fensam
566 3308 721 3364 novis
748 3308 958 3364 meritis
986 3309 1317 3375 correcturi,
1357 3324 1417 3365 se
1452 3309 1505 3364 ei
1533 3312 1783 3376 tradunt;
1823 3309 1916 3364 sed

329 3406 384 3454 et
416 3398 619 3454 milites
647 3400 856 3470 paterni
886 3398 1068 3455 favore
1090 3397 1308 3468 juvenis
1337 3400 1582 3466 accensi,
1610 3401 1809 3470 prioris
1834 3416 1919 3456 sa—

330 3487 596 3543 cramenti
617 3488 930 3560 religionem
952 3489 1075 3545 novi
1102 3490 1243 3561 regis
1261 3489 1527 3560 superbia:
1543 3489 1914 3560 praeferentes,

332 3576 488 3647 signa
519 3576 586 3631 ad
613 3576 947 3632 Demetrium
982 3578 1353 3645 transferunt;
1395 3586 1556 3649 atque
1586 3579 1660 3633 ita
1687 3580 1918 3635 Alexan-

332 3668 449 3734 der,
470 3682 577 3723 non
599 3669 807 3724 minore
829 3669 1031 3738 impetu
1055 3667 1285 3724 fortunae
1306 3669 1613 3725 destructus
1630 3684 1793 3739 quam
1813 3669 1920 3724 ela-

334 3767 441 3825 tus,
469 3760 648 3831 primo
669 3761 855 3830 pnelio
877 3762 1054 3817 victus
1078 3760 1422 3829 interficitur,
1448 3761 1703 3832 deditque
1726 3776 1919 3833 poenas

338 3849 614 3908 Demetrio
639 3868 801 3922 quem
828 3853 1139 3921 occiderat,
1167 3862 1223 3910 et
1246 3853 1517 3910 Antiocho
1544 3853 1698 3925 cujus
1726 3855 1921 3910 menti-

336 3951 425 3999 tus
452 3944 715 4015 originem
740 3944 940 4000 fuerat.

409 4035 479 4089 Et
524 4036 657 4090 venit
698 4036 959 4091 Jonathas
1003 4037 1061 4090 in
1103 4036 1460 4104 Hierusalem,
1488 4046 1593 4093 etc.
1645 4037 1921 4095 Demetrio

336 4142 529 4200 pacem
563 4142 663 4199 per
691 4128 949 4200 epistolas
969 4127 1267 4196 deferente,
1298 4127 1560 4185 Jonathas
1581 4128 1918 4186 Hierusalem

339 4219 652 4275 inhabitans
672 4220 838 4290 coepit
885 4220 1144 4275 innovare
1165 4220 1473 4287 civitatem;
1500 4221 1625 4292 quia
1652 4222 1780 4278 licet
1800 4236 1923 4293 per-

1996 376 2102 432 Per
2118 375 2465 443 Bethsuram,
2480 391 2601 446 quae
2615 377 2802 429 domus
2823 374 3157 429 robustorum
3176 374 3594 445 interpretatur,

1997 467 2261 532 Ecclesia,
2284 466 2577 537 aliquando
2602 480 2731 521 vero
2758 463 3040 534 Scriptura
3067 478 3226 519 sacra
3254 464 3591 536 designatur,

1998 560 2054 615 in
2080 576 2188 632 qua
2217 561 2451 626 robusti,
2480 561 2585 616 hoc
2607 567 2713 625 est,
2744 559 2995 613 doctores
3020 558 3192 613 sancti
3223 565 3279 613 et
3307 559 3595 629 apostolici

1996 652 2120 716 viri,
2146 665 2493 707 commanere
2515 652 2794 706 videntur:
2821 651 2913 706 sed
2937 651 3079 705 sicut
3107 650 3159 704 in
3185 650 3429 707 Ecclesia
3455 666 3597 721 prte-

1999 744 2140 799 senti
2166 744 2296 799 boni
2325 750 2376 798 et
2407 742 2533 798 mali
2568 742 2907 807 consistunt,
2944 742 3117 796 donec
3143 755 3345 813 sagena
3378 741 3596 798 Domini

1999 835 2172 890 bonos
2218 844 2274 891 ct
2318 835 2491 889 malos
2528 834 2705 904 pisces
2736 834 3068 889 contrahens
3101 833 3168 887 ad
3198 833 3348 888 littus
3378 833 3594 905 (Matth.

2000 927 2146 1000 xm),
2177 929 2277 983 hoc
2303 936 2408 992 est,
2442 927 2602 981 finem
2631 925 2840 990 mundi,
2871 936 2927 980 et
2942 926 3020 979 .ad
3044 925 3310 995 judicium
3338 934 3600 982 extrema:

2003 1017 2347 1073 discretionis
2366 1017 2648 1087 perducat,
2676 1018 2750 1071 ita
2774 1015 3055 1087 Scriptura
3076 1024 3263 1071 sancta
3287 1020 3341 1070 et
3362 1016 3598 1073 lectores

2003 1109 2171 1165 habet
2205 1110 2325 1180 pios
2346 1149 2361 1174 ,
2407 1109 2498 1179 qui
2531 1123 2651 1163 eam
2684 1107 2951 1163 catholico
2983 1123 3149 1163 sensu
3196 1109 3491 1174 rimantur,
3543 1118 3599 1165 et

2002 1217 2220 1272 pravos,
2254 1202 2345 1272 qui
2373 1216 2495 1257 eam
2542 1202 2609 1256 ad
2653 1216 2874 1257 sensum
2920 1216 3076 1256 suum
3122 1216 3352 1269 pravum
3383 1210 3601 1256 contra—

2006 1294 2184 1349 hendo
2223 1294 2518 1362 depravare
2556 1299 2844 1346 conantur.
2902 1291 3051 1347 Unde
3084 1291 3286 1346 Paulus
3322 1292 3600 1362 apostolus

2004 1386 2251 1442 scribens
2292 1386 2359 1439 ad
2389 1385 2736 1440 Timotheum
2774 1385 2851 1438 ait
2885 1402 2898 1437 :
2947 1383 3132 1439 Omnis
3161 1384 3437 1456 Scriptura
3467 1384 3604 1438 divi-

2006 1478 2146 1531 nitus
2175 1476 2418 1530 instituta
2447 1484 2521 1529 est
2550 1475 2694 1529 utilis
2725 1475 2795 1528 ad
2826 1474 3142 1540 docendum,
3171 1475 3242 1528 ad
3268 1475 3599 1545 urguendum

2006 1578 2054 1623 et
2081 1568 2471 1638 corrigendum,
2509 1568 2579 1621 ad
2610 1567 2958 1623 erudiendum
2988 1550 3312 1637 in‘justitia,
3346 1577 3401 1621 ut
3427 1568 3599 1638 perfe-

2007 1670 2122 1714 ctus
2164 1660 2229 1714 sit
2275 1660 2431 1713 homo
2459 1658 2553 1712 Dei
2597 1659 2666 1711 ad
2709 1675 2861 1713 omne
2901 1676 3030 1728 opus
3073 1659 3263 1713 bonum
3312 1660 3600 1713 instructus

2008 1749 2091 1822 (II
2120 1749 2252 1803 Tim.
2278 1748 2383 1822 tu).
2417 1748 2541 1802 Mali
2567 1756 2747 1804 autem
2777 1750 3027 1805 homines
3054 1759 3111 1804 et
3136 1749 3451 1806 seductorcs
3479 1766 3593 1819 prc-

2007 1838 2200 1893 ﬁciunt
2243 1838 2298 1893 in
2340 1837 2495 1909 pejus
2523 1846 2771 1893 errantes
2817 1846 2874 1893 et
2924 1839 2977 1893 in
3023 1853 3266 1894 errorem
3299 1840 3599 1895 mittentes.

2007 1931 2148 1987 Hinc
2170 1939 2220 1986 et
2245 1931 2495 2001 princeps
2521 1930 2891 2000 apostolorum
2920 1929 3055 1985 dicit
3082 1930 3329 1985 indoctos
3355 1938 3411 1984 et
3438 1930 3604 1984 insta--

2007 2022 2144 2078 biles
2170 2021 2487 2091 Scripturas
2517 2036 2706 2077 sacras
2735 2021 3031 2090 depravare
3069 2022 3136 2075 ad
3179 2037 3331 2077 suam
3363 2022 3603 2092 ipsorum

2007 2116 2363 2186 perditionem
2394 2112 2479 2186 (II
2509 2112 2659 2168 Petr.
2691 2113 2799 2186 ιιι).
2852 2115 3233 2171 Desinentibus
3262 2128 3389 2185 ergo
3422 2115 3602 2185 genti-

2009 2205 2138 2261 lium
2182 2204 2654 2275 persecutionibus
2705 2202 3007 2259 forinsecus
3048 2205 3313 2259 hactenus
3359 2204 3601 2260 haeretici

2010 2305 2174 2366 atque
2220 2294 2551 2350 schismatici
2602 2294 2898 2349 moliuntur
2942 2294 3100 2350 bonis
3138 2295 3426 2351 catholicis
3458 2294 3601 2351 bella

2012 2387 2360 2453 intrinsecus,
2402 2386 2530 2456 quia
2560 2385 2899 2455 reliquerunt
2927 2386 3100 2455 legem
3131 2386 3344 2441 Domini
3374 2394 3428 2441 et
3457 2388 3606 2442 viam

2010 2477 2262 2533 veritatis
2288 2478 2582 2533 observare
2609 2476 2920 2531 noluerunt.
2970 2475 3180 2531 Idcirco
3204 2477 3408 2532 dicitur
3436 2478 3604 2533 Beth-

2011 2584 2138 2624 sura
2168 2569 2250 2624 eis
2275 2569 2343 2623 ad
2372 2566 2638 2639 refugium
2670 2566 2785 2622 fieri
2804 2608 2820 2632 ,
2858 2569 2985 2638 quia
3013 2567 3275 2637 quidquid
3306 2583 3469 2623 sensu
3500 2583 3602 2622 ne-

2011 2674 2175 2730 quam
2200 2657 2665 2728 excogitaverunt,
2690 2664 2783 2710 aut
2806 2671 2976 2727 pravo
3001 2656 3219 2726 eloquio
3240 2656 3606 2725 protulerunt,

2012 2756 2184 2804 totum
2217 2748 2542 2803 testimoniis
2571 2746 2869 2817 Scriptura:
2909 2763 3078 2803 saeue
3116 2762 3227 2802 non
3264 2756 3412 2802 recte
3448 2748 3607 2803 intel—

2011 2839 2165 2895 lectis
2191 2838 2516 2894 confirmare
2543 2845 2819 2909 satagunt.

2085 2937 2156 2994 Et
2199 2939 2398 2993 audivit
2437 2938 2739 2996 Alexander
2781 2954 2876 2994 res
2912 2941 3171 3011 promissa
3210 2958 3329 3014 quae
3366 2944 3607 3014 promisit

2014 3031 2314 3086 Demetrius
2342 3031 2612 3099 Jonatlue,
2652 3039 2758 3087 etc.
2820 3030 2975 3099 Quod
3021 3047 3179 3104 reges
3225 3030 3399 3105 Syriae
3442 3042 3609 3105 atque

2014 3121 2235 3193 Egypti
2262 3122 2650 3177 contendentes
2670 3121 2735 3177 de
2764 3136 2928 3193 regno
2953 3122 3211 3177 auxilium
3237 3132 3292 3179 et
3310 3125 3612 3181 amicitiam

2014 3212 2261 3269 Jonathze
2301 3212 2497 3284 singuli
2540 3213 2906 3283 expetebant,
2962 3228 3072 3269 non
3117 3214 3263 3269 aliud
3314 3215 3612 3288 significari

2016 3309 2256 3364 arbitror
2283 3308 2385 3362 nisi
2413 3307 2555 3378 quod
2585 3305 2835 3362 carnales
2861 3307 3062 3378 quique
3089 3309 3330 3379 superbi,
3357 3316 3412 3364 et
3438 3309 3618 3375 avari,

2018 3407 2183 3470 atque
2210 3400 2544 3470 voluptuosi,
2590 3400 2717 3456 licet
2747 3401 2890 3456 inter
2923 3416 2982 3456 se
3010 3416 3227 3471 semper
3256 3402 3613 3470 dissentiant,

2018 3506 2120 3546 nec
2147 3492 2309 3546 ictam
2345 3506 2535 3560 pacem
2564 3499 2621 3546 et
2648 3489 2826 3546 foedus
2856 3500 3201 3562 nequaquam
3235 3493 3465 3548 firmiter
3493 3510 3612 3549 ser-

2017 3597 2148 3637 vare
2177 3582 2417 3650 possint,
2473 3597 2862 3651 nonnunquam
2908 3589 3090 3636 tamen
3138 3583 3387 3637 videntes
3418 3583 3616 3639 immu-

2018 3675 2245 3729 nitatem
2280 3681 2339 3729 et
2370 3672 2719 3728 concordiam
2758 3687 2927 3727 sacra:
2965 3670 3263 3741 Scripturae
3291 3672 3374 3727 vel
3413 3686 3617 3729 sancta:

2018 3764 2302 3829 Ecclesiae,
2341 3763 2444 3834 ipsi
2474 3762 2727 3818 deferunt
2755 3764 3049 3827 honorem;
3080 3763 3206 3832 quia
3238 3763 3440 3818 donum
3469 3764 3616 3833 quod

2020 3873 2079 3913 se
2106 3857 2306 3911 habere
2340 3870 2447 3910 non
2478 3854 2856 3924 conspiciunt,
2905 3853 2959 3907 in
3001 3854 3116 3923 ipsa
3160 3853 3404 3907 habitum
3436 3867 3602 3909 vene-

2020 3955 2212 4003 rantur
2241 3945 2503 4010 nonnulli,
2520 3945 2659 4023 ,quia
2687 3944 2805 4014 ejus
2831 3953 3023 4015 optant
3048 3945 3252 4000 habere
3277 3945 3574 4000 amicitiam
3593 3986 3610 4010 ,

2020 4039 2105 4094 vel
2134 4039 2186 4094 in
2219 4037 2541 4108 opportunis
2567 4036 2777 4091 solatiis
2800 4035 3064 4105 adjuvari,
3095 4043 3157 4091 ut
3185 4052 3283 4108 per
3311 4036 3618 4091 orationem

2022 4140 2077 4188 et
2104 4131 2284 4187 studio
2311 4131 2572 4184 virtutum
2604 4136 2659 4183 et
2686 4127 2795 4198 ipsi.
2815 4127 3190 4185 meliorentur.

2095 4240 2163 4295 In
2200 4256 2341 4294 anno
2380 4239 2660 4293 centesimo
2689 4238 3014 4309 sexagesimo
3042 4238 3227 4310 quinto
3256 4239 3393 4293 venit
3424 4237 3618 4293 Deme-

339 4320 617 4368 secutores
639 4311 928 4382 aliquando
950 4312 1114 4369 minis
1142 4313 1325 4369 fideles
1351 4322 1612 4381 terreant,
1635 4315 1914 4387 aliquando

2027 4333 2182 4395 trius,
2212 4330 2355 4400 ﬁfius
2379 4328 2650 4391 Demetrii,
2683 4346 2714 4382 a
2742 4326 2922 4395 Creta,
2945 4329 3001 4382 in
3031 4338 3226 4383 terram
3249 4338 3460 4401 patrum
3487 4346 3616 4383 suo-

338 4418 474 4458 vero
509 4403 896 4460 blandimentis
928 4403 1189 4473 foveant,
1237 4407 1486 4464 doctores
1527 4410 1705 4464 sancti
1742 4417 1923 4464 tamen

339 4496 561 4554 assidue
608 4497 865 4554 insistunt
909 4497 1138 4569 spiritali
1186 4498 1527 4556 aedificationi
1572 4510 1627 4556 et
1667 4502 1929 4557 innovant

339 4590 620 4648 civitatem
649 4589 938 4657 Ecclesiae,
968 4601 1235 4660 quatenus
1260 4582 1381 4649 eam
1416 4594 1601 4650 hostes
1633 4595 1717 4649 sui
1752 4608 1930 4664 neque

339 4684 396 4740 vi
442 4682 743 4753 irrumpere
790 4697 965 4754 neque
1011 4676 1204 4740 fraude
1252 4686 1649 4742 circumvenire
1693 4688 1926 4757 possint.

342 4774 475 4830 Inde
503 4773 648 4844 quod
681 4782 922 4831 montem
954 4772 1083 4829 Sion
1120 4772 1382 4831 Jonathas
1411 4775 1577 4847 jussit
1603 4775 1931 4834 facientibus

342 4879 510 4935 opera
535 4862 806 4935 lapidibus
829 4864 1112 4935 quadratis
1134 4866 1373 4937 undique
1397 4866 1626 4931 munire,
1646 4867 1773 4936 quia
1799 4881 1932 4938 prae-

345 4955 620 5011 dicatores
642 4953 918 5026 Evangelii
940 4956 1212 5026 praecipue
1236 4956 1457 5013 student
1476 4965 1655 5012 castra
1675 4957 1932 5014 Ecclesia:

347 5048 554 5105 sanctis
581 5061 644 5102 ac
670 5045 901 5103 fortibus
927 5048 1061 5103 viris
1098 5047 1464 5111 circumdare,
1507 5063 1644 5118 quos
1681 5048 1931 5118 quadrati

346 5141 555 5212 lapides
584 5138 903 5212 designant,
948 5154 1018 5195 ne
1061 5138 1223 5196 facile
1263 5139 1512 5196 hostibus
1556 5149 1743 5210 pateat
1779 5140 1933 5196 locus

347 5233 629 5290 civitatem
671 5239 918 5288 sanetam
961 5229 1293 5288 invadendi:
1326 5230 1656 5301 quadratum
1698 5246 1934 5300 namque

348 5340 546 5392 omne,
586 5338 912 5396 quocunque
949 5323 1201 5389 vertitur,
1245 5323 1413 5378 ﬁxum
1448 5330 1595 5379 stare
1627 5323 1930 5381 consuevit.

350 5413 452 5471 Cui
486 5415 744 5471 nimirum
773 5415 959 5485 figura
992 5415 1158 5471 corda
1191 5413 1565 5470 assimilantur
1604 5414 1930 5483 electorum,

353 5506 445 5578 qui
482 5507 560 5563 ita
599 5507 656 5562 in
691 5506 817 5563 ﬁdei
855 5507 1115 5564 firmitate
1150 5507 1450 5564 consistere
1484 5507 1825 5576 didicerunt,
1873 5517 1935 5566 ut

352 5599 504 5659 nulla
529 5611 850 5659 oecurrente
879 5615 1061 5659 rerum
1085 5601 1445 5672 adversitate,
1483 5615 1585 5659 nec
1620 5602 1739 5673 ipsa
1768 5602 1934 5661 etiam

2029 4440 2168 4477 rum.
2214 4422 2353 4489 Quid
2394 4436 2495 4491 per
2518 4420 2893 4492 Apollonium,
2924 4421 3242 4492 praefectum
3268 4421 3578 4493 leesyrize
3598 4461 3618 4487 ,

2026 4528 2190 4582 quem
2220 4511 2528 4568 Demetrius
2557 4527 2683 4568 cum
2725 4512 2970 4568 exercitu
3009 4512 3208 4567 direxit
3248 4513 3303 4567 in
3329 4511 3574 4568 Judzeam
3596 4552 3614 4576 ,

2026 4603 2133 4657 nisi
2164 4602 2383 4658 lictores
2409 4609 2465 4655 et
2491 4609 2724 4656 terrena:
2751 4600 3038 4671 potestatis
3065 4600 3295 4656 ministri
3327 4601 3619 4672 designan-

2029 4699 2136 4756 tur,
2167 4691 2365 4762 quibus
2392 4690 2744 4745 eommissum
2775 4697 2859 4745 est
2886 4703 2919 4743 a
2946 4689 3179 4744 dominis
3208 4690 3322 4745 suis
3358 4697 3418 4744 ut
3454 4691 3620 4746 fidem

2029 4779 2230 4836 Christi
2273 4787 2583 4850 expugnent
2623 4788 2786 4849 atque
2822 4777 3164 4835 confessores
3202 4780 3321 4848 ejus
3357 4778 3618 4850 blasphe-

2029 4886 2183 4928 mare
2226 4870 2597 4942 compellant?
2633 4871 2689 4926 hi
2729 4872 2914 4941 inique
2957 4886 3082 4927 cum
3122 4887 3345 4929 suorum
3391 4889 3619 4931 numero

2031 4958 2386 5024 confidentes,
2417 4959 2485 5015 de
2512 4957 2714 5013 auxilio
2742 4959 2949 5015 scilicet
2976 4961 3335 5030 superborum
3363 4978 3423 5018 se
3447 4963 3622 5019 extol-

2031 5045 2226 5112 lentes,
2258 5046 2525 5101 insultant
2550 5044 2799 5103 Jonathaa
2826 5051 2973 5118 quod
3005 5057 3329 5120 potestatem
3366 5061 3623 5108 exerceat

2031 5139 2088 5195 in
2113 5138 2387 5195 montibus
2399 5152 2524 5194 cum
2540 5137 2745 5194 sanctis
2769 5138 3103 5207 doctoribus,
3126 5141 3194 5198 de
3217 5155 3314 5212 spe
3337 5156 3500 5212 quam
3521 5142 3622 5196 ha-

2031 5231 2163 5287 bent
2187 5230 2254 5285 dc
2277 5244 2516 5300 superno
2539 5230 2809 5302 adiutorio
2832 5231 3081 5299 illudunt,
3097 5239 3500 5303 provocantque
3524 5246 3623 5288 eos

2033 5323 2089 5378 in
2116 5337 2386 5393 campum,
2418 5322 2523 5377 hoc
2549 5332 2656 5391 est,
2687 5323 2756 5379 ad
2785 5332 2998 5380 terrena
3028 5324 3293 5383 desideria
3318 5331 3374 5379 et
3398 5322 3622 5380 delicias

2033 5415 2243 5480 mundi,
2267 5430 2376 5486 quo
2402 5413 2616 5471 facilius
2641 5431 2738 5471 eos
2760 5415 2815 5471 in
2836 5417 2961 5472 imis
2982 5423 3369 5471 conversantes
3389 5415 3626 5472 obruere

2032 5506 2262 5579 possint.
2316 5504 2452 5560 Lata
2482 5514 2557 5560 est
2588 5506 2733 5561 enim
2772 5507 2857 5561 via
2894 5523 3011 5579 qua:
3038 5506 3183 5559 ducit
3214 5504 3285 5558 ad
3320 5515 3541 5562 mortem
3568 5515 3622 5563 et

2038 5600 2189 5657 multi
2218 5610 2341 5657 sunt
2367 5599 2457 5673 qui
2483 5600 2682 5687 intrant
2709 5616 2940 5687 peream
2968 5596 3184 5673 (Matth.
3212 5594 3353 5680 vn).
