3928 6168
363 355 495 414 ltili

431 464 544 522 Sed
568 460 832 519 Jonathas
880 465 940 513 et
974 455 1163 512 Simon
1214 454 1404 511 decem
1465 448 1706 507 millibus
1753 453 1947 502 contra
1975 445 2028 507 Α

364 553 701 627 Apollonium
760 557 818 606 et
847 555 1027 605 castra
1073 545 1190 617 ejus
1235 543 1556 615 conﬂigunt,
1595 553 1832 611 eumque
1858 554 1950 594 su-

363 653 616 721 perantes
643 647 1010 714 prosternunt,
1035 655 1159 695 cum
1186 637 1360 695 sancti
1392 635 1775 708 praedicatores
1792 630 1951 687 Chri-

365 737 458 800 sti,
497 733 765 790 associato
816 730 921 785 sibi
975 728 1215 784 ﬁdelium
1268 742 1523 792 numero,
1574 725 1668 795 qui
1695 722 1950 778 mandata

363 822 619 896 Decalogi
652 823 757 878 rite
791 819 1123 886 custodiunt,
1175 826 1367 875 contra
1418 823 1798 887 persecutores
1823 810 1950 867 ﬁdei

350 924 682 979 constanter
711 913 993 979 dimicant,
1041 920 1097 966 et
1133 909 1261 966 ﬁdei
1315 909 1501 965 divino
1531 905 1801 975 adjutorio
1827 918 1949 959 om-

362 1023 458 1063 nes
494 1004 744 1061 inimicos
781 1018 928 1067 suos,
960 1000 1053 1072 qui
1085 1000 1323 1071 cogitant
1351 998 1432 1053 eis
1478 996 1640 1061 mala,
1670 995 1953 1049 vincentes

361 1105 645 1169 superant.
680 1094 853 1165 Joppe
878 1095 1044 1159 enim,
1071 1108 1193 1162 quae
1235 1092 1632 1162 interpretatur
1655 1086 1951 1158 pulchritu»

359 1191 450 1253 do,
485 1196 612 1258 apte
643 1189 902 1243 mundum
939 1184 1229 1256 signiticat,
1281 1180 1435 1251 cujus
1464 1180 1675 1251 species
1722 1177 1954 1233 carnali-

363 1284 462 1336 illis
489 1280 706 1335 videtur
729 1292 851 1335 esse
872 1276 1118 1346 pulchra,
1144 1274 1271 1344 quia
1286 1272 1469 1329 carnis
1490 1287 1602 1326 sua:
1623 1269 1841 1339 explere
1864 1284 1955 1323 ευδ-

364 1374 520 1441 ι›ἰιιηι
574 1371 891 1436 desideria;
939 1369 1014 1425 ibi
1073 1367 1274 1438 quippe
1332 1362 1594 1419 lonathas
1651 1360 1955 1417 custodiam

368 1461 635 1531 Apollonii
675 1468 947 1532 expugnat
977 1460 1067 1516 ubi
1094 1473 1292 1513 vanam
1344 1453 1738 1526 philosOpbiam
1767 1450 1955 1506 mundi

364 1562 419 1608 et
456 1560 758 1608 sectatores
783 1552 900 1623 ejus
926 1566 1024 1620 per
1062 1548 1349 1603 veritatem
1375 1544 1653 1612 Evangelii
1683 1542 1841 1598 turba
1861 1540 1958 1597 do-

368 1654 581 1699 ctorum
630 1640 950 1701 debellan‘do
998 1638 1325 1705 concaleat;
1361 1645 1566 1709 pugnat
1592 1644 1650 1690 et
1678 1635 1821 1690 idem
1845 1648 1958 1690 em-

369 1745 456 1792 tus
480 1745 793 1793 sanctorum
814 1733 1233 1805 pnndicatorum
1259 1738 1446 1787 contra
1482 1729 1733 1794 Azotum,
1758 1727 1850 1798 qui
1875 1728 1956 1783 in-

368 1834 615 1896 pretatur
642 1825 777 1896 ignis
798 1804 1074 1895 patruelis,
1099 1836 1221 1877 cum
1242 1820 1595 1890 cupiditatem
1612 1826 1950 1874 terrenarum
1981 1804 2029 1864 B

369 1933 551 1972 rerum
578 1917 632 1971 in
661 1916 969 1971 hominibus
1015 1913 1362 1982 exstinguere
1389 1912 1577 1982 cupit:
1604 1910 1701 1966 sed
1741 1909 1953 1982 lugiunt

366 2007 641 2063 exercitus
687 2005 960 2076 Apollonii
1010 2004 1067 2060 in
1094 2002 1327 2059 Aeolum
1354 2002 1427 2058 ad
1479 2001 1689 2074 Dagon,
1747 2001 1951 2058 idolum

364 2112 545 2163 suum,
582 2105 643 2152 ut
671 2112 731 2152 se
754 2096 1004 2163 liberent,
1036 2112 1158 2155 eum
1190 2095 1437 2152 inﬁdeles
1462 2110 1493 2151 a
1527 2096 1809 2152 daemoniis
1830 2110 1953 2167 qua:

365 2185 753 2255 superstitione
778 2185 982 2254 colunt,
1029 2194 1281 2258 quaerunt
1325 2186 1737 2259 protectionem.
1765 2187 1954 2258 Dagon

363 2276 511 2332 enim
540 2278 937 2349 interpretatur
985 2279 1145 2349 piscis
1175 2279 1434 2346 tristitiae,
1472 2279 1783 2351 signiﬁcans
1836 2280 1955 2337 dia-

366 2367 569 2434 bolum,
595 2369 692 2440 qui
719 2369 774 2424 in
800 2369 995 2441 pelago
1022 2370 1183 2427 istius
1205 2359 1388 2427 saeculi
1415 2371 1658 2439 latitans,
1685 2387 1823 2444 quos
1847 2388 1953 2429 για

365 2457 444 2513 let
470 2458 721 2528 decipere
747 2468 962 2526 certat;
994 2461 1091 2516 sed
1111 2459 1377 2517 Jonathas
1392 2462 1680 2518 succendit
1697 2463 1951 2535 Azotnm,

365 2557 423 2602 et
449 2547 705 2618 templum
735 2548 940 2621 Dagon,
982 2565 1184 2620 eosque
1202 2552 1297 2621 qui
1320 2551 1573 2622 fugerunt
1600 2554 1656 2608 in
1697 2552 1829 2612 illud
1855 2571 1952 2614 oc-

366 2637 499 2694 cidit
548 2638 748 2711 gladio,
790 2640 916 2713 quia
945 2641 1198 2698 doctores
1249 2645 1425 2699 sancti
1456 2642 1659 2719 [idolis]
1700 2646 1954 2704 incendio

365 2727 662 2785 destructis
689 2731 1073 2799 anathematis,
1114 2732 1387 2789 diabolum
1421 2734 1675 2791 similiter
1699 2752 1824 2792 cum
1853 2753 1953 2794 cu-

367 2818 600 2888 piditate
624 2819 810 2875 mundi
847 2820 901 2874 in
930 2829 1255 2892 perpetuum
1299 2822 1584 2890 damnant,
1617 2825 1955 2882 idololath-

366 2924 473 2979 que
517 2908 695 2983 gladio
746 2910 913 2965 divini
941 2911 1092 2967 verbi
1123 2919 1341 2980 necant,
1370 2913 1497 2983 quia
1547 2928 1787 2984 penam,
1831 2930 1956 2986 qua

366 3014 462 3056 eos
491 3000 546 3055 in
572 3001 879 3073 gehennam
909 3002 1269 3072 subsequatur.
1291 3004 1607 3074 praedicant.

437 3091 511 3147 Et
558 3092 772 3163 fuerunt
800 3093 892 3166 qui
946 3094 1242 3149 ceciderunt
1283 3094 1338 3148 in
1376 3093 1557 3165 gladia
1599 3112 1720 3152 cum
1754 3096 1953 3170 hisqui

366 3183 604 3238 succensi
629 3193 753 3239 sunt
788 3194 903 3239 octo
931 3183 1100 3241 millia
1128 3184 1386 3251 virorum,
1435 3194 1544 3241 etc.
1596 3185 1705 3241 Per
1731 3194 1953 3244 octona-

369 3272 513 3327 rium
552 3287 842 3327 numerum
871 3281 927 3326 et
954 3272 1297 3328 circumcisio
1333 3273 1610 3342 spiritalis,
1642 3284 1698 3331 et
1724 3277 1843 3334 dies
1869 3293 1957 3334 re-

368 3361 744 3427 surrectionis,
794 3361 936 3416 sicut
983 3374 1125 3430 saepe
1174 3360 1433 3428 diximus,
1492 3364 1832 3433 ostenditur;
1861 3364 1956 3423 ubi

368 3464 558 3505 omnes
611 3450 702 3520 qui
741 3449 831 3504 hic
867 3465 975 3505 non
1004 3450 1467 3507 circumciduntur
1490 3452 1672 3525 gladio
1718 3453 1957 3526 Spiritus

369 3542 535 3598 divini
563 3541 620 3597 in
648 3558 867 3614 poenam
896 3543 1205 3599 traduntur.

440 3631 510 3687 Et
535 3634 693 3688 movit
732 3633 852 3688 inde
879 3633 1140 3691 Jonathas
1184 3642 1381 3702 castra,
1406 3644 1513 3693 etc.
1544 3634 1809 3694 Jonathas
1828 3656 1959 3710 pro-

369 3723 540 3778 movit
561 3732 739 3781 castra
768 3733 823 3780 et
850 3720 1106 3795 applicuit
1150 3725 1496 3795 Ascalonem,
1545 3745 1667 3784 cum
1695 3732 1957 3800 praedica-

369 3820 518 3868 tores
569 3813 741 3869 sancti
782 3822 1099 3885 apparatum
1134 3816 1208 3886 pii
1237 3819 1555 3875 certaminis
1580 3821 1651 3875 ad
1679 3821 1956 3877 debellan-

371 3906 500 3961 dum
530 3907 771 3977 gentium
799 3922 1017 3963 errores
1044 3917 1103 3963 et
1130 3909 1274 3980 ipsas
1298 3912 1367 3967 ad
1396 3912 1556 3967 ﬁdem
1592 3911 1794 3969 Christi
1825 3930 1958 3970 con-

370 3999 667 4052 vertendas
696 3997 1019 4068 disponunt;
1052 4016 1188 4069 quos
1225 4001 1328 4056 illa:
1375 4017 1498 4057 cum
1528 4004 1812 4061 devotione
1837 4021 1959 4062 sus-

371 4087 599 4167 cipiunt,
649 4085 866 4157 quando
915 4089 998 4144 eis
1027 4090 1387 4145 obedientiam
1425 4092 1481 4147 in
1515 4093 1807 4166 Evangelio
1834 4111 1960 4166 gra-

374 4182 553 4231 tanter
581 4177 917 4248 impendunt.
955 4177 1111 4234 Unde
1138 4188 1287 4236 recte
1335 4180 1680 4255 subjungitur
1705 4199 1953 4240 commu-

370 4269 534 4324 niter.

360 4426 366 4432 ἢ
442 4360 513 4415 Et
563 4377 797 4417 reversus
823 4371 898 4417 est
927 4361 1191 4418 Jonathas
1213 4365 1270 4419 in
1294 4364 1652 4436 Hierusalem,
1678 4378 1786 4425 etc.
1818 4369 1955 4439 Quia

370 4464 496 4508 cum
524 4493 539 4519 ,
591 4453 902 4510 doctoribus
951 4454 1085 4510 Novi
1130 4455 1463 4514 Testamenti
1513 4442 1930 4530 praedicantibus

995 346 1056 401 Β.
1096 342 1352 400 RABANI
1388 340 1610 398 MAURI
1646 334 1965 395 ARCHIEP.
2010 330 2331 392 MOGUNT.
2372 328 2661 388 OPERUM
2696 327 2879 385 PARS
2916 330 2959 384 Ι.

3502 331 3648 389 1192

2672 435 2905 494 CAPUT
2927 432 3021 491 XI.

2049 576 2233 650 Surgit
2257 572 2594 650 __Ptolenlteus_
2620 581 2803 626 contra
2846 568 3309 650 alexandrumft
3340 568 3648 650 Alexander

2119 639 2398 704 occiditur.
2444 641 2804 712 Conﬁrmatur
2842 640 3012 711 {tedas
3052 656 3172 712 cum
3213 639 3470 712 Jonatlta.
3515 640 3646 711 Trg-

2118 719 2261 790 pltea
2306 715 2461 790 erigit
2496 710 2849 790 Antiochum,
2881 712 3052 790 ﬁlium
3098 710 3407 790 alexandri,
3456 722 3646 765 contra

2118 779 2468 852 Demetrium,
2489 785 2578 856 qui
2610 782 2848 838 solvatur
2872 779 3075 836 auxilio
3095 779 3370 847 Jonatlut,
3391 791 3502 836 etc.

2119 922 2234 978 Rea;
2259 928 2432 976 autem
2460 915 2776 972 Ptolemwus
2798 911 3021 967 obtinuit
3047 910 3340 966 dominium
3367 913 3644 967 civitatum

2051 1030 2215 1087 usque
2244 1010 2538 1069 Seleuciam
2565 1006 2906 1069 maritimam,
2953 1010 3058 1057 etc.
3088 1002 3416 1058 Ptolomaeus
3470 1003 3642 1059 Ever-

2052 1112 2224 1175 getes,
2254 1100 2346 1171 qui
2374 1105 2499 1169 post
2548 1094 2903 1150 Ptolomaeum
2930 1092 3351 1148 Philometorem
3398 1094 3653 1165 regnavit

2053 1194 2110 1251 in
2136 1189 2488 1254 Alexandria,
2514 1195 2576 1241 ut
2614 1185 2998 1242 cbronicorum
3026 1182 3150 1240 libri
3201 1189 3494 1248 testantur,
3522 1184 3650 1237 Ale-

2052 1282 2261 1338 xandro
2289 1280 2402 1334 ﬁlio
2442 1277 2591 1343 Bale,
2620 1276 2734 1347 regi
2766 1274 2962 1346 Syrize,
2996 1272 3162 1328 ﬁliam
3215 1288 3373 1328 suam
3424 1274 3645 1329 tradidit

2052 1387 2309 1438 uxorem,
2335 1383 2498 1440 quam
2543 1375 2755 1444 postea,
2807 1363 3096 1420 inimicitia
3129 1363 3274 1419 inter
3307 1376 3372 1417 se
3397 1369 3455 1418 et
3483 1378 3648 1433 gene-

2055 1479 2176 1519 rum
2214 1469 2426 1529 exorta,
2486 1458 2707 1514 abstulit
2732 1466 2789 1513 et
2812 1456 3036 1513 tradidit
3082 1454 3360 1510 Demetrio
3398 1454 3511 1509 ﬁlio
3546 1455 3649 1509 Dc-

2054 1555 2239 1612 metrii
2270 1555 2326 1610 in
2378 1567 2605 1609 uxorem
2652 1566 2775 1608 cum
2823 1564 2992 1622 regno
3035 1548 3181 1620 quod
3229 1547 3534 1603 abstulerat
3574 1548 3646 1607 ab

2055 1648 2384 1713 Alexandro,
2414 1645 2560 1717 quod
2586 1658 2735 1701 nunc
2781 1641 3069 1714 Scriptura
3108 1654 3543 1697 commemorare
3568 1643 3650 1698 vi-

2059 1742 2240 1796 detur.

2128 1853 2195 1909 In
2236 1853 2426 1916 diebus
2469 1851 2578 1907 illis
2624 1848 2952 1922 congregavit
2979 1846 3242 1903 Jonathas
3266 1861 3356 1901 eos
3375 1846 3469 1917 qui
3494 1858 3652 1903 erant

2056 1950 2113 2003 in
2138 1947 2332 2002 Iudaea
2360 1955 2417 2000 ut
2463 1952 2787 2017 expugnaret
2828 1957 3003 1996 arcem
3043 1955 3162 2012 qua!
3201 1948 3277 1994 est
3302 1938 3359 1996 in
3391 1935 3656 1993 Hier-usae

2056 2038 2178 2095 lem.
2208 2047 2315 2095 etc.
2355 2037 2495 2106 Quid
2548 2044 2633 2092 est
2675 2036 2819 2106 quod
2865 2031 3129 2090 Jonathas
3154 2047 3250 2088 eos
3284 2031 3381 2102 qui
3405 2030 3646 2089 erantin

2057 2146 2185 2187 arce
2231 2127 2725 2200 Hierosolymitana
2775 2133 3049 2197 expugnat
3073 2138 3172 2195 per
3192 2138 3287 2179 eos
3309 2123 3406 2195 qui
3433 2131 3567 2179 sunt
3597 2122 3647 2177 in

2055 2219 2261 2288 Judaza,
2294 2219 2399 2275 nisi
2431 2217 2577 2290 quod
2603 2217 2854 2273 doctores
2884 2214 3059 2269 sancti
3088 2214 3427 2269 insectantur
3453 2226 3647 2267 eorum

2057 2311 2456 2370 contumaciam
2482 2309 2598 2380 qui,
2630 2307 2958 2363 exaltatione
2984 2304 3165 2360 cordis
3184 2311 3349 2373 atque
3374 2303 3654 2374 superbia

2056 2403 2373 2467 innitentes,
2398 2400 2597 2457 divinis
2620 2397 2910 2468 praeceptis
2929 2396 3187 2452 resistere
3213 2394 3437 2460 audent,
3456 2402 3653 2450 contra

2057 2511 2195 2569 quos
2221 2495 2349 2552 facit
2395 2494 2677 2551 machinas
2731 2492 2952 2556 multas,
3003 2491 3131 2560 quia
3162 2488 3452 2560 multiplici
3482 2487 3647 2544 disci—

2055 2587 2204 2660 plina
2252 2601 2320 2641 ac
2360 2586 2575 2641 diversa
2629 2582 3039 2653 Scripturarum
3087 2580 3332 2636 doctrina
3358 2594 3650 2650 eosexpn-

2057 2693 2228 2751 gnaro
2273 2684 2328 2732 et
2369 2676 2437 2731 ad
2490 2675 2849 2732 humilitatem
2877 2688 3178 2745 provocare
3231 2671 3456 2728 student
3492 2685 3510 2725 :
3553 2669 3652 2727 sed

2056 2769 2199 2824 sicut
2225 2776 2353 2823 tunc
2404 2767 2625 2837 quidam
2659 2766 2728 2820 de
2756 2766 2843 2820 his
2871 2764 2963 2834 qui
2991 2765 3215 2819 oderant
3249 2770 3471 2834 gentem
3496 2776 3645 2816 suam

2055 2858 2161 2913 viri
2190 2858 2361 2928 iniqui
2386 2858 2638 2913 adierunt
2662 2871 2847 2927 regem
2875 2866 3194 2911 accusantes
3220 2852 3539 2918 Ionatham,
3570 2853 3649 2908 sic

2058 2959 2115 3009 et
2148 2968 2291 3009 nunc
2325 2953 2383 3008 hi
2430 2936 2522 3021 qui
2552 2948 2897 3020 disciplinam
2925 2945 3354 3002 ecclesiasticam
3405 2945 3648 3015 recipere

2059 3042 2270 3109 nolunt,
2298 3043 2682 3098 abominantur
2734 3054 2829 3094 eos
2860 3038 2952 3110 qui
2983 3037 3086 3094 sibi
3114 3036 3460 3107 iniquitatem
3493 3050 3645 3091 suam

1981 3163 2028 3227 ϐ
2059 3133 2276 3190 auferre
2302 3140 2585 3195 conantur,
2625 3138 2946 3186 accusantes
2987 3144 3082 3184 eos
3105 3128 3247 3198 apud
3282 3127 3470 3184 saeculi
3495 3136 3642 3198 pote-

2059 3234 2249 3292 states,
2308 3232 2576 3294 quatenus
2625 3237 2722 3278 eos
2770 3223 2826 3278 in
2852 3222 3035 3277 odium
3069 3222 3285 3278 illorum
3324 3228 3646 3278 convertant

2058 3324 2116 3373 et
2162 3313 2595 3387 persecutionem
2620 3314 2700 3369 eis
2728 3313 2985 3368 insistant
3027 3311 3340 3386 [suscitent]
3370 3328 3386 3379 ;
3419 3312 3517 3368 sed
3541 3328 3645 3367 non

2057 3397 2371 3480 praevalent,
2398 3407 2652 3477 quoniam
2674 3404 2819 3461 Deus
2842 3403 3054 3474 adjutor
3071 3413 3129 3480 et
3150 3413 3432 3476 protector
3458 3420 3644 3462 eorum

2057 3476 2163 3565 est,
2191 3507 2246 3554 et
2272 3512 2342 3553 ex
2383 3476 2635 3553 omnibus
2682 3476 3119 3552 tribulationibds
3148 3510 3338 3552 eorum
3393 3495 3646 3551 liberavit

2057 3605 2173 3648 008.

2131 3705 2200 3761 Et
2216 3704 2496 3778 postulavit
2509 3706 2771 3761 Jonatltas
2783 3723 2815 3760 a
2828 3721 2948 3777 rege
2965 3714 3020 3759 ut
3035 3706 3318 3761 immunem
3332 3705 3535 3777 [averet
3546 3704 3644 3760 1n-

2058 3798 2252 3864 daeam,
2282 3807 2390 3855 etc.
2414 3797 3007 3867 Toparchias,hecest,
3041 3796 3289 3852 villarum
3312 3796 3400 3855 vel
3424 3797 3647 3869 oppido-

2059 3905 2180 3945 rum
2213 3889 2596 3959 principatum,
2653 3903 2716 3943 ca
2744 3888 2858 3944 loca
2888 3896 3165 3958 nuncupat
3188 3902 3309 3958 qua:
3336 3888 3648 3943 Demetrius

2057 3995 2125 4036 ex
2152 3995 2321 4050 regno
2348 3977 2609 4034 Samaria:
2639 3978 2842 4033 addidit
2868 3978 2935 4032 ad
2957 3976 3219 4044 Judzeam,
3247 3978 3314 4033 de
3342 3978 3546 4048 quibus
3590 3978 3645 4032 in

2057 4073 2408 4144 sequentibus
2434 4080 2641 4138 narrat,
2671 4071 2776 4127 hoc
2801 4080 2906 4137 est,
2930 4070 3168 4142 Lyddam
3195 4079 3250 4127 et
3270 4070 3600 4126 Ramatham
3624 4088 3640 4125 :

2055 4160 2239 4233 Lydda
2254 4161 2399 4217 enim
2428 4168 2510 4216 est
2532 4160 2724 4216 civitas
2735 4160 3021 4218 Palestina:
3043 4162 3098 4216 in
3120 4161 3301 4218 littore
3328 4162 3505 4217 maris
3532 4176 3646 4217 nia-

2058 4254 2147 4325 gui
2169 4254 2297 4318 sita,
2323 4251 2657 4308 etRamatha
2681 4252 2810 4308 urbs
2834 4261 2918 4308 est
2930 4252 3298 4319 Samarim,de
3314 4267 3423 4322 qua
3438 4254 3497 4308 in
3510 4252 3647 4309 libro

2058 4343 2264 4414 Regum
2304 4352 2561 4399 narratur
2591 4342 2643 4417 (I
2674 4343 2805 4416 Reg.
2833 4344 2894 4415 ι).
2944 4342 3076 4400 Jure
3107 4359 3238 4416 ergo
3261 4345 3523 4402 amicitiae
3548 4360 3646 4402 rex

2058 4437 2362 4492 Demetrius
2390 4435 2636 4492 Jonathae
2659 4438 2965 4494 concedens
2992 4437 3412 4505 immunitatem,
3445 4437 3648 4499 dum

381 4504 495 4508 Ψ--
525 4504 539 4519 ,
597 4504 900 4510 "mu---
951 4504 1026 4510 _.-
1047 4504 1085 4509 .-
1139 4504 1463 4514 _-_-_-.--..-.
1538 4504 1950 4528 ...υιηνηηυωηη

371 4544 596 4598 verbum
616 4542 714 4600 Dei
736 4545 965 4615 gentiles
993 4544 1282 4601 felicitates
1313 4548 1418 4604 ﬁde
1452 4504 1792 4606 credentium
1817 4569 1953 4608 eon-

2065 4526 2264 4581 addidit
2290 4526 2540 4584 civitates
2564 4528 2875 4597 praedictas,
2904 4529 3189 4584 remittens
3222 4504 3562 4586 decimarum
3590 4538 3645 4587 et

368 4633 634 4703 spiciunt,
674 4649 799 4691 mox
846 4636 915 4691 ad
953 4634 1266 4693 referendas
1295 4638 1405 4693 Deo
1428 4641 1633 4711 gratias
1684 4643 1738 4697 in
1768 4644 1957 4701 Eccle-

371 4723 511 4779 siam
534 4723 734 4780 Christi
764 4726 1016 4792 redeunt,
1074 4735 1135 4782 ut
1180 4728 1231 4783 ei
1262 4727 1452 4800 dignas
1482 4729 1667 4787 laudes
1694 4732 1953 4801 referant,

364 4812 528 4885 cujus
576 4816 752 4887 gratia
806 4816 1006 4873 donum
1036 4817 1141 4875 hoc
1168 4830 1496 4890 acceperunt
1539 4822 1603 4877 de
1633 4838 1740 4894 quo
1764 4827 1957 4897 grandi

369 4906 610 4976 tripudio
643 4907 936 4984 exsultant.

438 4995 515 5049 'Et
546 4995 743 5064 factum
764 5009 841 5054 est
867 5008 926 5054 ut
961 5001 1160 5057 audivit
1189 5000 1489 5057 Alexander
1514 5021 1775 5062 sermones
1800 5008 1950 5076 istos,

367 5093 483 5140 etc.
515 5083 655 5153 Quid
684 5095 769 5141 est
793 5088 936 5158 quod
962 5089 1291 5159 Alexander,
1342 5094 1568 5150 audiens
1599 5094 1739 5152 facta
1783 5097 1952 5155 Jona-

369 5175 500 5241 thm,
537 5174 744 5232 addidit
763 5177 1069 5247 gloriﬁcare
1093 5196 1217 5235 eum
1239 5182 1375 5237 dans
1400 5184 1449 5239 ei
1478 5184 1655 5256 regale
1679 5197 1950 5257 ornatum,

366 5265 479 5322 nisi
498 5266 649 5337 quod
683 5266 956 5337 principes
981 5270 1246 5340 gentium,
1292 5287 1648 5344 agnoscentes
1674 5282 1956 5350 magnani-

365 5356 621 5412 mitatem
666 5367 722 5413 et
745 5356 1117 5415 fortitudinem
1169 5362 1446 5431 Ecclesim,
1480 5368 1642 5439 regite
1675 5370 1957 5440 dignitatis

365 5447 421 5502 ei
435 5446 680 5504 referunt
704 5451 990 5517 honorem,
1014 5452 1137 5521 quia
1166 5452 1310 5509 illam
1327 5457 1486 5527 Regis
1507 5459 1744 5515 ccelestis
1765 5476 1959 5533 cogno-

369 5544 533 5594 scunt
558 5542 829 5597 veraciter
854 5555 976 5598 esse
1003 5556 1256 5613 sponsam
1287 5564 1301 5600 :
1333 5548 1581 5604 tribuunt
1614 5551 1663 5605 ei
1696 5552 1858 5608 urbes
1900 5554 1957 5608 in

368 5632 768 5704 possessiones,
798 5634 891 5707 qui
937 5634 1125 5692 ﬁnium
1171 5652 1395 5695 suarum
1446 5641 1668 5698 tradunt
1694 5643 1775 5699 illi
1802 5643 1957 5702 inha-

374 5719 715 5784 bitationem.
1448 5721 1452 5725 ⁴

1528 5828 1569 5839 ’.Α

2060 4619 2388 4673 tributorum
2439 4634 2681 4687 censum,
2729 4628 2783 4675 et
2808 4636 2963 4676 areas
3009 4620 3331 4688 salinarum,
3361 4621 3419 4677 in
3446 4624 3653 4694 quibus

2059 4709 2189 4766 salis
2209 4708 2474 4766 confeCtio
2504 4710 2814 4781 reipublicae
2837 4711 3166 4779 debebatur;
3191 4728 3294 4769 nec
3320 4729 3433 4769 non
3452 4724 3511 4770 et
3536 4715 3647 4770 alia

2060 4801 2238 4857 debita
2264 4817 2385 4872 qua:
2414 4800 2489 4855 illi
2543 4801 2690 4872 regio
2718 4800 2864 4857 fastu
2887 4802 3289 4870 deferebantur,
3325 4803 3488 4874 juxta
3520 4821 3647 4862 eon-
3696 4802 3715 4808 ’

2057 4893 2365 4948 cessionem
2419 4907 2542 4947 cum
2594 4889 2827 4947 Jonatha
2880 4877 3148 4961 habitam,
3194 4892 3380 4949 omnia
3437 4895 3645 4951 condo-

2060 4983 2228 5038 navit.

2134 5097 2379 5168 Tryphon
2425 5105 2600 5150 autem
2648 5105 2760 5150 erat
2810 5095 3027 5167 quidam
3068 5096 3642 5167 partium'Alezasdri

2060 5191 2229 5263 prius,
2252 5199 2359 5245 etc.
2387 5188 2628 5255 Qualiter
2654 5197 2832 5244 autem
2859 5189 3161 5245 Demetrius
3182 5190 3243 5245 in
3260 5188 3448 5246 odium
3478 5202 3644 5248 exer-

2063 5280 2193 5336 citui
2227 5296 2326 5336 suo
2347 5281 2563 5336 venerit
2595 5280 2885 5350 Pompeius
2909 5281 3122 5353 Trogus
3147 5281 3393 5338 ostendit
3405 5280 3602 5341 dicens
3620 5301 3643 5338 :

2063 5371 2405 5444 Recuperato
2434 5380 2661 5443 paterno
2691 5388 2861 5444 regno
2881 5374 3205 5438 Demetrius,
3234 5372 3430 5444 etipse
3457 5389 3646 5431 rerum

2062 5480 2317 5522 successu
2335 5476 2654 5537 corruptus,
2688 5466 2835 5523 vitiis
2861 5467 3241 5523 adolesoaitire
3266 5467 3323 5523 in
3353 5468 3644 5539 segnitiem

2059 5559 2361 5626 labebatur,
2428 5568 2744 5631 tantumque
2807 5571 3174 5632 contemptum
3235 5562 3379 5633 apud
3425 5575 3642 5627 cunnos,

2061 5660 2321 5719 quantum
2372 5651 2556 5707 odium
2589 5667 2656 5708 ex
2703 5654 2958 5724 superbia
3006 5643 3162 5726 pater
3188 5653 3481 5718 habuerat,
3510 5666 3643 5708 mtr-

2066 5741 2248 5797 traxit.
2276 5740 2463 5812 itaque
2489 5759 2612 5800 cum
2649 5744 2718 5801 ab
2744 5746 2973 5817 imperio
2999 5746 3116 5816 ejus
3157 5745 3362 5818 passim
3391 5744 3641 5802 civitates
