3928 6168
332 223 472 280 H93

1049 221 1403 280 COMMENT.
1441 223 1510 278 IN
1546 221 1794 278 LIBROS
1833 221 1911 276 MA

2025 220 2403 280 ΑΒᾸΞΟΒΠΜ.
2442 254 2511 264 -
2550 223 2618 279 ΙΝ
2656 224 2782 279 LIB.
2828 224 2866 278 l.

3464 231 3604 285 1194

327 334 642 396 deﬁcerent,
680 333 748 388 ad
772 332 1091 389 abolendam
1141 335 1386 407 segnitia:
1412 335 1683 391 maculam
1712 334 1911 391 bellum
1942 338 1988 398 Α
2016 348 2139 389 cum
2168 349 2275 391 non
2300 334 2414 391 suis
2443 335 2672 399 viribus,
2724 335 2818 391 sed
2858 335 3044 406 gratia:
3089 334 3284 391 divinae
3318 338 3601 396 victoriam

326 427 543 484 Parthis
571 423 776 482 inferre
828 427 1019 481 statuit
1051 445 1064 480 :
1097 426 1254 497 cujus
1299 429 1590 484 adventum
1621 444 1727 484 non
1762 428 1919 485 inviti

323 519 564 579 Orientis
586 518 769 590 populi
803 518 991 574 videre
1021 528 1246 591 propter
1272 521 1586 578 Arsachidae
1612 522 1761 594 regis
1787 520 1920 575 Par-

327 620 543 672 thorum
581 610 976 675 crudelitatem.
1035 621 1091 668 et
1139 614 1285 684 quod
1335 615 1511 670 veteri
1564 614 1917 671 Macedonum

323 701 555 773 imperio
587 702 791 757 assueti
823 701 949 756 novi
982 702 1166 773 populi
1197 704 1506 774 superbiam
1536 704 1754 775 indigne
1778 704 1921 759 fere-

321 791 477 847 bant.
507 792 696 862 ltaque
740 807 863 847 cum
897 790 1186 849 Persarum
1234 802 1291 848 et
1336 793 1566 849 aliorum
1617 795 1918 851 vicinorum

323 883 528 939 auxilio
574 882 882 952 juvaretur,
944 881 1128 939 multis
1174 884 1380 955 praaliis
1418 881 1654 939 Parthos
1683 891 1926 961 vastatos

324 971 463 1029 fudit
492 992 505 1028 :
539 975 605 1029 ad
635 982 970 1044 postremum
1015 988 1137 1029 cum
1165 975 1317 1044 pacis
1364 973 1713 1030 simulatione
1759 973 1914 1031 dere-

321 1072 450 1134 ptus
500 1065 736 1134 capitur,
797 1063 1190 1135 traductusque
1236 1079 1458 1136 perora
1506 1064 1786 1119 civitatum
1815 1079 1913 1135 po-

319 1157 463 1229 pulis
531 1157 622 1226 qui
682 1156 1042 1211 deseruerunt
1099 1170 1245 1223 eum,
1284 1154 1337 1227 in
1369 1157 1662 1213 ludibrium
1718 1156 1918 1214 favoris

321 1248 628 1304 ostenditur
652 1265 668 1315 ;
706 1247 907 1303 missus
936 1247 1134 1303 deinde
1163 1247 1218 1302 in
1244 1246 1557 1304 Hircaniam
1588 1249 1821 1322 benigne
1864 1258 1920 1304 et

316 1337 476 1410 juxta
507 1339 710 1394 cultum
737 1339 1024 1409 pristinum
1052 1338 1303 1394 habetur.

400 1429 472 1484 Et
521 1429 664 1484 misit
720 1428 985 1483 Jonatltas
1017 1429 1088 1482 ad
1134 1428 1461 1485 Demetrium
1487 1439 1544 1485 ut
1581 1430 1788 1502 ejiceret
1830 1447 1915 1484 eos

319 1521 412 1592 qui
435 1519 489 1574 in
512 1535 633 1575 arce
662 1528 835 1584 erant,
870 1527 976 1574 etc.
1007 1517 1147 1586 Quid
1174 1526 1258 1574 est
1282 1519 1427 1590 quod
1449 1518 1713 1575 Jonathas
1737 1534 1766 1573 a
1789 1534 1917 1591 rege

319 1608 596 1665 Demetrio
624 1609 763 1681 petit
795 1616 856 1663 ut
877 1608 1100 1678 ejiceret
1126 1622 1222 1664 eos
1255 1609 1347 1679 qui
1374 1617 1531 1665 erant
1553 1610 1609 1664 in
1632 1624 1757 1665 arce
1784 1608 1911 1663 Ilie-

2017 443 2179 497 quam
2206 429 2387 499 adepti
2416 437 2542 484 sunt
2571 427 2847 498 deputant,
2877 428 3120 482 dicentes
3145 442 3266 482 cum
3290 428 3556 500 Propheta
3585 447 3600 486 :

2020 518 2144 574 Non
2183 519 2355 584 nobis,
2412 518 2656 582 Domine,
2707 532 2811 571 non
2857 517 3023 579 nobis,
3052 518 3141 571 sed
3172 518 3371 572 nomini
3414 529 3506 577 tuo
3539 525 3609 576 da

2017 607 2240 678 gloriam
2291 624 2447 679 super
2495 607 2856 662 misericordia
2904 616 2952 658 et
3004 607 3217 660 veritate
3263 616 3354 660 tua
3423 605 3600 679 (Psal.

2017 698 2196 769 cxm).

2093 788 2160 841 Et
2190 789 2323 842 sedit
2362 788 2659 843 Demetrius
2682 803 2774 840 rex
2795 787 2850 841 in
2874 787 2995 840 sede
3016 785 3161 856 regni
3185 785 3292 852 sui,
3318 796 3424 842 etc.
3447 787 3607 856 Quod

2019 878 2326 933 Demetrius
2361 877 2610 933 Jonathze
2653 893 2752 948 pro
2802 876 3083 932 beneﬁciis
3136 878 3390 933 retribuit
3438 880 3604 947 mala,

2018 968 2290 1038 signiﬁcat
2325 968 2573 1023 carnales
2594 967 2806 1031 stultos,
2836 982 2957 1021 cum
2986 967 3065 1021 eis
3095 968 3394 1024 consulitur
3417 971 3484 1026 ad
3513 986 3605 1027 sa-

2019 1059 2209 1126 lutem,
2261 1076 2368 1115 non
2402 1062 2628 1116 reddere
2680 1059 3120 1115 benefactoribus
3146 1061 3261 1117 suis
3308 1065 3606 1121 secundum

2019 1153 2209 1208 debita.
2247 1153 2533 1219 beneficia,
2591 1154 2689 1209 sed
2717 1155 3014 1209 secundum
3067 1154 3277 1210 obtrusi
3307 1157 3484 1211 cordis
3519 1158 3605 1214 sui

2017 1259 2185 1314 prava
2212 1245 2439 1301 consilia
2471 1263 2484 1299 :
2516 1244 2778 1316 quidquid
2806 1244 2950 1298 enim
2977 1244 3058 1299 eis
3097 1245 3278 1317 agitur
3303 1246 3371 1302 ad
3400 1248 3607 1303 utilita-

2020 1342 2149 1400 tem,
2181 1323 2259 1389 illi
2308 1344 2477 1390 totum
2516 1343 2768 1406 reputant
2796 1335 2863 1390 ad
2892 1336 3238 1401 anxietatem,
3279 1346 3336 1393 et
3387 1338 3605 1395 invidia:

2019 1427 2238 1482 stimulo
2285 1427 2496 1483 incitati
2525 1427 2870 1498 nequissimae
2914 1441 3026 1481 sum
3073 1425 3277 1497 eligunt
3331 1428 3607 1484 deservire

2018 1518 2305 1573 voluntati.

2090 1608 2157 1663 Et
2196 1610 2356 1664 exivit
2392 1610 2655 1665 Jonatltas
2705 1620 2752 1664 et
2793 1610 3187 1681 perambulabat
3233 1621 3381 1667 trans
3408 1615 3607 1684 ﬂumen

319 1697 563 1755 rusalem
592 1706 646 1754 et
670 1698 722 1752 in
750 1697 1039 1769 praesidiis,
1071 1698 1166 1768 qui
1197 1706 1256 1753 et
1301 1699 1690 1770 impugnabant
1720 1699 1909 1765 lsrael,
1945 1698 1988 1758 Β
2016 1697 2274 1760 civitates,
2325 1706 2432 1754 etc.
2469 1697 2575 1753 Per
2608 1698 2852 1753 Jonathae
2909 1701 3193 1755 transitum
3236 1701 3375 1756 ultra
3404 1703 3608 1761 ﬁumen

316 1806 349 1846 a
375 1805 484 1861 quo
511 1804 543 1844 e
567 1788 841 1845 contrario
868 1788 1109 1859 postulat
1162 1789 1469 1846 Demetrius
1495 1791 1694 1846 auxilia
1725 1791 1919 1846 adver-

316 1896 413 1937 sus
443 1880 714 1946 inimicos,
764 1880 869 1936 nisi
922 1882 1068 1952 quod
1114 1880 1368 1937 doctores
1395 1883 1569 1938 sancti
1598 1892 1862 1954 espetunt
1885 1899 1914 1937 a

329 1974 573 2044 gentium
601 1972 935 2044 principibus
978 1974 1132 2030 etab
1177 1974 1325 2030 omni
1374 1977 1575 2047 populo
1631 1977 1839 2033 erroris
1862 1986 1919 2032 et

325 2065 598 2136 superbiae
646 2065 1085 2132 debellationem,
1139 2074 1196 2121 et
1220 2067 1322 2137 ipsi
1371 2066 1624 2123 similiter
1652 2084 1682 2123 a
1712 2069 1916 2125 sanctis

327 2156 648 2213 doctoribus
696 2156 973 2226 postulant
997 2156 1315 2229 suﬁ'ragium
1343 2158 1606 2215 doctrina:
1626 2168 1682 2215 et
1709 2161 1914 2215 oratio-

318 2250 406 2304 nis
433 2248 502 2305 ad
528 2249 868 2319 superandos
901 2248 1172 2320 spiritales
1223 2250 1475 2307 inimicos
1501 2271 1514 2307 :
1547 2260 1742 2307 neuter
1767 2253 1914 2308 enim

320 2344 457 2400 ordo
514 2343 634 2399 sine
661 2342 885 2399 alterius
934 2341 1290 2413 opitulatione
1322 2344 1571 2399 ell'ectum
1620 2343 1911 2403 ministerii

321 2435 405 2491 sui
435 2433 539 2490 rite
552 2435 823 2506 perlicere
853 2433 1018 2500 valet,
1047 2433 1173 2504 quia
1196 2448 1296 2490 nec
1319 2435 1571 2490 doctores
1601 2435 1775 2490 sancti
1801 2448 1916 2489 me-

322 2524 488 2579 ritum
536 2522 877 2578 lucriﬁcandi
932 2522 1050 2577 sine
1098 2523 1453 2578 conversione
1503 2532 1558 2579 et
1606 2522 1914 2579 obedientia

327 2616 688 2681 subditorum,
715 2629 817 2670 nec
846 2613 948 2685 ipsi
980 2612 1181 2669 subditi
1211 2613 1439 2669 salutem
1466 2614 1765 2684 promereri
1788 2630 1914 2687 pos-

325 2712 452 2760 sunt
478 2704 595 2759 sine
618 2701 942 2759 documento
969 2710 1026 2757 et
1078 2702 1435 2759 instructione
1483 2705 1870 2776 magistrorum
1895 2724 1911 2773 ;

320 2809 554 2871 uterque
596 2801 741 2856 enim
774 2799 931 2864 ordo,
981 2805 1041 2853 ut
1068 2797 1386 2867 praedictum
1418 2806 1520 2864 est,
1556 2782 1630 2854 ab’
1654 2799 1759 2855 alio
1803 2799 1911 2855 ful-

320 2890 469 2946 citur
503 2890 650 2944 etab
675 2886 783 2943 alio
834 2887 1107 2942 divinatur
1136 2884 1279 2958 (sic).
1320 2886 1473 2943 Unde
1495 2886 1695 2943 Paulus
1739 2888 1910 2945 Thes-

321 2978 749 3038 salonicensibus
760 2978 836 3033 ait
853 2977 1039 3049 (I,cap.
1052 2978 1134 3049 ιιι)
1169 2995 1180 3031 :
1220 2976 1365 3032 Tunc
1386 2978 1603 3034 vivimus
1625 2980 1669 3034 si
1692 2996 1779 3035 vos
1801 2990 1910 3035 sta-

320 3074 388 3127 tis
416 3073 472 3126 in
498 3069 743 3133 Domino,
795 3069 1040 3139 quoniam
1082 3067 1372 3139 gaudemus
1415 3079 1627 3140 propter
1652 3087 1744 3126 vos
1789 3081 1910 3126 ante

323 3163 609 3218 Dominum
660 3169 896 3215 nostrum
923 3172 942 3210 :
972 3168 1027 3215 et
1080 3160 1148 3213 ad
1198 3159 1509 3216 Corinthios
1538 3179 1551 3214 :
1585 3159 1790 3227 Gloria,
1822 3163 1908 3217 in—

321 3254 459 3325 quit.
494 3261 663 3306 vestra
699 3266 905 3315 sumus,
930 3251 1066 3303 sicut
1092 3259 1143 3305 et
1170 3266 1257 3306 vos
1294 3259 1475 3306 nostra
1506 3252 1559 3306 in
1585 3251 1672 3307 die
1693 3251 1910 3309 Domini

322 3345 490 3400 nostri
518 3345 645 3399 Ictu
675 3341 875 3397 Christi
901 3340 987 3411 (ΙΙ
1010 3340 1133 3396 Cor.
1165 3342 1228 3414 ι).

396 3437 461 3492 Et
489 3437 723 3492 viderunt
759 3437 849 3506 qui
883 3442 1031 3489 erant
1060 3434 1124 3488 de
1164 3436 1369 3489 civitate
1391 3436 1531 3507 quod
1564 3437 1909 3492 obtinuissent

317 3528 498 3585 Judtei
530 3528 787 3583 civitatem
816 3526 951 3579 sicut
1001 3524 1259 3592 volebant,
1293 3536 1398 3582 etc.
1449 3526 1603 3594 Quod
1630 3525 1798 3581 Jndcei
1828 3529 1909 3582 vi-

318 3620 548 3674 ctoriam
573 3617 861 3688 capiebant
888 3616 953 3671 de
978 3616 1243 3682 hostibus,
1297 3617 1566 3686 cogebant
1596 3631 1690 3672 eos
1715 3632 1907 3688 pacem

316 3709 589 3782 postulare
609 3716 662 3763 et
700 3708 920 3763 dextras
948 3706 1050 3763 sibi
1079 3707 1219 3773 dari,
1251 3706 1525 3778 signiﬁcat
1550 3707 1695 3777 quod
1742 3708 1908 3763 robur

319 3808 527 3855 sanctte
575 3796 829 3853 Ecclesiae
872 3796 1122 3853 hostibus
1173 3797 1488 3866 prteeminet
1515 3797 1819 3862 universis;
1852 3804 1909 3852 et

317 3891 435 3947 sive
467 3903 561 3944 eos
596 3904 693 3960 per
713 3888 1176 3945 conversationem
1201 3887 1493 3943 salubriter
1528 3888 1724 3945 cedere
1754 3886 1905 3956 facit,

318 3981 433 4036 sive
462 3988 865 4050 contemptores
889 3980 942 4033 in
984 3993 1082 4033 sua
1106 3979 1405 4050 pertinacia
1431 3980 1907 4052 insistentesjustc

315 4072 493 4142 punit,
521 4071 648 4142 quia
679 4071 793 4143 ipsa
823 4085 853 4125 a
878 4068 1161 4125 Salvatore
1188 4085 1287 4125 suo
1315 4071 1542 4127 Domino
1569 4079 1758 4128 nostro
1780 4071 1907 4128 Jesu

316 4163 537 4220 Christo
563 4169 883 4233 potestatem
922 4154 1132 4232 accepi't
1158 4161 1405 4218 calcandi
1456 4180 1612 4234 super
1647 4174 1905 4236 serpentes

314 4265 364 4310 et
399 4254 719 4326 scorpiones,
764 4264 811 4308 et
836 4270 992 4323 super
1016 4269 1221 4307 omnem
1245 4254 1489 4309 virtutem
1520 4256 1721 4309 inimici
1749 4255 1903 4328 (Luc.

315 4344 399 4416 Χ),
422 4344 491 4399 de
534 4359 639 4414 qua
675 4343 803 4399 alibi
850 4344 902 4397 in
935 4344 1223 4416 Evangelia
1249 4344 1476 4415 loquens
1504 4347 1573 4401 ad
1595 4348 1904 4419 apostolum

316 4449 477 4490 suum
513 4432 734 4489 Petrum
762 4434 837 4488 ait
871 4452 882 4486 :
919 4433 996 4490 Ta
1022 4450 1076 4488 es
1119 4432 1331 4502 Petrus,
1363 4444 1412 4490 et
1440 4451 1596 4506 super
1636 4438 1773 4492 hanc
1809 4456 1903 4509 pe-

315 4533 455 4579 tram
481 4524 755 4594 aediﬁcabo
783 4523 1075 4579 Ecclesium
1100 4540 1269 4579 meam
1296 4541 1315 4580 :
1344 4534 1393 4579 et
1413 4536 1579 4596 porta:
1617 4528 1775 4599 inferi
1800 4546 1906 4584 non

315 4613 673 4685 prtecalebunt
698 4614 947 4669 adversus
964 4630 1081 4669 eam
1108 4613 1321 4687 (Matth.
1349 4616 1485 4687 xvr).

389 4707 462 4762 Et
512 4707 768 4761 nominati
796 4717 941 4772 sunt,
991 4707 1189 4777 inquit,
1227 4707 1406 4763 Judwi
1447 4709 1503 4762 in
1552 4725 1727 4780 regno.
1768 4710 1905 4778 Quia

315 4797 661 4855 confessores
679 4797 879 4853 Christi
926 4797 1144 4867 gloriosi
1174 4811 1435 4869 apparent
1464 4800 1516 4853 in
1544 4808 1657 4854 toto
1683 4802 1905 4866 mundo,

318 4891 417 4945 sed
451 4890 594 4944 hanc
624 4888 849 4960 gloriam
873 4903 978 4944 non
1007 4887 1110 4942 sibi
1148 4888 1425 4944 ascribunt
1463 4892 1635 4945 sancti
1662 4892 1784 4957 viri,
1810 4894 1906 4948 sed

321 4980 457 5052 Regi
485 4992 603 5044 suo,
633 4978 876 5035 omnium
921 4978 1172 5034 videlicet
1215 4979 1476 5034 bonorum
1506 4979 1746 5050 largitori
1772 4983 1902 5038 Deo.

321 5072 477 5129 Unde
500 5081 555 5127 et
581 5071 831 5127 subditur
860 5088 873 5125 :

394 5164 631 5234 "egressi
651 5173 775 5219 sunt
800 5165 855 5216 in
888 5162 1218 5219 Hierusalem
1255 5162 1501 5218 habentes
1524 5164 1692 5236 spolia
1715 5166 1903 5223 multa.

317 5254 633 5324 llujusmodi
664 5264 845 5327 grates
885 5264 941 5309 et
993 5254 1275 5310 Psalmista
1328 5253 1439 5309 Deo
1482 5271 1542 5311 se
1595 5255 1799 5312 referre
1825 5266 1909 5313 te-

320 5355 499 5401 statur
519 5347 705 5401 dicens
730 5364 743 5399 :
775 5345 917 5400 Bene
939 5346 1175 5401 nuntiavi
1187 5346 1456 5416 justitiam
1481 5356 1627 5400 tuam
1650 5348 1704 5402 in
1728 5347 1912 5405 Eccle-

322 5436 405 5489 sia
442 5449 674 5506 magna:
718 5453 833 5489 ecce
879 5436 1021 5490 labia
1077 5453 1195 5490 mea
1241 5452 1347 5491 non
1403 5437 1683 5506 prohibebo
1733 5437 1908 5507 (Psal.

322 5526 540 5593 nux).
589 5524 646 5579 in
706 5525 947 5581 Ecclesia
1000 5541 1132 5597 ergo
1173 5527 1360 5582 ﬁdeles
1396 5528 1596 5597 quique
1648 5529 1911 5585 habentes

317 5616 492 5695 spolia
526 5617 785 5673 virtutum
813 5596 1215 5687 regrediuntitr,
1261 5629 1322 5673 ut
1346 5596 1533 5676 laudes
1559 5617 1744 5675 dicant
1772 5619 1908 5691 Deo,

755 5709 1031 5772 Ps‘t‘nou.
1069 5709 1233 5775 (ΠΧ.

2023 1792 2464 1861 praedicationem
2491 1795 2641 1850 verbi
2673 1796 2739 1849 ad
2766 1810 2861 1850 eos
2890 1796 2981 1864 qui
3012 1798 3240 1852 necdum
3280 1799 3608 1871 baptismate

2018 1881 2222 1937 Christi
2250 1883 2429 1939 abluti
2447 1891 2595 1946 sunt;
2617 1900 2906 1955 possumus
2942 1886 3209 1958 accipere,
3244 1889 3369 1958 quia
3407 1890 3607 1960 praedi-

2020 1982 2236 2028 catores
2261 1974 2434 2028 sancti
2487 1973 2776 2044 aliquando
2803 1975 3030 2045 gentiles
3058 1977 3124 2030 ad
3155 1993 3369 2033 sacrum
3397 1981 3607 2051 baptis-

2020 2076 2168 2117 mum
2197 2072 2519 2133 provocant,
2548 2065 2840 2134 aliquando
2869 2065 3053 2122 ﬁdeles
3082 2069 3150 2123 ad
3179 2068 3481 2139 profectum
3502 2072 3608 2126 vir-

2018 2161 2194 2208 tutum
2219 2154 2477 2210 escitant.
2519 2155 2655 2210 Cum
2697 2172 2827 2229 ergo
2874 2166 3025 2213 trans
3055 2157 3253 2215 ﬁumen
3299 2161 3605 2234 regreditur

2016 2244 2301 2313 Jonathas,
2329 2246 2476 2302 venit
2499 2247 2566 2301 ad
2589 2262 2712 2301 eum
2743 2248 3016 2304 exercitus
3045 2247 3215 2321 Syriae
3237 2252 3291 2306 in
3319 2253 3602 2318 auxilium,

2016 2336 2144 2406 quia
2169 2337 2385 2407 quando
2401 2336 2638 2408 ~apostoli
2668 2338 2734 2393 de
2754 2337 2954 2394 Judaeis
2982 2339 3050 2394 ad
3078 2341 3318 2413 gentium
3341 2343 3607 2413 praedica-

2018 2428 2219 2485 tionem
2272 2429 2655 2500 migraverant,
2712 2445 2835 2485 mox
2886 2431 3103 2501 plurimi
3157 2434 3223 2489 de
3256 2436 3507 2506 gentibus
3535 2439 3606 2494 ad

2018 2518 2179 2575 ﬁdem
2199 2528 2257 2575 et
2281 2520 2613 2591 baptismum
2642 2519 2843 2576 Christi
2887 2523 3299 2592 conveniebant,
3327 2527 3417 2596 qui
3444 2528 3602 2599 adjuc

2020 2619 2166 2667 tores
2214 2610 2664 2681 praedicatoribus
2719 2612 2923 2668 sanctis
2952 2613 3007 2667 in
3035 2613 3329 2684 Evangelia
3355 2618 3453 2673 Dei
3482 2617 3602 2674 fue-

2017 2710 2162 2768 runt,
2205 2712 2472 2775 quatenus
2507 2718 2747 2774 paganos
2792 2703 2862 2758 ad
2911 2704 3285 2761 credulitatem
3336 2710 3603 2778 perduce-

2016 2803 2157 2849 rent.
2188 2792 2425 2849 Perrexit
2449 2794 2784 2860 Ascalonem,
2822 2811 2942 2866 qute
2969 2797 3357 2868 interpretatur
3374 2816 3603 2873 appensa
3676 2872 3684 2881 θ

2015 2883 2099 2940 vel
2143 2883 2280 2954 ignis
2319 2883 2557 2953 infamis,
2588 2894 2636 2937 et
2665 2894 3007 2939 occurrerunt
3057 2886 3122 2940 de
3148 2887 3354 2944 civitate
3382 2889 3603 2947 honori-

2011 2974 2132 3046 ﬁce.
2163 2974 2299 3029 Cum
2346 2972 2792 3044 praedicatoribus
2820 2976 3025 3031 sanctis
3077 2976 3132 3032 hi
3181 2979 3273 3049 qui
3317 2981 3604 3040 ambitioni

1938 3051 1983 3115 C
2013 3063 2200 3120 szeculi
2227 3063 2630 3131 deserviebant,
2671 3064 2952 3120 audientes
2988 3068 3216 3124 verbum
3244 3069 3363 3135 Dei,
3393 3071 3598 3137 statim,

2010 3158 2206 3214 relicta
2236 3158 2533 3229 cupiditate
2556 3157 2768 3225 mundi,
2798 3158 2866 3214 ad
2903 3158 3265 3215 obedientiam
3309 3175 3606 3220 concurre-

2010 3249 2144 3305 bant
2170 3249 2466 3322 Evangelii.

2084 3341 2153 3395 Et
2183 3341 2312 3397 abiit
2341 3343 2403 3399 in.
2442 3340 2644 3397 Gazam
2682 3350 2733 3397 et
2759 3342 2957 3398 obsedit
3009 3360 3125 3399 eam
3152 3354 3200 3400 et
3236 3345 3605 3404 concluserunt

2009 3448 2065 3485 se
2087 3431 2179 3502 qui
2207 3439 2356 3485 erant
2394 3430 2574 3485 ϐακε.
2622 3429 2730 3486 Per
2758 3430 2981 3496 Gazam,
3035 3449 3156 3503 quae
3209 3436 3605 3508 interpretatur

2010 3522 2287 3594 fortitudo,
2339 3524 2663 3592 exprimitur
2723 3523 3018 3580 obstinatio
3068 3525 3387 3592 inﬁdelium,
3418 3530 3472 3584 in
3497 3546 3602 3601 qua

2009 3614 2246 3670 seducta:
2282 3623 2494 3668 mentes
2519 3628 2810 3683 pravorum
2854 3613 3220 3682 includuntur,
3243 3619 3371 3688 quia
3409 3621 3604 3676 cedere

2007 3703 2227 3759 veritati
2258 3702 2413 3775 [non]
2465 3703 2835 3757 consentiunt.
2866 3703 3040 3771 Quam
3071 3706 3286 3762 obsedit
3310 3707 3599 3777 Jonathas,

2008 3804 2057 3849 et
2087 3794 2354 3849 succendit
2385 3794 2615 3847 civitates
2640 3793 2696 3848 in
2717 3794 2961 3861 circuitu,
2987 3811 3109 3851 cum
3147 3798 3398 3855 doctores
3439 3800 3601 3858 Chri—

2009 3884 2079 3939 sti
2102 3884 2337 3954 undique
2366 3883 2691 3940 testimoniis
2712 3892 3025 3940 sanctarum
3054 3884 3458 3960 Scripturarum
3478 3908 3602 3963 per-

2009 3978 2146 4034 ﬁdos
2170 3985 2474 4044 coarctant,
2520 3986 2577 4032 et
2606 3992 2852 4033 errorum
2903 3978 3119 4035 illorum
3167 3982 3600 4043 machinationes

2008 4067 2324 4126 debellanda
2404 4075 2641 4123 vastant.
2716 4068 2866 4126 Unde
2924 4080 3250 4141 rogaverunt
3308 4071 3599 4131 Jonatbam

2010 4160 2232 4216 dextras
2260 4158 2366 4215 sibi
2411 4159 2543 4216 dare
2592 4158 2891 4228 Gazenses,
2920 4176 3152 4233 quorum
3201 4166 3407 4236 accepit
3456 4165 3599 4224 ﬁlios

2011 4251 2228 4308 obsides
2279 4253 2504 4309 mittens
2543 4253 2599 4307 in
2647 4251 2985 4309 Hierusalem
3017 4272 3029 4308 :
3064 4270 3187 4312 cum
3210 4257 3477 4327 pravitate
3503 4258 3597 4315 de-

2009 4346 2153 4401 victa
2190 4345 2550 4416 superborum
2581 4345 2785 4401 diutius
2834 4346 3049 4401 veritati
3081 4357 3335 4405 resnstcre
3365 4364 3473 4405 non
3505 4366 3601 4405 va-

2011 4438 2206 4505 lentes,
2251 4437 2405 4509 pacis
2451 4438 2554 4494 sibi
2597 4438 2804 4494 fmdera
2856 4440 3147 4510 magistros
3177 4440 3433 4498 Ecclesia:
3467 4443 3600 4501 dare
3656 4432 3659 4435 i

2012 4530 2329 4601 deposcunt,
2376 4544 2610 4600 suosque
2664 4529 2802 4586 ﬁlios
2828 4530 2908 4586 eis
2945 4530 3162 4586 obsides
3203 4534 3437 4598 tradunt,
3494 4535 3601 4591 hoc

2018 4630 2117 4684 est,
2146 4619 2271 4675 ﬁdei
2300 4620 2504 4676 erroris
2553 4620 2799 4692 pignora,
2856 4621 3107 4676 videlicet
3154 4623 3221 4677 ad
3252 4626 3598 4695 negationem

2013 4719 2070 4763 et
2110 4709 2431 4765 obedientia;
2483 4711 2897 4789 subiectionem,
2926 4713 2982 4766 in
3017 4712 3317 4769 Ecelesiam
3368 4718 3596 4786 promit-

2019 4808 2154 4865 tunt,
2213 4808 2481 4872 quatenus
2516 4802 2945 4857 conversationis
2984 4803 3051 4857 ad
3104 4803 3265 4859 ﬁdem
3290 4820 3415 4875 spes
3444 4816 3598 4864 certa

2017 4890 2291 4947 reddatur.
2388 4950 2393 4955 ,

2087 4981 2153 5037 Ut
2180 4985 2381 5040 audivit
2426 4996 2599 5038 autem
2640 4984 2901 5039 Jonatltas
2947 4989 3073 5057 quia
3113 4990 3447 5058 pra'varicati
3479 5003 3601 5046 sunt

2015 5076 2273 5147 principes
2326 5076 2578 5131 Demetrii
2621 5077 2676 5130 in
2710 5074 2902 5143 Gades,
2957 5096 3075 5150 qua:
3125 5093 3200 5136 est
3254 5083 3308 5136 in
3350 5080 3596 5145 Galiltca,

2015 5183 2135 5221 cum
2154 5169 2383 5222 exercitu
2410 5167 2595 5233 multo,
2622 5168 2846 5223 volentes
2885 5187 3003 5224 eum
3043 5177 3321 5254 removere,
3359 5181 3464 5226 etc.
3498 5173 3601 5227 De-

2018 5262 2196 5317 metrii
2221 5262 2514 5333 principes,
2545 5263 2636 5332 qui
2664 5264 3006 5333 prtevaricati
3046 5276 3172 5321 sunt
3202 5266 3255 5319 in
3285 5265 3459 5320 Cades
3489 5263 3597 5319 Ga-

2013 5352 2186 5419 lilzeae,
2218 5368 2327 5408 non
2373 5353 2666 5424 incongrue
2698 5363 2992 5424 potestates
3037 5357 3326 5411 saeculares
3364 5355 3597 5426 intelligi

2014 5453 2262 5515 possunt,
2310 5461 2429 5521 quae
2467 5446 2592 5502 licet
2622 5447 2764 5502 inter
2795 5449 2979 5504 ﬁdeles
3029 5458 3251 5519 propter
3276 5449 3598 5503 catholicam

2013 5534 2408 5591 confessionem
2445 5545 2892 5601 annumerantur,
2945 5539 3049 5592 hoc
3078 5540 3222 5592 enim
3252 5535 3448 5603 Cades,
3477 5554 3599 5610 (luas

2014 5625 2404 5699 interpretatur
2459 5637 2664 5691 sancta,
2719 5628 2804 5682 vel
2857 5636 3082 5701 mutata,
3135 5638 3190 5684 et
3225 5627 3594 5695 Galilwa,huc

3080 5720 3158 5784 38
