3928 6168
392 293 525 347 “93

1021 288 1083 341 Β.
1123 285 1375 341 RABAM
1416 283 1633 338 MAUlll
1674 280 1988 338 AliClllEP.
2034 277 2342 336 MOCUNT.
2384 279 2668 336 OPERUM
2706 279 2888 335 PARS
2926 279 2966 334 Ι.

3514 277 3654 334 “illi

387 414 489 468 est,
541 402 932 471 transmigratio
982 401 1144 469 facta,
1200 411 1293 466 per
1349 397 1577 466 figuram
1633 392 1963 462 exprimunt,
1995 392 2044 450 Α
2074 398 2160 444 tur
2185 392 2376 461 sagitta
2423 392 2655 454 luminis,
2687 400 2743 446 et
2772 391 3062 462 Apostolus
3095 406 3160 446 oe
3185 392 3375 446 eodem
3403 399 3656 461 apostata

391 508 532 562 sa-pe
587 501 765 546 tamen
821 489 953 542 tales
1003 487 1244 542 fraudem
1291 486 1608 548 moliuntur,
1637 482 1967 551 abnegantes

389 583 618 652 gratiam
666 579 817 650 regni
865 577 1102 632 cmlestis
1133 591 1146 629 :
1180 575 1377 645 quibus
1414 573 1655 628 occurrit
1683 569 1963 633 Jonathas,

389 671 515 742 quia
541 683 767 726 necesse
803 675 968 722 estut
1001 666 1117 721 istis
1163 665 1384 721 solertia
1434 671 1746 720 sanctorum
1776 661 1968 716 docto-

391 776 509 816 rum
541 767 792 814 occurrat
819 773 886 812 ne
913 755 1156 810 fraudem
1202 771 1365 825 quam
1421 755 1718 823 disponunt
1761 750 1964 814 animo,

389 848 640 916 expleant
670 848 826 901 facto.
863 845 1137 900 Simonem
1170 844 1394 900 fratrem
1437 860 1593 898 suum
1635 851 1812 896 tamen
1843 839 1969 894 reli-

390 938 507 1008 quit
554 937 694 990 inter
719 936 1050 1005 provinciam
1098 944 1158 988 ut
1214 943 1458 990 tueretur
1485 949 1605 988 eam
1639 933 1968 986 intrinsecus

390 1038 578 1085 contra
630 1027 987 1099 petulantiam
1042 1027 1385 1081 insolentiam
1419 1045 1432 1080 :
1471 1027 1548 1081 sic
1577 1027 1740 1079 etiam
1795 1024 1967 1081 sancti

391 1119 792 1189 prtedicatores,
831 1117 958 1172 licet
984 1116 1272 1186 aliquando
1299 1118 1368 1171 ad
1398 1115 1577 1170 saaculi
1606 1123 1759 1169 actus
1790 1114 1967 1170 mode-

392 1209 590 1265 randos
619 1217 674 1264 et
724 1207 1242 1276 indisciplinatm'um
1270 1205 1639 1260 infestationes
1661 1213 1969 1274 temperan-

391 1301 487 1355 das
514 1307 758 1371 pergant,
798 1306 974 1352 tamen
1008 1296 1151 1350 nullo
1201 1295 1357 1351 modo
1394 1312 1504 1350 suae
1553 1295 1678 1348 vitis
1726 1293 1967 1348 ministe-

393 1389 534 1444 rium
567 1388 820 1443 ordinare
844 1387 981 1440 infra
1017 1387 1313 1440 Ecclesiam
1345 1393 1592 1451 cessant;
1625 1385 1718 1439 sed
1765 1385 1966 1439 habent

391 1493 606 1548 semper
635 1477 854 1540 ibidem,
888 1477 977 1546 qui
1012 1476 1314 1544 regularem
1367 1475 1418 1529 in
1467 1475 1720 1530 omnibus
1749 1490 1965 1529 conscr—

391 1575 518 1621 vant
540 1566 900 1637 disciplinam,
931 1575 989 1619 ut
1020 1566 1161 1620 sicut
1193 1567 1244 1619 in
1282 1565 1643 1620 exterioribus
1681 1564 1859 1630 utiles,
1886 1565 1964 1619 sic

392 1657 587 1728 ubique
611 1658 954 1712 inveniantur
979 1657 1219 1712 salubres

2069 479 2260 550 angelo
2289 481 2532 536 scribens
2554 482 2667 534 ait:
2695 480 2815 551 Ipse
2853 482 2991 534 enim
3039 482 3268 534 Satanas
3307 484 3656 552 transﬁgurat

2067 590 2120 626 se
2150 573 2203 625 in
2231 571 2475 642 angelum
2510 570 2644 626 lucis
2673 572 2756 640 (ll
2804 571 2928 626 Cor.
2988 570 3088 641 XI).
3126 570 3280 627 Unde
3319 587 3424 626 non
3455 573 3656 626 mirum

2066 663 2110 715 si
2143 661 2375 715 ministri
2404 659 2520 729 ejus
2547 660 3006 733 transﬁgurantur
3034 660 3177 715 velut
3205 661 3440 716 ministri
3486 661 3655 730 justi-

2070 753 2175 806 tim.
2224 752 2300 806 lbi
2361 752 2678 824 alienigena:
2719 761 3070 808 occurrentes
3105 753 3158 806 in
3208 768 3399 822 campo
3429 753 3660 807 tendunt

2068 841 2293 896 insidias
2320 843 2371 896 in
2400 843 2675 897 montibus
2703 861 2716 895 :
2752 842 2876 911 quia
2900 842 3012 897 sive
3039 841 3260 912 maligni
3289 842 3537 912 spiritus,
3560 857 3657 896 seu

2067 943 2122 988 et
2149 934 2389 1004 perversi
2422 933 2669 988 homines
2717 934 2769 986 in
2799 932 3011 986 luxuria
3058 933 3172 986 sive
3213 932 3465 1002 superbia
3512 947 3656 1002 pta:-

2069 1025 2238 1080 scntis
2265 1024 2408 1088 vitae,
2440 1023 2523 1077 vel
2565 1022 2915 1077 smcularibus
2966 1022 3249 1076 desideriis
3302 1038 3660 1092 quoscunque

2068 1121 2294 1185 possunt
2315 1113 2574 1168 seducere
2604 1111 2935 1167 contendunt
2961 1129 2975 1177 ;
3007 1111 3202 1180 quibus
3232 1127 3461 1166 necesse
3489 1120 3572 1166 est
3599 1119 3659 1165 ut

2067 1204 2270 1259 milites
2293 1202 2495 1258 Christi
2520 1211 2744 1257 currant
2768 1216 2834 1255 ex
2865 1203 3113 1266 adverso,
3145 1209 3195 1254 et
3225 1199 3522 1271 confligant
3550 1200 3660 1254 for-

2069 1297 2196 1350 titer
2223 1311 2344 1350 cum
2377 1294 2501 1358 illis,
2551 1310 2617 1348 ne
2654 1294 2791 1348 forte
2827 1293 3172 1348 consentiant
3204 1292 3658 1360 persuasionibus

2067 1401 2276 1448 eorum,
2300 1393 2356 1439 et
2390 1384 2745 1454 voluptatibus
2767 1392 2931 1453 atque
2960 1383 3228 1438 illecebris
3263 1383 3655 1438 dissolvantur.

2069 1477 2173 1529 Sed
2228 1476 2517 1531 commisso
2567 1475 2750 1546 praelio
2815 1474 3069 1544 fugerunt
3118 1475 3174 1530 hi
3236 1475 3329 1544 qui
3389 1491 3454 1529 ex
3506 1485 3660 1545 parte

2066 1564 2280 1620 fuerant
2333 1565 2579 1620 Ionathae
2653 1580 2862 1630 omnes,
2894 1575 2940 1618 et
3006 1556 3154 1618 nemo
3205 1566 3419 1619 relictus
3459 1583 3524 1619 ex
3583 1569 3656 1620 eis

2066 1656 2164 1710 nisi
2191 1655 2511 1710 Matltathias
2531 1656 2674 1724 ﬁlius
2702 1655 2967 1709 Absalomi
2993 1665 3039 1708 et
3059 1653 3256 1720 ludas,
3279 1655 3424 1723 ﬁlius
3445 1655 3657 1726 Calplti,

467 1747 532 1801 Et
579 1747 829 1818 applicuit
885 1747 1067 1802 Simon
1103 1749 1170 1800 ad
1202 1749 1514 1802 Bel/rsuram
1551 1758 1599 1803 et
1636 1751 1964 1820 expugnabat
1997 1737 2040 1796 Β
2068 1749 2303 1818 princeps
2340 1749 2544 1802 militia:
2579 1750 2834 1802 exercitus
2860 1762 2878 1799 :
2910 1748 3055 1816 quia,
3097 1749 3228 1817 proh
3273 1747 3426 1802 dolor
3455 1750 3467 1802 ξ
3506 1750 3657 1803 multi

389 1857 528 1904 eam,
563 1849 667 1894 etc.
720 1839 855 1906 Quid
889 1855 988 1908 per
1033 1839 1349 1893 Bethsuram
1407 1841 1510 1894 nisi
1542 1840 1700 1895 lectio
1750 1849 1965 1894 saneta-

395 1947 514 1988 rum
544 1931 949 2001 Scripturarum
997 1931 1302 1997 denotatur,
1333 1931 1456 2000 quia
1485 1932 1748 1986 Bethsura
1781 1933 1966 1986 domas

394 2023 726 2076 robustorum
784 2022 1185 2090 interpretatur,
1225 2030 1280 2074 et
1308 2021 1446 2076 bene
1495 2020 1778 2092 Scriptura
1812 2038 1967 2077 sacra

395 2113 586 2166 domus
623 2111 964 2165 robustorum
1003 2110 1108 2164 dici
1159 2120 1360 2180 potest,
1388 2114 1512 2181 quia
1560 2112 1631 2166 ibi
1659 2113 1859 2183 quique
1887 2127 1970 2168 ro-

391 2201 535 2256 busti
565 2208 620 2256 et
639 2199 924 2255 fortissimi
955 2215 1166 2272 semper
1195 2202 1422 2256 dicendo
1450 2212 1506 2256 et
1533 2203 1670 2258 bene
1696 2203 1970 2272 operando

388 2291 712 2355 inhabitant,
745 2291 836 2360 qui
865 2305 984 2345 cum
1012 2291 1294 2346 Psalmista
1341 2292 1534 2364 inlege
1565 2293 1776 2348 Domini
1809 2295 1973 2347 medi-

395 2392 579 2436 tantur
607 2382 694 2436 die
721 2393 774 2436 et
807 2391 962 2436 nocte
995 2380 1168 2452 (Psal.
1297 2399 1313 2436 ι
1364 2382 1404 2454 ).
1431 2383 1488 2436 ln
1512 2383 1611 2438 hac
1637 2383 1782 2438 enim
1811 2382 1971 2437 domo

392 2475 683 2544 aliquando
716 2474 954 2529 limretici
1001 2473 1137 2528 f.:lso
1188 2475 1490 2530 inhabitare
1538 2476 1808 2542 videntur,
1849 2492 1971 2531 cum

394 2565 703 2635 Scripturas
732 2565 927 2635 legere,
957 2565 1050 2619 sed
1089 2580 1194 2620 non
1241 2565 1545 2638 intelligere
1596 2567 1819 2622 omnino
1849 2582 1973 2637 pro-

391 2657 613 2710 bantur.
645 2654 798 2710 Unde
851 2655 1047 2709 dicitur
1071 2656 1214 2725 quod
1243 2654 1430 2710 Simon
1459 2659 1788 2728 expugnavit
1813 2659 1973 2713 Beth-

393 2762 574 2802 suram
600 2747 792 2802 diebus
817 2746 1017 2810 multis,
1069 2755 1122 2802 et
1153 2748 1360 2816 ceperit
1392 2748 1667 2804 civitatem
1717 2758 1772 2804 et
1795 2750 1973 2820 cjece-

373 2847 740 2909 -runtpravos
766 2838 1096 2893 habitatores
1130 2839 1275 2904 inde,
1301 2849 1706 2910 posueruntque
1736 2841 1805 2896 ibi
1835 2856 1972 2911 prte-

387 2928 589 2983 sidium
616 2946 629 2982 :
663 2929 787 2998 quia
816 2929 1065 2984 doctores
1092 2930 1264 2984 sancti
1303 2929 1407 2984 hoc
1438 2930 1639 2986 habent
1663 2931 1894 2986 maxime
1919 2931 1972 2985 in

378 3029 618 3088 .conatu,
651 3022 755 3077 hoc
785 3029 897 3077 toto
923 3029 1089 3092 agunt
1110 3023 1228 3078 nisu
1253 3031 1309 3076 ut
1337 3023 1622 3081 luereticos
1643 3034 1971 3096 expugnent,

393 3111 583 3166 falsam
613 3127 799 3167 eorum
827 3113 1133 3182 opinionem
1156 3113 1504 3181 destruendo,
1534 3113 1976 3186 Scripturamque

393 3201 530 3272 legis
557 3203 651 3257 Dei
685 3203 752 3257 ab
782 3218 970 3257 eorum
1003 3203 1253 3258 manibus
1291 3213 1504 3260 eruant.
1539 3203 1798 3262 Ponentes
1829 3208 1883 3261 in
1911 3223 1974 3261 ea

391 3291 714 3360 prtrsidium.
743 3291 855 3346 Hoc
885 3300 989 3356 est,
1027 3292 1144 3362 pios
1172 3303 1510 3350 scrutatores
1545 3304 1600 3350 et
1623 3297 1975 3354 meditatores

395 3383 673 3451 sapientiae
726 3383 943 3452 divinae,
999 3382 1089 3452 qui
1127 3383 1377 3439 studeant
1423 3394 1568 3441 recte
1599 3386 1898 3458 intelligere
1922 3399 1976 3444 ct

378 3471 498 3524 rite
528 3470 777 3541 proferre
808 3471 1050 3526 divinum
1080 3488 1402 3529 sermonem.

465 3561 532 3616 Et
561 3559 820 3617 Jonatltas
845 3573 893 3617 et
921 3574 1092 3617 castra
1137 3565 1254 3636 ejus
1275 3566 1636 3637 applicuerunt
1674 3571 1744 3624 ad
1785 3589 1975 3643 aquam
2001 3625 2012 3635 ,

379 3655 644 3721 ιϐεηεεαν,
676 3665 778 3711 etc.
813 3655 950 3724 Quid
975 3667 1058 3712 est
1085 3659 1227 3728 quod
1257 3657 1523 3716 Jonathas
1549 3663 1616 3716 ad
1645 3678 1842 3733 aquam
1872 3664 1976 3721 Ge-

394 3757 646 3799 nesarum
677 3754 852 3800 castra
901 3747 1176 3817 applicuit,
1208 3749 1308 3804 nisi
1350 3751 1494 3820 quod
1523 3762 1698 3808 cretus
1755 3765 1975 3812 sancto-

385 3849 513 3888 rum
541 3835 972 3904 przedicatorum,
1001 3836 1203 3907 Spiritu
1247 3839 1339 3892 Dei
1373 3855 1658 3905 accensus,
1690 3843 1977 3900 mundanis

393 3924 644 3980 fluctibus
673 3925 726 3980 in
760 3926 993 3981 fidelium
1021 3929 1487 3997 persecutionibus
1531 3932 1751 3988 obviare
1797 3945 1970 4004 parat.

396 4015 657 4086 Stagnum
689 4015 1024 4074 Genesareth
1073 4020 1214 4074 idem
1264 4021 1450 4077 dicunt
1479 4038 1599 4079 esse
1635 4027 1778 4095 quod
1825 4043 1974 4084 mare

394 4105 647 4162 Galilaeae.
684 4106 832 4163 Mare
867 4124 994 4164 vero
1050 4109 1353 4167 Tiberiadis
1377 4128 1411 4166 a
1437 4116 1684 4184 proxima
1729 4118 1969 4186 civitate,

395 4211 514 4267 quae
538 4197 666 4252 olim
695 4197 968 4256 Genereth
1020 4211 1231 4268 vocata,
1265 4204 1357 4259 sed
1397 4206 1462 4260 ab
1494 4205 1704 4265 lierodc
1753 4210 1971 4266 Tetrar-

395 4287 494 4342 cha
524 4289 844 4354 instaurata,
875 4291 928 4344 in
953 4291 1211 4348 honorem
1240 4293 1436 4349 Tiberii
1471 4295 1700 4354 Ctesaris
1722 4299 1968 4357 Tiberias

393 4387 479 4433 est
501 4379 786 4462 appellata.
835 4379 1002 4436 Porro
1033 4380 1274 4438 Genesar
1311 4400 1340 4438 a
1371 4385 1522 4442 lacus
1551 4388 1718 4458 ipsius
1747 4401 1960 4457 natura,

395 4483 499 4538 qua
528 4469 888 4538 crispantibus
913 4470 1068 4540 aquis
1094 4471 1159 4526 de
1188 4487 1246 4526 se
1284 4473 1398 4543 ipso
1448 4476 1549 4531 sibi
1595 4481 1834 4535 excitare
1875 4496 1969 4534 au-

395 4579 509 4617 ram
534 4564 866 4633 perhibetur,
907 4562 1096 4618 Grteco
1122 4563 1381 4620 vocabulo
1402 4567 1555 4636 quasi
1575 4582 1844 4638 generans
1864 4571 1967 4625 sibi

387 4670 581 4710 auram
611 4655 825 4711 dicitur.
859 4653 1044 4724 Neque
1063 4655 1206 4710 enim
1237 4657 1291 4710 in
1333 4659 1509 4728 stagni
1535 4675 1739 4715 morem
1775 4664 1970 4717 sterni-

390 4756 484 4801 tur
507 4762 668 4816 aqua,
700 4746 794 4801 sed
835 4744 1206 4816 frequentibus
1232 4748 1382 4803 auris
1431 4749 1756 4818 spirantibus
1798 4754 1968 4824 agita—

397 4848 503 4904 tur,
537 4839 730 4893 baustu
778 4838 952 4894 dulcis
989 4845 1046 4893 et
1071 4839 1139 4893 ad
1167 4840 1459 4909 potandum
1485 4841 1700 4898 habilis.
1732 4843 1837 4900 Sed
1863 4846 1970 4902 lle-

393 4930 554 4990 braeae
577 4929 771 5001 lingua:
804 4931 1190 4986 consuetudine
1238 4933 1416 4987 omnis
1459 4949 1718 5003 aquarum
1745 4951 1969 5007 congre-

385 5020 562 5092 gatio,
587 5020 701 5074 sive
727 5019 919 5085 dulcis,
945 5019 1059 5075 sive
1087 5021 1252 5087 salsa,
1293 5037 1442 5078 mare
1478 5035 1836 5096 nuncupatur.
1865 5027 1967 5095 Qui

394 5110 545 5164 lacus
572 5105 912 5163 interfluente
939 5107 1173 5166 Jordane
1201 5119 1418 5166 centum
1470 5115 1744 5185 sexaginta
1777 5117 1969 5173 stadiis

395 5202 451 5256 in
481 5197 832 5270 longitudine,
864 5207 917 5254 et
940 5201 1217 5270 sexaginta
1245 5203 1556 5258 extenditur
1582 5204 1636 5257 in
1661 5205 1964 5264 latitudine.

393 5294 531 5362 Quia
557 5306 688 5363 ergo
711 5298 959 5362 stagnum
986 5291 1097 5345 sive
1123 5307 1272 5346 mare
1313 5308 1554 5363 prtesens
1583 5297 1839 5352 saeculum
1869 5300 1966 5354 de-

394 5388 594 5458 signat,
631 5381 895 5440 Jonathas
925 5393 1109 5438 noster
1135 5399 1259 5438 cum
1297 5385 1409 5440 suis
1446 5386 1688 5441 surculari
1719 5389 1966 5445 tumultui

396 5481 648 5535 resistere
673 5485 928 5548 prOperat
956 5481 1010 5531 et
1059 5483 1181 5530 ante
1207 5474 1380 5531 lucem
1427 5476 1645 5547 vigilare
1694 5489 1867 5535 certat
1914 5483 1967 5536 in

390 5587 588 5640 campo
609 5569 784 5636 Aser;
816 5569 919 5623 hoc.
940 5576 1022 5623 est
1052 5577 1235 5622 contra
1269 5568 1490 5624 insidias
1515 5569 1712 5624 diaboli
1751 5572 1970 5640 vigilan-

389 5661 468 5716 tis
493 5660 730 5716 studiose
758 5661 1050 5715 observare
1092 5668 1260 5714 curat.
1294 5660 1432 5715 Asor
1450 5661 1593 5715 enim
1642 5662 1958 5734 interprets:

2067 1836 2134 1891 de
2155 1837 2538 1893 ecclesiasticis
2563 1852 2656 1908 per
2685 1837 3032 1892 ambitiorcm
3053 1846 3109 1891 et
3141 1836 3472 1906 voluptatem
3503 1838 3658 1892 istius

2069 1929 2251 1982 mundi
2305 1930 2707 1984 subvertantur.
2761 1928 2917 1984 Unde
2964 1929 3016 1983 in
3047 1929 3298 1998 parabola
3345 1928 3658 1999 evangelica

2072 2018 2328 2073 Dominus
2351 2019 2427 2073 ait
2456 2019 2616 2090 (Luc.
2647 2019 2769 2090 vm)
2805 2037 2816 2072 :
2850 2020 2991 2089 quod
3040 2031 3243 2074 exorue
3290 2020 3461 2090 spiam
3488 2019 3654 2074 suffo-

2069 2119 2326 2163 caverunt
2378 2118 2635 2180 segetem,
2688 2110 2791 2164 hoc
2845 2118 2949 2171 cst,
2997 2110 3199 2164 divitiae
3232 2119 3285 2164 et
3336 2110 3653 2180 voluptuosa

2069 2198 2177 2250 vita
2206 2196 2607 2253 sulfocaverunt
2633 2208 2892 2270 segetem,
2922 2200 2994 2252 ita
3019 2208 3078 2253 ut
3104 2216 3208 2253 non
3238 2198 3370 2254 ferat
3394 2200 3652 2255 fructum.

2073 2289 2177 2345 Sed
2208 2301 2385 2346 tamen
2410 2290 2750 2356 Mathathias,
2771 2293 2860 2361 qui
2901 2292 3289 2363 interpretatur
3322 2294 3522 2347 donum
3541 2294 3654 2358 Dci,

2071 2390 2123 2434 et
2152 2378 2338 2444 .ludas,
2369 2381 2469 2435 hoc
2501 2390 2608 2445 est,
2641 2382 2912 2450 conﬁtens,
2943 2391 3186 2452 perstant
3235 2399 3358 2438 cum
3401 2381 3655 2442 Jonatha.

2071 2473 2194 2541 quia
2226 2473 2300 2526 illi
2329 2473 2418 2543 qui
2464 2473 2607 2527 dono
2665 2473 2760 2528 Dei
2811 2474 3094 2528 illuminati
3149 2484 3314 2545 atque
3367 2476 3654 2530 confortati

2072 2572 2219 2628 sunt,
2243 2574 2297 2618 et
2325 2565 2430 2618 rite
2461 2564 2731 2620 credendo
2775 2574 2933 2634 atque
2961 2565 3098 2619 bene
3131 2567 3408 2636 operando
3453 2569 3658 2624 veraci-

2074 2663 2156 2708 ter
2182 2663 2308 2709 sunt
2355 2655 2448 2708 Dei
2478 2654 2840 2720 confessores,
2876 2657 2929 2710 hi
2979 2667 3328 2727 perseverant
3383 2659 3434 2713 in
3463 2659 3660 2713 castris

2072 2745 2348 2812 Ecclesixe,
2382 2755 2436 2800 ct
2464 2746 2676 2800 hostem
2727 2746 2939 2801 fortiter
2989 2757 3262 2818 premunt,
3320 2749 3496 2804 donec
3533 2765 3654 2804 eum

2073 2843 2378 2899 conteram,
2415 2845 2469 2890 et
2497 2851 2646 2900 suos,
2690 2837 2781 2906 qui
2831 2839 3069 2892 ceiendo
3100 2839 3348 2894 hostibus
3380 2840 3654 2909 fugerant,

2074 2928 2269 2984 castris
2313 2929 2557 3000 pristinis
2612 2930 2807 2984 iterum
2859 2931 3166 2985 restituant.
3225 2931 3331 2986 Sed
3371 2933 3656 2988 videamus

2078 3021 2206 3090 quid
2231 3019 2423 3076 fecerit
2447 3018 2709 3076 Jonathas
2736 3022 2951 3090 quando
3003 3022 3204 3077 milites
3239 3022 3320 3076 sui
3360 3023 3502 3079 versi
3533 3034 3656 3078 sunt

2001 3085 2047 3149 Ο
2081 3085 2134 3166 in
2169 3110 2366 3181 fugam.

2150 3199 2218 3252 Et
2274 3199 2426 3253 scidit
2471 3201 2734 3254 Jonathas
2767 3201 3064 3255 uestimenta
3113 3220 3210 3256 sua
3255 3211 3303 3256 ct
3338 3203 3513 3271 posuit
3557 3214 3658 3259 ter-

2076 3308 2189 3346 ram
2223 3293 2278 3346 in
2325 3293 2492 3360 capite
2521 3308 2638 3356 suo,
2689 3301 2792 3346 etc.
2825 3291 2916 3346 Sic
2944 3292 3088 3346 enim
3135 3293 3410 3364 praepositi
3447 3302 3504 3349 et
3543 3309 3655 3349 ma-

2077 3383 2231 3454 gistri
2264 3383 2515 3439 Ecclesiae
2540 3398 2701 3454 agere
2753 3383 2949 3438 debent
2994 3400 3117 3438 cum
3153 3400 3280 3440 suos
3308 3383 3572 3441 lutescere
3602 3385 3653 3440 in

2075 3475 2262 3545 prmlio
2301 3489 2364 3529 ac
2395 3482 2545 3544 terga
2576 3473 2824 3528 hostibus
2861 3483 3074 3529 vertere
3113 3475 3494 3545 conspiciunt:
3524 3476 3663 3532 sciu-

2077 3563 2205 3618 dere
2235 3563 2556 3618 vestimenta
2599 3578 2718 3628 sua,
2763 3563 2866 3617 hoc
2891 3571 2994 3628 est,
3019 3579 3216 3634 corpus
3233 3563 3457 3633 jcjuniis
3483 3580 3548 3620 ac
3577 3565 3650 3618 la-

2077 3652 2276 3723 crymis
2334 3651 2611 3723 affligere;
2646 3659 2700 3708 et
2735 3666 2935 3722 ponere
2989 3661 3188 3708 terram
3230 3653 3284 3707 in
3332 3654 3509 3722 capite
3536 3669 3653 3710 suo.

2077 3746 2179 3801 hoc
2207 3752 2310 3809 est,
2362 3743 2712 3816 fragilitatem
2745 3745 2992 3815 corporis
3045 3744 3319 3800 revolvere
3372 3746 3424 3799 in
3479 3756 3654 3799 mente

2077 3853 2196 3903 sua,
2228 3845 2282 3892 et
2310 3851 2468 3891 orare
2499 3835 2784 3891 Dominum
2813 3851 2910 3906 pro
2937 3837 3150 3892 delictis
3197 3838 3309 3892 suis
3339 3837 3422 3892 vel
3453 3838 3652 3908 populi,

2078 3938 2136 3985 ut
2163 3930 2296 3998 ipse,
2328 3929 2420 3999 qui
2460 3930 2803 3998 omnipotens
2825 3938 2929 3993 est,
2967 3938 3222 3997 operetur
3271 3930 3501 3984 salutem
3531 3946 3654 4002 erga

2076 4019 2342 4085 infirmos,
2382 4027 2438 4074 et
2467 4018 2692 4074 reducat
2735 4033 2830 4073 eos
2881 4018 2946 4072 ad
2992 4019 3276 4089 pristinam
3320 4021 3652 4087 sanitatem;

2075 4110 2262 4180 sicque
2288 4111 2564 4166 exhortari
2610 4127 3050 4182 unumquemque
3096 4122 3309 4184 oportet
3354 4122 3414 4168 ut
3466 4116 3650 4186 resipi-

2074 4210 2239 4255 scata
2272 4201 2470 4257 diaboli
2494 4201 2719 4272 laqueis,
2771 4203 2863 4272 qui
2917 4204 3163 4274 captivus
3214 4205 3392 4260 fuerat
3440 4208 3511 4261 ad
3542 4209 3654 4276 ejus

2070 4289 2420 4357 voluntatem,
2447 4301 2495 4346 et
2522 4303 2812 4346 revertatur
2831 4299 2898 4348 ad
2923 4293 3226 4361 Dominum,
3257 4307 3302 4352 et
3328 4289 3653 4355 miserebitur

2071 4385 2206 4454 ejus,
2234 4394 2280 4438 et
2311 4385 2380 4438 ad
2401 4385 2686 4438 Dominum
2715 4396 2973 4450 nostrum,
2994 4389 3245 4456 quoniam
3266 4391 3466 4446 multus
3490 4403 3563 4448 est
3588 4395 3650 4446 ad

2073 4474 2444 4544 ignoscendum
2473 4475 2607 4546 (Isa.
2640 4477 2746 4548 Lv).

2147 4583 2214 4638 Et
2243 4585 2535 4639 ceciderunt
2561 4587 2625 4640 de
2650 4586 2953 4659 alienigenis
2981 4591 3034 4645 in
3059 4592 3147 4647 die
3180 4593 3275 4648 illa
3400 4598 3504 4650 tria
3541 4598 3652 4652 mil-

2075 4673 2146 4728 lia
2189 4673 2438 4739 uirorum,
2469 4685 2572 4730 etc.
2601 4676 2740 4732 Nota
2777 4679 2920 4747 quod
2953 4680 3264 4753 alienigenae
3288 4688 3528 4742 ternario
3559 4705 3648 4741 nu-

2077 4782 2226 4822 mero
2278 4777 2729 4838 prosternuntur,
2781 4774 2907 4842 quia
2956 4789 3054 4844 per
3107 4785 3310 4832 sanctae
3373 4777 3651 4835 Trinitatis

2078 4857 2238 4912 fidem
2261 4859 2494 4914 universi
2520 4860 2703 4916 hostes
2731 4862 2982 4919 Ecclesia
3001 4857 3372 4930 conteruntur,
3397 4883 3649 4939 superau-

2077 4955 2163 5002 tur
2189 4957 2352 5019 atque
2381 4958 2822 5018 prosternuntur;
2852 4961 2905 5006 ct
2931 4955 3086 5009 turba
3110 4955 3446 5011 credentium
3476 4973 3649 5028 regre-

2074 5038 2221 5093 ditur
2254 5054 2376 5094 cum
2421 5040 2557 5096 duce
2597 5057 2696 5096 suo
2739 5044 2792 5097 in
2835 5043 3168 5102 Hierusalem
3202 5048 3512 5118 mysticam,
3538 5064 3647 5118 qua

2074 5137 2159 5183 est
2186 5139 2359 5184 mater
2380 5131 2620 5185 omnium
2645 5141 2909 5198 nostrum,
2945 5143 3003 5188 ut
3043 5135 3113 5190 ibi
3139 5138 3346 5207 gratias
3379 5147 3435 5192 et
3474 5139 3647 5194 laudes

2076 5220 2276 5276 referat
2303 5223 2411 5278 Deo
2445 5231 2630 5279 nostro
2662 5225 2713 5279 in
2749 5233 3009 5282 aeternum
3050 5237 3106 5284 et
3147 5229 3201 5284 in
3246 5230 3503 5286 smculum
3551 5245 3644 5288 sa:-

2075 5313 2203 5368 culi.
2453 5359 2480 5379 ,
