3928 6168
382 331 523 389 H97

989 437 1214 492 CAPUT
1248 437 1358 492 Xll.

384 532 546 588 Mittit
578 530 836 586 Jonallms
866 529 1061 600 legatos
1090 538 1141 600 et
1167 530 1411 598 epistolas
1445 531 1691 586 Romanis
1721 541 1769 585 et
1804 531 1966 600 Spar-

453 601 619 664 tiatis,
649 601 796 670 fugat
819 598 1078 670 principes
1106 597 1356 670 Demetrii
1382 611 1428 655 et
1457 603 1738 654 exercitum
1761 597 1962 666 eorum,

451 667 930 742 percutitilrabes.
969 667 1211 742 Tryphon
1232 669 1424 742 _volens
1461 687 1725 725 assumere
1754 688 1966 742 regnum

351 805 355 808 λ
451 736 695 795 Ὰηιίοεὴὶ
721 738 896 792 dolose
918 736 1024 810 egit
1057 753 1175 790 cum
1215 736 1476 806 Jonatlta,
1497 752 1541 796 et
1571 742 1758 795 occidit
1781 736 1897 794 eum
1918 750 1968 794 et

459 811 742 864 exercitum
769 809 902 878 ejus.

460 901 529 955 Et
548 901 671 955 vidit
693 898 950 954 Jonathas
974 899 1097 970 quia
1119 909 1316 970 tempus
1340 915 1454 954 eum
1467 910 1641 970 Juvat,
1660 909 1708 954 et
1729 900 1877 971 elegit
1899 902 1970 954 vi-

389 1009 474 1046 ros
499 1001 546 1046 et
572 991 711 1044 misit
737 988 979 1055 Romam,
1001 997 1105 1043 etc.
1131 987 1282 1056 Quod
1307 989 1471 1043 mittil
1493 989 1754 1045 Jonathas
1779 990 1970 1060 episto-

389 1084 470 1137 las
497 1081 564 1136 ad
589 1081 858 1134 Romanos
885 1088 941 1132 et
970 1079 1036 1133 ad
1063 1078 1381 1148 Spartiatos,
1408 1089 1462 1133 et
1490 1078 1557 1133 ad
1594 1079 1698 1132 alia
1724 1079 1871 1145 loca,
1911 1087 1971 1134 ut

389 1179 649 1226 renovent
687 1177 903 1239 pactum
943 1180 998 1223 et
1038 1169 1330 1223 amicitiam
1370 1185 1493 1224 cum
1531 1170 1611 1224 eis
1640 1185 1759 1240 quae
1805 1169 1972 1225 frater

388 1278 518 1318 suus
551 1261 718 1316 ludas
765 1261 915 1330 prior
956 1276 1076 1314 eum
1107 1260 1210 1316 illis
1246 1269 1434 1330 sponte
1466 1262 1604 1327 iniit,
1635 1264 1973 1318 demonstrat

388 1352 529 1424 quod
558 1365 751 1423 magna
777 1350 1079 1406 sollicitudo
1101 1351 1303 1406 sanctis
1326 1351 1485 1406 debet
1505 1367 1624 1408 esse
1645 1353 1970 1423 praedicato-

387 1445 538 1500 ribus
560 1452 621 1499 ut
646 1459 833 1515 pacem
861 1457 1019 1513 quam
1043 1441 1292 1498 Christus
1326 1444 1378 1497 in
1405 1445 1606 1499 mundo
1627 1445 1837 1512 obtulit,
1869 1446 1970 1516 ipsi

388 1545 502 1591 toto
533 1536 712 1592 studio
742 1536 1000 1590 innovare
1045 1542 1206 1602 atque
1234 1548 1554 1590 conservare
1598 1535 1797 1605 ubique
1837 1552 1969 1592 con-

390 1626 652 1681 tendant:
685 1625 811 1695 quia
849 1625 963 1693 ipse
995 1623 1088 1678 Dei
1136 1623 1322 1690 Filius,
1367 1625 1458 1694 qui
1503 1626 1650 1680 venit
1679 1626 1732 1680 in
1770 1635 1969 1682 terram

387 1727 446 1770 ut
467 1716 773 1786 paciﬁcaret
803 1717 859 1771 in
896 1731 1059 1770 carne
1083 1731 1178 1770 sua
1203 1717 1445 1772 cmlestia
1486 1727 1647 1789 atque
1691 1720 1968 1774 terrestria

1089 325 1438 382 COMMENT.
1482 325 1546 380 IN
1585 326 1831 384 LIBROS
1867 325 2443 384 MACIIABXEORUM.
2487 359 2555 367 -—
2595 328 2659 383 ΙΝ
2702 329 2827 384 LIB.
2875 331 2912 384 l.

3516 334 3646 387 ll'l3

3581 357 3589 367 ε

3581 373 3593 387 ο.

3581 357 3589 367 ε

3581 373 3593 388 σε

1992 450 2036 507 Α
2067 441 2300 510 prmliari
2342 452 2396 499 et
2441 458 2627 498 eorum
2676 445 2912 513 perﬁdia:
2957 445 3245 501 resistere:
3281 446 3474 515 quibus
3501 465 3650 520 egre-

2069 532 2219 586 diens
2254 533 2321 587 ab
2365 531 2702 589 Hierusalem
2733 535 2968 588 occurrit
3019 535 3070 588 in
3102 536 3373 592 Amathite
3410 539 3650 610 regione,

2067 621 2213 690 quia,
2269 621 2396 676 licet
2443 623 2652 678 interna
2695 624 3146 693 contemplatione
3191 632 3245 680 et
3302 626 3466 682 animi
3496 629 3654 685 oculo

2070 711 2344 766 intuentur
2363 714 2738 770 celsitudinem
2764 715 3037 771 Creatoris
3070 724 3124 770 et
3149 731 3504 786 supernorum
3535 736 3654 774 ma-

2069 804 2399 874 gnitudinem
2442 805 2807 874 praemiorum,
2851 807 2917 860 ad
2947 812 3156 877 tempus
3201 815 3417 862 exstant
3441 818 3500 862 ut
3529 825 3658 864 con-

2069 894 2256 965 ﬂigant
2283 911 2405 950 cum
2449 896 2714 962 hostibus,
2747 905 2924 952 tamen
2971 913 3000 952 a
3049 900 3370 956 rectitudine
3410 902 3654 958 veritatis

2072 987 2216 1041 nullo
2255 989 2414 1043 modo
2442 989 2716 1044 declinant
2746 1008 2759 1042 :
2791 1004 2915 1043 nam
2955 989 3167 1045 Amathi
3199 993 3388 1046 veritas
3429 1011 3542 1048 mea
3577 997 3659 1050 in-

2073 1088 2423 1151 tcrpretatur.
2456 1081 2562 1138 Sed
2592 1084 2706 1138 sive
2750 1083 2804 1137 in
2832 1083 3080 1139 conﬂictu
3112 1085 3492 1154 disputat70nis
3521 1105 3654 1143 con-

2075 1181 2155 1226 tra
2193 1188 2407 1229 errores
2451 1190 2638 1229 eorum
2667 1176 3009 1241 contendant,
3059 1178 3174 1232 sive
3220 1176 3428 1250 ﬂagella
3471 1197 3658 1237 eorum

2073 1279 2136 1319 ac
2176 1266 2353 1320 caades
2395 1266 2660 1335 patienter
2698 1268 2949 1334 tolerent,
2989 1268 3212 1336 justitize
3242 1280 3421 1326 tamen
3463 1275 3660 1328 verita-

2067 1363 2182 1410 tem
2208 1355 2353 1410 nullo
2378 1356 2537 1411 modo
2573 1358 2903 1428 relinquunt,
2931 1375 3031 1414 nec
3056 1361 3134 1414 eis
3163 1361 3406 1417 tribuunt
3433 1362 3660 1419 faculta-

2075 1453 2180 1499 tem
2213 1454 2273 1499 ut
2315 1460 2412 1515 per
2462 1445 2702 1501 fraudem
2728 1447 2908 1517 aliquo
2946 1450 3104 1504 modo
3139 1451 3191 1503 in
3242 1453 3512 1522 regionem
3558 1453 3660 1509 Ec-

2073 1534 2249 1589 clesiae
2294 1536 2682 1606 ingrediantur,
2711 1553 3052 1609 summopere
3090 1540 3334 1594 nituntur
3379 1553 3438 1596 ut
3473 1544 3656 1598 statim

2073 1624 2127 1677 in
2179 1625 2332 1680 initio
2371 1625 2476 1680 doli
2510 1627 2829 1696 pravitatem
2864 1642 3049 1683 eorum
3096 1638 3458 1687 conterantet
3479 1642 3658 1689 castra

2074 1712 2328 1767 Ecclesia:
2365 1713 2528 1769 illaesa
2556 1725 2895 1770 conservent.

391 1805 610 1878 (Coloss.
639 1805 709 1877 1);
740 1807 833 1876 qui
860 1807 1044 1861 statim
1092 1807 1143 1860 in
1187 1816 1377 1862 exortu
1403 1808 1702 1864 nativitatis
1737 1824 1847 1864 sure
1881 1825 1970 1863 vo-

2146 1799 2211 1853 Et
2246 1801 2385 1854 misit
2423 1802 2770 1871 speculatores
2812 1807 2868 1859 in
2909 1815 3079 1861 castra
3121 1825 3320 1875 eorum,
3351 1819 3454 1865 etc.
3482 1812 3662 1868 Missis

391 1895 488 1950 luit
512 1895 579 1950 ab
605 1895 813 1966 angelis
841 1897 1116 1951 decantari
1144 1915 1156 1950 :
1192 1895 1375 1952 Gloria
1405 1898 1459 1951 in
1492 1899 1712 1953 excelsis
1753 1899 1884 1966 Deo,
1924 1908 1970 1954 ei

389 1990 444 2043 in
499 1997 636 2044 terra
686 2005 792 2059 pax
839 1988 1134 2044 hominibus
1181 1989 1331 2043 bona:
1370 1989 1649 2045 voluntatis
1675 1990 1825 2062 (Luc.
1875 1992 1968 2062 ll);

388 2098 550 2152 quam
574 2082 759 2152 utique
784 2096 968 2152 pacem
1004 2081 1147 2136 idem
1186 2078 1452 2135 mediator
1489 2080 1582 2135 Dei
1611 2089 1666 2135 et
1696 2082 1972 2136 hominum

384 2189 498 2244 jam
525 2173 684 2228 homo
705 2172 881 2228 factus
902 2173 1016 2228 suis
1035 2171 1313 2242 discipulis
1333 2172 1728 2227 commendavit
1753 2171 1968 2229 dicens:

392 2263 591 2319 Πιτύεια
617 2281 796 2335 pacem
822 2266 957 2319 inter
978 2281 1066 2319 vos
1089 2263 1288 2335 (Marc.
1340 2263 1451 2336 1x);
1483 2272 1537 2318 et
1562 2283 1573 2317 :
1605 2281 1783 2332 pacem
1804 2282 1972 2320 meam

389 2355 458 2408 do
492 2355 660 2417 vobis;
687 2371 866 2426 pacem
886 2371 1053 2410 meam
1081 2353 1311 2425 relinquo
1331 2355 1474 2409 vobis
1502 2355 1682 2426 (Joan.
1714 2355 1856 2425 xw);
1884 2371 1976 2426 pa-

391 2459 452 2500 ce
484 2446 681 2501 etenim
732 2455 788 2502 et
826 2447 1206 2502 concordantia
1252 2446 1561 2501 universum
1594 2462 1788 2516 corpus
1818 2447 1976 2504 Chri-

391 2539 457 2595 sti
486 2539 773 2606 adunatur,
820 2541 1026 2611 regitur
1060 2554 1123 2594 ac
1150 2537 1420 2594 stabilitur
1467 2554 1480 2592 :
1529 2538 1620 2609 qui
1646 2547 1824 2594 autem
1852 2554 1974 2594 cum

390 2631 652 2701 proximis
695 2631 807 2687 suis
855 2647 962 2686 non
1001 2631 1115 2685 vult
1158 2631 1358 2686 habere
1399 2645 1609 2700 pacem,
1646 2630 1698 2685 in
1750 2645 1975 2700 corpore

391 2721 591 2778 Christi
639 2721 837 2777 nullam
877 2723 1040 2777 habet
1077 2720 1414 2786 societatem,
1460 2736 1558 2777 nec
1585 2721 1698 2792 jam
1727 2721 1793 2776 ad
1818 2732 1977 2776 aeter-

391 2828 516 2868 nam
565 2823 742 2886 potest
783 2815 1063 2885 pervenire
1113 2815 1376 2885 requiem,
1427 2813 1566 2868 unde
1604 2829 1662 2868 se
1708 2815 1978 2884 separavit

390 2919 490 2975 per
520 2905 940 2960 contentionem.

467 2995 533 3050 Et
559 2999 653 3050 hoc
681 2998 947 3067 scriptum,
990 3007 1094 3052 etc.
1143 2996 1424 3063 Quomodo
1465 3006 1646 3053 autem
1689 2996 1978 3068 Spartiata:

396 3087 610 3143 fuerunt
655 3089 718 3144 de
749 3104 945 3160 genere
983 3087 1281 3154 Abraham,
1319 3089 1475 3144 facile
1513 3105 1618 3143 non
1665 3090 1972 3145 invenitur:

2075 1889 2504 1958 speculatoribus
2555 1899 2732 1946 castra
2793 1893 3026 1949 hostium
3075 1893 3338 1952 Jonathas
3394 1900 3658 1969 explorat,

2075 1997 2195 2036 cum
2225 1983 2611 2052 praedicatores
2654 1985 2823 2040 sancti
2860 2001 2957 2056 per
3000 1987 3146 2044 viros
3174 1989 3468 2046 industrios
3514 1991 3664 2049 frau-

2073 2070 2196 2125 dem
2230 2072 2949 2146 inimicorum.investigant,
2987 2086 3270 2145 quatenus,
3303 2094 3489 2135 eorum
3533 2097 3664 2138 con-

2074 2160 2208 2214 siliis
2235 2162 2415 2230 pravis
2453 2164 2768 2232 compertis,
2800 2164 2983 2220 dolum
3009 2165 3249 2237 ipsorum
3288 2169 3500 2226 facilius
3523 2186 3663 2241 prte-

2073 2265 2266 2306 cavere
2293 2251 2519 2320 possint.
2551 2252 2653 2318 Qui
2699 2255 3155 2312 annuntiaverunt
3191 2259 3271 2314 eis
3313 2263 3665 2330 supervenire

2074 2339 2187 2408 ipsa
2216 2341 2283 2394 ad
2313 2356 2406 2395 eos
2436 2341 2568 2396 velle
2592 2350 2752 2397 nocte
2788 2359 2802 2394 :
2845 2343 2923 2398 illi
2952 2346 3095 2400 enim
3137 2356 3296 2404 nocte
3331 2360 3527 2420 parant
3565 2368 3662 2408 ve-

2075 2429 2211 2494 nire,
2243 2430 2334 2499 qui
2365 2445 2508 2485 caeco
2542 2431 2705 2487 corde
2741 2447 2902 2503 opera
2944 2435 3273 2493 meditantur
3313 2443 3662 2498 tenebrarum

2075 2532 2254 2589 agere.
2286 2519 2364 2574 Ac
2410 2529 2599 2577 contra
2645 2521 2910 2579 Jouatbas
2955 2541 3081 2580 suos
3126 2529 3350 2600 vigilare
3375 2539 3430 2586 et
3457 2547 3578 2590 esse
3607 2535 3663 2590 in

2076 2612 2242 2668 armis
2290 2621 2508 2681 paratos
2553 2614 2621 2668 ad
2664 2629 2897 2687 pugnam
2931 2616 3085 2688 jubet
3125 2627 3234 2674 tota
3275 2633 3433 2679 nocte
3468 2643 3479 2677 :
3534 2628 3663 2696 quia

2076 2702 2349 2772 proprium
2381 2712 2464 2758 est
2483 2703 2776 2760 electorum
2802 2707 3182 2778 magistrorum
3208 2719 3266 2764 ut
3295 2714 3578 2782 pervigiles
3600 2731 3667 2770 ac

2076 2803 2262 2850 cautos
2307 2795 2536 2851 doceant
2579 2811 2698 2852 csse
2756 2798 3026 2869 subjectos
3069 2815 3195 2855 suos
3234 2803 3380 2857 omni
3427 2813 3666 2876 tempore

2078 2885 2235 2940 istius
2257 2886 2402 2953 vitm,
2437 2902 2544 2956 quo
2573 2887 2626 2941 in
2658 2889 2865 2944 incerto
2893 2890 3149 2961 degentes
3175 2893 3241 2947 ad
3267 2903 3476 2950 certum
3502 2896 3666 2953 ﬁnem

2077 2977 2322 3031 tendunt.
2376 2977 2442 3032 Et
2483 2978 2763 3034 audientes
2807 2982 3103 3037 adversarii
3144 2985 3271 3052 quia
3315 2996 3538 3054 paratus
3583 2997 3668 3045 est

2076 3064 2338 3122 Jonathas
2361 3083 2482 3122 cum
2511 3069 2621 3124 suis
2649 3069 2704 3123 in
2747 3069 2908 3137 bello,
2955 3072 3254 3129 timuerunt
3292 3077 3447 3132 valde
3483 3087 3538 3133 et
3572 3096 3664 3136 ac-

392 3160 563 3249 ροώίι
587 3179 728 3234 enim
754 3156 983 3252 '[mmen]
1022 3179 1138 3234 ﬁeri
1185 3179 1329 3249 quod
1373 3181 1646 3234 Abraham
1684 3181 1866 3250 plures
1909 3183 1970 3236 εί,
1999 3162 2044 3224 c
2075 3156 2373 3211 eenderunt
2407 3156 2555 3213 focos
2591 3159 2644 3212 in
2685 3161 2879 3216 castris
2922 3170 2976 3218 et
3010 3165 3251 3220 meditati
3282 3177 3408 3223 sunt
3445 3168 3662 3243 fugam:

394 3269 518 3334 lios,
541 3257 768 3340 excepto
792 3270 942 3327 lsaac
972 3285 1132 3342 quem
1179 3271 1389 3342 peperit
1429 3271 1479 3326 ei
1513 3269 1669 3338 Sara,
1707 3271 1972 3336 habuerit,

393 3362 461 3417 de
487 3361 634 3431 Agar
657 3361 905 3417 videlicet
935 3370 989 3417 et
1015 3362 1302 3431 Bethsura,
1337 3363 1478 3418 sicut
1503 3361 1782 3433 Scriptura
1807 3363 1976 3417 mani-

394 3452 578 3518 festat,
607 3459 667 3506 ut
695 3453 762 3507 ab
791 3452 972 3523 aliquo
999 3467 1186 3508 eorum
1213 3453 1365 3524 origo
1387 3452 1713 3523 processerit
1738 3451 1980 3522 Spartia-

395 3551 593 3599 tarum.
658 3542 764 3599 Sed
813 3543 1118 3614 Josephus,
1175 3544 1335 3616 hujus
1381 3543 1482 3598 loci
1525 3542 1852 3598 mentionem
1903 3541 1979 3594 fa-

394 3633 580 3700 ciens,
636 3649 744 3691 non
800 3635 1014 3690 videtur
1066 3643 1246 3692 tamen
1307 3636 1679 3708 cognationem
1735 3634 1976 3706 Spartia-

396 3731 592 3790 tarum,
620 3739 740 3778 eum
763 3721 961 3780 ludatis
989 3739 1200 3792 veram,
1229 3734 1284 3782 et
1312 3725 1456 3800 [sed]
1489 3727 1725 3796 aliquam
1754 3726 1979 3780 societa-

401 3823 502 3867 tem
535 3813 672 3868 velle
696 3814 1032 3884 exprimere;
1075 3815 1167 3885 qui
1205 3815 1734 3872 Lacedzemoniorum
1776 3813 1975 3885 episto-

394 3900 499 3956 lam
528 3903 783 3972 scriptam
812 3903 978 3960 refert
1012 3922 1025 3957 :
1065 3923 1084 3957 ι
1119 3904 1232 3961 Rex
1257 3905 1787 3962 Lacedaemoniorum
1814 3903 1979 3960 Onias

397 3992 515 4068 [sir]
564 3992 807 4050 Jonathae
871 3997 1140 4052 sacerdoti
1188 4012 1382 4068 magno
1431 3997 1676 4053 salutem.
1719 3996 1982 4070 Legentcs

397 4087 694 4154 scripturas
737 4086 1024 4156 aliquando
1081 4087 1495 4143 invenimus'cx
1549 4104 1655 4142 uno
1703 4102 1862 4158 quem
1893 4086 1981 4159 [ex

395 4188 507 4228 uno
543 4175 760 4248 genere]
798 4175 1011 4233 Judzeos
1048 4187 1102 4233 et
1140 4177 1552 4233 Lacedzemoues
1593 4177 1883 4243 exstitisse,
1929 4186 1983 4230 et

397 4263 818 4323 familiaritatem
861 4285 984 4324 cum
1039 4271 1314 4326 Abraham
1369 4270 1642 4338 socialiter
1690 4269 1978 4326 habuisse:

394 4357 601 4429 justum
630 4373 759 4430 ergo
798 4369 900 4428 est,
937 4378 1061 4417 cum
1103 4362 1300 4418 fratres
1328 4361 1592 4426 existatis,
1625 4369 1681 4416 et
1710 4362 1983 4417 transmit—

399 4459 515 4506 tere
540 4451 608 4507 ad
633 4467 730 4508 vos
751 4462 804 4508 et
831 4466 1015 4523 petere
1039 4469 1158 4525 quae
1183 4455 1336 4510 vobis
1366 4453 1668 4510 necessaria
1687 4452 1978 4523 iudicatis:

2079 3265 2217 3320 quos
2247 3260 2464 3307 secutus
2487 3261 2568 3308 cst
2591 3253 2873 3321 Jonatbas,
2899 3263 3079 3313 tamen
3106 3273 3212 3313 non
3239 3263 3666 3332 comprehendit,

2079 3341 2205 3411 quia
2254 3350 2406 3398 trans
2451 3342 2649 3400 ﬂumen
2682 3343 2794 3415 jam
2829 3347 3034 3417 positos
3081 3348 3332 3406 invenit:
3378 3352 3670 3410 formidant

2083 3433 2377 3490 adversarii
2407 3436 2551 3504 quod
2579 3450 2638 3491 se
2678 3447 2985 3508 praeparant
3027 3438 3082 3493 in
3128 3441 3370 3510 spiritale
3423 3445 3668 3513 praelium

2079 3527 2464 3592 ecclesiastici;
2513 3536 2568 3582 et
2607 3529 2964 3585 accendentes
3007 3528 3156 3585 focos
3201 3533 3256 3586 in
3302 3535 3496 3589 castris
3535 3537 3665 3599 suis,

2080 3616 2184 3672 hoc
2220 3626 2324 3683 est,
2365 3617 2576 3690 lingunt
2622 3618 2994 3675 fortitudinem
3035 3620 3161 3676 belli
3199 3622 3253 3676 in
3302 3625 3494 3679 turmis
3535 3626 3668 3682 suis.

2082 3708 2198 3764 Sed
2223 3709 2277 3763 in
2320 3725 2479 3766 mane
2517 3711 2839 3768 lacescentis
2881 3713 3002 3770 ﬁdei
3033 3718 3376 3785 persequitur
3410 3721 3671 3788 spiritalis

2081 3796 2344 3854 Jonathas
2376 3800 2562 3855 hostes
2589 3815 2736 3868 suos,
2772 3817 2910 3872 quos
2953 3813 3134 3858 tamen
3178 3820 3286 3860 non
3315 3811 3673 3879 comprehen-

2083 3888 2183 3954 dit,
2228 3889 2282 3944 id
2320 3899 2423 3956 est,
2463 3892 2532 3947 ad
2567 3892 2943 3949 credulitatem
2975 3910 3084 3950 non
3130 3897 3396 3965 perduxit,
3446 3898 3578 3971 quia'
3617 3903 3671 3958 in

2085 3995 2268 4036 amore
2294 3981 2603 4040 ﬂuctuantis
2627 3985 2809 4040 saeculi
2834 3985 2952 4041 illos
2993 3996 3287 4044 testuantes
3314 3993 3670 4060 conspiciens,

2085 4074 2464 4132 irrevocabiles
2493 4092 2616 4134 esse
2637 4077 2920 4148 judicavit.

2155 4165 2226 4220 Et
2248 4183 2481 4223 reversus
2501 4178 2578 4223 est
2602 4168 2888 4236 Jonathas,
2923 4179 2973 4225 et
3008 4172 3306 4226 convocavit
3330 4173 3557 4227 seniores
3579 4191 3673 4243 po-

2084 4256 2218 4326 puli,
2241 4268 2345 4313 etc.
2373 4259 2528 4326 Quod
2561 4258 2822 4316 Jonathas
2857 4276 3110 4318 reversus
3141 4246 3374 4332 disponit
3405 4264 3673 4319 aediﬁcare

2087 4363 2272 4404 muros
2315 4349 2671 4416 Hierusalem,
2697 4360 2752 4408 et
2783 4353 3010 4410 oonsilio
3044 4354 3178 4410 inito
3215 4370 3338 4410 cum
3369 4355 3673 4412 senioribus

2086 4441 2290 4510 populi,
2314 4444 2561 4513 praesidia
2588 4446 2911 4501 constrinxit
2952 4445 3299 4520 [construxit]
3343 4457 3397 4503 et
3429 4447 3671 4504 altitudi-

397 4541 660 4601 l‘aciemus
679 4559 806 4600 vero
839 4554 893 4601 et
925 4562 1024 4602 nos
1061 4546 1220 4612 idem,
1250 4555 1305 4602 et
1334 4555 1514 4603 vestra
1543 4545 1761 4616 propria
1791 4545 1975 4601 simili-

2087 4548 2207 4590 nem
2235 4551 2484 4607 magnam
2523 4538 2664 4594 inter
2701 4541 2936 4595 medium
2970 4541 3113 4597 arcis
3140 4550 3194 4596 et
3227 4541 3483 4607 civitatis,
3511 4536 3675 4597 utse-

399 4641 486 4689 ter
512 4642 569 4690 et
592 4643 776 4690 nostra
806 4638 1113 4693 communia
1155 4645 1481 4708 reputamus.
1508 4638 1745 4694 Portitor
1771 4637 1978 4694 littera-

401 4738 524 4778 rum
572 4723 867 4780 Demotites
902 4726 1156 4796 epistolas
1203 4728 1358 4783 vobis
1400 4727 1573 4783 defert
1613 4726 1981 4798 quadrangulo

401 4813 649 4881 scriptas,
679 4815 1013 4886 signaculum
1050 4818 1310 4874 habentes
1347 4819 1578 4888 aquilam
1603 4819 1889 4874 draconem
1929 4821 1980 4873 in

401 4903 668 4973 unguibus
691 4904 1082 4975 deportantem.
1113 4927 1132 4960 ›
1151 4908 1391 4978 Epistola
1416 4909 1578 4979 igitur
1594 4924 1624 4963 a
1645 4909 1983 4965 Lacedaemo-

400 4990 613 5045 nioru
638 5007 768 5064 rege
785 4993 1052 5050 destinata
1077 5005 1284 5052 textum
1319 4997 1623 5066 hujusmodi
1649 4999 1979 5054 continebat.

472 5081 542 5136 Et
569 5083 767 5138 audivit
791 5083 1049 5141 Jonathas
1063 5089 1311 5159 quoniam
1349 5088 1539 5159 egressi
1578 5098 1698 5142 sunt
1726 5090 1982 5159 principes

401 5171 654 5227 Demetrii
695 5190 812 5228 cum
841 5179 1067 5231 exercitu
1096 5178 1278 5239 multo,
1312 5196 1466 5250 super
1494 5167 1647 5251 quam
1681 5182 1844 5250 prius,
1883 5197 1984 5251 pu-

403 5277 566 5332 gnare
609 5264 856 5321 adversus
893 5284 1036 5333 eum,
1076 5279 1180 5324 etc.
1215 5270 1480 5337 Quidnam
1536 5270 1806 5342 signiﬁcat
1842 5273 1984 5341 quod

402 5355 666 5414 Jonathas
703 5360 962 5417 adversus
987 5361 1242 5418 Demetrii
1286 5365 1578 5434 principes,
1605 5364 1695 5434 qui
1729 5365 1985 5421 adversus

405 5463 528 5504 eum
557 5451 763 5519 egressi
802 5461 928 5506 sunt
973 5467 1232 5523 pugnare,
1281 5455 1406 5508 exiit
1445 5455 1500 5508 in
1545 5453 1900 5519 Hierusalem,
1937 5464 1986 5507 et

407 5542 633 5594 occurrit
654 5543 729 5596 eis
753 5542 810 5596 in
830 5543 1090 5598 Amathite
1116 5545 1337 5614 regione,
1374 5545 1474 5599 nisi
1505 5544 1647 5614 quod
1674 5559 1829 5598 sacer
1851 5545 1985 5599 ordo

406 5631 690 5688 doctorum
738 5626 994 5692 adversus
1027 5644 1398 5705 persecutores
1445 5635 1716 5700 Ecclesiae,
1745 5635 1848 5689 hoc
1879 5642 1983 5701 est,

405 5723 638 5792 .lndaeos,
686 5743 921 5799 paganos
963 5738 1017 5782 et
1067 5729 1368 5794 luereticos,
1423 5742 1633 5798 semper
1658 5736 1879 5797 paratus
1905 5738 1988 5782 est

2089 4637 2304 4698 pararet
2331 4642 2450 4683 eam
2478 4644 2509 4683 a
2537 4629 2754 4685 civitate
2772 4672 2786 4696 ,
2815 4631 3080 4701 signiﬁcat
3127 4639 3343 4686 sanctos
3392 4632 3670 4697 doctores,

2087 4726 2370 4789 postquam
2401 4717 2701 4776 forinsecus
2740 4720 2894 4777 bellis
2934 4722 3001 4776 ad
3048 4731 3256 4791 tempus
3285 4722 3533 4791 occupati
3561 4719 3676 4779 fue-

2089 4813 2218 4876 rint,
2261 4812 2404 4867 intus
2443 4813 2510 4868 de
2545 4813 2803 4868 Ecclesiae
2832 4813 3130 4870 munitione
3170 4829 3293 4869 cum
3342 4813 3676 4883 spiritalibus

2087 4902 2220 4957 viris
2247 4910 2481 4959 tractare
2509 4919 2577 4959 ne
2607 4903 2744 4959 forte
2765 4919 2862 4975 per
2884 4905 3066 4960 hostes
3090 4906 3332 4960 internos
3359 4904 3602 4959 laedatur.

2161 4994 2227 5049 Hi
2246 5009 2376 5065 ergo
2404 4997 2496 5065 qui
2527 4995 2740 5051 Marche
2779 4997 2896 5066 (sic)
2927 4997 3160 5053 civitatis
3190 5007 3341 5052 erant
3379 5004 3432 5052 et
3460 4998 3675 5054 insidia-

2091 5089 2288 5144 bantur
2322 5088 2529 5144 civibus
2571 5088 3092 5161 Hierosolymitanis,
3121 5091 3430 5162 signiﬁcant
3462 5091 3676 5146 haereti-

2091 5195 2204 5246 cos,
2229 5180 2345 5250 qui,
2384 5179 2438 5234 in
2480 5177 2605 5234 arce
2641 5182 2905 5251 superbiae
2941 5197 3053 5237 sua:
3086 5183 3356 5248 collocati,
3400 5199 3674 5252 nunquam

2093 5271 2352 5327 adversus
2369 5271 2667 5328 Ecelesiam
2691 5274 2989 5329 machinari
3017 5275 3282 5330 desistunt
3308 5294 3320 5329 :
3347 5289 3481 5345 quos
3510 5273 3675 5328 inter-

2091 5363 2258 5418 cludit
2293 5361 2556 5418 Jonathas
2587 5365 2843 5434 mysticus
2883 5365 3109 5434 spiritali
3154 5365 3423 5436 praesidio,
3471 5372 3530 5416 ut
3565 5363 3676 5417 sint

2091 5455 2442 5528 singulariter
2474 5463 2528 5510 et
2556 5471 2661 5510 non
2692 5463 2872 5510 emant
2894 5471 3067 5526 neque
3090 5456 3345 5517 vendant,
3369 5468 3672 5507 excommu-

2091 5547 2360 5602 nicatione
2386 5545 2717 5600 validissima
2747 5545 2816 5599 ab
2838 5545 3088 5601 Ecclesia:
3110 5546 3312 5598 unitate
3337 5541 3543 5611 ejectis,
3572 5558 3672 5598 nec

2090 5652 2275 5692 eorum
2306 5645 2465 5692 sectae
2495 5637 2840 5706 recipiantur,
2894 5651 2992 5691 nec
3029 5633 3396 5690 ecclesiastica
3428 5633 3674 5688 doctrina

2092 5726 2216 5792 illis,
2246 5737 2500 5796 tanquam
2531 5725 2896 5797 spurcissimis
2924 5734 2975 5780 ct
2998 5723 3143 5780 omni
3169 5723 3410 5778 foeditate
3443 5724 3660 5794 spurcis
