3928 6168
340 251 475 305 “Ilii

968 242 1028 298 Β.
1070 240 1322 297 RABANI
1361 240 1582 299 MAUR‘I
1616 240 1930 297 ARCHIEP.
1974 239 2283 299 MOGUNT.
2325 244 2607 301 OPERUM
2645 244 2827 300 PARS
2866 245 2907 299 l.

3459 247 3602 302 l‘li‘rb

336 360 492 419 simis
541 358 742 430 porcis,
793 358 858 410 ad
906 352 1378 410 contaminandum
1419 350 1529 407 ullo
1563 350 1724 406 modo
1773 363 1924 404 eom-
1951 358 2002 417 Α
2027 348 2410 406 manilestabit.
2444 350 2631 405 Potest
2655 359 2705 406 et
2726 349 2988 405 Jonathas
3015 350 3335 420 simplicium
3361 352 3453 422 qui
3481 358 3619 409 sunt

338 452 599 517 mittitur,
653 446 1056 504 contradicente
1118 444 1219 497 hoc
1276 442 1450 511 ipsum
1490 448 1547 495 et
1596 440 1919 510 prohibente

338 541 565 598 Domino
587 538 868 594 Salvatore
906 535 961 589 in
994 533 1303 604 Evangelia,
1329 531 1419 586 ubi
1446 531 1562 585 ait:
1590 529 1769 584 Nolite
1794 546 1920 584 san-

334 643 473 687 ctum
496 630 624 684 dare
650 626 886 692 canibus,
917 642 1082 696 neque
1125 624 1343 679 mittatis
1382 624 1697 694 margaritas
1722 631 1917 677 vestras

331 730 454 775 ante
494 734 701 789 porcos,
746 733 808 770 ne
848 714 981 783 forte
1027 712 1327 769 conculcent
1355 729 1444 768 eas
1477 722 1526 767 et
1564 712 1795 767 conversi
1836 712 1917 764 di-

334 822 575 883 rumpunt
610 829 697 866 vos
727 808 1070 883 (Mettium).
1100 807 1278 862 Mutus
1303 823 1434 880 ergo
1472 808 1563 877 qui
1600 807 1799 863 cecidit
1827 822 1916 861 su-

335 920 433 974 per
470 910 762 958 torrentem
806 901 875 954 ab
901 907 1023 954 ortu
1068 899 1216 961 solis,
1245 914 1403 967 quem
1432 908 1489 953 et
1517 899 1787 967 reparavit
1825 896 1915 954 Jo-

334 999 549 1061 natbas,
590 994 859 1065 signiﬁcat
902 1007 997 1047 eos
1024 992 1113 1061 qui
1143 990 1462 1045 videbantur
1482 991 1535 1045 in
1556 989 1794 1045 Ecclesia
1823 989 1917 1044 ali-

333 1101 496 1156 quam
535 1082 833 1140 custodiam
887 1082 1066 1153 gregis
1112 1080 1210 1135 sibi
1241 1080 1515 1136 commissi
1553 1095 1773 1151 gerere;
1821 1080 1915 1135 sed

332 1181 387 1235 in
429 1177 589 1233 rebus
622 1175 948 1231 transitoriis
991 1174 1285 1228 innitentes
1318 1181 1479 1243 atque
1499 1172 1777 1228 ambitioni
1816 1187 1915 1227 sas—

332 1270 438 1326 cnli
467 1268 847 1328 deservientes,
879 1264 1111 1335 prolapsi
1142 1271 1271 1320 sunt
1299 1263 1352 1316 in
1378 1262 1739 1333 voluptatibus
1761 1262 1915 1318 istius

332 1362 476 1423 vitae,
521 1367 577 1414 et
607 1373 637 1412 a
676 1357 893 1428 proprio
938 1363 1080 1411 statu
1125 1354 1479 1409 deciderunt:
1512 1368 1648 1421 quos
1693 1367 1914 1407 necesse

331 1462 416 1508 est
437 1462 497 1508 ut
517 1459 825 1508 sanctorum
854 1446 1074 1503 solertia
1106 1454 1414 1502 restaurare
1438 1444 1729 1499 contendat
1752 1451 1808 1498 et
1843 1443 1914 1499 ad

330 1545 565 1615 priorem
591 1541 898 1597 ﬁrmitatem
920 1536 1301 1593 Ecclesiastico
1331 1536 1580 1606 dogmate
1608 1534 1912 1590 roborando

331 1636 596 1690 deducere
632 1639 879 1687 conetur.

2021 438 2075 493 in
2105 438 2347 495 Ecclesia
2377 448 2562 510 typum
2598 455 2809 510 gerere,
2849 454 2988 510 quos
3016 440 3251 495 versutia
3291 441 3614 499 callidorum

2019 529 2085 584 ad
2103 538 2315 599 tempus
2333 531 2610 600 captivare
2633 530 2847 585 videtur
2864 545 2988 584 cum
3010 530 3382 600 corporalibus
3398 532 3620 589 damnis

2017 629 2110 671 eos
2136 615 2337 689 allligit,
2364 632 2591 688 quorum
2625 619 2677 673 in
2700 618 2825 673 ﬁdei
2846 619 3073 675 veritate
3097 621 3291 675 anima:
3310 623 3616 692 persisteii-

2019 717 2099 762 tes
2123 717 2245 777 post
2264 718 2493 764 mortem
2524 709 2703 764 carnis
2732 709 2786 764 in
2811 710 2983 765 lucem
3011 711 3243 766 evadent
3269 722 3613 782 perpetuam.

2089 798 2240 854 Unde
2277 810 2332 855 et
2371 799 2589 871 plurimi
2628 801 2869 871 ipsorum
2904 811 3027 872 post
3070 804 3279 858 obitum
3327 806 3616 875 prmsentis

2015 891 2140 945 vitm
2167 891 2408 946 victricia
2456 892 2608 962 signa
2633 892 2790 963 juxta
2833 908 2932 948 sua
2973 893 3219 964 sepulcra
3260 894 3462 949 habere
3492 910 3611 951 me-

2016 992 2241 1040 ruerunt
2269 984 2410 1039 sicut
2440 983 2625 1038 Simon
2665 985 2720 1038 in
2756 985 3106 1054 sequentibus
3136 985 3352 1056 legitur,
3385 986 3525 1055 patri
3556 995 3616 1040 ct

2016 1077 2177 1132 matri
2208 1084 2264 1131 et
2304 1075 2564 1131 fratribus
2608 1076 2925 1133 memoriale
2966 1078 3020 1131 in
3066 1077 3327 1147 sepulcris
3370 1077 3611 1148 ipsorum

2015 1166 2340 1222 condidisse.
2369 1166 2540 1221 Porro
2569 1167 2763 1233 sancti,
2792 1182 2931 1237 quos
2964 1166 3212 1222 Salvator
3250 1167 3304 1221 in
3343 1166 3611 1236 simplici-

2015 1266 2128 1314 tate
2170 1258 2489 1314 innocentiae
2515 1272 2625 1313 suae
2658 1267 3039 1327 permanentes
3059 1257 3334 1312 confortat
3372 1258 3559 1312 dicens
3591 1275 3607 1312 :

2018 1345 2197 1401 Nolite
2246 1347 2428 1402 timere
2469 1362 2555 1401 eos
2586 1349 2679 1417 qui
2722 1363 2909 1417 corpus
2938 1347 3206 1412 occidunt,
3247 1355 3303 1402 et
3338 1356 3466 1417 post
3492 1348 3611 1402 haec

2014 1452 2121 1492 non
2143 1436 2346 1492 habent
2372 1436 2513 1507 quod
2538 1436 2742 1492 faciant
2769 1438 2941 1504 vobis,
2963 1438 3053 1492 sed
3084 1439 3258 1508 potius
3285 1455 3407 1492 eum
3433 1440 3612 1494 timete

2012 1529 2125 1600 qui,
2154 1536 2438 1598 postquam
2468 1529 2746 1594 occiderit,
2784 1528 2937 1583 habet
2974 1539 3278 1600 potestatem
3316 1530 3521 1585 mittere
3551 1532 3610 1586 in

2013 1621 2299 1691 gehennam
2325 1619 2458 1690 ignis
2487 1618 2603 1691 (Ma
2626 1620 2703 1673 ιιι.
2744 1619 2824 1691 x),
2853 1628 2909 1675 et
2940 1620 3068 1674 item
3099 1637 3114 1675 :
3142 1618 3295 1674 Beati
3329 1622 3476 1686 estis,
3508 1622 3607 1686 ait,

402 1726 470 1779 Et
510 1742 627 1780 cum
661 1725 934 1796 cogitasset
975 1722 1218 1793 Tryphon
1248 1738 1465 1792 regnare
1500 1722 1661 1787 Asini,
1684 1732 1731 1775 et
1760 1738 1905 1776 assu-

2014 1726 2130 1764 cum
2152 1708 2515 1764 maledixerint
2556 1708 2696 1764 vobis
2740 1709 2975 1763 homines
3011 1719 3059 1763 et
3084 1711 3337 1779 persecuti
3368 1726 3455 1764 nos
3492 1708 3603 1779 [ue-

331 1831 469 1869 mere
493 1814 756 1878 diadema,
780 1822 886 1867 etc.
912 1811 1167 1882 Tryphon
1200 1810 1303 1865 iste
1328 1810 1730 1883 hypocritarum
1751 1819 1915 1881 atque

330 1903 708 1960 haereticorum
752 1902 977 1973 ﬁguram
1005 1909 1174 1966 tenet,
1210 1901 1302 1971 qui
1338 1901 1496 1956 aliter
1532 1909 1699 1972 agunt
1722 1900 1913 1956 aliter-

332 2010 438 2066 que
477 1994 800 2065 loquuntur,
860 2002 1021 2063 atque
1070 1991 1215 2046 aliud
1264 1990 1558 2046 intentione
1598 1990 1908 2045 moliuntur.

330 2084 529 2138 Contra
571 2080 778 2155 [quem]
807 2081 1066 2137 Jonathas
1101 2095 1225 2135 cum
1273 2080 1631 2151 quadraginta
1676 2078 1913 2134 millibus

330 2175 587 2236 occurrit,
639 2174 765 2243 quia
814 2182 1001 2228 contra
1055 2172 1189 2227 tales
1232 2170 1540 2242 evangelica
1575 2171 1817 2227 doctrina
1857 2180 1914 2227 et

329 2266 572 2321 custodia
606 2265 981 2319 mandatorum
1025 2262 1119 2317 Dei
1160 2263 1465 2318 necessaria
1490 2271 1574 2317 est
1606 2280 1618 2315 :
1645 2263 1739 2332 qui
1765 2263 1910 2317 enim

328 2356 618 2414 secundum
660 2356 933 2428 Evangelii
963 2357 1281 2411 documenta
1309 2355 1446 2424 legis
1480 2363 1746 2424 praecepta
1790 2370 1910 2410 ser.

331 2446 557 2506 vaverit,
592 2446 828 2500 hostium
849 2460 1052 2501 cuneos
1080 2460 1304 2501 securus
1326 2445 1651 2515 penetrabit.

398 2539 503 2595 Sed
547 2538 690 2608 quod
728 2537 978 2609 Tryphon
1014 2537 1138 2593 dolo
1166 2538 1436 2607 persuasit
1464 2536 1711 2593 Jonathte
1737 2544 1795 2591 ut
1826 2551 1910 2593 re-

324 2629 535 2684 miserit
552 2644 582 2682 a
604 2642 664 2683 se
683 2626 980 2683 exercitum
997 2640 1286 2695 secumque
1300 2625 1522 2696 paciﬁce
1538 2625 1880 2697 perceperitll
1892 2666 1908 2690 ,

323 2718 510 2789 sicque
550 2731 672 2772 eum
715 2716 960 2772 delusum
990 2717 1285 2786 mptivavit
1325 2724 1490 2786 atque
1534 2731 1718 2771 secum
1760 2730 1910 2770 com-

323 2819 565 2868 meantes
609 2809 828 2875 occidit,
878 2809 1150 2881 signiﬁcat
1188 2824 1377 2866 eorum
1416 2808 1629 2863 ruinam
1669 2809 1760 2878 qui
1784 2807 1910 2878 legio

322 2904 452 2960 time
496 2917 558 2959 se
592 2918 699 2959 non
737 2904 1047 2965 observant,
1104 2917 1205 2959 nec
1245 2900 1514 2957 cautelam
1562 2902 1616 2955 in
1675 2901 1909 2956 circum-

321 2996 598 3066 spectione
636 2994 824 3051 cordis
852 3001 908 3049 et
942 2993 1352 3049 conversatione
1395 2992 1638 3063 corporis
1685 2991 1903 3046 habent.

2013 1802 2117 1856 rint
2141 1810 2191 1855 et
2218 1801 2443 1855 dixerint
2472 1817 2623 1856 omne
2644 1800 2842 1855 malum
2867 1800 3143 1856 adversm
3163 1818 3251 1856 vos
3278 1803 3601 1867 mentientes,

2012 1900 2224 1961 propter
2248 1907 2329 1944 me
2356 1891 2578 1961 gaudete
2620 1893 2674 1944 in
2721 1889 2816 1944 illa
2850 1890 2935 1944 die
2956 1900 3003 1944 et
3044 1890 3323 1955 easnltate,
3353 1893 3604 1962 quoniam

2011 1995 2204 2034 merces
2228 1990 2393 2034 vestra
2419 1982 2586 2034 multa
2608 1989 2683 2034 est
2708 1980 2763 2034 in
2786 1978 2913 2034 coelo
2936 1980 3153 2052 (Natta.
3180 1982 3268 2052 v);
3294 1992 3350 2035 et
3372 1982 3601 2036 iterum:

2012 2068 2246 2126 Gaudete
2286 2082 2334 2126 et
2376 2071 2653 2133 ersultate,
2686 2071 2882 2141 inquit,
2903 2072 3152 2143 quoniam
3187 2074 3398 2127 nomina
3429 2084 3604 2128 vestra

2011 2162 2204 2231 scripta
2236 2172 2357 2227 sunt
2403 2164 2459 2216 in
2499 2162 2626 2217 cazlo
2667 2161 2818 2235 (Luc.
2853 2162 2945 2236 x);
2989 2163 3056 2219 de
3092 2166 3289 2234 quibus
3314 2164 3603 2220 Psalmista

2010 2253 2089 2308 ait
2128 2271 2140 2306 :
2182 2252 2249 2307 In
2293 2255 2543 2308 memoria
2577 2262 2773 2309 (eterna
2817 2255 2915 2308 erit
2955 2254 3177 2325 justus,
3221 2254 3287 2308 ab
3332 2256 3605 2311 auditione

2009 2342 2150 2397 mala
2185 2360 2288 2398 non
2322 2343 2519 2398 timebit
2549 2342 2720 2414 (Psal.
2747 2343 2896 2416 cn);
2940 2344 2992 2397 bi
3025 2343 3323 2398 secundum
3366 2354 3597 2400 mortem

2009 2431 2181 2501 magis
2211 2430 2390 2485 valere
2432 2439 2488 2485 et
2527 2430 2735 2485 felicius
2765 2431 2946 2486 vivere
2974 2432 3290 2496 creduntur,
3323 2448 3448 2487 cum
3490 2434 3603 2501 ipse

2011 2523 2124 2578 Rex
2168 2533 2223 2578 et
2264 2522 2525 2577 Dominus
2568 2536 2777 2587 eorum,
2818 2519 2976 2577 Jesus
3016 2522 3267 2576 videlicet
3315 2519 3599 2587 Christus,

2019 2612 2319 2682 triumphos
2340 2627 2527 2668 eorum
2558 2612 2726 2681 signis
2748 2620 2804 2667 et
2824 2611 3102 2666 miraculis
3121 2611 3529 2666 coruscantibus
3548 2612 3603 2665 in

2011 2711 2124 2759 toto
2152 2704 2283 2758 urbe
2320 2702 2597 2758 declarare
2625 2704 2985 2774 cognoscitur,
3026 2704 3100 2756 ita
3133 2712 3192 2756 ut
3212 2701 3367 2771 juxta
3399 2718 3604 2758 memo-

2014 2795 2149 2849 riam
2184 2794 2533 2864 reliquiarum
2556 2796 2794 2865 ipsorum
2820 2793 2980 2849 caecis
3005 2793 3276 2848 tribuatur
3294 2795 3461 2859 visus,
3488 2810 3604 2849 sur-

2007 2884 2091 2940 dis
2117 2884 2349 2950 auditns,
2377 2884 2582 2939 claudis
2610 2899 2829 2957 gressus
2847 2893 2903 2940 et
2921 2886 3087 2941 mutis
3110 2885 3415 2957 loquelam;
3446 2904 3594 2943 arca-

2008 2975 2092 3029 nis
2129 2975 2538 3047 aagritudinibus
2562 2991 2691 3031 cura
2721 2976 2954 3031 salubris
2980 2993 3080 3049 per
3109 2993 3296 3034 eorum
3325 2981 3602 3036 orationes

320 3089 386 3164 ili
415 3089 558 3144 enim
581 3088 707 3159 quia
732 3086 1006 3157 Evangelii
1044 3086 1187 3140 illam
1216 3085 1518 3139 doctrinam
1542 3098 1650 3139 non
1678 3082 1907 3137 attendit
1932 3074 1978 3138 C
2008 3080 2315 3164 prfcstelur,
2334 3079 2446 3164 ﬁte
2466 3074 2740 3164 contrario
2756 3072 2969 3164 ibidem
2994 3074 3233 3164 perversi
3260 3088 3325 3128 ac
3347 3075 3599 3129 malitiosi

319 3181 410 3238 ubi
434 3178 683 3237 Salvator
704 3177 981 3248 discipulis
1006 3178 1118 3232 suis
1141 3178 1397 3247 praecepit
1427 3175 1649 3230 dicens:
1682 3174 1907 3245 Vigilate

319 3283 366 3328 et
398 3281 563 3337 orate,
596 3280 651 3325 ut
692 3286 795 3325 non
842 3269 1046 3323 intretis
1079 3269 1135 3321 in
1178 3270 1513 3322 tentationem
1530 3262 1927 3334 (Hatth.nvn);

319 3371 376 3417 et
398 3361 563 3415 item:
592 3358 873 3422 Attendite,
925 3356 1123 3429 inquit,
1165 3357 1308 3412 vobis
1355 3374 1390 3411 a
1434 3356 1585 3428 falsis
1621 3358 1904 3429 prophetis,

317 3456 406 3525 qui
435 3452 644 3508 veniunt
683 3452 753 3507 ad
782 3469 868 3507 nos
913 3453 972 3506 in
1012 3453 1330 3507 uestimentis
1373 3452 1568 3517 attinnt,
1595 3452 1905 3506 intrinsecus

317 3554 492 3599 autem
536 3553 658 3598 sunt
703 3542 814 3613 lupi
861 3559 1076 3614 rapaces
1120 3542 1336 3615 (Matth.
1381 3540 1512 3616 vn);
1551 3542 1746 3597 merito
1774 3557 1906 3612 ergo

317 3635 508 3691 borum
538 3644 824 3705 superatur
858 3643 1021 3706 atque
1064 3633 1394 3689 interimitur
1433 3633 1728 3699 exercitus,
1776 3634 1901 3703 quia

317 3725 616 3797 magisterii
664 3725 902 3781 cmlestis
945 3724 1193 3780 doctrina
1234 3724 1303 3778 ab
1340 3723 1446 3779 illis
1484 3739 1592 3779 non
1639 3724 1903 3795 condigne

316 3822 581 3874 senatur.
622 3814 792 3872 Porro
833 3815 952 3871 loco
992 3812 1238 3870 Jonatba:
1263 3813 1448 3870 Simon
1472 3812 1642 3869 frater
1664 3813 1784 3884 ejus
1816 3830 1902 3870 sa-

316 3905 556 3960 cerdotio
598 3902 859 3975 fungitur,
907 3911 964 3958 et
1003 3902 1185 3974 populi
1211 3903 1466 3959 ducatum
1495 3904 1657 3975 gerit,
1693 3919 1814 3959 cum
1841 3905 1898 3959 in

315 3996 565 4067 praesenti
595 3994 858 4060 Ecclesia,
883 3994 1002 4049 aliis
1033 3994 1407 4052 recedentibus
1448 3994 1539 4049 alii
1568 3994 1899 4051 substituun-

316 4096 403 4140 tur
427 4085 518 4155 qui
544 4084 719 4140 locum
744 4083 1022 4155 regiminis
1045 4092 1263 4138 teneant
1289 4094 1344 4140 et
1370 4084 1426 4139 in
1454 4085 1649 4140 castris
1672 4085 1895 4155 spirita-

312 4173 455 4229 libus
484 4172 682 4228 milites
716 4171 917 4228 Christi
958 4172 1144 4228 sedulo
1170 4181 1478 4239 exerceant,
1506 4182 1772 4243 quatenus
1798 4174 1898 4230 ho-

2008 3177 2038 3216 a
2061 3160 2350 3216 Demetriis
2380 3159 2705 3235 [daamoniis]
2751 3162 3384 3234 invadantnr,,ﬂagitiosi
3429 3175 3487 3219 et
3520 3165 3599 3219 in-

2007 3253 2213 3309 creduli
2240 3254 2532 3324 puniantur
2557 3254 2766 3324 ipsique
2797 3255 3069 3311 dmmones
3096 3256 3289 3311 validis
3316 3260 3595 3312 tormentis

1997 3343 2156 3415 juxta
2185 3344 2239 3400 id
2267 3343 2410 3415 quod
2434 3343 2612 3414 palam
2641 3346 2903 3415 rugiendo
2922 3346 3165 3416 proﬁteri
3194 3359 3483 3418 coguntur,
3508 3364 3596 3403 ex-

2004 3436 2341 3492 cruciantur.

2589 3504 2819 3563 CAPUT
2870 3505 3005 3561 Xlll.

2006 3618 2190 3673 Simon
2219 3621 2764 3694 pro‘fratresuodua:
2800 3622 3186 3694 conititaiturg:
3216 3623 3373 3694 mittit
3407 3641 3594 3694 argeno

2073 3698 2186 3763 tum
2222 3700 2270 3744 et
2297 3689 2428 3763 duos
2453 3691 2593 3763 ﬁlios
2627 3691 2869 3763 Jonatjuc
2899 3689 3180 3763 Tryphoni.
3209 3693 3283 3763 De
3304 3689 3588 3763 mustella-

2072 3760 2247 3832 nathte
2272 3770 2319 3814 et
2345 3758 2576 3832 ﬁliorum
2596 3760 2729 3827 eius.
2760 3758 2836 3814 De
2862 3758 3088 3832 adiicio
3109 3761 3354 3832 sepulcri.
3384 3761 3587 3817 Occidit

2075 3827 2316 3903 Tryphon
2346 3827 2524 3903 dolose
2549 3832 2861 3903 Antiochum
2905 3827 3307 3903 adolescentem,
3336 3843 3384 3887 et
3417 3836 3587 3903 iunpo-

2071 3898 2175 3952 suit
2203 3900 2302 3955 sibi
2323 3900 2566 3956 diadema
2593 3900 2753 3956 Asite.
2783 3898 3063 3956 Constituit
3092 3901 3389 3958 Demetrius
3406 3898 3586 3973 pacem

2071 3985 2189 4022 cum
2225 3966 2457 4024 Simone.
2481 3980 2587 4024 etc.

2071 3985 2189 4022 cum
2225 3980 2457 4036 Simone,
2481 3980 2587 4026 etc.

2071 4079 2136 4134 Et
2165 4052 2363 4136 audivit
2396 4080 2579 4137 Simon
2610 4082 2749 4154 quod
2788 4084 3115 4154 congregavit
3156 4082 3397 4155 Tryphon
3438 4102 3585 4140 eser-

1996 4170 2158 4225 eitum
2201 4170 2469 4244 copiosum
2510 4181 2568 4227 ut
2601 4173 2794 4228 veniret
2823 4174 2879 4229 in
2911 4183 3107 4229 terram
3151 4173 3322 4240 Iuda,
3358 4183 3469 4231 etc.
3518 4175 3584 4233 Et

310 4266 484 4321 stibus
531 4265 799 4320 universis
858 4264 982 4320 belli
1031 4265 1251 4336 gerendi
1298 4273 1598 4336 opportune
1642 4266 1897 4323 resistere
1997 4262 2273 4331 aediﬁcavit
2308 4262 2491 4319 Simon
2527 4268 2684 4335 super
2712 4265 3007 4338 sepulcrum
3035 4267 3201 4338 patris
3225 4267 3330 4334 sui,
3361 4276 3471 4324 etc.
3498 4267 3583 4324 Si-

311 4356 541 4413 valeant.
573 4355 679 4411 Sed
707 4354 961 4426 Tryphon
986 4356 1195 4427 typicus
1213 4356 1374 4412 simili
1396 4356 1559 4413 modo
1583 4371 1891 4413 sermonum
1996 4367 2121 4406 mon
2156 4353 2317 4422 patri,
2348 4362 2404 4410 et
2432 4356 2616 4421 matri,
2660 4363 2716 4411 et
2759 4355 3034 4420 fratribnS,
3084 4370 3152 4411 ex
3196 4356 3374 4427 lapide
3418 4356 3583 4428 polito

311 4447 616 4505 ﬁctionibus
652 4447 787 4503 tales
817 4448 1059 4520 [talibus]
1104 4457 1164 4504 nt
1210 4447 1434 4505 fratrem
1468 4447 1585 4518 ejus
1619 4449 1892 4506 deluserat
1916 4428 1969 4486 Ι)
1996 4443 2311 4499 memoriam
2339 4458 2501 4516 super
2533 4444 2778 4517 58911101⁵³
2806 4443 3060 4513 fabrica“:
3089 4462 3212 4502 cum
3236 4448 3412 4503 sane“
3438 4463 3579 4520 νηι-

307 4540 558 4611 decipere
597 4548 843 4604 conatur,
888 4540 1013 4609 quia
1057 4554 1332 4609 nunquam
1374 4541 1630 4610 antiquus
1669 4539 1886 4613 [hostis]

308 4647 405 4701 per
431 4647 489 4686 se
514 4644 747 4699 suosque
790 4628 1067 4695 ministros
1100 4628 1396 4684 cultoribus
1421 4626 1622 4684 Christi
1665 4628 1890 4684 insidias

308 4721 590 4792 disponere
618 4727 826 4786 cessat;
860 4719 953 4775 sed
978 4719 1068 4788 qui
1097 4715 1354 4781 Simonis,
1382 4717 1486 4774 hoc
1513 4725 1615 4785 est,
1641 4718 1892 4775 obeditm-

305 4809 378 4865 tis
403 4819 457 4865 et
480 4809 678 4865 divinis
700 4809 981 4879 praeceptis
1005 4808 1107 4864 rite
1136 4806 1579 4877 obtemperantis,
1604 4808 1763 4878 digne
1789 4824 1885 4879 ge-

308 4902 380 4955 rit
398 4901 654 4964 ollieium,
687 4902 1059 4955 universorum
1107 4899 1366 4963 hostium,
1414 4913 1647 4968 superno
1672 4897 1888 4967 adjutus

308 4989 530 5054 auxilio,
556 4997 731 5059 potest
760 4989 997 5044 devitarc
1026 4987 1360 5050 scandalum.

377 5080 633 5151 Tryphon
657 5095 786 5135 vero
807 5079 966 5135 simul
992 5096 1112 5136 cum
1133 5078 1366 5135 Jonatha
1396 5079 1534 5135 ﬁlios
1561 5078 1721 5147 illius,
1753 5095 1888 5151 quos

304 5170 521 5226 obsides
542 5168 768 5238 accepit,
797 5169 1018 5234 occidit,
1046 5169 1171 5224 licet
1195 5185 1289 5225 eos
1308 5171 1617 5239 promiserit
1639 5172 1889 5227 similiter

305 5277 425 5316 cum
451 5268 603 5330 patre
640 5258 951 5324 servandos,
978 5258 1104 5328 quia
1138 5259 1390 5330 antiquus
1424 5261 1593 5317 hostis
1619 5277 1888 5332 quoscun-

306 5366 408 5421 que
450 5334 755 5406 seducendo
794 5348 849 5403 in
888 5350 1095 5418 peccati
1143 5359 1370 5404 mortem
1410 5352 1651 5421 impellit.
1683 5351 1884 5408 Horum

304 5443 546 5514 profecto
577 5442 732 5507 ﬁlios,
761 5441 863 5498 hoc
886 5449 971 5497 est
986 5455 1172 5512 Opera,
1199 5441 1326 5498 licet
1345 5453 1501 5499 antea
1526 5460 1712 5515 pacem
1734 5445 1887 5501 blan-

306 5535 499 5589 diendo
541 5533 891 5601 simulaverit,
935 5532 990 5589 in
1037 5532 1143 5587 ﬁne
1187 5543 1390 5590 aeterno
1436 5536 1677 5593 cruciatu
1729 5536 1886 5606 digna

381 5655 406 5683 ι
439 5642 531 5698 Sic
565 5659 666 5698 ms.
691 5642 851 5698 Forte
881 5644 1073 5701 uenerit

1992 4537 2258 4593 dicatores
2289 4537 2432 4594 facta
2458 4538 2877 4609 praecedenu'um
2914 4547 3129 4609 patrum
3175 4555 3243 4595 ac
3277 4540 3443 4597 ﬁnem
3470 4542 3581 4611 glo-

1992 4628 2216 4692 riosum,
2241 4628 2311 4683 ad
2346 4629 2653 4701 exemplum
2686 4630 3044 4699 praesentibus
3079 4635 3577 4697 commemorando,

1992 4734 2182 4789 magna
2211 4719 2535 4775 auctoritate
2575 4721 2865 4776 ostendunt
2894 4738 2908 4773 :
2941 4720 3044 4776 hoc
3068 4722 3218 4778 enim
3251 4731 3383 4779 ante
3412 4733 3471 4782 et
3497 4739 3579 4780 ro-

1990 4826 2076 4871 tro
2103 4815 2331 4886 lapidem
2377 4815 2601 4887 politum
2642 4830 2866 4885 ponere,
2891 4824 2952 4869 ut
2992 4815 3227 4888 qualiter
3249 4826 3379 4874 ante
3416 4818 3577 4875 tinem

1992 4905 2116 4958 vitm
2157 4919 2254 4974 pro
2280 4904 2531 4975 dogmate
2556 4911 2612 4959 et
2635 4913 2822 4959 sancta
2860 4905 3272 4962 conversatione
3302 4908 3574 4972 vixerunt,

1990 5003 2046 5048 et
2070 4993 2225 5063 quale
2246 4993 2549 5063 exemplum
2583 4995 2856 5064 patientiae
2878 4995 3305 5066 longanimitatis
3329 5013 3444 5055 suae
3462 5008 3576 5070 post

1990 5081 2196 5135 obitum
2243 5080 2475 5151 posteris
2513 5080 2870 5151 reliquerunt,
2916 5082 3201 5140 manifeste
3241 5085 3576 5142 auditoribus

1990 5172 2103 5225 suis
2128 5172 2381 5226 studeant
2409 5170 2513 5225 ﬁda
2537 5173 2852 5229 narratione
2876 5173 3175 5231 declarare.
3203 5174 3359 5243 Quod
3396 5187 3573 5233 autem

1992 5263 2164 5317 sancti
2208 5263 2310 5316 viri
2351 5263 2522 5333 patris
2566 5278 2630 5318 ac
2668 5263 2857 5319 matris
2896 5273 3059 5336 atque
3095 5265 3323 5323 fratrum
3360 5269 3576 5325 nomine

1994 5361 2390 5422 nuncupentur,
2415 5353 2653 5408 ostendit
2675 5350 2923 5411 Salvator
2947 5354 3003 5409 in
3031 5355 3324 5426 Evangelio
3352 5357 3575 5413 dicens:

1997 5443 2304 5513 Quicunque
2331 5443 2510 5511 fecerit
2540 5444 2854 5500 voluntatem
2898 5442 3078 5501 Patris
3116 5449 3234 5514 mei,
3274 5450 3370 5519 qui
3395 5450 3450 5503 in
3474 5464 3571 5502 etz-

1995 5532 2060 5587 lis
2080 5542 2177 5599 est,
2219 5532 2326 5602 ipse
2370 5549 2538 5597 meus.
2561 5534 2743 5603 frater,
2785 5551 2936 5590 soror
2964 5545 3012 5590 et
3047 5547 3217 5593 mater
3256 5548 3330 5591 est
3360 5537 3571 5610 (Matth.
