3934 6186
392 362 509 417 12⁸1

1093 353 1443 412 COMMENT.
1487 354 1553 409 IN
1601 354 1850 412 LIBROS
1891 350 2469 411 MACHABiIORUM.
2510 379 2578 390 -—
2614 349 2681 403 ΙΝ
2719 348 2846 404 LIB.
2891 347 2931 403 Ι.

3505 352 3648 410 1202

386 484 494 542 xu).
543 469 680 525 Hinc
712 466 985 537 apostolus
1021 465 1221 521 Paulus
1263 466 1333 521 ad
1376 464 1689 521 Corinthios
1718 464 1963 521 scribens
1990 467 2041 526 Α
2068 471 2231 532 atque
2253 461 2530 517 duritiam.
2553 459 2832 516 Construit
2860 475 2990 533 ergo
3024 461 3302 517 machinas
3340 464 3535 520 utultas
3561 466 3651 522 Si-

388 564 453 618 ait
481 561 529 635 tl
562 558 688 615 Cor.
722 558 798 630 tv)
830 577 844 612 :
881 557 1023 612 Nam
1053 560 1102 612 si
1148 563 1319 615 decem
1346 556 1517 612 millia
1554 558 1958 628 pedagogorum

386 651 607 706 trabeatis
648 650 703 703 in
749 646 980 712 Christo,
1006 646 1095 701 sed
1141 662 1247 701 non
1283 646 1478 703 multos
1514 656 1731 717 patres:
1759 662 1880 701 nam
1906 646 1961 700 in

387 739 584 795 Christo
623 737 754 793 Jesu
801 753 894 806 per
934 735 1277 805 anngeh'um
1317 752 1413 805 ego
1461 752 1550 790 vos
1596 736 1783 806 genui;
1813 743 1862 791 et
1896 736 1962 790 de

389 830 661 885 Timotheo
679 828 746 882 ad
783 827 1155 897 Philippenses
1176 827 1255 881 ait
1282 844 1295 880 :
1328 826 1758 897 Experimentum
1789 835 1961 880 autem

386 923 488 992 ejus
522 918 813 990 cognoscite
834 918 1085 988 quartum
1107 918 1239 972 sicut
1266 917 1407 987 patri
1439 932 1641 971 mecum
1667 916 1875 972 servivit
1907 918 1963 970 in

392 1010 659 1082 Evangelia
681 1011 701 1078 (
711 1002 869 1077 Phil”
885 1004 973 1072 tt).

451 1103 649 1158 Statuit
691 1111 741 1156 et
787 1101 971 1157 Simon
1008 1110 1203 1174 septem
1233 1102 1559 1174 pyramidas,
1592 1117 1755 1155 unam
1781 1111 1962 1156 contra

388 1210 537 1248 unam
569 1194 708 1263 patri
739 1202 787 1248 et
825 1194 983 1248 matri
1028 1208 1093 1248 ac
1116 1202 1344 1265 quatuor
1382 1193 1657 1264 fratribus,
1695 1207 1819 1247 cum
1865 1192 1961 1247 do-

386 1294 495 1339 ctor
539 1283 764 1352 quilibet
812 1283 1041 1353 qualiter
1078 1283 1372 1354 unicuique
1420 1297 1666 1355 persona:
1718 1282 1962 1353 priorum

387 1373 554 1428 Patris
584 1372 821 1445 [patrum
849 1373 945 1447 (1)]
990 1375 1078 1430 lux
1119 1374 1417 1445 sapientiae,
1444 1391 1566 1446 quze
1592 1390 1692 1446 per
1714 1372 1964 1444 septifor-

389 1479 520 1519 mem
549 1462 807 1533 Spiritum
837 1464 1082 1521 ﬁdelibus
1109 1465 1386 1533 tribuitur,
1417 1465 1613 1521 collata
1638 1465 1710 1521 sit
1737 1464 1965 1519 demon-

386 1542 543 1613 stret...
568 1556 635 1610 Et
661 1557 1030 1627 circumposuit
1057 1557 1139 1610 his
1177 1555 1447 1610 columnas
1488 1554 1557 1627 [et
1586 1571 1746 1626 super
1768 1553 1966 1609 colum-

388 1646 498 1720 nas]
526 1664 675 1702 arma
700 1648 771 1702 ad
796 1647 1101 1702 memoriam
1139 1655 1409 1712 (sternam,
1437 1661 1560 1700 eum
1594 1644 1962 1699 inﬁrmitatem

387 1749 436 1793 et
464 1738 837 1793 rectitudinem
867 1738 990 1793 ﬁdei
1015 1752 1227 1802 eorum,
1260 1745 1316 1792 et
1345 1737 1399 1791 in
1428 1736 1542 1805 ipsa
1565 1734 1668 1790 ﬁde
1695 1736 1965 1804 quomodo

2061 568 2188 608 mon
2218 553 2477 608 adversus
2501 550 2726 616 Gazam,
2756 566 2879 607 cum
2921 553 3170 608 doctores
3213 553 3385 608 sancti
3411 554 3652 611 diversos

2062 644 2286 715 spiritus
2326 643 2638 714 dogmatum
2689 643 2756 698 ad
2798 641 3089 713 capiendas
3127 645 3366 714 gentium
3407 648 3662 702 munitiu-

2063 751 2161 791 nes
2200 733 2524 800 eonferunt,
2574 741 2840 804 quatenus
2892 748 2986 788 eos
3032 735 3267 803 praedam
3320 736 3654 791 salutiferam

2063 826 2276 883 Domini
2301 826 2445 898 regis
2477 825 2585 891 sui,
2611 824 2739 880 Jesu
2778 825 3024 881 videlicet
3054 824 3272 891 Christi,
3307 827 3574 899 redigant.
3602 830 3658 884 lu

2064 932 2171 987 quo
2214 915 2480 986 percussit
2517 922 2720 970 turrem
2767 930 2930 970 unam
2974 924 3029 971 et
3067 917 3500 986 comprehendit,
3532 934 3656 973 cum

2064 1006 2367 1078 superbiam
2396 1005 2672 1077 gentilium
2703 1007 2895 1061 stravit
2929 1022 3224 1078 eorumque
3249 1010 3411 1064 corda
3447 1010 3500 1064 in
3525 1011 3654 1065 obcv

2064 1097 2318 1154 dientiam
2342 1096 2614 1168 Evangelii
2645 1097 2883 1153 adduxit.

2132 1186 2236 1255 Qui
2262 1187 2568 1257 autcm,qui
2594 1196 2772 1253 erant,
2803 1196 2855 1242 ct
2876 1187 2967 1257 qui
2989 1194 3113 1242 sunt
3144 1188 3216 1242 illi
3243 1189 3335 1259 qui
3364 1205 3488 1244 cum
3520 1207 3652 1245 uxo-

2063 1278 2215 1334 ribus
2241 1285 2296 1332 et
2326 1276 2450 1333 filiis
2475 1292 2637 1347 supra
2667 1293 2879 1332 murum
2923 1278 3112 1333 scissis
3152 1279 3351 1335 tunicis
3396 1282 3663 1336 ascende-

2065 1379 2193 1425 runt
2213 1379 2315 1425 eta
2344 1369 2566 1425 Simone
2594 1370 2813 1425 dextras
2837 1360 2939 1426 sibi
2961 1371 3077 1425 dari
3100 1371 3528 1442 postulaverunt,
3555 1371 3661 1428 nisi

2065 1460 2140 1517 illi
2178 1461 2270 1531 qui
2308 1461 2759 1517 sollicitudinibus
2785 1469 2840 1516 et
2870 1461 3258 1533 cupiditatibus
3288 1465 3448 1536 hujus
3476 1466 3661 1521 mundi

2066 1555 2269 1610 divitiis
2307 1555 2574 1626 impliciti,
2622 1556 2966 1625 postmodum
3018 1558 3285 1620 conversi,
3342 1574 3449 1614 non
3494 1559 3659 1615 vesti-

2066 1652 2247 1700 menta
2271 1661 2391 1712 sua,
2423 1647 2516 1701 sed
2549 1647 2712 1701 corda
2756 1661 2854 1716 per
2901 1647 3279 1718 paenitentiam
3327 1648 3661 1712 scindentcs,

2067 1736 2285 1791 dextras
2309 1736 2768 1791 reconciliationis
2793 1746 2848 1792 et
2878 1737 3154 1793 societatis
3189 1738 3258 1792 ab
3282 1739 3665 1794 ecclesiasticis

387 1830 547 1885 armis
590 1829 920 1901 spiritalibus
961 1835 1149 1883 contra
1193 1827 1377 1882 hostes
1414 1825 1793 1897 pugnaverint,
1843 1824 1971 1879 insi-
1999 1829 2046 1887 Β
2075 1827 2177 1883 sibi
2220 1826 2335 1883 dari
2372 1831 2669 1898 expetunt?
2705 1843 2932 1898 quorum
2972 1829 3219 1898 petitioni
3244 1832 3550 1887 miserando
3577 1831 3667 1888 Si-

388 1939 486 1977 nua
494 1930 530 1976 t.

453 2013 521 2068 Et
555 2014 708 2083 juxta
744 2029 894 2067 arma
936 2028 1089 2067 naves
1131 2010 1385 2082 sculptus,
1413 2027 1529 2083 qutc
1571 2010 1864 2081 viderentur
1897 2009 1965 2063 ab

386 2104 619 2159 omnibus
648 2104 1008 2174 navigantibus
1041 2121 1204 2159 mare.
1228 2104 1366 2172 Quia
1403 2103 1635 2174 qualiter
1658 2102 1965 2175 praeceden—

387 2204 463 2249 tes
478 2194 608 2266 justi
640 2196 922 2265 prtesentis
941 2196 1066 2250 vita
1090 2195 1312 2268 pelagus
1341 2195 1556 2263 navigio
1593 2196 1771 2252 erucis
1803 2194 1963 2251 Chri-

387 2288 451 2342 sti
476 2288 789 2343 transierint
814 2288 868 2342 in
902 2288 1087 2343 mundi
1116 2288 1276 2343 istius
1304 2286 1556 2343 ﬂuctibus
1574 2287 1965 2354 laborantibus,

388 2380 449 2434 ad
478 2395 625 2449 spem
647 2380 821 2435 solatii
850 2380 1110 2450 ipsorum,
1149 2380 1391 2436 docendo
1419 2378 1761 2445 conﬁrmant,
1797 2388 1857 2433 ut
1878 2394 1966 2434 eo-

387 2477 643 2541 guoscaut
667 2470 811 2524 sicut
849 2470 1066 2540 quando
1107 2468 1275 2541 [quod
1300 2469 1461 2539 sicut]
1507 2468 1613 2525 illis
1650 2469 1967 2540 praedictum

386 2558 654 2630 navigium
675 2559 967 2615 salubriter
989 2559 1215 2615 contulit
1253 2559 1406 2615 littus
1427 2559 1641 2629 quietis,
1688 2560 1762 2613 ita
1791 2566 1842 2614 et
1867 2558 1969 2614 sibi

387 2649 669 2706 credulitas
708 2652 972 2721 passionis
1007 2651 1209 2707 Christi
1254 2658 1311 2706 et
1340 2658 1544 2713 nostrae
1587 2650 1973 2720 redemptionis

388 2744 440 2798 in
472 2742 604 2813 ipsa,
651 2744 697 2798 si
744 2745 1011 2815 condigna
1036 2744 1211 2798 eidem
1234 2742 1541 2799 credulitati
1580 2750 1637 2797 et
1674 2757 1837 2812 opera
1875 2742 1972 2797 ha-

386 2833 512 2889 bere
538 2833 724 2899 velint,
754 2842 968 2903 portum
994 2833 1185 2889 salutis
1211 2843 1429 2889 aeterna:
1457 2831 1717 2888 conferat.

458 2922 701 2994 Tryphon
729 2934 902 2979 autem
929 2938 1048 2977 cum
1075 2924 1176 2977 iter
1209 2922 1401 2993 faceret
1429 2938 1548 2977 cum
1577 2920 1833 2976 Antiocho
1854 2936 1972 2991 rege

386 3014 727 3079 adolescente,
752 3014 874 3069 doto
916 3014 1104 3069 occidit
1142 3030 1284 3079 eum,
1310 3022 1419 3069 etc.
1448 3012 1525 3068 De
1553 3012 1657 3067 hoc
1684 3010 1973 3082 Pompeius

387 3104 460 3158 ita
487 3102 654 3159 refert
691 3122 704 3157 :
749 3103 887 3157 Dum
914 3104 1031 3158 haec
1058 3111 1291 3174 aguntur
1335 3102 1551 3158 interim
1580 3101 1636 3156 in
1659 3099 1833 3171 Syriae
1854 3115 1971 3171 par-

2065 1940 2190 1980 mon
2224 1923 2484 1995 spiritalis
2534 1922 2881 1979 consentiens
2924 1939 3032 1979 non
3079 1925 3442 1980 anathematis
3484 1925 3663 1995 gladio

2065 2030 2160 2071 eos
2192 2014 2452 2084 percutit,
2495 2013 2591 2068 sed
2631 2012 2698 2069 de
2741 2014 3128 2083 superstitione
3177 2013 3495 2084 gentilitatis
3540 2017 3669 2070 edu-

2066 2120 2216 2172 cens,
2230 2120 2446 2161 errores
2470 2119 2657 2160 eorum
2681 2103 3044 2161 abscindendo
3064 2107 3283 2171 amovit,
3303 2114 3567 2176 quatenus
3585 2106 3667 2162 ha-

2068 2196 2392 2253 bitationem
2418 2195 2811 2266 condignamin
2838 2209 3025 2250 eorum
3045 2196 3420 2267 peccatoribus
3437 2196 3670 2252 Domino

2068 2285 2287 2342 Christo
2304 2290 2591 2356 praeparet.
2630 2282 2936 2353 Eruperant
2970 2283 3110 2337 intra
3134 2283 3435 2338 machinam
3460 2284 3514 2339 in
3537 2285 3668 2339 civi—

2069 2388 2248 2432 tatem.
2264 2376 2400 2444 Quia
2424 2374 2707 2431 insolentia
2723 2375 3077 2431 barbarorum
3101 2374 3228 2430 licet
3244 2375 3475 2431 evadere
3489 2375 3672 2431 Evan-

2070 2470 2268 2542 gelium
2306 2474 2456 2525 recte
2495 2466 2791 2538 quaesierit,
2831 2475 3013 2522 tamen
3043 2466 3297 2523 veridicis
3339 2466 3670 2523 testimoniis

2070 2561 2202 2633 legis
2232 2559 2326 2615 Dei
2348 2557 2717 2629 circumligata
2747 2567 2909 2627 atque
2934 2571 3244 2628 compressa
3273 2565 3376 2613 est.

2145 2650 2212 2705 Et
2239 2649 2413 2721 factus
2438 2657 2514 2705 est
2546 2658 2718 2711 motus
2758 2664 2981 2719 magnus
3003 2648 3060 2703 in
3102 2649 3330 2703 civitate.
3360 2648 3495 2704 Cum
3521 2656 3667 2704 totus

2072 2745 2305 2802 mundus
2360 2759 2659 2801 concussus
2723 2752 2809 2800 est
2864 2743 3174 2815 evangelica
3229 2745 3657 2815 praedicatione:

2073 2846 2242 2891 motus
2274 2835 2418 2891 enim
2469 2850 2693 2906 magnus
2739 2833 2911 2904 factus
2961 2841 3035 2887 est
3081 2834 3137 2887 in
3182 2833 3412 2899 civitate,
3459 2834 3673 2903 quando

2072 2929 2313 3001 gentium
2338 2926 2531 2983 feritas
2568 2925 2798 2982 excitata
2837 2931 2920 2980 est
2949 2925 3016 2980 ad
3064 2925 3497 2996 persequendum
3539 2940 3672 2979 con-

2074 3019 2315 3075 tcssores
2342 3015 2567 3082 Christi,
2597 3025 2659 3070 ut
2697 3015 2812 3070 veri
2856 3013 3232 3071 efﬁciebantur
3276 3023 3546 3085 martyres
3583 3014 3673 3084 qui

2074 3109 2197 3165 ﬁdei
2228 3124 2294 3164 ac
2317 3108 2583 3180 dogmatis
2618 3106 2820 3163 Christi
2856 3107 2949 3163 ﬁdi
2998 3114 3157 3164 erant
3196 3117 3521 3163 assertores.

391 3197 549 3262 tibus,
575 3197 854 3268 Tryphon,
882 3196 973 3265 qui
1002 3210 1061 3251 se
1103 3204 1337 3251 tutorem
1372 3194 1676 3263 Antiocbio,
1711 3196 1968 3253 Demetrii
1998 3179 2044 3242 (ἶ
2149 3201 2217 3256 Et
2241 3210 2365 3255 tunc
2391 3179 2604 3255 intravit
2629 3199 2684 3255 in
2723 3217 2785 3255 ea
2816 3216 2933 3254 cum
2964 3200 3170 3272 hymnis
3198 3198 3480 3254 Dominum
3519 3198 3673 3252 bene-

386 3289 651 3359 privigno,
684 3288 936 3343 substitui
975 3303 1005 3342 a
1031 3288 1226 3359 pupulo
1254 3287 1617 3355 laboraverat,
1649 3288 1831 3345 occiso
1876 3304 1976 3360 pu-

386 3380 538 3450 pillo,
560 3379 797 3450 regimen
819 3376 993 3450 Syriae
1010 3378 1245 3433 invadit:
1269 3394 1378 3449 quo
1396 3378 1488 3433 diu
1507 3379 1711 3449 potitus
1732 3379 1972 3445 tandem,

388 3471 727 3527 e'xolescente
775 3468 957 3526 favore
1002 3470 1235 3526 recentis
1280 3471 1528 3543 imperii,
1577 3471 1647 3526 ab
1685 3470 1973 3528 Antiocho,

386 3580 556 3636 puero
593 3564 912 3631 admodum,
961 3562 1216 3619 Demetrii
1260 3562 1447 3627 fratre,
1481 3561 1573 3632 qui
1603 3562 1658 3617 in
1687 3561 1817 3617 Asia
1845 3563 1976 3617 edu-

388 3655 636 3719 cabatur,
660 3652 800 3710 bello
819 3654 1073 3720 vincitur,
1097 3668 1421 3722 rursumque
1449 3666 1675 3724 regnum
1713 3651 1885 3724 Syriae
1909 3652 1976 3707 ad

390 3742 630 3799 sobolem
653 3743 913 3798 Demetrii
940 3743 1249 3798 revertitur.-

460 3833 530 3889 Et
559 3833 708 3906 elegit
727 3834 910 3890 Simon
931 3834 1087 3898 viros,
1110 3842 1158 3887 et
1178 3833 1322 3887 misit
1343 3832 1414 3886 ad
1435 3833 1757 3888 Demetrium
1785 3846 1973 3903 regem,

386 3935 497 3983 etc.
527 3925 681 3994 Quod
723 3925 909 3981 Simon
956 3925 1021 3980 ad
1070 3924 1402 3979 Demetrium
1444 3938 1626 3995 regem
1655 3922 1804 3979 viros
1831 3922 1978 3977 misit

387 4027 449 4072 ut
472 4016 677 4072 faceret
716 4016 1090 4072 remissionem
1117 4015 1344 4088 regioni,
1377 4015 1498 4082 hoc,
1527 4015 1581 4070 ni
1610 4014 1787 4095 fallor,
1814 4014 1979 4085 signi-

386 4109 521 4163 ﬁcat
538 4108 679 4178 quod
704 4117 889 4163 sancta
912 4107 1150 4162 Ecclesia
1171 4106 1556 4178 praedicatores
1581 4120 1709 4162 suos
1745 4106 1813 4161 ad
1836 4105 1980 4176 prin-

384 4200 541 4269 cipes
564 4199 721 4254 istius
761 4198 946 4253 mundi
974 4198 1180 4268 dirigit,
1210 4207 1481 4268 quatenus
1516 4212 1611 4253 eos
1649 4198 1816 4253 verbo
1853 4196 1979 4252 ﬁdei

383 4292 496 4345 sibi
538 4290 806 4356 conciliet,
836 4297 896 4345 et
929 4289 1394 4361 acta'Trypbonis
1440 4289 1700 4360 ﬁguralis,
1731 4289 1835 4344 hoc
1872 4295 1978 4350 est,

387 4381 766 4437 haereticorum
811 4389 975 4450 atque
1012 4381 1503 4445 schismaticorum,
1535 4380 1588 4434 in
1624 4380 1840 4434 irritum
1882 4379 1983 4434 du-

384 4479 503 4535 cat,
533 4486 830 4541 eorumque
872 4471 1200 4543 superbiam,
1241 4479 1463 4542 propter
1502 4487 1662 4542 quam
1691 4472 1981 4527 noluerunt

385 4561 791 4618 mansuetudini
829 4561 1209 4617 ecclesiastica:
1243 4562 1457 4628 cedere,
1486 4577 1584 4632 per
1625 4562 1861 4633 rigorem
1886 4576 1980 4616 ex-

385 4665 632 4711 terarum
659 4661 987 4725 potestatum
1009 4662 1268 4709 conterat.
1297 4652 1503 4721 Quibus
1528 4662 1583 4709 et
1604 4668 1862 4709 coronam
1883 4669 1978 4707 au-

385 4760 540 4802 ream
570 4746 670 4817 ipsi
713 4745 876 4816 legati
903 4743 1154 4801 deferunt
1178 4755 1235 4801 et
1262 4761 1447 4817 pacem
1488 4744 1700 4818 [Va/9.,
1730 4744 1974 4817 babem],

385 4838 538 4910 quod
567 4838 787 4894 tradunt
805 4850 930 4893 esse
949 4845 1326 4892 ornamentum
1356 4844 1527 4892 totum
1549 4852 1614 4891 ex
1641 4835 1855 4891 annulis
1882 4850 1978 4890 au-

381 4932 504 4986 reis
547 4929 852 4986 confectum
894 4929 1189 4984 secundum
1235 4943 1438 4983 morem
1490 4928 1821 4998 provinciae:
1852 4943 1975 4984 cum

381 5024 474 5079 eis
500 5036 599 5093 pro
624 5022 766 5078 bono
785 5021 1084 5077 certamine
1111 5030 1326 5078 aeternae
1345 5021 1471 5076 vita:
1495 5036 1773 5088 coronam,
1805 5029 1859 5077 et
1879 5036 1980 5092 pro

379 5116 587 5172 solatio
610 5123 914 5187 opportuno
933 5130 1042 5186 quo
1068 5114 1326 5171 ecclesias
1347 5116 1458 5170 suis
1478 5115 1672 5170 edictis
1700 5123 1864 5184 atque
1886 5114 1981 5170 de-

381 5208 726 5265 fensionibus
756 5208 1027 5280 adiuvent,
1060 5208 1279 5279 prmmia
1309 5208 1550 5265 coelestia
1577 5209 1976 5278 repromittunt.

380 5299 469 5355 Ita
496 5302 870 5355 communiter.

469 5391 534 5446 In
560 5391 739 5446 diebus
757 5391 865 5446 illis
893 5392 1076 5447 Simon
1097 5390 1347 5463 applicuit
1369 5392 1439 5446 ad
1459 5390 1659 5447 Gazam
1680 5403 1730 5447 et
1750 5393 1978 5447 circum-

375 5486 535 5540 dedit
574 5502 688 5540 eam
728 5487 937 5552 castris,
966 5495 1070 5541 etc.
1112 5486 1252 5552 Quid
1275 5496 1361 5542 est
1385 5486 1527 5555 quod
1562 5486 1746 5542 Simon
1776 5485 1977 5543 Gazam

373 5595 706 5652 oppugnare
734 5582 1073 5652 aggreditur,
1115 5581 1217 5636 nisi
1248 5582 1391 5651 quod
1416 5582 1798 5652 praedicatores
1828 5584 1981 5639 dam-

371 5672 607 5728 nandos
632 5688 846 5728 errores
865 5672 1133 5728 debellare
1159 5681 1442 5728 conantur.
1471 5671 1637 5735 Gaza,
1665 5691 1784 5744 qua:
1815 5676 1982 5730 inter-

372 5770 643 5834 pretatur
684 5763 938 5832 fortitudo
979 5764 1115 5835 ejus,
1162 5762 1429 5834 signiﬁcat
1469 5764 1705 5833 gentium
1749 5766 1978 5838 rigorem

2076 3292 2274 3359 dicens,
2320 3299 2425 3348 etc.
2474 3290 2628 3347 Tunc
2674 3298 2729 3347 et
2772 3292 2987 3361 quando
3022 3305 3242 3347 errores
3277 3290 3436 3361 ejecti
3471 3288 3675 3345 fuerint

2078 3385 2382 3458 gentilium,
2409 3401 2535 3441 cum
2563 3385 2815 3441 laudibus
2842 3385 2938 3441 Dei
2969 3385 3221 3442 doctores
3251 3386 3424 3442 sancti
3459 3386 3512 3440 in
3543 3402 3676 3441 cou-

2076 3477 2347 3533 venticula
2401 3477 2684 3532 intrabunt
2733 3477 3019 3549 gentium:
3075 3486 3205 3533 tunc
3265 3494 3481 3550 quoque
3530 3478 3679 3533 viros

2076 3570 2169 3639 qui
2196 3569 2369 3641 legem
2399 3568 2605 3624 faciunt
2646 3567 2846 3624 ibidem
2877 3576 3104 3639 ponunt,
3136 3568 3262 3638 quia
3299 3584 3458 3623 veros
3501 3569 3676 3624 culto-

2076 3674 2165 3715 res
2189 3658 2392 3714 Christi
2414 3659 2518 3730 piis
2546 3658 3022 3730 praedicationibus
3050 3659 3123 3713 ibi
3152 3675 3273 3715 esse
3302 3657 3509 3715 faciunt

2149 3749 2218 3805 Et
2247 3751 2466 3804 munivit
2491 3767 2606 3804 eam
2653 3748 2876 3819 fecitque
2907 3748 3007 3802 sibi
3046 3748 3234 3803 ibidem
3274 3749 3670 3803 habitationem.

2079 3840 2213 3897 Cum
2242 3855 2341 3912 per
2370 3838 2720 3911 Evangelium
2767 3839 3006 3909 undique
3058 3838 3179 3894 fidei
3227 3838 3525 3893 munimine
3559 3838 3678 3892 Ἐο-

2077 3931 2301 3989 clesiam
2348 3931 2645 3997 ﬁrmantes,
2691 3931 2746 3986 in
2794 3929 2911 4000 eius
2962 3929 3235 3985 domicilio
3281 3930 3384 4001 ipsi
3433 3929 3676 4000 magistri

2080 4023 2467 4082 commorando
2513 4038 2613 4093 pro
2661 4022 2849 4078 labore
2884 4021 2975 4093 pio
2998 4031 3200 4077 aeterna
3231 4021 3475 4092 praemia,
3507 4036 3671 4090 quem

2078 4131 2177 4188 pro
2200 4114 2539 4171 confessione
2568 4114 2806 4184 ipsorum
2836 4112 3239 4182 impenderunt,
3269 4128 3299 4165 a
3320 4109 3503 4180 judice
3520 4111 3673 4164 vivo-

2083 4224 2202 4265 rum
2233 4224 2295 4264 ac
2331 4214 2669 4262 mortuorum
2713 4207 2769 4262 in
2822 4205 2927 4260 line
2964 4205 3065 4261 sibi
3096 4204 3441 4260 retribuenda
3482 4220 3673 4273 exspe-

2082 4312 2250 4361 ctant.

2154 4397 2258 4462 Qui
2290 4404 2463 4449 autem
2489 4404 2638 4448 erant
2666 4395 2719 4448 in
2756 4411 2876 4448 arce
2906 4391 3238 4447 Hierusalem
3267 4392 3677 4463 prohibebantur

2083 4486 2278 4559 egredi,
2306 4493 2411 4540 etc.
2445 4484 2509 4539 Hi
2540 4485 2631 4555 qui
2664 4493 2821 4540 erant
2860 4485 2914 4538 in
2946 4499 3074 4539 arce
3116 4482 3415 4539 Jerusalem
3444 4491 3499 4537 et
3524 4482 3673 4553 ipsos

2085 4576 2415 4634 infestabant
2434 4576 2649 4632 Judzeos
2672 4574 2982 4648 signiﬁcant
3009 4576 3295 4631 haereticos
3324 4583 3380 4630 et
3409 4575 3673 4630 schisma-

2083 4669 2243 4732 ticos,
2268 4668 2361 4739 qui
2407 4666 2463 4721 in
2498 4681 2625 4722 arce
2651 4667 2919 4737 superbiae
2946 4682 3058 4721 sum
3084 4682 3143 4721 se
3173 4665 3525 4732 collocantes,
3554 4665 3677 4719 litcs

2080 4770 2136 4816 et
2164 4760 2303 4815 bella
2347 4768 2567 4815 movent
2597 4767 2786 4814 contra
2829 4757 3166 4813 catholicos:
3212 4773 3350 4828 quos
3397 4765 3545 4814 vetat
3591 4756 3677 4809 Si-

2081 4867 2205 4907 mon
2226 4850 2401 4921 egredi
2421 4858 2468 4903 et
2492 4848 2695 4919 ingredi
2720 4848 2773 4901 in
2804 4849 3062 4918 regionem
3092 4858 3138 4903 et
3161 4865 3329 4903 emere
3357 4858 3405 4903 et
3431 4848 3674 4913 vendere,

2080 4942 2206 5011 quia
2238 4939 2436 4995 talibus
2471 4939 2724 4995 doctores
2749 4940 2922 4994 sancti
2958 4954 3082 4994 cum
3128 4940 3414 4996 catholicis
3442 4948 3670 4995 contra-

2082 5035 2269 5088 dicunt
2340 5046 2557 5087 omnem
2636 5031 2911 5086 societatis
2968 5031 3171 5087 habere
3241 5034 3675 5088 communionem

2080 5132 2303 5196 propter
2329 5122 2472 5192 quod
2499 5120 2649 5176 multi
2675 5137 2739 5175 ex
2763 5121 2836 5175 eis
2860 5122 3001 5192 fame
3029 5124 3313 5193 perierunt,
3358 5123 3481 5193 quia
3525 5119 3679 5175 multi

2081 5230 2148 5270 ex
2176 5215 2300 5280 illis,
2327 5228 2452 5269 cum
2473 5213 2819 5268 anathemate
2845 5221 3001 5267 extra
3026 5215 3466 5270 communionem
3490 5209 3676 5264 Eccle-

2082 5307 2177 5362 siae
2219 5305 2548 5376 sequestrati
2600 5303 2824 5371 fuerint,
2860 5303 3005 5360 fame
3036 5305 3184 5361 verbi
3240 5304 3335 5357 Dei
3392 5309 3445 5354 et
3494 5298 3673 5353 inedia

2083 5397 2344 5470 spiritalis
2390 5397 2633 5453 scientia:
2659 5397 2991 5465 dispereunt.
3024 5395 3132 5451 Sed
3173 5395 3321 5463 quia,
3352 5390 3679 5445 necessitate

2085 5497 2329 5545 extrema
2378 5489 2663 5560 compulsi,
2711 5487 3083 5558 hujuscemodi
3128 5485 3228 5539 sibi
3275 5485 3496 5539 dextras
3523 5497 3673 5538 com-

2087 5580 2471 5636 municationis
2517 5579 2631 5649 dari
2680 5579 2748 5633 ab
2800 5579 3038 5633 Ecclesia
3086 5575 3515 5646 postulaverunt,
3571 5573 3673 5628 hoc

2086 5673 2167 5728 eis
2196 5672 2264 5726 ab
2290 5672 2404 5742 ipsa
2450 5671 2706 5726 indicitur
2737 5678 2976 5741 pactum,
3021 5678 3078 5721 ut
3110 5665 3413 5736 relinquant
3457 5682 3672 5720 errores

2088 5783 2237 5832 suos,
2266 5775 2320 5821 ct
2349 5766 2808 5821 anathematizent
2851 5772 3028 5820 sectas
3068 5760 3306 5819 nefarias
3351 5764 3546 5831 quibus
3577 5780 3673 5817 au-
