3928 6168
281 274 305 327 1
319 273 423 328 205

918 269 979 322 Β.
1021 265 1273 323 ΙὶΑΒΑΝΙ
1313 265 1530 322 MAURI
1567 265 1866 322 ARCHIEP

1981 266 2236 324 OGUNT.
2279 269 2562 327 OPEBUM
2597 269 2778 327 PARS
2812 265 2854 327 II

3409 279 3545 335 19.05

282 397 370 441 tea
413 382 758 445 adhaeserint,
808 389 862 436 et
905 379 1168 436 mundent
1197 379 1586 436 conscientiam
1615 395 1768 435 suam
1799 380 1868 434 ab
1896 381 1946 440 Λ
1972 383 2112 453 apud
2137 382 2418 439 Dominum
2441 397 2573 440 sicut
2608 387 2750 440 mille
2792 390 2942 452 anni,
2975 397 3024 442 et
3062 388 3204 442 mille
3240 391 3369 444 anni
3415 393 3551 446 sicut

282 473 430 530 omni
477 472 718 542 nequitia
757 471 1158 535 hzereticorum,
1202 479 1256 524 et
1281 471 1362 525 sic
1391 471 1867 526 communicationi

284 562 539 618 Ecclesiae
593 559 913 616 restituitur.
970 557 1122 614 Unde
1198 559 1584 615 convenienter
1649 559 1869 628 subjun-

285 656 432 726 gitur
465 669 480 708 :

355 745 423 800 Et
444 747 765 800 intraverunt
804 745 859 798 in
889 759 1003 797 eam
1031 745 1182 796 tertia
1207 753 1254 796 et
1280 745 1520 796 vicesima
1551 744 1635 796 die
1656 744 1869 797 secundi

285 837 477 892 mensis
506 877 520 899 ,
571 852 709 889 anno
768 835 1044 888 centesimo
1094 835 1471 904 septuagesimo
1525 836 1693 903 primo
1752 850 1870 886 cum

285 927 461 988 .‘aude.
499 935 604 981 etc.
641 923 858 979 Numeri
888 925 998 989 isti,
1024 925 1126 979 hoc
1159 933 1263 989 est,
1299 924 1627 980 centesimus
1653 933 1870 993 septua-

285 1016 521 1086 gesimus
560 1016 789 1086 primus,
831 1027 887 1070 et
926 1017 1217 1071 vicesimus
1253 1017 1466 1080 tertius,
1514 1017 1684 1072 sacris
1727 1017 1870 1087 pleni

285 1118 410 1164 sunt
441 1110 753 1180 mysteriis:
802 1125 926 1163 nam
975 1110 1330 1172 centesimus,
1379 1109 1431 1163 in
1461 1124 1568 1177 quo
1599 1110 1870 1163 Abraham

282 1203 436 1257 Isaac
470 1201 845 1271 promissionis
875 1199 1040 1254 ﬁlium
1065 1199 1269 1270 genuit,
1301 1201 1425 1253 vita:
1455 1199 1723 1270 signiﬁcat
1751 1215 1872 1270 per-

286 1295 603 1360 fectionem;
642 1293 1090 1364 septuagesimus,
1121 1293 1172 1346 in
1221 1307 1328 1362 quo
1363 1292 1646 1361 captivitas
1679 1292 1870 1347 Iliero-

287 1387 656 1458 solymitarum
686 1386 857 1441 soluta
889 1392 993 1448 est,
1015 1391 1363 1454 peccatorum
1387 1382 1653 1453 signiﬁcat
1684 1382 1874 1436 remis-

286 1480 492 1534 sionem
520 1497 534 1534 :
577 1479 669 1533 sed
703 1478 827 1548 quia
853 1477 966 1531 lucc
992 1491 1097 1530 non
1133 1475 1234 1529 nisi
1259 1475 1312 1528 in
1339 1473 1597 1529 Ecclesiae
1627 1473 1874 1528 consistit

285 1571 534 1635 veritate,
576 1578 864 1640 propterea
904 1583 1065 1639 super
1090 1567 1560 1638 septuagenarium
1588 1581 1874 1620 numerum

286 1673 476 1713 monas
512 1660 690 1714 addita
735 1669 838 1713 est.
882 1659 1052 1713 Porro
1083 1657 1370 1712 vicesimus
1402 1657 1592 1710 tertius
1618 1671 1874 1722 numerus

1969 489 2104 528 unus
2125 474 2255 528 dies.
2295 473 2438 532 Nora
2451 476 2627 530 tardat
2650 477 2908 531 Dominus
2937 479 3206 548 promissis
3231 477 3555 551 [promissio-

1969 580 2084 617 nem
2133 563 2330 636 suam],
2378 566 2469 620 sed
2515 568 2777 636 patienter
2805 570 2915 639 agit
2967 579 3178 640 propter
3220 587 3325 635 vos,
3372 575 3552 628 nolens

1971 653 2193 724 aliquem
2236 657 2428 726 perire,
2475 657 2566 711 sed
2611 675 2788 712 omnes
2835 659 2906 713 ad
2946 661 3300 730 paenitentiam
3347 666 3550 718 reuerti.

1971 747 2216 802 Adveniet
2261 758 2436 803 autem
2488 750 2600 804 dies
2644 750 2856 806 Domini
2897 753 3033 808 sicut
3075 753 3181 822 fur,
3229 755 3284 808 in
3314 772 3416 826 quo
3439 756 3555 810 caeli

1968 856 2158 910 magno
2190 843 2384 912 impetu
2412 843 2687 907 transient,
2726 843 2979 898 elementa
3009 861 3125 900 vero
3155 846 3326 900 calore
3351 847 3554 901 salven.

1970 943 2074 986 tur.
2105 934 2236 988 Cum
2277 935 2389 988 luce
2434 935 2596 1005 igitur
2630 936 2961 991 dissoluenda
3003 939 3104 992 sint
3139 941 3339 1000 omnia.
3377 941 3555 1010 quales

1971 1033 2167 1093 oportet
2199 1041 2292 1079 nos
2317 1041 2427 1080 esse
2458 1026 2514 1079 in
2533 1027 2728 1081 sanctis
2757 1029 3234 1083 conversationibus
3263 1039 3310 1084 et
3349 1031 3558 1100 pietati-

1972 1119 2086 1182 bus,
2138 1127 2490 1174 exspectantes
2539 1129 2586 1173 et
2632 1130 2965 1190 properantes
3014 1121 3119 1174 diei
3173 1121 3425 1187 Domini,
3470 1139 3558 1192 per

1970 1221 2127 1277 quem
2152 1206 2265 1261 caeli
2287 1207 2530 1262 ardentes
2557 1208 2843 1274 solventur,
2865 1220 2911 1263 et
2934 1209 3187 1264 elementa
3208 1212 3343 1281 ignis
3369 1212 3559 1266 ardore

1974 1299 2230 1352 tabescent
2256 1299 2280 1352 ?
2309 1316 2465 1354 novos
2507 1316 2627 1354 vero
2657 1301 2811 1356 caelos
2839 1311 2885 1354 et
2928 1318 3117 1355 novam
3144 1313 3337 1356 terram
3363 1314 3411 1358 et
3439 1322 3555 1374 pro—

1973 1390 2134 1442 missa
2169 1389 2334 1459 ipsius
2374 1402 2753 1458 exspectamus,
2783 1392 2837 1446 in
2877 1392 3066 1463 quibus
3086 1393 3300 1462 justitia
3336 1395 3556 1472 habitat.

1977 1481 2200 1554 Propter
2225 1485 2384 1555 quod,
2428 1485 2744 1550 charissimi,
2787 1486 2898 1540 lucc
2940 1495 3296 1556 exspectantes
3340 1488 3562 1556 satagite

1976 1575 2300 1628 immaculati
2345 1575 2565 1630 inveniri
2602 1576 2657 1629 in
2695 1593 2840 1644 pace,
2887 1585 2936 1629 et
2974 1575 3186 1630 Domini
3236 1577 3396 1630 nostri
3434 1576 3561 1630 Jesu

1977 1666 2172 1720 Christi
2239 1665 2688 1737 longanimitatem
2752 1666 2975 1721 salutem
3060 1667 3385 1722 arbitremini
3455 1666 3561 1737 (II

287 1757 487 1804 sanctae
517 1749 797 1804 Trinitatis
827 1749 982 1802 fidem
1033 1763 1154 1801 cum
1194 1747 1402 1801 duobus
1430 1747 1714 1816 praeceptis
1743 1747 1876 1800 cba-
1912 1744 1953 1802 Β
1985 1753 2126 1809 Pelr.
2160 1756 2265 1826 nl).

287 1839 486 1902 ritatis,
522 1839 572 1892 in
618 1839 812 1908 quibus
841 1847 950 1892 tota
995 1837 1127 1908 legis
1166 1836 1440 1906 plenitudo
1481 1836 1746 1900 consistit,
1786 1837 1876 1890 de-

287 1927 494 1996 signat;
530 1929 795 1983 secundus
823 1936 1003 1982 autem
1033 1929 1256 1989 mensis,
1305 1927 1358 1980 in
1390 1943 1496 1996 quo
1545 1927 1748 1981 Pascha
1797 1926 1877 1980 fa-

289 2032 414 2074 cere
443 2018 727 2074 videbatur
762 2017 837 2072 illi
867 2019 957 2088 qui
989 2033 1151 2088 super
1173 2018 1408 2072 animam
1432 2018 1667 2072 hominis
1691 2017 1875 2072 mundi

288 2117 466 2175 erant,
499 2116 711 2180 tempus
744 2110 928 2178 gratiae
951 2117 1003 2164 et
1029 2109 1327 2163 vocationis
1357 2109 1595 2178 gentium
1622 2108 1874 2164 ostendit.

289 2198 424 2255 Cum
454 2215 584 2271 ergo
629 2199 921 2255 secundum
969 2201 1112 2254 hanc
1142 2199 1434 2254 dictionem
1466 2208 1628 2269 atque
1667 2200 1876 2268 signiﬁ-

289 2291 530 2347 cantiam
557 2292 902 2362 mysticorum
929 2305 1280 2346 numerorum
1310 2290 1536 2344 victoria
1576 2305 1602 2342 a
1631 2290 1880 2344 fidelibus

290 2384 520 2455 capitur,
551 2385 654 2441 hoc
702 2394 803 2450 est,
853 2393 911 2439 ut
963 2393 1164 2439 sancta:
1212 2384 1494 2439 Trinitatis
1549 2383 1707 2438 fidem
1753 2399 1878 2438 cum

292 2473 503 2530 duobus
546 2475 830 2545 praeceptis
863 2475 1146 2530 charitatis
1188 2475 1481 2530 secundum
1512 2474 1875 2544 evangelicam

290 2560 595 2616 doctrinam
644 2562 911 2632 integram
950 2570 1187 2627 servent,
1221 2571 1276 2617 et
1322 2563 1445 2618 vitae
1489 2562 1876 2634 perfectionem

285 2663 388 2722 pro
413 2651 627 2706 modulo
652 2667 748 2707 suo
779 2651 1058 2716 habentes,
1093 2652 1144 2706 in
1174 2652 1429 2708 Ecclesia:
1476 2653 1680 2708 unitate
1720 2653 1876 2707 intel-

287 2740 430 2798 lectu
476 2751 530 2798 et
570 2742 673 2798 fide
698 2745 1064 2814 permanendo
1090 2743 1158 2798 ad
1181 2745 1570 2815 plenitudinem
1605 2745 1876 2799 remissio-

290 2835 376 2891 nis
404 2836 753 2905 perveniant:
789 2837 866 2890 sic
899 2846 1024 2892 tunc
1055 2837 1158 2890 rite
1181 2852 1302 2891 cum
1338 2836 1554 2891 cantico
1600 2845 1656 2891 et
1707 2836 1874 2890 ramis

289 2926 612 2996 palmarum,
656 2929 760 2984 hoc
785 2936 885 2994 est,
916 2944 1040 2983 eum
1081 2928 1236 2983 laude
1263 2945 1389 2984 vera
1431 2937 1487 2984 et
1516 2937 1667 2984 certa
1698 2929 1870 2984 victo-

290 3016 412 3076 ria.
467 3017 740 3072 coelestem
799 3019 1075 3073 intrabunt
1127 3019 1482 3084 Ilierusalem,
1553 3020 1874 3090 multiplices

289 3107 492 3177 gratias
544 3115 599 3162 et
648 3106 832 3163 laudes
876 3123 974 3177 pro
1019 3109 1211 3178 adepta
1253 3110 1426 3164 salute
1473 3119 1527 3165 et
1585 3112 1874 3166 securitate

288 3196 530 3252 Creatori
567 3212 665 3252 suo
696 3198 1081 3267 perpetualiter
1127 3197 1384 3264 referant,
1436 3201 1562 3268 quia
1607 3201 1876 3255 contritus

288 3295 373 3342 est
412 3288 662 3342 inimicus
707 3305 938 3358 magnus
967 3305 1031 3344 ex
1080 3290 1242 3344 Israel
1279 3299 1334 3346 et
1376 3305 1543 3356 mors,
1587 3307 1709 3346 cum
1758 3292 1873 3362 ipso

291 3391 506 3437 mortua
539 3392 781 3448 auctore,
815 3385 866 3439 in
892 3393 1210 3456 perpetuum
1242 3395 1424 3441 exstat
1453 3386 1727 3441 damnata.
1764 3385 1874 3443 Nec

288 3471 488 3544 refugit
527 3473 631 3529 hoc
669 3476 1019 3544 expositionis
1061 3477 1334 3546 sequentis
1375 3491 1586 3542 sensus,
1620 3478 1711 3532 ubi
1738 3479 1875 3532 scri-

286 3573 439 3636 ptum
467 3574 550 3620 est
578 3568 717 3635 quod
749 3569 1089 3623 constituerit
1120 3567 1303 3623 Simon
1349 3576 1408 3622 ut
1445 3569 1696 3626 omnibus
1719 3571 1876 3626 annis

289 3655 396 3711 diei
425 3655 586 3724 hujus
608 3657 790 3712 laetitia
817 3670 1087 3728 ageretur,
1131 3671 1185 3714 et
1223 3659 1366 3728 quod
1421 3659 1677 3714 munierit
1722 3674 1874 3714 mon-

287 3755 400 3801 tem
445 3746 648 3817 templi,
698 3749 789 3818 qui
825 3757 942 3803 erat
998 3763 1155 3803 secus
1199 3763 1404 3811 arcem,
1440 3756 1497 3802 et
1551 3748 1874 3805 habitaverit

287 3838 361 3895 ibi
385 3841 500 3910 ipse
545 3848 602 3896 et
643 3842 731 3910 qui
775 3858 895 3897 cum
946 3859 1011 3898 eo
1052 3851 1246 3898 erant:
1289 3843 1413 3913 quia
1455 3845 1600 3899 omni
1633 3855 1874 3914 tempore

288 3931 446 3986 istius
477 3932 595 3987 vitze
625 3933 768 3986 illius
796 3932 901 3987 diei
941 3933 1197 3988 memoria
1229 3934 1280 3987 in
1313 3949 1406 4003 spe
1449 3935 1727 3990 retinenda
1767 3944 1870 4001 est,

288 4024 344 4079 in
379 4039 484 4092 qua
515 4025 908 4094 triumphantes
936 4025 1001 4079 de
1042 4033 1216 4079 morte
1252 4040 1347 4094 per
1375 4027 1606 4096 gratiam
1637 4027 1870 4082 Redem-

286 4115 458 4186 ptoris
498 4116 667 4171 nostri
693 4117 815 4171 vita:
843 4116 1192 4170 restituemur
1215 4125 1451 4171 aeternae.

361 4206 472 4260 Imo
506 4222 628 4260 cum
663 4206 888 4276 singulis
931 4208 1087 4261 annis
1134 4209 1542 4263 resurrectionis
1583 4209 1872 4264 Dominicze

286 4295 546 4351 solemnia
574 4296 910 4352 celebramus
939 4305 996 4350 ut
1027 4297 1330 4354 indicemus
1374 4315 1471 4353 nos
1503 4315 1601 4369 per
1641 4295 1760 4367 ejus
1788 4314 1872 4355 re-

285 4387 679 4443 surrectionem
730 4397 785 4442 et
831 4388 1115 4444 victoriam
1171 4389 1238 4444 de
1286 4399 1458 4444 morte
1509 4406 1749 4460 sperare,
1804 4407 1870 4446 ac

2051 1846 2116 1899 Et
2153 1848 2277 1900 vidit
2319 1845 2501 1902 Simon
2541 1846 2783 1902 Joachim
2829 1847 3008 1919 [Vulg.
3053 1847 3337 1920 Joannem]
3389 1847 3558 1916 ﬁlium

1978 1955 2152 2003 suum,
2177 1939 2316 2010 quod
2346 1940 2423 1993 vir
2449 1940 2602 2010 fortis
2623 1951 2774 2004 esset,
2803 1949 2909 1995 etc.
2955 1940 3141 1995 Simon
3180 1939 3420 1995 Joachitn
3453 1939 3562 1994 filio

1980 2044 2095 2091 suo,
2139 2045 2261 2084 cum
2292 2029 2500 2086 videret
2545 2031 2686 2100 quod
2722 2031 2806 2085 vir
2849 2040 3007 2086 esset.
3050 2031 3302 2086 ducatum
3347 2031 3565 2084 univer~

1980 2134 2162 2174 sarum
2185 2120 2444 2174 virtutum
2472 2121 2762 2186 commisit,
2795 2131 2856 2175 ut
2879 2123 3192 2177 ostenderet
3212 2121 3348 2191 quod
3379 2121 3566 2176 nullus

1978 2211 2363 2281 magistrorum
2387 2210 2498 2265 ﬁlio
2517 2211 2600 2264 vel
2627 2211 2889 2282 discipulo
2913 2227 3010 2266 suo
3032 2212 3193 2266 debet
3217 2210 3566 2265 committere

1978 2308 2300 2369 potestatem
2327 2317 2391 2356 ac
2435 2300 2682 2356 ordinem
2727 2301 3083 2356 ecclesiastici
3129 2299 3409 2372 regiminis
3460 2298 3564 2353 nisi

1978 2401 2133 2448 antea
2156 2408 2277 2448 eum
2307 2393 2504 2448 viderit
2529 2408 2650 2449 esse
2673 2394 2870 2456 virum,
2899 2395 3004 2448 hoc
3031 2401 3133 2454 est,
3166 2406 3324 2447 sensu
3361 2391 3564 2462 proha-

1979 2493 2093 2538 tum
2138 2493 2193 2538 et
2220 2484 2483 2538 virtutum
2525 2484 2780 2554 operibus
2822 2484 3161 2539 studiosum:
3214 2483 3306 2538 sed
3351 2483 3479 2551 quia
3509 2483 3563 2536 in

1978 2575 2347 2644 superioribus
2397 2575 2631 2630 diximus
2681 2575 2954 2630 Simonem
3005 2583 3316 2630 sanctorum
3373 2588 3566 2644 gerere

1979 2666 2205 2737 figuram
2252 2667 2564 2733 doctorum,
2609 2676 2786 2737 potest
2814 2667 2868 2722 in
2905 2669 3008 2722 hoc
3049 2667 3168 2722 loco
3215 2665 3566 2737 signiﬁcatio-

1978 2774 2099 2812 nem
2140 2759 2446 2828 exprimere
2475 2759 2735 2829 principis
2778 2768 3077 2827 pastorum,
3125 2758 3215 2826 qui
3251 2756 3448 2827 populo
3477 2771 3566 2810 ca-

1978 2849 2180 2904 tholico
2207 2849 2348 2905 sacri
2379 2849 2656 2920 regimiuis
2688 2849 3048 2902 ministerium
3095 2858 3150 2902 et
3172 2847 3413 2902 omnium
3444 2847 3560 2900 vir-

1979 2945 2149 2992 tutum
2179 2939 2324 2993 dedit
2351 2938 2599 2994 notitiam
2640 2947 2800 3007 atque
2835 2937 3111 3004 effectum,
3146 2939 3232 2992 cui
3263 2946 3318 2992 et
3357 2936 3566 3007 optime

1977 3029 2228 3083 convenit
2256 3030 2400 3098 quod
2427 3031 2478 3083 in
2515 3030 2865 3100 sequentibus
2891 3029 3155 3098 scriptum
3183 3037 3300 3084 est:

2566 3184 2791 3240 CAPUT
2827 3182 2962 3239 XIV.

1979 3293 2052 3348 De
2077 3295 2392 3348 sublimitate
2413 3305 2458 3348 et
2479 3295 2706 3352 potentia
2731 3293 2960 3349 Simonis
2982 3294 3115 3354 regis
3133 3291 3169 3346 J
3173 3292 3278 3346 uda
3299 3332 3313 3354 ,
3337 3290 3403 3346 de
3427 3290 3564 3345 mul-

2046 3365 2266 3418 titudine
2289 3365 2431 3434 pacis
2480 3363 2586 3418 illis
2628 3364 2962 3434 temporibus.
3006 3362 3342 3418 Renovantur
3383 3362 3575 3416 aritiri-

2047 3435 2134 3488 tite
2154 3433 2295 3489 inter
2311 3433 2572 3489 Romanos
2607 3444 2656 3488 et
2681 3433 2925 3500 Iudaeos,
2953 3443 3058 3488 etc.

2046 3567 2116 3623 Et
2138 3569 2281 3624 siluit
2311 3577 2451 3623 terra
2480 3567 2626 3622 Iuda
2661 3567 2900 3622 omnibus
2943 3567 3123 3620 diebus
3165 3566 3420 3628 Simonis,
3451 3574 3559 3620 etc.

1977 3659 2248 3731 Scriptum
2272 3670 2355 3716 est
2393 3661 2446 3715 in
2477 3660 2613 3716 Isaia
2639 3661 2903 3730 propheta
2933 3660 2998 3713 de
3034 3659 3152 3728 ipso
3179 3658 3407 3712 Domino
3443 3656 3564 3712 Salo

1974 3760 2200 3807 vatore:
2234 3751 2676 3822 Multiplicabilur
2697 3752 2812 3822 ejus
2856 3751 3131 3820 imperium
3175 3759 3222 3802 et
3267 3751 3414 3818 pacis
3457 3764 3563 3802 non

1973 3844 2072 3896 erit
2096 3844 2239 3911 finis.
2271 3841 2440 3913 Super
2473 3842 2662 3897 solium
2693 3842 2862 3897 Dauid
2890 3851 2940 3896 et
2985 3858 3144 3911 super
3182 3857 3396 3911 regnum
3444 3841 3564 3910 ejus

1972 3933 2189 4000 sedebit,
2225 3944 2285 3989 ut
2317 3935 2584 3999 conﬁrmet
2617 3943 2665 3988 et
2709 3935 3004 3988 corroboret
3044 3933 3177 3986 illud
3211 3933 3264 3986 in
3280 3932 3489 4001 judicio
3513 3943 3564 3986 et

1965 4027 2200 4095 justitia,
2249 4025 2438 4080 amodo
2468 4035 2518 4080 et
2554 4042 2716 4096 usque
2761 4025 2816 4080 in
2853 4025 3221 4094 sempiternum
3269 4022 3404 4094 (Isa.
3455 4025 3560 4095 Ix).

1974 4115 2313 4184 Principatus
2335 4122 2514 4171 autem
2545 4115 2686 4170 illius
2729 4123 2786 4170 et
2824 4115 3110 4185 imperium
3135 4114 3242 4170 erit
3279 4129 3447 4183 super
3475 4130 3566 4169 so—

1974 4205 2103 4258 lium
2129 4214 2184 4259 et
2204 4219 2366 4275 super
2392 4220 2616 4276 regnum
2646 4204 2836 4270 David,
2863 4204 3007 4274 quod
3037 4212 3158 4274 post
3182 4203 3564 4272 captivitatem

1972 4296 2356 4368 Babylonicam
2409 4295 2587 4352 fuerat
2609 4297 2928 4367 dissipatum
2972 4305 3034 4352 ut
3081 4295 3367 4352 conﬁrmet
3424 4295 3562 4351 illud

1973 4395 2028 4440 et
2053 4385 2386 4452 corroboret,
2432 4394 2488 4442 et
2515 4387 2704 4441 doceat
2731 4402 2852 4442 esse
2897 4395 3238 4456 perpetuum,
3288 4401 3357 4442 ne
3397 4402 3561 4442 cassa

285 4486 593 4533 nostrorum
626 4494 912 4547 corporum
960 4479 1412 4533 resurrectionem
1461 4481 1512 4534 in
1554 4480 1659 4535 ﬁne
1685 4481 1867 4536 saeculi
1898 4477 1949 4534 D
1975 4476 2069 4530 Dei
2118 4478 2406 4546 promissio
2428 4476 2716 4546 judicetur,
2754 4487 2807 4533 et
2839 4480 2892 4533 in
2917 4478 3128 4548 psalmo
3168 4478 3440 4549 Propheta
3471 4481 3561 4535 di-

284 4567 544 4634 futuram,
602 4577 654 4624 et
707 4569 870 4623 vitam
936 4570 986 4623 in
1037 4569 1243 4625 caelesti
1303 4585 1467 4641 regno
1512 4581 1862 4641 perpetuam:

283 4667 507 4727 propter
529 4659 669 4729 quod
701 4668 938 4714 montem
983 4659 1188 4729 templi,
1219 4660 1310 4728 qui
1359 4669 1442 4714 est
1463 4673 1621 4716 secus
1661 4676 1864 4728 arcem,

287 4751 796 4816 -nuniredebemus,
850 4753 952 4808 hoc
1002 4761 1104 4818 est,
1162 4751 1362 4807 Christi
1412 4752 1865 4819 incarnationem,

283 4858 406 4911 quae
456 4858 670 4898 omnem
725 4844 1063 4899 altitudinem
1132 4842 1482 4913 perfectionis
1548 4853 1862 4899 sanctorum

287 4931 614 5005 perfectione
644 4950 738 4988 sua
786 4934 1136 5000 transcendit,
1182 4933 1336 4988 firma
1368 4933 1470 4989 ﬁde
1517 4935 1569 4988 in
1593 4935 1756 4990 corde
1787 4942 1864 4990 te.

287 5037 417 5079 nere
438 5031 493 5077 et
529 5022 584 5076 in
618 5024 721 5077 hoc
747 5025 892 5078 onmi
925 5019 1164 5095 tempore
1194 5025 1315 5080 vitae
1353 5033 1572 5088 nostrae,
1611 5032 1719 5079 tam
1768 5040 1865 5094 per

285 5129 386 5169 nos
412 5127 574 5184 quam
609 5128 704 5183 per
733 5113 888 5168 nobis
918 5115 1254 5179 commissos,
1282 5114 1395 5168 sive
1425 5129 1520 5184 per
1547 5114 1860 5170 societatem

283 5205 618 5278 conjunctos,
669 5205 755 5274 pie
798 5204 1064 5270 laborare,
1120 5213 1384 5274 quatenus
1425 5203 1542 5272 ejus
1573 5193 1860 5272 "conjuncti

282 5299 500 5370 corpori
529 5306 691 5368 atque
727 5295 1040 5360 coadunali,
1095 5295 1344 5350 similiter
1375 5310 1495 5349 cum
1543 5293 1661 5365 ipso
1686 5294 1861 5363 capite

280 5389 434 5461 regni
481 5389 716 5444 caelestis
759 5386 1056 5442 efficiamur
1096 5387 1377 5452 haeredes;
1421 5385 1573 5454 cujus
1616 5385 1863 5442 videlicet

282 5481 389 5536 diei
412 5481 650 5536 latitiam
677 5496 741 5536 ac
787 5478 1103 5534 memoriam
1135 5478 1326 5533 beatus
1365 5475 1558 5532 Petrus
1588 5477 1862 5546 apostolus

280 5571 339 5626 in
391 5572 628 5640 Epistola
677 5588 775 5628 sua
821 5571 976 5627 nobis
1026 5570 1370 5626 commendat
1420 5568 1608 5623 dicens
1642 5587 1653 5621 :
1687 5565 1858 5622 Unum

284 5677 402 5716 uero
443 5662 538 5717 hoc
583 5679 683 5717 non
714 5663 872 5715 lateat
922 5679 1027 5728 vos,
1073 5661 1389 5724 chariss'mi,
1436 5659 1557 5731 quia
1583 5675 1716 5712 unus
1749 5659 1858 5715 dies

1966 4565 2041 4620 cit
2065 4585 2077 4618 :
2111 4565 2326 4621 Orietur
2350 4569 2404 4620 in
2433 4567 2614 4623 diebus
2643 4569 2756 4639 ejus
2783 4570 2993 4638 justitia
3019 4580 3070 4625 et
3097 4570 3430 4624 abundantia
3461 4587 3560 4640 pa-

1965 4655 2040 4708 cis
2066 4654 2228 4710 donec
2273 4654 2492 4710 tollatur
2538 4656 2666 4712 luna
2719 4657 2890 4730 (Psal.
2922 4660 3095 4724 uxr).
3147 4658 3358 4714 Nemini
3407 4661 3557 4715 enim

1966 4744 2124 4800 alteri
2171 4746 2286 4801 ιιωο
2323 4748 2575 4802 convenit
2625 4751 2912 4819 promissio
2961 4751 3066 4806 nisi
3117 4751 3218 4806 soli
3262 4751 3557 4806 mediatori

1968 4837 2063 4893 Dei
2088 4846 2143 4893 et
2173 4839 2450 4895 hominum
2492 4840 2710 4897 Christo
2739 4841 2888 4909 Jesu,
2918 4844 3009 4912 qui
3040 4858 3137 4912 pro
3165 4843 3322 4898 nobis
3364 4843 3556 4898 incar-

1967 4937 2128 4983 natus
2153 4943 2250 4998 per
2288 4930 2649 4985 obedientiam
2675 4932 2855 4988 crucis
2882 4932 3005 4988 coeli
3039 4941 3307 5002 ternaque
3336 4947 3556 5002 posses-

1968 5035 2058 5074 sor
2083 5030 2169 5074 est
2204 5019 2400 5085 factus,
2433 5021 2522 5076 cui
2559 5023 2721 5077 Pater
2766 5024 2820 5078 in
2862 5023 3125 5079 Psalterio
3170 5039 3268 5093 per
3312 5023 3559 5094 Prophe-

1967 5118 2078 5165 tam
2106 5110 2181 5169 ait
2213 5129 2225 5163 :
2258 5109 2479 5164 Postula
2501 5127 2537 5184 _a
2561 5127 2643 5166 me
2669 5122 2717 5166 et
2757 5112 2892 5166 dabo
2929 5114 3022 5166 tibi
3056 5123 3232 5184 gentes
3267 5114 3554 5168 hwredita-

1966 5211 2068 5255 tem
2124 5211 2268 5255 tuam
2330 5212 2379 5255 et
2441 5205 2815 5273 possessionem
2884 5215 3030 5258 tuam
3093 5206 3342 5260 terminos
3391 5215 3551 5259 teme

1967 5288 2138 5363 (Psal.
2186 5291 2268 5363 ιι).
2302 5290 2436 5346 Silet
2473 5294 2640 5347 omnis
2691 5303 2831 5348 terra
2879 5293 3048 5359 Juda,
3087 5295 3326 5348 omnibus
3365 5294 3550 5349 diebus

1968 5381 2217 5449 Simonis,
2247 5385 2373 5453 quia
2401 5394 2544 5439 terra
2581 5385 2834 5441 Ecclesia:
2880 5401 2909 5439 a
2948 5397 3189 5456 tempore
3221 5387 3550 5440 incarnatio-

1967 5475 2052 5528 nis
2082 5474 2280 5530 Christi
2331 5491 2501 5546 usque
2543 5476 2594 5530 in
2644 5477 3049 5546 sempiternum,
3087 5476 3215 5531 licet
3243 5475 3548 5531 forinsecus

1966 5569 2366 5639 persecutiones
2397 5570 2464 5624 ab
2485 5557 2726 5625 inimicis
2753 5569 2962 5633 toleret,
3009 5570 3157 5624 intus
3189 5578 3368 5625 tamen
3411 5581 3537 5639 pace

1965 5659 2161 5715 fruitur
2189 5675 2335 5714 vera.
2362 5657 2458 5715 Cui
2486 5658 2630 5715 idem
2679 5659 2927 5716 Salvator
2975 5661 3028 5715 in
3079 5658 3372 5731 Evangelia
3417 5670 3542 5712 aut:
