3928 6168
379 319 517 374 19.03

1083 315 1433 374 COMMENT.
1475 317 1541 374 IN
1581 318 1825 376 LIBROS
1865 320 2439 378 MACIIAB/EORUM.
2477 354 2551 366 —
2587 323 2656 378 IN
2694 324 2822 379 LIB.
2864 325 2905 379 I.

3504 331 3641 385 1‘206

373 434 568 488 Pacem
597 445 768 486 meum
811 437 880 484 de
907 431 1060 494 vobis,
1104 448 1282 500 pacem
1322 449 1490 487 meam
1524 433 1758 505 relinquo
1793 435 1953 499 vobis,
1985 439 2036 498 Α
2134 435 2279 491 Fecit
2299 455 2478 507 pacem
2503 458 2657 512 super
2684 452 2896 496 terram.
2923 444 3056 510 Quia
3084 447 3192 516 ipse
3211 457 3284 502 est
3309 465 3416 519 pas:
3440 465 3640 516 nostra.

375 527 561 598 (Joan.
596 521 733 595 xxv),
765 523 881 592 ipse
919 524 1010 593 qui
1041 525 1202 578 struit
1231 524 1370 579 bona
1401 527 1544 595 genti
1574 541 1703 581 suae.

447 615 517 668 Et
535 613 732 684 placuit
761 613 867 668 illis
887 623 1111 682 potestas
1139 615 1275 685 ejus,
1307 626 1354 669 et
1375 615 1544 686 gloria
1573 618 1687 686 ejus
1717 619 1955 673 omnibus

372 705 576 759 diebus.
609 703 802 760 Omnia
842 701 1095 759 videlicet
1138 705 1278 760 bona
1313 706 1382 760 ab
1426 706 1544 776 ipso
1593 707 1785 762 collata
1829 717 1957 763 sunt

371 793 630 850 Ecclesiae
659 794 712 848 in
741 793 1114 848 remissionem
1161 805 1505 864 peccatorum
1549 806 1603 851 et
1640 797 1956 869 dominatio-

371 899 498 939 nem
527 883 812 937 virtutum.
847 883 996 938 Unde
1037 885 1332 954 eomplacet
1380 886 1454 939 illi
1487 895 1727 955 potestas
1755 886 1874 956 ejus
1899 896 1955 944 et

370 973 542 1044 gloria
559 973 698 1044 ejus,
719 973 845 1043 quia
875 973 950 1027 illi
980 973 1078 1028 soli
1104 975 1308 1029 servire
1332 976 1478 1030 omni
1513 985 1753 1046 tempore
1767 978 1947 1049 elegit.

443 1063 567 1134 Ipse
589 1063 782 1134 accepit
811 1061 1031 1132 Joppem
1063 1063 1117 1115 in
1141 1074 1346 1133 portum
1366 1073 1413 1117 et
1449 1064 1572 1134 fecit
1602 1066 1872 1121 introitum
1897 1069 1953 1122 in

369 1152 560 1207 insulis
597 1153 778 1206 maris.
822 1149 955 1206 Cum
1008 1151 1288 1206 introitum
1330 1152 1455 1208 ﬁdei
1486 1169 1553 1209 ex
1585 1155 1821 1226 gentium
1853 1173 1950 1228 po-

371 1243 498 1314 pulo
546 1242 646 1298 sibi
702 1243 948 1298 fundavit
999 1241 1316 1309 Ecclesium,
1369 1246 1516 1302 unde
1568 1246 1847 1303 introitum
1897 1251 1952 1305 in

372 1337 496 1393 ﬁdei
518 1353 614 1408 per
638 1337 984 1408 Evangelium
1005 1339 1271 1407 panderet
1299 1339 1549 1410 gentibus
1575 1342 1740 1398 totius
1781 1345 1948 1400 orbis.

369 1425 539 1498 Joppe
558 1426 893 1498 pulchritudo
918 1427 1324 1499 interpretatur,
1347 1438 1403 1486 et
1423 1445 1544 1500 quae
1569 1432 1847 1502 pulchrior
1870 1447 1952 1492 est

369 1509 558 1572 sancta
585 1516 825 1572 Ecclesia
863 1517 950 1573 cui
993 1533 1224 1588 sponsus
1265 1520 1318 1574 in
1365 1519 1590 1578 Cantico
1617 1525 1950 1581 canticorum

369 1609 447 1662 ait
482 1627 495 1662 :
532 1607 705 1674 Quam
752 1608 970 1678 pulchra
1009 1625 1084 1674 es,
1133 1611 1304 1665 amica
1343 1629 1479 1680 mea,
1528 1630 1686 1684 quam
1731 1616 1952 1685 pulchra

365 1718 442 1766 es,
488 1699 627 1756 oculi
652 1700 730 1752 tui
771 1699 1128 1754 columbarum
1163 1701 1356 1772 absque
1392 1719 1451 1756 eo
1475 1704 1613 1774 quod
1644 1706 1952 1761 intrinsecus

2055 531 2143 599 qui
2174 531 2294 600 fecit
2336 543 2554 603 utraque
2580 551 2741 587 unum
2767 535 2982 607 (Ephes.
3007 535 3091 608 tt).

2128 618 2196 671 Et
2225 618 2433 676 [tutatus
2460 633 2533 676 est
2564 622 2735 678 Israel
2761 623 2946 680 la’titia
2971 643 3181 698 magna.
3212 629 3348 696 Quia
3373 631 3640 689 la‘tabitur

2047 709 2227 778 justus
2253 712 2308 766 in
2348 712 2593 778 Domino,
2633 725 2681 769 et
2715 717 2940 787 sperabit
2983 719 3038 772 in
3075 735 3157 786 eo,
3188 731 3235 775 et
3277 721 3640 780 laudabuntur

2057 818 2232 856 omnes
2265 804 2392 857 recti
2419 805 2574 859 corde
2599 803 2770 877 (Psal.
2799 809 2974 880 um).

2130 893 2196 947 Et
2225 894 2357 948 sedit
2397 898 2750 968 unusquisque
2794 899 2888 953 sub
2921 900 3018 955 vite
3051 917 3149 954 sua
3175 910 3223 956 et
3265 905 3359 957 sub
3386 905 3633 974 ﬁculnea,

2057 1002 2149 1040 nec
2174 996 2285 1040 erat
2304 989 2394 1058 qui
2416 1005 2503 1044 eos
2525 999 2756 1045 terreret.
2800 992 2913 1048 Hoc
2948 1002 3030 1048 est
3068 995 3219 1065 juxta
3245 996 3374 1052 illud
3406 1003 3549 1069 quod
3579 1003 3633 1056 in

2056 1075 2290 1132 Machina
2328 1079 2526 1134 dicitur
2571 1099 2583 1135 :
2634 1081 2936 1154 Requiescet
2990 1088 3345 1159 unusquisque
3393 1091 3488 1145 sub
3539 1095 3637 1148 vite

2054 1183 2151 1219 sua
2200 1175 2247 1220 et
2291 1167 2384 1221 sub
2425 1168 2649 1237 ﬁculnea
2695 1188 2810 1233 sua,
2858 1183 2905 1226 et
2951 1191 3054 1230 non
3098 1177 3194 1230 erit
3244 1195 3332 1249 qut
3379 1191 3632 1236 exterreat

2055 1254 2176 1326 (III
2202 1255 2328 1327 Reg.
2377 1259 2472 1329 Iv).
2507 1258 2632 1314 Haec
2662 1271 2746 1316 est
2769 1263 2924 1317 vinea
2969 1279 3089 1334 quae
3140 1267 3194 1320 in
3238 1269 3528 1341 Evangelia
3559 1273 3632 1326 lo—

2053 1346 2356 1415 quebatur:
2389 1347 2502 1425 Ego
2551 1366 2665 1402 sum
2717 1353 2832 1406 vitis
2874 1362 2922 1406 et
2959 1371 3048 1408 vos
3092 1355 3330 1425 palmites
3375 1370 3422 1413 et
3474 1359 3636 1415 Pater

2061 1437 2204 1475 meus
2237 1424 2494 1490 agricola.
2532 1425 2719 1483 Omnis
2751 1429 2910 1484 arbor
2941 1434 3032 1498 qui
3078 1424 3181 1489 non
3228 1436 3354 1505 facil
3402 1439 3630 1505 fructum

2062 1511 2248 1566 bonum
2285 1517 2577 1583 excidetur,
2626 1529 2675 1572 et
2727 1521 2779 1576 in
2829 1523 3004 1596 ignem
3041 1527 3277 1582 mittetur
3325 1529 3505 1600 (Joan.
3539 1549 3626 1596 xv,

2061 1604 2244 1658 Matth.
2279 1623 2374 1668 vn,
2410 1608 2540 1664 Luc.
2585 1613 2688 1678 tn).
2725 1612 2897 1685 Hujus
2928 1616 3139 1674 fructus
3173 1621 3434 1676 bibuntur
3460 1632 3512 1676 et
3541 1640 3628 1679 eo-

2062 1699 2350 1751 metiuntur
2397 1709 2452 1753 et
2499 1700 2778 1757 lectilicant
2828 1721 2922 1760 cor
2975 1707 3228 1775 hominis,
3277 1720 3330 1765 et
3364 1715 3630 1770 inebriant

367 1793 492 1848 latet
533 1791 728 1865 (Cant.
756 1793 839 1864 t)?
878 1793 1028 1849 Unde
1069 1793 1307 1850 dilatavit
1355 1795 1488 1865 ﬁnes
1526 1800 1692 1867 gentis
1732 1815 1865 1864 θυαε,
1899 1801 1952 1855 id
1983 1797 2028 1856 Β
2061 1787 2264 1842 audeas
2291 1804 2504 1858 sponsa:
2533 1800 2586 1846 et
2616 1793 2668 1847 in
2707 1810 2872 1864 regno
2905 1797 2996 1852 Dei
3025 1801 3148 1853 novi
3177 1802 3435 1856 bibuntur
3459 1809 3629 1873 quoti-

364 1891 474 1948 est,
505 1883 778 1949 Ecclesiae,
805 1883 1037 1939 obtinuit
1078 1886 1352 1957 regionem
1399 1886 1564 1942 totius
1619 1889 1826 1944 mundi.
1879 1890 1950 1944 Et

366 1975 694 2045 congregavit
717 1974 1066 2044 captivitatem
1099 1973 1340 2028 multam.
1370 1975 1447 2031 De
1481 1991 1588 2046 quo
1617 1991 1780 2047 supra
1817 1979 1952 2033 scri-

365 2073 519 2134 ptum
541 2074 623 2119 est
651 2084 662 2118 :
705 2065 1000 2120 Ascendens
1025 2067 1081 2122 in
1117 2066 1285 2122 altum
1309 2071 1566 2140 captivam
1599 2071 1754 2126 duxit
1780 2075 1948 2143 capti-

366 2157 600 2219 vitatem,
641 2155 787 2210 dedit
823 2156 958 2211 dona
995 2157 1292 2213 hominibus
1323 2159 1669 2232 (Ephes.tv).

439 2245 507 2299 Et
549 2245 848 2300 dominatus
892 2256 966 2301 est
1011 2245 1254 2315 Gazam,
1302 2259 1352 2305 et
1394 2251 1686 2319 Bethsurce,
1722 2262 1771 2308 et
1813 2256 1946 2309 arci.

367 2352 393 2378 ι·
420 2337 556 2405 Quia
580 2338 830 2393 mandavi
864 2338 1065 2394 factum
1093 2355 1188 2411 per
1214 2341 1562 2414 Evangelium
1590 2345 1859 2401 domando
1893 2347 1948 2400 in

367 2428 642 2500 proprium
669 2428 874 2498 redegit
902 2428 1188 2485 Dominum
1217 2439 1273 2487 et
1309 2432 1532 2488 abstulit
1581 2434 1950 2493 immunditias

367 2526 682 2589 peccatoris
718 2529 883 2587 atque
929 2519 1204 2587 vitiorum,
1249 2522 1518 2579 mandans
1561 2537 1680 2579 eam
1730 2525 1949 2582 lavacro

371 2608 819 2680 regenerationis.

440 2702 506 2755 Et
535 2718 637 2755 non
670 2711 780 2754 erat
802 2703 890 2772 qui
920 2703 1179 2758 resisteret
1203 2705 1272 2758 ei.
1302 2705 1377 2760 De
1405 2720 1513 2776 quo
1541 2707 1805 2778 scriptum
1827 2717 1942 2766 est:

367 2794 434 2848 In
460 2793 722 2848 voluntate
742 2802 854 2859 tua,
885 2794 1124 2862 Domine,
1149 2797 1393 2852 universa
1416 2808 1538 2852 sunt
1559 2801 1751 2869 posita,
1774 2811 1821 2854 et
1844 2819 1948 2857 non

363 2895 437 2938 est
459 2883 549 2955 qui
568 2885 728 2954 possit
754 2884 990 2939 resistere
1015 2888 1268 2940 voluntati
1308 2896 1431 2941 ture.
1482 2887 1559 2942 Tu
1602 2890 1740 2944 enim
1779 2891 1948 2960 fecisti

365 2973 549 3028 calum
568 2984 616 3028 et
651 2983 844 3029 terram
877 2983 924 3028 et
961 2975 1206 3030 universa
1233 2993 1351 3046 quas
1391 2977 1503 3032 caeli
1545 2980 1742 3034 ambitu
1782 2983 1950 3036 conti-

367 3074 575 3129 nentur,
605 3065 860 3120 Dominus
886 3066 1243 3121 universorum
1274 3075 1331 3121 tu
1357 3085 1410 3123 es
1434 3068 1668 3140 (Esther.
1707 3072 1852 3141 xm).

436 3153 504 3206 Et
553 3154 906 3225 unusquisque
948 3155 1147 3209 colebat
1195 3165 1390 3211 terram
1436 3176 1585 3214 suam
1634 3177 1751 3215 cum
1796 3180 1944 3232 pace.

365 3242 572 3311 Corpus
610 3258 766 3296 suum
817 3242 1022 3298 scilicet
1064 3244 1356 3302 virtutibus
1400 3263 1681 3316 exercens,
1713 3251 1799 3306 vel
1839 3261 1948 3306 ter-

366 3347 482 3384 ram
516 3331 769 3388 Ecclesia:
811 3332 968 3388 bonis
1005 3335 1282 3403 operibus.
1332 3335 1539 3409 Singuli
1589 3341 1792 3411 quique
1818 3357 1946 3398 san-

365 3429 575 3475 ctorum
604 3436 702 3491 pro
726 3421 932 3476 viribus
957 3422 1160 3477 colunt.

437 3511 502 3564 Et
524 3520 664 3566 terra
684 3511 841 3566 dabat
865 3512 1092 3582 fructum
1114 3531 1291 3569 suum.
1315 3516 1456 3572 Caro
1479 3519 1735 3575 videlicet
1755 3531 1941 3577 nostra

367 3602 572 3658 fructus
593 3605 856 3658 bonorum
885 3620 1106 3674 operum
1135 3605 1291 3663 aﬁ‘ert
1317 3608 1586 3664 similiter.

436 3692 505 3746 Et
551 3693 693 3764 ligna
742 3710 1062 3765 camporum.
1109 3696 1223 3753 Hoc
1257 3706 1360 3764 est,
1393 3700 1640 3755 homines
1671 3701 1946 3756 viriditate

366 3783 486 3838 ﬁdei
516 3797 729 3854 semper
757 3783 1011 3841 ﬂorentes
1048 3788 1294 3858 germina
1337 3790 1597 3844 virtutum
1643 3791 1942 3861 proferunt.

435 3873 677 3930 Seniores
719 3876 774 3930 in
819 3875 1017 3946 plateas
1057 3878 1302 3932 sedebant
1345 3896 1543 3947 omnes,
1591 3891 1639 3935 et
1687 3882 1750 3936 de
1797 3882 1944 3937 bonis

365 3978 518 4024 terra:
537 3967 858 4035 tractabant,
884 3978 932 4023 et
967 3969 1182 4040 juvenes
1213 3971 1499 4026 induebant
1541 3989 1596 4027 se
1639 3973 1860 4044 gloriam
1898 3985 1942 4027 et

364 4060 527 4113 stolas
575 4057 714 4113 belli.
755 4057 814 4112 In
858 4060 1162 4116 senioribus
1205 4077 1492 4131 possumus
1537 4065 1785 4132 accipere
1820 4080 1945 4134 pro-

365 4152 575 4221 phetas,
613 4151 885 4222 apostolos
921 4160 978 4208 et
1017 4153 1267 4209 doctores
1306 4165 1508 4209 sancta:
1546 4155 1818 4220 Ecclesiae,
1851 4159 1941 4226 qui

366 4242 640 4298 auditores
676 4257 802 4298 suos
840 4243 1079 4299 consiliis
1115 4245 1311 4316 juvant
1335 4254 1390 4301 et
1418 4246 1759 4301 sermonibus
1785 4249 1943 4304 robo-

368 4340 519 4398 rant;
545 4330 772 4400 juvenes
814 4343 1019 4400 autem,
1049 4344 1224 4391 coetus
1271 4337 1533 4402 ﬁdelium,
1579 4339 1726 4409 quia,
1775 4339 1942 4409 gloria

366 4423 723 4480 confessionis
751 4423 950 4480 Christi
994 4423 1139 4490 freti,
1191 4426 1420 4481 induunt
1463 4442 1522 4481 se
1562 4429 1731 4483 armis
1775 4429 1943 4484 virtu-

2059 1877 2168 1931 die.
2198 1876 2309 1933 Sub
2337 1879 2439 1936 ﬁcu
2464 1894 2644 1938 antem
2673 1887 2986 1956 requiescit,
3007 1901 3057 1943 et
3078 1892 3253 1947 nullas
3274 1893 3500 1950 insidias
3520 1897 3633 1951 for-

2059 1967 2246 2030 midat.
2279 1971 2366 2040 qni
2397 1971 2686 2030 dulcedine
2702 1978 2872 2031 sancti
2899 1976 3140 2048 Spiritus
3166 1981 3392 2046 fruitur,
3415 1994 3468 2038 et
3491 1984 3634 2040 illius

2059 2057 2324 2117 fructibus
2355 2071 2660 2131 saturatur,
2693 2068 2983 2135 charitate,
3013 2073 3234 2142 gaudio,
3263 2089 3420 2144 pace,
3453 2078 3630 2130 conti-

2057 2153 2260 2215 nentia,
2305 2155 2584 2222 patientia.
2621 2159 2693 2212 De
2726 2159 3032 2228 liujusmodi
3067 2163 3261 2218 dicitur
3303 2166 3628 2235 planlatore,

2057 2240 2160 2307 Qui
2177 2245 2385 2312 plantat
2408 2247 2589 2316 ﬁcum,
2609 2253 2830 2306 comedit
2853 2253 3058 2322 fructus
3081 2256 3378 2327 ejus(Deut.
3403 2259 3516 2328 xx);
3538 2260 3627 2328 qui

2059 2338 2193 2392 tales
2247 2339 2597 2397 aediﬁcaverit
2641 2344 2831 2400 domos
2874 2355 2926 2401 et
2969 2348 3292 2417 plantaverit
3324 2350 3528 2414 vincas,
3565 2352 3628 2404 de
3691 2363 3698 2368 ·

2055 2430 2255 2499 quibus
2304 2435 2600 2502 Apostolus
2648 2435 2891 2516 loquitur
2929 2460 2940 2495 :
2982 2439 3090 2511 Ego
3137 2442 3400 2512 plantavi,
3440 2444 3626 2513 Apollo

2056 2523 2262 2594 rigavit,
2293 2523 2430 2580 Deus
2454 2527 2834 2586 incrementum
2858 2531 2993 2586 dedit
3029 2531 3082 2602 (I
3102 2532 3224 2587 Cor.
3254 2536 3361 2605 In),
3383 2537 3628 2591 comedet

2059 2614 2269 2670 labores
2301 2633 2566 2674 manuum
2600 2636 2842 2690 suarmn,
2871 2633 2919 2676 et
2953 2627 3222 2681 seminans
3247 2627 3300 2680 in
3330 2627 3540 2694 spiritu,
3565 2631 3628 2681 de

2057 2707 2244 2771 spiritu
2277 2717 2433 2761 metet
2459 2711 2620 2764 vitam
2646 2699 2893 2767 aeternam
2921 2714 3065 2786 (Gal.
3094 2717 3192 2786 vr),
3221 2733 3322 2774 nec
3344 2719 3544 2774 diaboli
3575 2730 3630 2772 et

2057 2800 2350 2854 satellitum
2382 2803 2501 2870 ejus
2539 2790 2818 2861 fraudibus
2850 2793 3313 2876 supplantabitur.

2123 2909 2192 2963 Et
2228 2910 2559 2978 conﬁrmavit
2616 2930 2792 2968 omnes
2845 2917 3068 2972 humiles
3115 2919 3296 2990 populi
3343 2923 3428 2975 sui
3458 2933 3506 2977 et
3547 2925 3622 2978 le-

2048 3015 2161 3069 gem
2193 3001 2494 3070 exquisit-it.
2533 3002 2770 3060 Ilumiles
2804 3009 2984 3076 populi
3023 3019 3151 3064 sunt
3191 3015 3365 3067 sancti
3395 3030 3534 3083 quos
3567 3018 3618 3070 in

2051 3090 2342 3160 Evangelio
2378 3091 2668 3163 (Matth.v)
2693 3109 2945 3162 pauperes
2977 3099 3168 3166 spiritu
3199 3103 3455 3170 appellat.
3483 3104 3622 3174 Ope-

2049 3197 2108 3236 ra
2164 3196 2380 3252 quoque
2435 3185 2616 3254 populi
2659 3184 2748 3239 Dei
2807 3200 2912 3240 non
2947 3199 3310 3253 veterascent,
3339 3195 3430 3247 sed
3464 3196 3621 3249 inno-

2047 3264 2318 3318 vabuntur
2344 3273 2400 3320 et
2443 3267 2984 3334 consummabuntur,
3033 3269 3120 3325 vel
3163 3269 3628 3326 conﬁrmabuntur

2047 3354 2308 3424 quotidie,
2340 3365 2396 3409 ut
2430 3372 2533 3410 non
2564 3357 2829 3412 ambulent
2858 3359 2914 3414 in
2945 3369 3193 3415 vetustate
3222 3361 3430 3428 littera’,
3461 3363 3549 3416 sed
3572 3365 3628 3416 in

2047 3447 2270 3500 novitate
2303 3445 2530 3517 Spiritus
2576 3447 2753 3520 (Rom.
2777 3449 2905 3521 vn);
2937 3452 3097 3506 talem
3142 3453 3311 3523 legem
3339 3454 3630 3524 exquisivit

2049 3534 2232 3588 Simon
2261 3546 2465 3601 noster,
2493 3546 2537 3590 et
2567 3538 2780 3592 abstulit
2808 3556 3011 3594 omnem
3050 3543 3286 3608 iniquum
3321 3554 3367 3597 et
3406 3545 3625 3608 malum,

2046 3639 2166 3678 cum
2195 3625 2354 3679 modo
2399 3640 2496 3695 per
2524 3636 2742 3682 sanctos
2769 3627 3018 3684 doctores
3049 3635 3482 3687 cxcommnnicat
3522 3634 3628 3687 lue-

2047 3716 2244 3770 reticos
2265 3724 2323 3770 et
2343 3717 2736 3781 scbismaticos,
2776 3729 2830 3772 et
2849 3736 3039 3774 omnes
3074 3722 3189 3788 pios
3221 3724 3271 3775 in
3311 3725 3414 3776 ﬁne
3443 3740 3566 3777 mnu
3598 3727 3624 3778 ,i

2047 3808 2230 3870 mittit,
2261 3815 2317 3863 et
2359 3809 2609 3878 colligent
2652 3811 2830 3869 omnia
2881 3812 3137 3866 scandala
3181 3813 3246 3867 de
3296 3829 3460 3880 regno
3512 3814 3627 3882 ejus

2047 3895 2259 3964 (Matth.
2293 3897 2434 3967 xm).

2117 3986 2310 4041 Sancta
2336 3988 2646 4058 gloriﬁcavit
2674 4000 2720 4043 et
2747 3990 3111 4062 multiplicauit
3154 4011 3273 4048 vasa
3299 4005 3620 4056 sanctorum,

2045 4095 2168 4134 cum
2219 4080 2530 4151 religionem
2591 4080 2725 4136 Novi
2783 4082 3119 4138 Testamenti
3164 4084 3538 4139 ordinabilitcr
3570 4094 3626 4138 et

2049 4172 2148 4225 rite
2174 4171 2227 4225 in
2266 4172 2506 4226 Ecc'esia
2534 4188 2630 4228 sua
2673 4189 2893 4228 servare
2923 4175 3125 4230 docuit.

2119 4261 2185 4315 Et
2210 4263 2447 4315 auditum
2475 4272 2549 4316 est
2581 4261 2758 4318 Romce
2804 4265 2927 4335 quia
2957 4265 3234 4335 defunctus
3282 4274 3410 4320 esset
3454 4264 3622 4320 Jona-

2046 4352 2182 4417 thas,
2239 4362 2287 4405 et
2336 4369 2498 4422 usque
2549 4354 2603 4406 in
2658 4352 2999 4424 Spartiatas:
3045 4344 3100 4410 et
3159 4357 3446 4410 contristati
3501 4366 3621 4409 sunt

2046 4441 2214 4507 valde,
2263 4452 2368 4496 etc.
2409 4442 2628 4498 Simone
2658 4444 3016 4498 sacerdotium
3067 4446 3364 4515 accipiente
3396 4445 3622 4501 diversa:

367 4526 512 4582 tum,
548 4531 656 4586 quo
697 4514 905 4571 facilius
933 4517 1140 4585 possint
1184 4527 1464 4573 conterere
1507 4519 1744 4573 hostium
1781 4534 1940 4574 exer-
1974 4516 2022 4574 D
2047 4539 2233 4602 gemes
2260 4533 2324 4587 ad
2352 4549 2474 4588 cum
2496 4533 2700 4604 legatos
2723 4535 2966 4601 ιῃίιιυηι,
3005 4514 3256 4606 rogaui“
3292 4551 3354 4590 ea
3384 4551 3503 4606 qua,
3529 4553 3621 4607 pa-

365 4608 552 4663 citum.

436 4697 742 4752 Civitatibus
778 4696 1035 4750 tribuebat
1074 4696 1370 4752 alimonias.
1416 4698 1527 4753 IIoc
1549 4709 1652 4765 est,
1684 4699 1942 4755 Ecclesiis

365 4789 744 4859 impendebant
777 4804 1052 4844 sermones
1079 4789 1480 4860 doctrinasque.

437 4876 580 4942 Quas
605 4876 870 4931 constituit
890 4893 999 4932 esse
1021 4895 1142 4932 vasa
1159 4881 1480 4935 munitionis.
1508 4881 1578 4937 Ut
1597 4881 1802 4938 scilicet
1825 4884 1940 4938 the-

364 4982 584 5024 saurum
613 4969 890 5039 sapientia:
911 4971 1166 5040 spiritalis
1192 4980 1490 5040 servarent,
1534 4976 1589 5028 in
1623 4976 1936 5030 conscientia

362 5075 498 5129 pura
535 5069 582 5112 et
626 5060 729 5128 ﬁde
769 5078 872 5116 non
911 5061 1035 5130 ﬁcta
1063 5059 1114 5134 (l
1165 5056 1370 5128 Tim.t),
1393 5065 1537 5134 quod
1581 5067 1762 5120 tandiu
1813 5065 1940 5122 fecit

361 5148 701 5218 quoadusque
731 5151 1056 5205 nominatum
1093 5162 1167 5206 est
1203 5169 1387 5208 nomen
1430 5154 1612 5225 gloria:
1639 5155 1751 5224 ejus
1778 5173 1938 5227 usque

364 5236 435 5292 ad
457 5248 745 5292 extremum
765 5241 1078 5310 terra','quia
1093 5242 1145 5296 in
1161 5258 1361 5297 omnem
1382 5252 1576 5296 terram
1595 5245 1751 5298 exivit
1777 5263 1937 5302 sonus

363 5329 762 5400 priedicatiouis
801 5333 1186 5402 apostolorum,
1233 5344 1281 5388 et
1328 5335 1384 5388 in
1423 5334 1554 5405 ﬁnes
1600 5336 1738 5390 orbis
1781 5345 1936 5392 terra:

364 5419 516 5473 verba
543 5437 720 5474 corum
753 5418 926 5495 (Psal.
970 5423 1146 5496 xvtn).
1178 5423 1332 5480 Unde
1375 5439 1471 5494 per
1505 5424 1700 5481 Isaiam
1737 5426 1934 5482 dicitur

365 5511 720 5580 prophetam:
752 5512 1002 5569 Auditum
1046 5514 1203 5586 faciet
1246 5515 1499 5570 Dominus
1539 5515 1758 5586 gloriam
1797 5518 1932 5572 vocis

363 5609 490 5664 tute,
517 5612 562 5654 et
589 5613 834 5658 terrorem
864 5605 1063 5659 brachii
1090 5607 1318 5660 ostendet
1347 5605 1478 5677 (Isa.
1512 5606 1658 5677 xxx).

433 5722 457 5750 ι
491 5712 666 5771 Locus
697 5730 1000 5789 corruptus,
1029 5727 1087 5774 ut
1119 5721 1208 5774 alii
1233 5720 1365 5776 bene
1391 5721 1562 5776 multi.

2047 4623 2128 4678 eis
2168 4633 2316 4688 sunt,
2345 4623 2610 4695 signiﬁcat
2634 4625 2777 4694 quod
2821 4626 3074 4696 apostolis
3104 4635 3266 4696 atque
3313 4627 3621 4684 doctoribus

2049 4713 2178 4768 Novi
2220 4715 2548 4769 Testamenti
2589 4725 2711 4784 post
2756 4718 3058 4784 passionem
3102 4715 3329 4783 Christi,
3378 4733 3621 4774 resurre-

2054 4807 2277 4862 ttionem
2324 4815 2485 4876 atque
2537 4807 2906 4862 ascensionem
2949 4808 3013 4860 ad
3059 4807 3227 4863 cmlos
3273 4808 3617 4880 Evangelium

2045 4897 2097 4951 iu
2129 4897 2327 4951 mundo
2361 4896 2796 4966 praedicantibus,
2839 4895 3125 4950 multitudo
3171 4897 3410 4968 gentium
3461 4899 3526 4951 ad
3557 4899 3618 4952 ﬁ-

2044 4987 2166 5042 dem
2191 4986 2531 5053 conﬁuxerit,
2555 4996 2611 5042 et
2639 5002 2825 5058 pacem
2857 5002 3180 5058 magnopere
3210 5005 3332 5044 cum
3376 4989 3612 5044 Ecclesia

2041 5079 2242 5132 habere
2291 5078 2661 5148 postulaverit.

2112 5165 2372 5221 Mittentes
2399 5166 2664 5238 epistolas.
2706 5165 2818 5223 lloc
2840 5177 2943 5235 est,
2975 5177 3186 5225 secreta
3213 5173 3391 5226 cordis
3412 5173 3490 5226 sui
3515 5185 3614 5242 per

2039 5254 2426 5312 confessionem
2451 5256 2557 5312 illis
2577 5258 2985 5327 patefacientes,
3021 5271 3290 5330 quatenus
3322 5261 3479 5316 verba
3512 5275 3606 5313 ve-

2041 5345 2216 5401 ritatis
2253 5347 2564 5416 accipiendo
2607 5349 2848 5418 regulam
2890 5349 3119 5418 justitia:
3167 5351 3234 5405 ab
3280 5349 3360 5403 eis
3408 5349 3613 5404 edisce-

2033 5443 2173 5490 rent.

2110 5526 2321 5584 Tabula:
2345 5545 2496 5584 terere
2537 5531 2836 5587 memoriale
2862 5541 3184 5603 perpetuum.
3220 5531 3489 5601 Scriptum
3522 5544 3606 5588 est

2035 5618 2218 5673 enim:
2251 5617 2317 5674 In
2345 5621 2591 5676 memoria
2617 5631 2811 5676 aeterna
2855 5623 2952 5675 erit
2984 5621 3184 5689 justus,
3227 5620 3289 5676 ab
3337 5620 3618 5675 auditione.
