3928 6168
318 252 467 322 1201

986 254 1049 311 B.
1092 252 1343 310 RABANI
1381 250 1602 310 MAURI
1636 250 1955 308 ARCHIEP.
1996 252 2306 310 MOGUNT.
2344 251 2635 311 .OPERUU
2668 252 2852 315 PARS
2884 254 2925 310 ἰ.

3451 253 3586 317 £903

316 382 461 431 mata
490 389 597 428 non
623 371 819 426 timebit
848 363 1022 439 (Psal.
1044 366 1191 437 CXI);
1239 367 1366 421 atris
1397 366 1596 436 quippe
1625 365 1902 420 metallum
1935 370 1980 429 Α
2007 376 2232 423 ventura
2258 368 2453 424 messis
2479 369 2736 435 ostendit,
2767 369 2909 425 sicut
2945 378 3004 425 et
3051 370 3105 425 in
3134 370 3395 427 vicesimo
3416 370 3593 441 primo

319 469 410 523 diu
436 453 677 521 durabilc
703 469 784 517 est
818 467 982 528 atque
1007 472 1289 523 sonorum,
1340 458 1422 513 sic
1461 457 1698 513 amicitia
1740 466 1906 527 atque

318 554 550 610 societas
587 556 896 607 sanctorum
936 548 1309 604 ﬁrmissimum
1347 557 1511 618 alque
1542 548 1903 605 clarissimum

320 642 615 699 mansionis
641 649 842 697 statum
881 640 1060 695 habet.

393 731 517 787 Post
543 734 655 787 lucc
686 742 861 786 autem
888 732 1031 787 misit
1088 729 1270 785 Simon
1302 728 1624 785 Numenium
1656 729 1900 795 Romam,

315 832 425 879 etc.
459 821 645 878 Simon
669 823 929 878 Romanis
967 821 1221 893 clypeum
1266 836 1493 876 aureum
1540 821 1763 877 mittens
1805 822 1903 876 ha-

311 914 530 968 bentem
562 914 778 983 pondus
806 927 1056 967 mnarum
1096 911 1260 976 mille,
1298 912 1365 967 ad
1405 910 1751 967 statuendam
1776 927 1901 967 cum

314 1003 757 1068 eissocietatem,
785 1002 1055 1073 signiﬁcat
1083 1003 1334 1087 doctores
1374 1010 1594 1056 sanctos
1627 1002 1682 1056 in
1708 1002 1903 1072 praedi-

314 1095 531 1151 catione
566 1093 843 1165 Evangelii
885 1094 1135 1165 gentibus
1172 1092 1493 1163 promittere
1535 1106 1763 1162 regnum
1792 1104 1903 1146 cce-

312 1189 448 1245 leste
475 1197 531 1244 et
556 1199 813 1244 aeternam
846 1187 1258 1251 beatitudinem,
1305 1186 1350 1240 si
1379 1186 1541 1241 ﬁdem
1583 1186 1787 1241 Christi
1818 1199 1901 1239 re-

311 1282 493 1352 cipere
520 1280 790 1336 voluerint
830 1278 1314 1351 evangelicamque
1358 1277 1665 1333 doctrinam
1712 1278 1766 1331 in
1795 1276 1903 1334 ﬁne

309 1381 435 1436 vitm
457 1396 693 1436 servare.
725 1380 910 1451 Clypei
938 1379 1082 1434 enim
1113 1376 1416 1432 rotunditas
1458 1383 1514 1431 et
1560 1375 1676 1429 auri
1724 1373 1901 1443 splen-

311 1470 411 1527 dor
438 1486 537 1526 nec
564 1486 669 1527 non
702 1481 757 1525 et
783 1468 1066 1524 millenarii
1091 1466 1299 1523 numeri
1329 1464 1617 1539 perfectio,
1644 1479 1743 1535 per
1768 1463 1901 1535 ﬁgu-

309 1578 427 1618 ram
452 1570 669 1618 aetcrnze
690 1562 889 1632 quietis
910 1575 1168 1616 coronam
1204 1558 1531 1630 signiﬁcant,
1559 1568 1664 1613 etc.

379 1652 449 1707 Et
476 1662 773 1707 statuerunt
798 1653 871 1707 eis
900 1652 1191 1706 libertatem
1232 1660 1279 1704 et
1320 1650 1703 1719 descripserunt
1732 1648 1788 1701 in
1818 1658 1899 1701 ta-

2005 444 2213 528 psaltno
2248 459 2363 529 ipse
2388 459 2561 515 dicit:
2600 457 2789 515 Semen
2826 476 3000 515 meum
3037 460 3224 517 seruiet
3267 461 3369 519 illi.
3406 461 3593 520 Mauo-

2004 550 2141 606 bunt
2194 565 2327 620 ergo
2357 551 2531 606 sancti
2558 550 2612 605 in
2643 559 2906 627 aeternum
2927 591 2943 618 ,
2989 552 3084 621 qui
3138 552 3193 607 in
3223 552 3507 609 excellenti
3529 569 3594 610 ac

2003 641 2162 697 beata
2191 641 2606 699 conversatione
2634 642 3009 699 desperamur.
3041 642 3194 699 Unde
3225 643 3346 700 illos
3378 646 3595 715 proprie

2007 748 2233 788 manere
2256 746 2362 788 non
2389 733 2640 797 dicimus,
2671 733 2801 803 quia
2823 749 2854 788 a
2886 748 3055 806 regno
3084 734 3298 790 Domini
3330 736 3595 807 repellun-

2004 831 2111 878 tur.
2157 824 2407 879 Throntts
2435 832 2619 881 autem
2646 825 2744 882 Dei
2772 825 2864 881 hic
2904 825 3253 899 intelligenda
3294 836 3383 884 est
3411 829 3592 884 anima

2004 913 2196 978 ﬁdelis,
2226 914 2281 968 in
2301 928 2410 985 qua
2443 928 2634 970 revera
2661 915 2863 972 insidet
2890 917 3106 986 quando
3142 931 3266 972 eam
3289 916 3594 989 maiestatis

2003 1020 2117 1060 suze
2152 1003 2549 1061 illuminatione
2591 1005 2972 1076 compleverit;
3021 1007 3102 1063 sic
3133 1009 3281 1063 enim
3332 1009 3591 1080 scriptum

2001 1102 2088 1148 est
2112 1110 2125 1147 :
2154 1091 2314 1148 Sedes
2336 1093 2606 1164 sapientia
2634 1095 2812 1150 annua
2841 1096 2999 1166 justi,
3024 1097 3251 1161 addidit,
3267 1099 3403 1153 sicut
3434 1100 3514 1154 sol
3536 1090 3593 1158 in

2001 1194 2280 1257 conspectu
2305 1201 2439 1240 meo.
2473 1185 2675 1242 Lucida
2711 1188 2912 1258 quippe
2953 1195 3072 1244 erat
3099 1191 3284 1246 anima
3328 1190 3416 1247 illa
3435 1190 3591 1261 justi,

2001 1292 2166 1347 quam
2193 1275 2375 1333 sedem
2406 1276 2646 1333 diximus
2666 1275 2987 1336 Salvatoris.
3017 1278 3259 1337 Dicenda
3279 1289 3465 1338 autem
3492 1283 3593 1337 sic-

2001 1377 2059 1422 ut
2105 1368 2206 1434 sol,
2233 1368 2695 1440 comparationem
2723 1384 2908 1425 rerum
2936 1370 3232 1427 visibilium
3268 1370 3424 1429 facit.
3458 1372 3592 1430 Nam

2002 1459 2047 1514 si
2078 1475 2335 1532 magnum
2367 1470 2453 1518 est
2471 1463 2540 1519 de
2569 1474 2821 1519 creatura
2845 1463 3173 1531 clarescere,
3196 1466 3368 1522 multo
3400 1468 3593 1524 melius

2002 1549 2070 1605 de
2095 1548 2353 1607 Creatore
2390 1553 2591 1609 lucere.
2632 1553 2783 1608 Luna
2833 1553 3075 1625 perfecta
3105 1554 3378 1627 signiﬁcat
3419 1565 3594 1613 trans-

2003 1641 2357 1697 mutationem
2396 1644 2643 1713 corporis
2693 1644 2761 1699 de
2795 1646 3152 1716 corruptione
3196 1646 3253 1700 in
3282 1648 3589 1717 corruptio-

309 1744 445 1800 bulis
476 1747 660 1812 cereis,
694 1753 800 1800 etc.
829 1743 966 1799 Ebul
993 1742 1201 1815 [Vulg.,
1234 1741 1375 1813 Elul]
1405 1740 1609 1795 mensis
1635 1749 1718 1794 est
1745 1748 1895 1793 octa-
1924 1726 1970 1786 Β
1999 1747 2147 1788 nem.
2187 1732 2341 1789 Tunc
2369 1735 2515 1790 enim
2549 1734 2788 1807 perfecta
2817 1737 2923 1791 erit
2946 1752 3243 1808 corporum
3278 1747 3591 1797 nostrorum

306 1850 410 1890 vus
429 1834 568 1906 apud
590 1835 846 1890 Hebraeos
865 1834 958 1903 qui
978 1833 1119 1904 apud
1139 1831 1359 1887 Graecos
1382 1832 1582 1886 dicitur
1592 1839 1890 1906 Γορπιαῖος,

308 1926 448 1997 apud
478 1925 701 1981 Latinos
726 1940 853 1979 vero
884 1922 1231 1993 September;
1258 1923 1353 1977 sed
1390 1920 1615 1991 dispersi
1647 1928 1772 1974 sunt
1800 1934 1891 1974 or-

307 2022 462 2075 dines
488 2034 833 2074 numerorum
864 2026 1087 2089 propter
1133 2017 1374 2072 diversas
1402 2014 1775 2070 inchoationes
1803 2028 1891 2067 an-

302 2125 522 2175 norum,
574 2125 695 2179 qua:
743 2108 884 2180 apud
929 2108 1171 2179 singulas
1215 2115 1405 2179 gentes
1449 2106 1708 2161 existunt.
1756 2104 1894 2159 Nam

254 2278 261 2287 .
304 2206 536 2273 llebrzei,
559 2207 648 2277 qui
672 2207 901 2276 primum
934 2219 1178 2261 mensem
1202 2204 1388 2269 Nisan,
1409 2204 1514 2259 hoc
1530 2211 1615 2258 est
1628 2201 1891 2273 Aprilem,

204 2346 213 2354 .
304 2307 361 2357 in
385 2310 537 2357 sexto
563 2301 681 2358 loco
705 2301 909 2357 habent
942 2315 1104 2372 supra
1135 2308 1498 2356 memoratum
1540 2296 1695 2353 Ebul.
1718 2295 1893 2352 Grzeci

305 2400 513 2459 autem,
539 2393 632 2463 qui
665 2407 820 2448 suum
867 2407 1066 2447 annum
1101 2392 1361 2446 inchoant
1407 2405 1438 2444 a
1483 2389 1659 2461 primo
1705 2403 1894 2445 mense

304 2501 516 2550 eorum,
544 2487 807 2563 ’Δπρίλλος
851 2486 1015 2550 dicto,
1064 2485 1168 2541 hoc
1195 2492 1280 2540 est
1319 2499 1348 2538 a
1386 2480 1894 2565 KalendiskDecem-

304 2579 438 2645 bris,
470 2580 738 2635 decimum
767 2593 1011 2633 mensem
1042 2577 1242 2632 habent
1276 2584 1571 2653 Γορπιαῖον.
1597 2574 1775 2632 Latini
1804 2591 1897 2630 au-

306 2679 437 2734 tem,
462 2671 555 2740 qui
579 2670 878 2741 antiquitus
908 2670 1263 2741 primordium
1290 2658 1418 2724 anni
1453 2669 1536 2725 sui
1579 2684 1607 2723 a
1638 2667 1894 2725 Kalendis

302 2760 483 2816 Martii
507 2762 764 2827 habuere,
781 2761 1155 2832 Septembrem
1171 2761 1461 2831 septimum
1485 2775 1727 2819 mensem
1749 2775 1895 2816 com-

300 2860 649 2922 putaverunt.

375 2942 444 2996 Et
478 2944 700 3013 suscepit
731 2941 912 2998 Simon
937 2951 985 2996 et
1013 2941 1209 3013 placuit
1233 2944 1282 2996 ei
1322 2951 1377 2995 ut
1403 2957 1609 2996 summo
1648 2942 1895 2995 sacerdo-

1997 1832 2191 1879 natura
2218 1824 2439 1894 quando
2467 1826 2771 1883 mortalitas
2800 1827 2884 1882 vel
2920 1829 3196 1900 corruptio
3216 1829 3329 1900 jam
3354 1845 3459 1886 non
3484 1831 3591 1886 erit

1997 1913 2105 1968 ulla
2130 1932 2143 1968 :
2177 1915 2321 1986 quod
2344 1917 2491 1972 enim
2526 1919 2644 1989 ipsa
2676 1919 2824 1986 luna,
2850 1936 2973 1991 qum
2993 1922 3197 1977 crescit
3217 1923 3589 1986 etdecrescit,

1994 2004 2180 2063 carnis
2225 2008 2475 2066 humanae
2523 2012 2939 2069 mutabilitatem
2987 2015 3279 2086 signiﬁcat,
3319 2018 3374 2071 in
3403 2018 3593 2074 multis

1998 2098 2406 2169 Stripturarum
2442 2101 2578 2157 locis
2601 2103 2965 2161 demonstrari
2994 2114 3194 2175 potest.
3228 2106 3352 2165 Haec
3369 2108 3594 2177 quidem

1996 2191 2307 2247 testimonia
2350 2193 2418 2248 de
2459 2193 2682 2264 psalmis
2729 2195 3035 2266 posuimus,
3071 2197 3158 2261 .ad
3200 2199 3594 2255 ostendendum

1993 2282 2111 2338 veri
2134 2281 2373 2341 Simonis
2393 2284 2764 2343 ﬁrmisimum
2783 2295 2841 2343 et
2854 2287 3249 2360 sempiternum
3269 2304 3392 2346 eae
3410 2304 3599 2348 sacer-

1994 2370 2220 2428 dolium.

2596 2468 2830 2527 CAPUT
2862 2469 2978 2527 XV.

1996 2581 2300 2667 Antiochus,
2352 2583 2608 2667 Demetrii
2655 2583 2821 2667 ﬁlius,
2855 2585 3058 2667 'accipit
3083 2587 3594 2667 patritregftumet

2064 2652 2530 2727 serioitfpistolas
2571 2652 2800 2727 Ιαᾴῳίε.
2844 2652 3191 2727 Persequitur
3239 2652 3592 2727 Tryphonem.

2066 2721 2210 2777 Misit
2235 2721 2419 2849 Slimon
2444 2723 2499 2777 in
2544 2725 2804 2781 auxilium
2830 2721 3112 2792 Antiocho,
3165 2737 3215 2781 et
3253 2721 3423 2782 noluit
3452 2728 3595 2783 acci-

2066 2808 2207 2849 vere.
2233 2808 2263 2848 e
2291 2809 2341 2849 c.

2065 2808 2207 2859 pere,
2233 2808 2341 2850 etc.

2066 2925 2134 2980 Et
2163 2926 2305 2981 misit
2333 2944 2424 2983 rea:
2443 2928 2748 2996 Antiochus,
2772 2928 2919 2999 ﬁlius
2943 2929 3217 2996 Demetrii,
3245 2931 3499 3003 epistolas
3523 2932 3592 2986 ad

302 3036 377 3089 tio
406 3034 712 3105 fungeretur
735 3043 783 3088 et
819 3044 950 3089 esset
978 3034 1104 3097 dux,
1138 3042 1244 3088 etc.
1284 3032 1570 3088 Peribolus
1595 3031 1783 3089 Graec
1808 3033 1890 3088 di-

1998 3018 2202 3073 insulas
2237 3020 2402 3074 maris
2439 3017 2649 3076 Simoni
2685 3022 2968 3089 sacerdoti,
2990 3030 3099 3079 etc.
3146 3022 3456 3080 Antiochus
3474 3025 3587 3091 hic,

303 3082 447 3180 cittir
484 3082 671 3179 murus
718 3125 840 3180 atrii
880 3125 1073 3179 domus
1121 3123 1358 3188 Domini,
1397 3124 1488 3192 qui
1543 3132 1711 3178 totum
1754 3131 1890 3179 tem-
1916 3082 1963 3144 Ο
1992 3109 2082 3180 (ιυί
2118 3110 2424 3187 εὐεργέτης,
2472 3112 2616 3168 idem
2666 3125 2733 3168 ac
2771 3112 2945 3168 “deus
2969 3153 2985 3179 ν
3013 3115 3434 3185 cognominatus
3485 3125 3589 3181 εει,

304 3215 449 3284 plum
470 3230 567 3284 per
590 3215 855 3284 quadrum
873 3214 1147 3269 ambiebat
1168 3214 1223 3267 in
1252 3213 1501 3289 circuitu,
1529 3214 1670 3269 sicut
1698 3213 1890 3269 beatus

1998 3201 2134 3257 illius
2154 3201 2258 3257 fuit
2289 3203 2547 3260 Demetrii
2591 3204 2857 3271 Sotheris,
2908 3204 3082 3262 frater
3109 3214 3291 3263 autem
3322 3208 3588 3266 Demetrii

303 3304 667 3375 Hieronymus
680 3305 732 3357 in
751 3304 1098 3374 Expositione
1118 3301 1419 3359 Ezechielis
1430 3302 1727 3373 prophetat,
1750 3302 1890 3359 libro

302 3395 515 3450 decimo
545 3397 705 3451 tertio
735 3437 751 3461 ,
789 3395 1043 3451 ostendit.
1098 3395 1156 3450 ln
1183 3395 1303 3450 loco
1332 3407 1462 3465 ergo
1517 3393 1715 3449 celebri
1762 3394 1887 3449 atrii

303 3486 580 3543 interioris
608 3486 800 3543 domus
830 3488 1167 3557 ponebantur
1192 3485 1390 3541 tabulae
1410 3499 1584 3552 serere,
1613 3484 1667 3540 in
1692 3486 1888 3557 quibus

299 3577 677 3632 conﬁrmatum
709 3576 884 3632 fuerat
904 3592 1001 3647 per
1036 3578 1364 3648 scripturam
1399 3577 1759 3632 sacerdotium
1803 3575 1889 3632 Si-

302 3671 480 3726 monis
517 3679 573 3725 ct
611 3670 843 3725 ﬁliorum
876 3670 1011 3741 ejus.
1071 3668 1296 3740 Mystice
1320 3677 1503 3724 autent
1544 3668 1746 3725 Chrisu'
1801 3684 1888 3724 sa-

299 3762 598 3817 cerdotium
615 3770 668 3816 et
690 3762 922 3816 ﬁliorum
953 3758 1091 3828 ejus,
1116 3760 1219 3815 hoc
1244 3768 1330 3815 est
1354 3759 1537 3830 populi
1565 3758 1883 3823 Christiani,

299 3855 355 3905 in
393 3851 533 3906 atrio
566 3853 761 3907 domus
795 3850 1038 3916 Domini,
1076 3851 1179 3905 hoc
1206 3858 1287 3905 est
1324 3851 1376 3904 in
1410 3851 1660 3920 prtesenli
1701 3849 1888 3905 Eccle-

299 3944 398 4001 sia.
432 3943 711 4013 Scriptura
748 3942 1091 4005 testiﬁcante,
1127 3942 1503 4007 conﬁrmatur,
1538 3951 1595 3997 et
1632 3944 1685 3997 in
1712 3944 1884 3998 omni-

301 4036 404 4089 bus
432 4035 680 4106 gentibus
719 4035 910 4090 stabile
956 4044 1012 4089 et
1046 4043 1362 4104 perpetuum
1410 4049 1531 4090 esse
1558 4033 1882 4090 declaratur.

301 4130 456 4185 Unde
481 4136 560 4184 est
587 4128 715 4183 illud
742 4128 884 4198 quod
920 4128 973 4182 in
996 4127 1201 4197 psalmo
1221 4127 1480 4197 scriptum
1500 4136 1585 4183 est
1621 4144 1636 4181 :
1675 4126 1885 4182 Iuravit

301 4220 557 4275 Dominus
594 4228 641 4274 et
677 4235 779 4273 non
821 4218 1079 4290 paenitebit
1120 4234 1237 4273 eum
1264 4233 1282 4270 :
1321 4214 1401 4272 Tu
1446 4234 1499 4273 es
1541 4217 1785 4273 sacerdos
1831 4218 1884 4271 in

298 4321 551 4366 wternum
571 4310 855 4366 secundum
877 4309 1112 4365 ordinem
1138 4308 1514 4364 Melchisedech
1543 4307 1717 4381 (Psal.
1746 4311 1879 4379 cxx).

1988 3293 2236 3359 minoris,
2263 3294 2356 3366 qui
2406 3303 2529 3366 post
2564 3295 2932 3353 Alexandrum
2962 3297 3332 3368 Philopatrem
3382 3300 3589 3370 (Philo-

1986 3384 2170 3454 polum
2204 3384 2223 3456 )
2263 3401 2446 3458 regem
2486 3388 2542 3442 in
2588 3386 2745 3459 Syria
2778 3390 3042 3460 regnavit.
3072 3389 3381 3446 Demetrius
3402 3400 3583 3448 autem

1990 3474 2190 3531 Sotlter
2215 3485 2339 3547 post
2378 3478 2706 3535 Antiochum
2732 3480 3082 3551 Eupatorem,
3135 3483 3306 3538 ﬁlium
3327 3484 3589 3541 Antiochi

1988 3566 2382 3638 Epiphauis,ut
2406 3569 2714 3628 Chronicon
2741 3572 2960 3629 Eusebii
2988 3583 3045 3630 et
3078 3573 3397 3648 Hieronymi
3422 3587 3592 3634 testa-

1988 3664 2097 3723 tur,
2137 3660 2381 3731 regnavit
2403 3663 2562 3718 annis
2589 3663 2895 3731 duodecim,
2928 3675 3053 3737 post
3074 3682 3240 3737 quem
3273 3665 3590 3725 Alexander

1986 3748 2299 3821 Philopolus
2346 3767 2518 3809 annos
2563 3756 2810 3828 regnavit
2837 3757 3110 3814 undecim.
3140 3756 3273 3814 Post
3301 3760 3450 3814 hunc
3478 3759 3589 3817 De-

1989 3842 2235 3908 metrius,
2272 3842 2417 3899 ﬁlius
2451 3845 2709 3902 Demetrii
2733 3862 2906 3905 annos
2933 3854 3081 3916 tres;
3120 3858 3313 3921 captus
3343 3860 3528 3910 autem
3553 3867 3589 3908 ι

1987 3929 2226 3997 Parthis,
2278 3934 2332 3988 in
2379 3934 2637 3992 Hircania
2666 3937 2735 3994 ab
2774 3939 3038 3996 Arsacide
3082 3955 3213 4015 rege
3260 3944 3586 3999 retruditur.

1989 4023 2118 4079 Post
2132 4040 2292 4094 quem
2315 4027 2615 4085 Antiochus
2641 4030 2920 4089 Assidetes
2961 4032 3222 4108 [Sidetes]
3249 4034 3426 4091 frater
3444 4034 3584 4106 ejus,

1992 4114 2460 4199 Demetriitenuit
2509 4134 2731 4191 regnum
2783 4138 2955 4179 annos
2990 4127 3427 4195 quatuordecim,
3457 4137 3586 4200 post

1986 4209 2141 4280 cujus
2182 4210 2459 4266 interitum
2501 4211 2699 4269 iterum
2746 4216 3051 4272 restituitur
3091 4218 3385 4284 Demetrio,
3438 4221 3588 4291 quod

1984 4314 2173 4373 postea
2202 4306 2372 4362 tenuit
2402 4308 2560 4364 annis
2596 4317 2848 4380 quatuor.
2877 4311 3122 4381 Qualiter
3165 4323 3348 4371 autem
3389 4318 3591 4373 Deme-

289 4402 812 4469 ‘Etiterum:Semel,
832 4402 1025 4473 inquit,
1033 4401 1214 4473 juravi
1235 4403 1289 4456 in
1306 4411 1484 4457 sancto
1500 4418 1631 4465 meo,
1650 4402 1694 4456 si
1713 4401 1883 4456 David
1913 4432 1963 4492 Β
1989 4396 2097 4451 trio
2130 4404 2185 4451 et
2221 4396 2493 4455 Antiocho
2522 4396 2784 4457 fratribus
2814 4403 2968 4474 regni
2996 4419 3282 4461 successus
3303 4410 3584 4477 provenit,

295 4494 523 4548 mentiar
546 4508 564 4545 :
585 4509 760 4548 semen
783 4492 896 4563 ejus
912 4494 967 4546 in
982 4503 1231 4548 a’ternum
1257 4493 1502 4560 manebit,
1530 4502 1579 4548 et
1599 4494 1745 4549 sedes
1768 4494 1883 4564 ejus

297 4584 434 4638 sicut
456 4582 537 4638 sol
560 4585 614 4639 iit
628 4592 901 4654 conspectu
923 4599 1058 4650 meo,
1074 4593 1120 4637 et
1134 4582 1265 4637 sicut
1279 4584 1404 4638 luna
1419 4584 1646 4655 perfecta
1670 4584 1723 4639 in
1739 4594 1887 4640 (cter-

297 4689 419 4727 num
434 4684 479 4728 et
492 4675 637 4729 testis
650 4676 704 4728 in
724 4673 851 4729 caelo
862 4671 1032 4743 ﬁdelis
1049 4670 1222 4746 (Psal.
1238 4674 1523 4747 Lxxxvm).
1540 4673 1885 4732 Consuetudo

296 4776 419 4821 «est
442 4765 753 4836 frequenter
778 4767 963 4838 iurare
991 4773 1050 4821 ut
1071 4766 1150 4820 eis
1170 4766 1340 4837 possit
1368 4766 1562 4836 aliquis
1602 4767 1826 4824 credere
1865 4788 1879 4823 :

292 4856 438 4913 Deus
452 4865 630 4911 autem
659 4857 823 4911 semel
843 4857 1010 4927 jurat,
1040 4856 1164 4927 quia
1191 4854 1334 4910 nulla
1359 4855 1615 4911 varietate
1629 4857 1883 4928 temporis

293 4947 633 5003 immutatur.
662 4948 854 5006 iurare
881 4958 1061 5005 autem
1090 4948 1230 5003 illius
1259 4949 1494 5005 diximus
1508 4965 1629 5005 esse
1651 4961 1878 5006 ventura

292 5040 609 5112 promittere
641 5058 653 5093 ε
683 5048 806 5094 nam
848 5041 965 5111 ejus
1004 5056 1063 5095 se
1100 5039 1347 5110 religioni
1389 5042 1748 5114 constringit,
1788 5045 1880 5112 qui

289 5151 399 5189 non
427 5133 589 5189 habet
616 5130 927 5198 fortiorem;
952 5132 1084 5187 dicit
1116 5142 1163 5186 et
1199 5134 1254 5188 in
1285 5144 1462 5189 sancto
1492 5143 1603 5199 tuo,
1645 5135 1697 5189 in
1720 5134 1879 5190 Chri-

291 5235 409 5294 sto,
452 5226 543 5298 qui
575 5224 710 5281 d'ixit
746 5244 757 5278 :
801 5224 1020 5279 Custodi
1058 5225 1289 5279 animum
1321 5242 1487 5280 meam
1511 5226 1683 5299 (Psal.
1712 5226 1882 5299 xxtv),

289 5319 540 5388 quoniam
580 5327 796 5372 sanctus
834 5330 951 5370 sum
971 5315 1016 5370 si
1056 5312 1223 5371 David
1252 5317 1476 5371 mentiar
1508 5318 1597 5382 ;si
1628 5319 1874 5388 negative

1989 4504 2093 4544 non
2125 4502 2289 4560 grave
2306 4488 2482 4545 videri
2528 4490 2689 4548 debet
2724 4491 2917 4549 lectori
2948 4494 2993 4551 si
3026 4495 3207 4566 aliqua
3248 4497 3355 4552 huc
3392 4498 3463 4554 de
3490 4498 3589 4555 Hi-

1986 4580 2155 4635 storia
2179 4580 2415 4651 Pompeii
2445 4581 2608 4653 Trogi
2648 4584 3064 4652 intromittatur,
3096 4586 3189 4656 qui
3224 4586 3280 4641 in
3305 4586 3450 4644 libro
3473 4604 3584 4644 xxx

1988 4671 2093 4726 hoc
2132 4671 2208 4726 ita
2254 4671 2462 4727 refert:
2516 4672 2685 4744 igitur
2724 4674 3023 4732 Antiochus
3049 4718 3064 4742 ,
3117 4692 3327 4733 memor
3354 4681 3503 4749 quod
3530 4691 3591 4736 et

1984 4770 2141 4832 pater
2166 4771 2389 4833 propter
2424 4763 2730 4833 superbiam
2784 4765 3018 4832 invisus,
3058 4775 3115 4822 et
3157 4768 3329 4823 frater
3358 4778 3589 4840 propter

1986 4852 2268 4923 segnitiem
2324 4862 2669 4924 contemptus
2724 4852 2933 4921 fuisset,
2988 4872 3054 4911 ne
3100 4857 3155 4912 in
3203 4858 3394 4914 eadem
3447 4861 3585 4915 vitia

1984 4942 2265 5010 incideret,
2294 4953 2508 5015 recepta
2544 4946 2597 5000 in
2624 4947 3027 5003 matrimonium
3061 4947 3370 5020 Cleopatra,
3410 4968 3586 5009 uxore

1986 5035 2195 5103 fratris,
2217 5036 2469 5093 civitates
2509 5054 2629 5109 quae
2659 5041 2712 5093 in
2741 5040 2895 5096 initio
2932 5041 3158 5097 fraterni
3187 5043 3402 5115 imperii
3431 5045 3588 5100 defe-

1986 5134 2203 5192 cerant,
2246 5143 2454 5181 summa
2503 5129 2769 5184 industria
2810 5132 3194 5201 prosequitur,
3232 5134 3581 5207 domitusque

1992 5232 2181 5274 rursus
2207 5220 2356 5290 regni
2381 5222 2629 5277 terminis
2654 5220 3231 5296 adjecit,Juda:osque,
3261 5228 3352 5297 qui
3380 5228 3436 5283 in
3467 5228 3581 5283 Ma-

1985 5311 2244 5368 cedonico
2294 5313 2520 5385 imperio
2563 5316 2665 5370 sub
2703 5317 2975 5373 Demetrio
3008 5327 3162 5389 patre
3206 5320 3378 5375 armis
3424 5335 3485 5375 se
3515 5320 3578 5376 in

291 5408 527 5478 positum
564 5417 667 5473 est,
699 5407 841 5478 quod
866 5414 923 5462 et
946 5407 1251 5463 communis
1302 5424 1431 5464 usus
1458 5408 1640 5463 habet.
1677 5408 1875 5465 Semen
1975 5406 2283 5463 libertatem
2299 5409 2723 5477 vindicaverant,
2739 5411 2952 5482 subegit
2977 5413 3578 5484 :quorumrirestanta:

291 5499 492 5554 Christi
522 5508 648 5554 sunt
672 5514 862 5555 omnes
893 5499 985 5569 qui
1020 5498 1069 5554 ei
1102 5498 1246 5554 ﬁdeli
1302 5508 1481 5554 metite
1509 5499 1875 5566 crediderunt,
1982 5497 2156 5566 fuere,
2191 5509 2249 5553 ut
2279 5509 2401 5571 post
2438 5500 2541 5558 hoc
2573 5501 2778 5557 nullum
2835 5500 3186 5561 Macedonum
3218 5518 3397 5576 regem
3432 5502 3574 5559 tule-

293 5591 419 5657 quia
458 5591 513 5644 in
551 5591 686 5661 ipsis
714 5591 957 5648 futurum
988 5609 1213 5665 regnum
1245 5593 1571 5647 seminatum
1604 5603 1705 5659 est,
1735 5596 1878 5665 quod
1982 5592 2121 5659 rint,
2174 5592 2595 5665 domesticisque
2644 5594 2885 5665 imperiis
2933 5595 3049 5662 usi,
3088 5594 3301 5668 Syriam
3358 5594 3576 5668 magnis

364 5713 389 5742 ι
411 5702 726 5759 Addendum
750 5706 1133 5778 lzwreltcorum,
1171 5707 1253 5764 vel
1276 5706 1477 5780 aliqui]
1506 5708 1700 5765 simile.
