3928 6168
341 321 487 380 1209

1056 326 1413 385 COMMENT.
1453 328 1523 386 IN
1560 322 1806 383 LIBROS
1848 317 2425 378 MACHABIEORUM.
2466 352 2534 363 -—
2569 322 2639 379 IN
2675 322 2806 379 LIB.
2843 323 2884 380 l.

3482 332 3614 389 121⁸9

332 432 717 493 infestaverint
753 436 932 493 bellis.
963 436 1096 493 item
1137 437 1199 493 in
1228 436 1371 493 libro
1414 438 1692 495 tricesimo
1733 442 1928 491 octavo
1955 436 2003 495 A
2032 442 2398 489 revocaretur.
2431 432 2671 497 lnterim,
2725 434 2979 504 quoniam
3008 438 3214 493 viribus
3243 451 3349 492 non
3372 447 3613 510 poterat,

330 531 498 593 atque
521 524 802 579 tricesimo
828 541 975 581 anno
996 526 1172 596 priori
1199 528 1499 584 narrationi
1524 542 1636 583 sua:
1665 526 1772 582 ista
1796 524 1923 579 sub-

329 614 503 669 nectit
535 632 548 667 :
588 629 826 688 namque
856 615 1195 682 Demetrius,
1231 618 1375 674 sicut
1417 618 1786 689 supradictum
1814 623 1919 681 est,

329 717 455 757 cum
494 701 693 759 bellum
743 703 960 761 Parthis
1012 705 1307 773 intulisset,
1349 707 1641 778 multisque
1667 722 1922 778 congres-

328 793 576 850 sionibus
602 796 774 852 victor
794 795 1005 863 fuisset,
1028 807 1250 867 repente
1266 799 1479 857 insidiis
1495 800 1921 866 circumventus,

328 886 532 943 amisso
588 888 864 953 exercitu,
900 890 1133 959 capitur.
1166 889 1264 945 Cui
1292 890 1579 948 Arsacides
1609 904 1636 933 ει
1664 890 1917 947 llircania

327 993 438 1033 non
468 979 675 1035 cultum
715 978 916 1036 flumen
951 995 1176 1053 regnum
1211 981 1559 1053 [:trsacides,
1589 983 1917 1041 Parthorum

327 1084 460 1137 rex,
492 1087 687 1142 magno
737 1080 793 1127 et
832 1074 982 1143 regio
1031 1074 1215 1129 animo
1243 1115 1259 1140 ,
1289 1073 1538 1129 missoin
1584 1073 1916 1138 llircaniam,

325 1176 437 1216 non
462 1162 666 1218 cultum
699 1172 912 1218 tantum
954 1163 1185 1236 regium}
1214 1164 1471 1234 prtestitit
1501 1203 1518 1229 ,
1544 1163 1639 1218 sed
1659 1172 1715 1219 et
1751 1162 1916 1217 filiam

324 1253 382 1310 in
400 1255 804 1310 matrimonium
838 1255 1009 1321 dedit,
1054 1271 1386 1327 regnumque
1412 1256 1605 1327 Syriae,
1646 1257 1791 1327 quod
1817 1272 1918 1328 per

322 1346 443 1418 ejus
482 1345 784 1403 absentiam
812 1347 1069 1418 Tryphon
1091 1358 1495 1419 occupaverat,
1536 1350 1916 1405 restituturum

322 1438 612 1510 promittit.
635 1437 765 1495 Post
786 1439 946 1509 hujus
970 1448 1228 1507 mortem,
1258 1441 1543 1510 desperato
1576 1441 1772 1507 reditu,
1802 1456 1913 1498 non

321 1531 507 1589 ferens
535 1533 909 1603 captivitatem
938 1533 1268 1601 Demetrius,
1301 1536 1590 1605 privatam,
1635 1538 1741 1593 etsi
1770 1553 1910 1608 opu-

318 1624 523 1681 lentam
566 1625 736 1680 vitam
783 1633 1050 1696 pertaesus
1076 1666 1092 1691 ,
1122 1627 1323 1682 tacitus
1349 1628 1404 1683 in
1453 1643 1682 1700 regnum
1725 1629 1909 1701 fugam

317 1717 636 1772 meditatur.
664 1716 919 1773 Hortator
939 1717 1015 1772 illi
1030 1725 1086 1773 et
1105 1717 1674 1775 comesGallimander
1700 1722 1909 1777 amicus

2029 521 2237 578 insidiis
2258 520 2583 577 Antiochum
2610 523 2810 593 ubique
2844 524 3108 579 tentabat.
3158 524 3388 598 Propter
3423 531 3612 585 multi-

2027 615 2266 670 tudinem
2291 614 2569 670 hominum
2612 615 2885 670 exercitus
2922 614 3174 672 Antiochi
3223 634 3322 688 per
3362 622 3614 681 civitates

2024 707 2253 762 hiberno
2298 714 2540 777 tempore
2578 705 2782 762 divisus
2809 714 2947 772 erat,
2975 724 3095 778 qua:
3119 724 3208 764 res
3251 711 3400 767 exitii
3446 729 3610 772 causa

2024 798 2144 854 fuit.
2179 798 2311 853 Nam
2338 815 2458 855 cum
2487 799 2699 870 gravari
2740 816 2798 855 se
2838 800 3115 869 copiarum
3157 803 3530 872 praelibatione
3557 817 3613 865 et

2021 889 2233 961 injuriis
2278 891 2508 947 militum
2556 891 2807 947 civitates
2850 884 3125 959 viderent,
3161 894 3227 948 ad
3254 894 3486 954 Parthos
3517 901 3611 955 de-

2022 982 2239 1050 ficiunt;
2267 990 2322 1038 et
2348 983 2401 1037 in
2431 983 2517 1038 die
2547 990 2749 1037 statuta
2778 998 2968 1040 omnes
2991 987 3130 1055 apud
3166 1001 3224 1042 se
3245 988 3478 1046 divisum
3510 1009 3610 1049 ex~

2018 1074 2249 1129 ercitum
2271 1089 2368 1145 per
2389 1073 2616 1129 insidias
2639 1089 2707 1129 ne
2730 1074 2961 1130 invicem
2981 1073 3122 1131 ferre
3142 1076 3339 1133 auxilia
3363 1094 3610 1151 possent,

2019 1162 2422 1233 aggrediuntur.
2439 1161 2570 1229 Qua:
2592 1178 2712 1218 cum
2738 1164 2984 1218 nuntiata
3007 1164 3274 1221 Antiocho
3288 1181 3491 1237 essent,
3507 1187 3609 1225 au-

2017 1254 2207 1310 xilium
2233 1256 2497 1325 proximis
2517 1255 2726 1311 laturus
2746 1272 2868 1311 cum
2885 1272 2948 1312 ea
2967 1272 3127 1311 manu
3152 1274 3272 1328 qua:
3295 1275 3478 1316 secum
3499 1263 3613 1320 hic-

2016 1349 2221 1414 mabat,
2246 1348 2607 1421 progreditur.
2634 1349 2903 1406 lnitinere
2926 1350 3142 1407 obvium
3172 1354 3611 1425 regemParthc-

2015 1459 2139 1499 rum
2148 1442 2350 1510 habuit,
2368 1444 2624 1500 adversus
2636 1458 2797 1515 quem
2809 1442 3004 1499 fortius
3020 1460 3181 1515 quam
3195 1446 3465 1503 exercitus
3491 1449 3609 1520 ejus

2014 1534 2329 1592 dimicavit:
2361 1538 2429 1591 ad
2446 1544 2779 1607 postremum
2816 1543 3020 1601 tamen,
3053 1551 3177 1591 eum
3199 1537 3401 1593 virtute
3424 1538 3608 1594 hostes

2010 1625 2317 1692 vincerent,
2378 1634 2524 1680 metu
2582 1640 2807 1681 suorum
2869 1625 3117 1681 desertus
3164 1627 3477 1693 occiditur;
3519 1628 3605 1683 cui

2012 1716 2316 1774 Phrahates
2338 1718 2624 1788 exsequias
2650 1718 2802 1790 regio
2832 1732 2985 1774 more
3013 1716 3160 1783 fecit,
3197 1719 3472 1792 filiamque
3505 1720 3606 1775 De-

317 1817 458 1873 erat,
484 1809 578 1880 qui
608 1816 735 1879 post
758 1809 1132 1880 captivitatem
1170 1808 1289 1877 ejus
1325 1824 1357 1864 a
1385 1809 1542 1881 Syria
1570 1826 1669 1880 per
1694 1811 1912 1868 Arabiae
1941 1796 1987 1855 Β
2015 1810 2217 1875 metrii,
2265 1824 2430 1877 quam
2467 1823 2652 1864 secum
2695 1808 2994 1864 Antiochus
3028 1810 3327 1865 adduxerat
3351 1852 3366 1875 ,
3414 1808 3606 1882 captus

317 1899 555 1965 deserta,
579 1899 806 1956 ducibus
825 1900 1055 1969 pecunia
1070 1901 1418 1969 comparatis,
1434 1900 1693 1958 Parthico
1720 1903 1910 1959 habitu

317 1988 652 2060 Babylonem
702 1998 1048 2059 pervenerat.
1080 1989 1187 2046 Sed
1218 1990 1563 2061 effugientem
1585 1992 1910 2061 Phrahates,

316 2079 409 2147 qui
425 2080 671 2134 Arsacidi
691 2089 1050 2146 successerat,
1067 2082 1313 2153 equitum
1330 2084 1630 2145 celeritate.
1647 2100 1746 2154 per
1759 2102 1913 2142 com-

315 2168 690 2238 pendiosiores
709 2170 960 2224 tramites
979 2180 1304 2241 occupatum
1327 2173 1581 2228 retrahit.
1609 2173 1680 2230 Ut
1700 2183 1785 2230 est
1812 2175 1909 2231 de-

316 2259 511 2314 ductus
526 2257 595 2317 ad
622 2274 826 2330 regem,
842 2259 1213 2316 Gallimandro
1237 2262 1454 2330 quidem
1470 2278 1575 2319 non
1595 2272 1802 2319 tantum
1819 2280 1915 2321 re.

315 2354 487 2418 niam,
510 2368 697 2409 verum
718 2363 777 2410 et
799 2355 1083 2425 praemium
1099 2354 1224 2412 fidei
1239 2356 1443 2411 datum.
1471 2356 1807 2413 Demetrium
1818 2374 1911 2413 au-

316 2451 445 2509 tem,
468 2445 705 2515 graviter
732 2446 1078 2517 castigatum,
1104 2447 1173 2503 ad
1198 2446 1482 2518 coniugem
1508 2449 1565 2504 in
1594 2448 1907 2505 Hircaniam

314 2536 565 2603 remittit,
618 2537 1054 2607 arctioribusque
1097 2539 1363 2595 custodiis
1403 2540 1711 2596 observari.
1729 2542 1909 2613 jubet.

313 2625 606 2696 Interiectu
634 2635 901 2699 tempore,
928 2645 1052 2689 cum
1085 2630 1244 2686 fidem
1270 2630 1345 2687 illi
1382 2639 1438 2687 et
1461 2633 1698 2703 suscepti
1726 2633 1908 2689 liberti

314 2718 580 2785 facerent,
622 2720 814 2776 eodem
860 2722 1038 2777 amico
1083 2722 1283 2777 comite
1341 2723 1569 2792 repetita
1622 2722 1753 2795 fuga
1778 2733 1903 2791 est;

313 2808 411 2863 sed
439 2808 556 2879 pari
583 2807 901 2865 infelicitate
926 2824 1089 2879 prope
1121 2810 1259 2865 lines
1308 2811 1459 2882 regni
1492 2811 1576 2867 sui
1604 2812 1907 2882 deprehen-

312 2897 484 2963 ditur,
520 2913 588 2954 ac
622 2899 799 2955 denuo
824 2900 1116 2969 perductus
1159 2901 1228 2955 ad
1270 2916 1454 2970 regem
1475 2941 1490 2967 ,
1529 2908 1590 2956 ut
1638 2902 1846 2957 invisus
1872 2918 1904 2958 a

226 2998 241 3010 ⁴
311 2997 607 3060 conspectu
631 2991 1002 3047 submovetur.
1022 2991 1176 3047 Tunc
1202 3007 1419 3063 quoque
1446 2993 1602 3048 uxori
1631 3002 1687 3048 et
1715 2994 1902 3050 liberis

313 3084 547 3138 donatus
582 3082 637 3137 in
660 3082 972 3139 Hircaniam
996 3124 1013 3150 ,
1044 3085 1315 3153 poenalem
1360 3085 1463 3140 sibi
1493 3086 1792 3152 civitatem,
1816 3102 1902 3142 re-

2014 1913 2199 1956 amore
2230 1899 2477 1971 virginis,
2520 1913 2746 1953 uxorem
2778 1898 2951 1954 duxit.
2981 1899 3254 1954 Poenitere
3285 1900 3477 1958 deinde
3524 1902 3606 1956 di-

2015 1993 2165 2048 missi
2212 1990 2470 2047 Demetrii
2510 1989 2713 2061 cmpit;
2756 1990 2825 2045 ad
2851 2004 3012 2060 quem
3042 1989 3426 2045 retrahendum
3477 2005 3601 2045 cum

2012 2091 2221 2139 turmas
2263 2084 2508 2153 equitum
2553 2081 2808 2138 festinato
2838 2082 3094 2147 misisset,
3128 2081 3460 2138 Demetrium
3501 2083 3604 2139 hoc

2012 2178 2188 2248 ipsum
2246 2186 2579 2234 metuentem
2607 2175 2722 2246 jam
2766 2176 2819 2230 in
2863 2190 3029 2245 regno
3069 2173 3220 2229 missi
3252 2175 3597 2239 invenerunt,

2010 2266 2322 2337 frustraque
2358 2267 2541 2323 omnia
2584 2265 2810 2328 conati,
2856 2264 2922 2318 ad
2966 2279 3147 2333 regem
3199 2280 3354 2318 suum
3400 2263 3601 2318 reversi

2011 2369 2155 2418 sunt.
2183 2360 2453 2416 Antiocho
2470 2359 2524 2414 in
2551 2357 2769 2413 Parthia
2790 2373 2913 2413 cum
2940 2357 3185 2412 exercitu
3207 2355 3402 2421 deleto,
3430 2355 3597 2412 frater

2009 2450 2127 2521 ejus
2153 2450 2481 2514 Demetrius,
2524 2448 2805 2504 olsidione
2851 2446 3178 2501 Parthorum
3223 2445 3505 2513 liberatus,
3534 2461 3598 2502 ac

2011 2543 2295 2611 restitutus
2343 2540 2424 2614 [in
2467 2537 2740 2611 regnum],
2791 2554 2914 2593 cum
2936 2537 3115 2592 omnis
3161 2536 3318 2608 Syria
3351 2537 3403 2592 in
3447 2537 3597 2592 luctu

2007 2643 2236 2708 propter
2261 2634 2525 2689 amissum
2556 2630 2857 2686 exercitum
2891 2636 3056 2692 esset,
3104 2628 3257 2698 quasi
3289 2627 3599 2698 patriarcha

2010 2727 2308 2802 [Parthica]
2331 2726 2500 2797 ipsius
2528 2740 2592 2779 ac
2616 2723 2801 2778 fratris
2830 2722 2968 2778 bella
2998 2721 3197 2791 quibus
3220 2720 3357 2775 alter
3384 2729 3596 2791 captus,

2008 2823 2147 2878 alter
2175 2820 2389 2877 occisus
2427 2825 2565 2882 erat,
2596 2827 2855 2886 prospere
2890 2812 3207 2883 gessissent,
3259 2811 3335 2864 ita
3362 2809 3599 2882 [Egypto

2006 2913 2210 2968 bellum
2236 2909 2438 2965 inferre
2460 2906 2677 2966 statuit,
2712 2918 3046 2975 regnumque
3070 2900 3289 2973 Egypti
3313 2899 3594 2972 Cleopatra

2008 3019 2167 3059 socru
2193 3000 2426 3071 pretium
2460 2996 2646 3052 auxilii
2695 2994 2955 3049 adversus
2983 2992 3205 3047 fratrem
3246 3007 3397 3047 suum
3444 2992 3598 3063 polli-

2006 3100 2181 3148 cente.
2206 3089 2317 3157 Sed
2337 3088 2463 3143 dum
2498 3086 2673 3141 aliena
2720 3081 2955 3148 allectat,
2983 3089 3043 3135 ut
3072 3080 3267 3136 assolet
3296 3080 3436 3146 fieri,
3469 3096 3594 3150 pro~

312 3175 573 3242 mittitur,
603 3176 831 3245 talisque
874 3149 1064 3233 aureis
1085 3179 1137 3232 in
1164 3179 1641 3249 exprobrationem
1673 3149 1903 3260 puerilis
1929 3149 1974 3211 Ο
2005 3182 2123 3254 pria
2162 3196 2260 3253 per
2288 3152 2643 3235 defectionem
2690 3173 2863 3245 Syriae
2911 3170 3113 3228 amisit.
3151 3171 3435 3242 Siquidem
3486 3172 3596 3225 An—

309 3264 549 3322 levitatis
578 3268 813 3324 donatur
842 3283 857 3322 :
888 3268 982 3325 sed
1021 3270 1161 3324 hanc
1200 3269 1525 3327 Parthorum
1564 3280 1677 3327 tam
1707 3275 1893 3329 mitem

315 3356 375 3411 in
397 3357 729 3415 Demetrium
760 3358 1102 3415 clementiam
1135 3375 1236 3416 nec
1266 3376 1384 3417 mos
1413 3364 1593 3431 gentis
1641 3363 1895 3431 faciebat,

311 3462 417 3504 nec
442 3458 722 3517 respectus
766 3450 1129 3521 cognationis,
1158 3452 1252 3507 sed
1285 3452 1431 3520 quod
1468 3451 1639 3524 Syriae
1670 3471 1897 3526 regnum

312 3540 676 3604 affectabunt,
735 3541 886 3596 usuri
937 3542 1212 3597 Demetrio
1264 3543 1524 3599 adversus
1568 3544 1898 3603 Antiochum

254 3667 275 3675 ς
308 3633 560 3698 fratrem,
590 3641 751 3703 prout
773 3633 855 3688 vel
891 3642 1102 3704 tempus
1117 3634 1202 3689 vel
1222 3633 1435 3691 fortuna
1463 3636 1588 3692 belli
1603 3640 1894 3710 exegisset.

309 3722 415 3779 llis
435 3723 638 3779 auditis
668 3764 684 3790 ,
723 3724 1026 3782 Antiochus
1072 3727 1445 3796 occupandum
1480 3727 1682 3783 bellum
1725 3739 1894 3797 ratus,

310 3813 634 3879 exercitum,
674 3830 836 3884 quem
875 3815 1058 3871 multis
1091 3814 1445 3871 ﬁnitimorum
1480 3817 1635 3873 bellis
1667 3819 1896 3874 indura-

309 3912 494 3969 verat,
524 3904 784 3961 adversus
819 3904 1051 3962 Parthos
1091 3906 1259 3962 ducit.
1315 3905 1424 3963 Sed
1471 3922 1574 3977 per
1620 3907 1896 3965 luxuriam

308 4008 421 4050 non
458 3995 636 4051 minor
674 4003 963 4066 apparatus
1005 4011 1168 4067 quam
1217 3996 1425 4052 militi-.e
1468 3996 1608 4052 fuit:
1639 3999 1667 4039 ιι
1699 4000 1899 4071 quippe

308 4085 487 4143 millia
523 4086 694 4141 multa
737 4095 1071 4142 armatorum
1099 4095 1284 4143 secuta
1315 4096 1444 4143 sunt
1484 4097 1728 4145 trecenta
1757 4090 1897 4147 lixa-

308 4192 434 4233 rum
478 4193 510 4233 e
555 4178 752 4248 quibus
798 4193 1097 4249 coquorum
1138 4178 1357 4251 [quippe
1406 4182 1681 4253 octoginta
1730 4182 1899 4239 millia

310 4279 647 4327 armatorum
676 4279 865 4328 muta
908 4282 1031 4326 sunt
1062 4280 1304 4328 trecenta
1350 4272 1518 4327 millia
1548 4273 1805 4339 lixarum,
1827 4290 1897 4330 ex

308 4362 508 4433 quibus
531 4378 847 4432 coquorum,
883 4361 1015 4434 etc.]
1052 4362 1432 4433 pistorumqne
1482 4363 1660 4435 major
1708 4380 1897 4420 nume-

2006 3274 2313 3330 tiochcnses
2331 3268 2516 3342 primi,
2540 3267 2676 3322 duce
2699 3264 3009 3337 Tryphone,
3035 3272 3381 3319 exsecrantes
3406 3278 3594 3333 super-

2001 3367 2145 3421 biam
2174 3362 2342 3434 regis,
2399 3375 2520 3431 quae
2568 3356 2981 3413 conuersatione
3029 3353 3321 3426 [Parthicas
3356 3354 3591 3410 crudeli-

2002 3454 2153 3529 tatis]
2196 3448 2555 3510 intolerabilis
2582 3447 2726 3504 facta
2778 3457 2916 3513 erat,
2948 3462 3075 3502 mox
3113 3446 3395 3517 Apameuii
3425 3455 3584 3502 acte-

1999 3564 2181 3618 razque
2217 3545 2467 3600 civitates
2515 3539 2820 3610 exemplum
2870 3546 3104 3601 secutae,
3154 3552 3251 3608 per
3289 3537 3589 3592 absentiam

2000 3641 2145 3711 regis
2180 3635 2340 3710 [ejus]
2367 3652 2396 3690 a
2420 3632 2697 3688 Demetrio
2726 3629 3000 3685 defecere.
3035 3626 3362 3682 Ptolemaaus
3378 3641 3593 3698 quoque

1998 3745 2094 3785 rex
2113 3726 2351 3799 Aigypti,
2380 3723 2524 3780 bello
2548 3721 2617 3776 ab
2637 3720 2827 3776 eodem
2874 3719 3095 3789 petitus,
3143 3733 3265 3772 cum
3295 3718 3577 3787 cognovis-

1998 3830 2082 3875 set
2127 3816 2465 3887 Cleopatram
2498 3826 2742 3868 sororem
2796 3824 2975 3873 suam,
3007 3807 3199 3877 opibus
3233 3804 3453 3878 Egypti
3481 3822 3584 3862 na-

1997 3911 2156 3966 vibus
2204 3906 2494 3977 impositis,
2541 3903 2610 3959 ad
2660 3901 2826 3957 ﬁlium
2863 3908 2918 3955 et
2958 3898 3291 3954 Demetrium
3326 3913 3585 3969 generum

1997 4015 2153 4057 suum
2180 3999 2233 4053 in
2265 3995 2478 4068 Syriam
2509 3991 2830 4065 profugisse,
2860 3989 3083 4045 immisit
3103 3989 3357 4059 juvenem
3376 4004 3569 4060 quem-

1998 4093 2120 4148 dam
2151 4088 2490 4162 IEgyptium,
2527 4083 2809 4140 Protharsi
2858 4080 3212 4152 negotiatoris
3258 4079 3449 4147 illium,
3490 4080 3583 4150 qui

1998 4200 2221 4256 regnum
2255 4181 2427 4254 Syriae
2466 4178 2633 4234 armis
2679 4183 2889 4248 peteret
2938 4182 2993 4229 et
3042 4174 3338 4245 composita
3380 4172 3583 4241 fabula,

1997 4277 2151 4348 quasi
2203 4291 2301 4348 per
2354 4272 2697 4343 adoptionem
2745 4267 2998 4323 Antiochi
3046 4266 3189 4337 regis
3223 4273 3470 4335 receptus
3522 4266 3578 4321 in

2000 4366 2259 4422 familiam
2288 4363 2489 4435 regiam
2528 4369 2690 4426 esset,
2724 4375 2824 4415 nec
2854 4358 3031 4430 Syriis
3063 4357 3359 4427 quemlibet
3400 4372 3582 4428 regem

308 4469 407 4509 rus
434 4454 556 4509 fuit.
601 4454 825 4525 Argenti
852 4462 1001 4508 certe
1038 4454 1270 4523 aurique
1298 4462 1538 4520 tantum,
1575 4463 1635 4511 ut
1661 4457 1894 4526 gregarii
1918 4491 1973 4551 Β
2000 4454 2436 4526 aspernantibus,
2478 4466 2548 4505 ne
2578 4449 2836 4550 Demetrii
2885 4447 3198 4549 superbiam
3239 4453 3578 4551 paterentur,

307 4546 512 4601 milites
536 4561 670 4600 auro
696 4546 894 4617 caligas
946 4545 1195 4617 ﬁgerent,
1246 4544 1734 4616 proculcarentque
1773 4562 1893 4601 ma-

306 4636 503 4690 teriam
543 4635 697 4706 cujus
736 4650 921 4691 amore
971 4635 1152 4706 populi
1198 4634 1346 4690 ferro
1396 4635 1677 4691 dimittunt
1711 4635 1891 4709 [dimi-

308 4726 481 4800 cant].
501 4726 814 4782 Culinarum
829 4742 1045 4797 quoque
1063 4735 1320 4799 argentea
1337 4727 1698 4784 instrumenta
1718 4728 1891 4795 fuere,

305 4839 641 4896 prorsusque
678 4830 739 4880 ut
771 4825 841 4880 ad
870 4824 1081 4895 epulas,
1110 4840 1217 4880 non
1253 4826 1319 4881 ad
1344 4826 1543 4882 bellum
1584 4837 1889 4898 pergerent.

305 4915 626 4970 Advenienti
638 4912 1068 4971 Antiocho'multi
1086 4914 1391 4971 Orientales
1406 4931 1559 4987 reges
1578 4933 1889 4985 occurrere,

306 5005 658 5060 tradentesse
676 5019 951 5074 regnaque
970 5019 1068 5059 sua
1089 5019 1213 5058 cum
1229 5006 1603 5061 exsecratione
1625 5006 1895 5077 superbiae

306 5093 597 5151 Parthiae.
635 5094 747 5151 Nec
780 5111 933 5151 mora
980 5094 1349 5165 congressioni
1400 5094 1523 5150 fuit.
1550 5095 1887 5159 ~Antioebus,

310 5185 485 5242 tribus
519 5186 722 5256 prteliis
763 5187 958 5252 victor,
1005 5201 1130 5242 cum
1158 5185 1509 5257 Babyloniam
1551 5194 1893 5256 occupasset,

305 5294 535 5351 magnus
559 5278 747 5334 haberi
769 5279 953 5348 carpit.
968 5277 1153 5347 Itaque
1165 5277 1236 5332 ad
1271 5290 1394 5332 eum
1409 5276 1661 5332 omnibus
1679 5276 1894 5347 populis

305 5371 669 5430 deﬂuentibus
688 5413 704 5436 ,
732 5371 869 5426 nihil
898 5369 1115 5425 Parthis
1150 5368 1415 5437 reliquum
1441 5375 1640 5439 praeter
1679 5366 1891 5438 patrius

303 5462 433 5521 ﬁnis
459 5463 583 5519 fuit.
629 5461 783 5518 Tunc
805 5460 1107 5517 Phrahates
1133 5453 1464 5515 Demetrium
1494 5459 1552 5514 in
1582 5457 1798 5531 Syriam
1819 5457 1890 5514 ad

304 5556 682 5625 ocwpandum
718 5566 944 5624 regnum
968 5567 1094 5607 cum
1122 5550 1378 5606 Parthico
1410 5548 1669 5620 praesidio
1695 5548 1885 5615 mittit,

307 5659 370 5706 ut
393 5665 461 5706 eo
489 5655 654 5720 pacto
687 5648 987 5704 Antiochus
1040 5646 1111 5702 ad
1138 5660 1236 5703 sua
1264 5643 1465 5702 tuenda
1509 5641 1582 5701 ad
1607 5640 1888 5701 Parthian

383 5773 411 5802 ι
432 5759 532 5816 llic
564 5775 664 5815 ms.
700 5759 802 5829 legi
836 5774 941 5814 non
968 5763 1200 5827 poterat.

1999 4561 2194 4602 nomen
2226 4542 2413 4613 Juveni
2461 4539 2768 4594 Alexander
2816 4538 3113 4608 imponitur
3159 4536 3468 4605 auxiliaque
3514 4538 3582 4593 ab

1997 4636 2235 4707 Egypto
2276 4630 2511 4704 ingentia
2540 4630 2853 4685 mittuntur.
2904 4627 3115 4682 interea
3164 4642 3362 4696 corpus
3392 4626 3583 4683 Antio-

1997 4730 2083 4785 chi
2124 4726 2393 4784 interfecti
2420 4738 2599 4795 arege
2625 4721 2972 4785 Parthorum,
2999 4720 3053 4773 in
3096 4718 3274 4774 loculo
3321 4727 3580 4790 argenteo

1997 4821 2064 4875 ad
2103 4818 2431 4889 sepulturam
2456 4816 2507 4870 in
2538 4811 2751 4885 Syriam
2774 4809 3086 4873 remissum,
3116 4807 3402 4878 pervenit:
3435 4809 3581 4879 quod

1995 4927 2118 4967 cum
2147 4910 2347 4981 ingenti
2370 4908 2548 4964 studio
2574 4905 2857 4961 civitatum
2879 4911 2934 4958 et
2980 4902 3120 4973 regis
3161 4902 3477 4967 Alexandri,
3509 4903 3578 4958 ad
3663 4928 3670 4933 -

1992 5000 2415 5058 confirmandam
2473 4996 2665 5051 fabulae
2713 4994 2909 5056 fidem,
2964 4993 3252 5063 excipitur.
3318 4992 3450 5061 Quae
3490 5009 3578 5048 res

1992 5107 2249 5164 magnum
2279 5089 2519 5145 favorem
2558 5084 2897 5157 popularium
2936 5083 3266 5148 conciliavit,
3325 5084 3577 5141 omnibus

1992 5197 2100 5238 non
2148 5180 2305 5236 ﬁctas
2348 5180 2401 5233 in
2451 5193 2516 5233 eo
2543 5175 2740 5231 effundi
2790 5174 3061 5246 lacrymas
3110 5171 3600 5230 existimantibus.‘

1994 5271 2299 5328 Demetrius
2327 5277 2528 5331 autem,
2571 5268 2747 5324 victus
2775 5267 2843 5322 ab
2872 5266 3201 5332 Alexandro,
3253 5281 3373 5321 cum
3415 5264 3575 5319 undi-

1994 5376 2099 5432 que
2127 5359 2607 5416 circumstantibus
2658 5356 2814 5412 malis
2867 5365 3229 5427 premeretur,
3269 5356 3336 5409 ad
3362 5363 3575 5424 postre-

1996 5468 2143 5509 mum
2181 5453 2344 5507 etiam
2374 5450 2443 5504 ab
2485 5464 2655 5504 uxore
2701 5447 2935 5517 ﬁliisque
2984 5448 3270 5502 deseritur.
3332 5443 3575 5502 Relictus

1994 5546 2160 5617 igitur
2185 5559 2306 5598 cum
2348 5541 2538 5612 paucis
2588 5538 2834 5605 servulis,
2868 5554 2992 5595 eum
3038 5537 3261 5608 Tyrum,
3309 5534 3572 5606 religione

1993 5650 2053 5692 se
2074 5633 2259 5705 templi
2279 5630 2617 5695 defensurus,
2647 5629 2894 5700 petisset,
2922 5641 3048 5682 nam
3075 5622 3389 5696 egrediens,
3424 5637 3570 5695 prae-

2067 5746 2097 5788 ὶι
2120 5743 2355 5801 Adverte
2374 5742 2465 5801 hic
2487 5753 2732 5797 errorem
2751 5754 2854 5797 ms.
