3928 6168
409 341 536 395 {2H

1039 347 1098 400 Β.
1139 345 1392 402 MBAN!
1432 345 1649 402 MAURI
1684 343 1999 400 ARClllEP.
2041 344 2348 400 MOCUNT.
2387 343 2670 400 OPERUM
2712 344 2890 401 PARS
2925 346 2963 402 ἰ.

3527 355 3669 414 1:212

408 460 533 514 fecti
560 462 714 529 jussu
763 461 1104 518 interﬁcitur.
1146 460 1426 516 Prmdictis
1463 462 1643 516 causis
1668 462 1810 515 enim
1835 460 1979 529 quod
2009 463 2060 521 Α
2086 458 2256 528 lignos
2277 457 2518 528 spiritus,
2534 467 2800 528 quatenus
2821 459 3281 518 defendantﬁdem
3294 466 3662 525 Christianam

409 552 702 605 Antiochus
734 567 1012 620 possessas
1046 567 1144 622 per
1183 553 1370 622 praelia
1417 553 1666 607 civitates
1701 567 1730 606 a
1765 552 1985 607 Simone

409 640 621 709 repetit,
652 640 921 710 signiﬁcat
948 641 1229 712 antiquum
1268 643 1478 696 hostem
1525 657 1740 713 semper
1767 651 1984 696 sancto-

408 746 527 783 rum
553 731 841 786 virtutibus
896 732 1136 787 invidere
1166 742 1221 787 et
1265 733 1462 802 injusto
1497 735 1720 790 servitio
1762 733 1862 788 sibi
1890 748 1984 788 eos

405 821 693 893 subjugare
722 822 896 878 velle:
930 823 1021 879 sed
1053 839 1145 879 eos
1180 824 1364 880 Simon
1397 825 1656 895 spiritalis
1683 825 1783 881 sibi
1810 825 1986 879 vindi-

406 914 602 978 cando,
632 915 712 967 sui
737 914 875 983 juris
905 915 1041 970 dixit
1077 931 1140 971 ac
1185 925 1398 986 patrum
1434 933 1653 972 suorum
1697 917 1986 971 hzeredita-

407 1018 536 1071 tem,
566 1022 665 1061 nec
693 1009 852 1062 ullam
896 1009 968 1062 ibi
997 1009 1194 1063 habere
1218 1010 1671 1072 communionem,
1699 1009 1825 1078 quia
1855 1022 1983 1078 pos-

405 1101 571 1153 sessio
607 1100 866 1153 virtutmn
902 1101 1118 1168 proprie
1146 1101 1438 1155 electorum
1491 1108 1596 1165 est,
1635 1115 1744 1153 non
1792 1114 1982 1169 repro-

403 1190 614 1244 borum.
651 1189 801 1245 Unde
825 1198 999 1244 terras
1025 1189 1451 1245 Chananzeorum
1476 1191 1529 1244 in
1553 1206 1690 1260 quas
1733 1191 1978 1244 introdu-

403 1288 599 1333 cuntnr
628 1279 718 1333 ﬁlii
742 1279 1048 1345 lsrael,.ﬁ|ii
1078 1279 1201 1334 Sem
1224 1280 1437 1338 fuerant
1456 1282 1727 1349 quondam
1760 1280 1811 1334 in
1839 1280 1984 1334 orbis

402 1369 665 1424 divisione
704 1370 916 1434 sortiti,
943 1385 1080 1439 quas
1127 1370 1382 1439 deinceps
1408 1385 1506 1439 per
1546 1371 1654 1424 vim
1697 1380 1860 1441 atque
1890 1367 1985 1441 po-

404 1464 628 1517 tentiam
667 1466 959 1534 posteritas
991 1474 1097 1519 tam
1125 1467 1498 1536 persuasionis
1545 1466 1830 1536 iniquitate
1860 1481 1984 1535 pos-

405 1553 545 1608 sedit
578 1571 590 1607 :
626 1554 808 1623 inquo
841 1563 896 1609 et
921 1555 1015 1610 Dei
1037 1554 1298 1624 judicium
1337 1557 1702 1612 rectissimum
1736 1570 1977 1624 compro~

403 1641 585 1706 batur,
638 1644 728 1712 qui
757 1653 812 1698 et
841 1644 959 1699 illos
989 1645 1054 1700 de
1084 1645 1215 1701 locis
1243 1647 1453 1712 alienis,
1487 1663 1606 1717 qua:
1633 1647 1770 1701 male
1814 1661 1984 1702 occu-

401 1744 661 1802 paverant
688 1776 701 1801 ,
735 1737 962 1806 expulit,
998 1745 1054 1791 et
1097 1738 1216 1792 istis
1262 1740 1466 1793 sanctis
1491 1748 1741 1809 tanquam
1763 1747 1982 1809 patrum

2087 555 2142 600 et
2159 555 2445 618 protegant
2473 562 2628 602 veros
2646 547 2987 604 confessores
3013 550 3127 604 Dei.

2157 636 2356 701 Estote,
2392 637 2602 708 inquit,
2634 638 2748 692 loco
2771 656 2901 703 meo,
2947 650 2997 694 et
3022 641 3214 710 fratres
3253 645 3376 710 mei.
3406 656 3456 701 et
3475 652 3675 720 egressi

2082 737 2310 798 pugnate
2334 744 2428 798 pro
2457 737 2606 798 gente
2640 739 2835 793 nostra,
2869 730 3129 786 auxilium
3157 750 3276 788 vero
3323 735 3389 790 de
3415 738 3544 792 caelo
3571 757 3664 794 co-

2087 818 2284 872 biscum
2301 819 2389 872 sit.
2414 818 2514 884 Qui
2536 828 2662 874 sunt
2686 820 2774 875 isti
2802 819 2997 877 fratres
3012 823 3114 878 nisi
3134 824 3207 878 illi
3233 825 3297 881 de
3323 827 3520 897 quibus
3551 830 3666 899 ipsa

2083 908 2300 965 ~Veritas
2331 924 2619 980 resurgens
2644 925 2675 964 a
2714 911 2943 966 mortuis
2968 915 3036 965 ad
3086 914 3339 970 mulieres
3385 917 3558 986 ipsius
3585 936 3671 974 se-

2082 1001 2367 1071 pulchrum
2397 1001 2674 1056 visitantes
2703 1002 2756 1054 in
2803 1002 3092 1074 Evangelio
3133 1005 3249 1058 ait:
3285 1005 3386 1071 Ite,
3426 1011 3670 1064 nuntiate

2085 1090 2339 1160 fratribus
2366 1093 2494 1146 meis
2529 1103 2585 1146 ut
2626 1103 2746 1146 eant
2772 1095 2827 1146 in
2861 1092 3162 1160 Galilaeam,
3195 1096 3268 1149 ibi
3291 1113 3374 1150 me
3418 1099 3666 1153 ridebunt

2084 1183 2300 1253 (Matth.
2326 1184 2555 1255 xxvm)?
2587 1185 2645 1239 In
2668 1185 2785 1240 loco
2805 1201 2936 1257 ergo
2965 1185 3168 1243 Christi
3211 1198 3266 1244 et
3295 1192 3664 1260 apostolorum

2083 1275 2199 1344 ejus
2236 1285 2363 1329 sunt
2397 1285 2587 1340 sancti,
2635 1276 2724 1346 qui
2759 1276 3016 1332 facientes
3061 1278 3390 1334 voluntatem
3429 1283 3666 1338 etelestis

2087 1367 2283 1431 Patris,
2311 1377 2366 1423 et
2401 1369 2645 1422 veritatis
2677 1369 2954 1423 victoriam
2985 1377 3038 1425 et
3074 1371 3375 1426 animarum
3415 1385 3665 1444 quaerunt

2085 1459 2311 1513 salutem
2337 1478 2349 1512 :
2381 1460 2578 1529 quibus
2593 1459 2848 1514 auxilium
2873 1462 2939 1515 de
2959 1462 3096 1516 caelo
3121 1471 3226 1528 est,
3253 1464 3321 1518 ab
3337 1464 3454 1533 ipso
3481 1468 3666 1536 utique

2085 1551 2149 1604 de
2174 1565 2282 1619 quo
2305 1551 2356 1605 in
2395 1551 2603 1621 psalmo
2633 1553 2893 1622 seriptum
2921 1561 3005 1608 est
3059 1572 3072 1606 :
3107 1555 3368 1610 Mirabilis
3402 1556 3663 1612 Dominus

2082 1641 2137 1694 in
2159 1643 2354 1695 sanctis
2380 1642 2513 1707 suis,
2541 1642 2793 1696 Dominus
2818 1643 3006 1709 Israel,
3029 1645 3137 1713 ipse
3164 1646 3307 1700 dabit
3333 1649 3578 1702 virtutem
3617 1661 3663 1703 et

2085 1730 2445 1800 fortitudinem
2473 1731 2636 1802 plebis
2670 1749 2782 1786 sua:
2809 1731 2981 1804 (Psal.
3033 1735 3223 1805 van).
3259 1735 3350 1791 lsti
3381 1736 3663 1808 elegerunt

400 1826 824 1893 possessionem,
857 1843 978 1896 quae
1009 1829 1274 1898 prosapiae
1315 1843 1501 1883 eorum
1557 1830 1608 1883 in
1663 1830 1980 1886 divisionem
2011 1836 2059 1896 Β
2087 1824 2274 1894 Viginti
2300 1824 2465 1878 millia
2490 1825 2730 1880 Virorum
2773 1825 3209 1896 belligeralorum
3232 1867 3247 1892 φ
3275 1829 3399 1898 quia
3449 1845 3545 1883 eos
3572 1845 3664 1885 SO-

399 1921 547 1975 orbis
570 1919 784 1976 fuerant
804 1922 1078 1993 deputata,
1112 1923 1378 1987 restituta,
1421 1940 1542 1994 qua:
1585 1924 1640 1978 in
1673 1924 1830 1980 nobis
1859 1924 1979 1980 fue-

401 2018 506 2076 rat,
557 2011 853 2065 certissima
888 2013 1096 2066 ratione
1133 2014 1498 2085 cognoscitur.
1551 2012 1684 2068 Nam
1728 2015 1982 2071 voluntas

399 2102 611 2155 Domini
677 2103 1074 2171 possessionem
1143 2104 1324 2158 cordis
1387 2103 1556 2159 nostri
1613 2120 1719 2158 non
1785 2105 1931 2159 vitiis
1963 2146 1978 2171 ,

397 2193 492 2248 sed
519 2193 810 2249 virtutibhs
852 2195 1170 2250 naturaliter
1216 2196 1489 2264 deputavit
1521 2214 1531 2250 :
1563 2211 1681 2265 quae
1707 2203 1826 2266 post
1845 2212 1983 2266 prte—

395 2284 783 2341 varicationem
841 2286 970 2342 Adm
1001 2327 1016 2353 ,
1055 2287 1505 2344 insolescentibus
1543 2287 1691 2343 vitiis
1723 2328 1738 2351 ,
1799 2289 1851 2342 id
1897 2297 1981 2344 est

395 2374 605 2444 populis
629 2374 949 2432 Chananaeis
986 2394 1015 2432 a
1040 2379 1253 2448 propria
1289 2379 1509 2449 regione
1553 2377 1811 2449 depulsis,
1857 2395 1980 2435 cum

396 2465 473 2520 eis
495 2479 706 2522 sursum
729 2483 828 2538 per
839 2467 933 2523 Dei
960 2470 1189 2539 gratiam
1211 2468 1488 2540 diligentia
1509 2477 1692 2524 nostra
1706 2485 1770 2524 ac
1797 2469 1981 2524 labore

395 2553 597 2611 fuerint
625 2559 904 2624 restitutae,
939 2575 1047 2614 non
1088 2568 1267 2616 tamen
1297 2559 1500 2615 alienas
1538 2576 1832 2630 occupasse
1863 2569 1977 2615 ter-

397 2663 486 2703 ras
511 2664 673 2720 quam
701 2651 951 2720 proprias
975 2653 1259 2707 credenda:
1291 2661 1417 2708 sunt
1446 2655 1738 2724 recepisse.

467 2759 536 2813 Et
557 2761 822 2815 constituit
851 2779 942 2816 rex
980 2760 1321 2817 Cendebteum
1362 2764 1546 2818 ducem
1575 2765 1895 2818 maritimum
1931 2774 1980 2819 et

397 2852 682 2906 exercitum
703 2853 959 2923 equitum,
987 2861 1092 2908 etc.
1118 2852 1258 2920 Quid
1283 2869 1380 2923 per
1393 2853 1748 2909 Cemlcbmum
1789 2855 1980 2910 ducem

393 2942 750 3009 maritimum,
776 2959 935 3013 quem
958 2945 1256 3000 Antiochus
1286 2945 1355 2999 ad
1381 2944 1750 3001 debellandum
1764 2943 1980 3001 Judreos

392 3033 578 3099 mittit,
609 3033 712 3088 nisi
751 3042 1061 3102 potentatus
1091 3034 1247 3090 istius
1290 3035 1494 3096 mundi,
1521 3042 1576 3089 et
1604 3043 1980 3105 persecutores

392 3122 670 3193 religionis
713 3122 1036 3179 Christiana:
1075 3124 1421 3193 designatur?
1463 3125 1610 3190 Quos
1655 3125 1971 3186 Antiochus,

2082 1917 2353 1972 lummodo
2379 1918 2586 1973 habiles
2640 1921 2707 1972 ad
2743 1919 3040 1989 spiritalem
3097 1921 3338 1975 militiam
3382 1923 3660 1992 deputant,

2081 2010 2171 2078 qui
2203 2010 2256 2064 in
2282 2010 2491 2065 duobus
2520 2013 2803 2082 prteccptis
2859 2012 3140 2067 charitatis
3161 2015 3534 2068 mandatorum
3565 2015 3662 2070 Dei

2082 2107 2432 2155 exsecutores
2458 2109 2618 2170 atque
2649 2110 2963 2172 operatores
2985 2103 3140 2156 ﬁunt.

2153 2189 2220 2243 Et
2257 2190 2483 2245 admouit
2515 2202 2687 2245 castra
2715 2203 2896 2249 contra
2925 2194 3113 2262 faciem
3165 2211 3337 2248 eorum
3367 2197 3477 2266 ipse
3497 2207 3550 2250 et
3572 2215 3662 2267 po—

2079 2277 2237 2348 pulus
2264 2279 2400 2348 ejus,
2430 2286 2534 2333 etc.
2573 2278 2724 2344 Quod
2753 2279 2859 2332 dux
2888 2295 3008 2333 cum
3037 2281 3150 2349 ipse
3175 2279 3377 2336 videret
3399 2283 3664 2352 populum

2082 2371 2444 2449 trepidantem
2469 2370 2534 2424 ad
2573 2369 3028 2426 transfretandum
3069 2379 3362 2428 torrentem
3405 2374 3665 2429 transfre-

2082 2463 2216 2516 tavit
2241 2463 2469 2532 primus,
2508 2461 2742 2517 ostendit
2785 2463 2928 2532 quod
2976 2463 3049 2517 illi
3095 2472 3419 2533 aegrotorum
3453 2464 3660 2536 [Forte.

2082 2551 2486 2624 magistrorum]
2535 2553 2654 2608 loco
2698 2563 2752 2607 et
2803 2554 3038 2609 doctoris
3095 2554 3270 2609 ofﬁcio
3315 2556 3370 2610 in
3415 2555 3658 2610 Ecclesia

2081 2644 2400 2714 funguntur,
2438 2643 2778 2698 timiditatem
2815 2644 3178 2715 subjectorum
3205 2660 3317 2700 sua!
3337 2645 3460 2700 ﬁdei
3497 2655 3662 2716 atque

2080 2736 2399 2790 constantia:
2450 2733 2697 2804 exemplo
2751 2735 3057 2789 confortare
3113 2735 3340 2799 debent,
3384 2752 3450 2791 ac
3489 2738 3664 2792 sacris

2082 2827 2245 2893 tubis,
2281 2827 2383 2882 hoc
2423 2836 2508 2881 est
2555 2827 2896 2897 dogmatibus
2933 2827 3151 2892 divinis,
3188 2827 3242 2881 in
3268 2828 3442 2883 aciem
3470 2837 3661 2884 contra

2083 2921 2264 2975 hostes
2307 2933 2612 2975 exacuere:
2665 2920 2851 2989 sicque
2907 2920 3239 2977 Cendebteus
3297 2922 3558 2991 spiritalis
3608 2933 3666 2978 et

2082 3020 2259 3068 castra
2275 3010 2390 3080 ejus
2412 3011 2686 3084 fugantur,
2714 3020 2770 3067 et
2788 3014 2988 3068 cadunt
3004 3028 3069 3069 ex
3095 3013 3175 3068 eis
3191 3013 3348 3068 multi
3371 3014 3657 3077 vulnerati,

2081 3105 2206 3175 quia
2263 3105 2459 3160 divina:
2513 3105 2811 3174 majestatis
2867 3106 3115 3160 virtutem
3164 3107 3382 3161 tandem
3422 3108 3662 3162 sentiunt

393 3205 653 3285 mysticus
680 3214 1044 3270 Antichristus
1089 3215 1360 3279 videlicet,
1382 3215 1436 3269 in
1471 3216 1856 3270 exterminium
1883 3231 1977 3286 po-
2005 3187 2048 3247 ί)
2081 3196 2275 3250 ῑίτηθτθ
2310 3197 2578 3251 concum-

392 3303 504 3372 puli
531 3303 830 3359 Christiani
860 3319 982 3358 cum
1019 3305 1262 3359 exercitu
1304 3305 1554 3361 lictorum
1604 3313 1766 3375 atque
1795 3307 1977 3361 carni-

394 3397 556 3449 ﬁcum
617 3395 936 3450 transmittit
989 3405 1049 3449 ut
1109 3396 1425 3452 conculcent
1478 3411 1663 3451 veram
1698 3396 1972 3461 Judzeam,

395 3488 499 3542 hoc
527 3493 610 3541 est
653 3486 972 3553 Ecclesium,
1031 3495 1087 3542 et
1127 3488 1401 3558 captivent
1431 3503 1529 3559 per
1571 3503 1832 3554 errorem,
1861 3489 1975 3543 sive

394 3578 726 3634 interﬁciant
778 3593 876 3649 per
916 3579 1301 3649 blasphemiam
1331 3620 1346 3646 ,
1401 3579 1637 3636 ﬁdelium
1693 3581 1970 3651 populum.

389 3667 620 3724 Jubetur
642 3676 905 3740 prmterea
940 3669 1238 3726 Cendebazo
1285 3679 1344 3726 ut
1394 3669 1969 3726 mdiﬁcetCedroncm.

389 3760 600 3816 Cedron
615 3759 758 3814 enim
791 3768 1002 3814 torrens
1027 3760 1139 3815 sive
1167 3760 1321 3815 vallis
1332 3759 1485 3830 juxta
1513 3760 1847 3816 Hierusalem
1867 3770 1970 3825 est,

391 3850 458 3904 ad
488 3850 804 3904 orientalem
837 3850 1074 3921 plagam,
1106 3850 1258 3920 cujus
1286 3861 1340 3907 et
1374 3850 1611 3907 Joannes
1640 3852 1972 3923 evangelista

389 3941 444 3996 in
489 3941 737 4010 passione
784 3941 995 3996 Domini
1046 3943 1293 3997 meminit
1343 3942 1526 4014 (Joan.
1553 3944 1730 4016 xvm).
1761 3944 1842 3999 Ob
1871 3945 1972 3999 hoc

389 4042 570 4086 autem
592 4031 847 4087 aediﬁcari
885 4030 1072 4100 jussus
1099 4042 1183 4088 est
1212 4033 1423 4089 Cedron
1474 4044 1534 4088 ut
1555 4035 1971 4090 obstruercntur

389 4130 558 4192 portze
589 4122 824 4178 civitatis
844 4131 898 4178 et
940 4133 1394 4195 coangustaretur
1420 4126 1665 4194 populus.
1695 4126 1968 4198 Interpre-

390 4224 536 4271 tatur
560 4224 739 4271 antem
761 4216 972 4272 Cedron
1003 4218 1240 4283 tristitia,
1274 4218 1388 4274 sive
1415 4235 1624 4285 maeror,
1655 4219 1769 4274 sive
1796 4219 1967 4286 dolor,

387 4315 443 4362 et
480 4316 603 4378 apte
625 4307 712 4363 ille
736 4308 933 4364 missus
960 4317 1042 4363 est
1066 4309 1366 4364 Cedronem
1407 4309 1676 4365 aediﬁcare
1707 4311 1793 4365 cui
1817 4325 1968 4366 com-

389 4401 696 4456 mendatum
726 4410 808 4456 est
843 4401 1044 4456 Christi
1074 4401 1476 4459 confessoribus
1521 4417 1802 4474 poenarum
1828 4403 1973 4459 dolo-

390 4507 503 4546 rem
536 4491 803 4564 inﬂigere.

982 4629 1210 4686 CAPUT
1249 4629 1386 4686 XVI.

396 4763 538 4818 Misit
554 4761 692 4833 ﬁlios
708 4763 840 4816 duos
856 4760 1036 4817 Simon
1051 4762 1120 4816 ad
1135 4762 1498 4818 debellandum
1513 4763 1855 4819 Cendebteum
1875 4765 1968 4818 du-

455 4852 581 4888 rem.
608 4833 761 4896 Quod
778 4833 810 4886 Ι
818 4834 949 4886 udas
963 4833 1107 4902 ﬁlius
1124 4833 1351 4888 Simonis
1375 4834 1671 4888 vulneratus
1687 4846 1782 4889 est.
1807 4835 1962 4889 Occi-

454 4904 597 4956 ditur
613 4902 936 4974 Simoncum
959 4904 1084 4972 ﬁliis
1113 4905 1236 4958 suisl
1248 4905 1300 4958 in
1325 4907 1575 4959 convivio.
1593 4905 1825 4959 Joannes
1849 4905 1962 4974 ejus

454 4973 596 5035 [ilius
622 4972 850 5027 succedit
887 4973 1042 5042 fratri
1061 4976 1117 5029 in
1139 4976 1436 5046 principatu
1465 4976 1814 5030 sacerdotum.

460 5103 528 5157 Et
558 5105 789 5158 ascendit
839 5105 1070 5161 Joannes
1106 5109 1170 5162 de
1194 5107 1415 5162 Gazaris
1440 5117 1489 5163 et
1520 5110 1778 5163 nuntiavit
1822 5112 1962 5180 patri

385 5196 612 5263 Simoni,
631 5206 737 5252 etc.
764 5197 1010 5253 Diximus
1032 5200 1278 5266 superius
1291 5201 1429 5269 quod
1452 5199 1636 5256 Simon
1663 5203 1960 5272 principem

384 5289 727 5344 sacerdotum
764 5330 778 5355 ,
837 5287 984 5343 illum
1029 5290 1280 5345 videlicet
1317 5293 1408 5362 qui
1459 5309 1555 5363 per
1599 5295 1961 5349 obedientiam

382 5383 558 5437 crucis
601 5381 794 5436 obtulit
827 5381 1175 5451 semetipsum
1217 5381 1364 5437 Patri
1392 5399 1491 5452 pro
1521 5383 1698 5450 nobis,
1729 5384 1783 5439 in
1811 5385 1963 5456 cujus

382 5475 539 5529 domo
563 5473 683 5528 Filii
708 5473 815 5528 duo
857 5480 980 5527 sunt
1004 5471 1181 5542 populi
1213 5474 1549 5527 credentium
1579 5489 1644 5528 ex
1691 5471 1891 5530 Judaeis
1911 5484 1965 5529 et

361 5567 650 5635 gentibus.
675 5565 770 5621 llis
791 5565 1135 5621 commendat
1153 5551 1314 5618 Pater
1339 5565 1592 5619 virtutem
1626 5563 1748 5618 belli
1774 5573 1960 5620 contra

383 5661 564 5714 hostes
585 5659 867 5715 universos
887 5669 940 5714 et
960 5658 1209 5714 inimicos
1235 5658 1496 5722 veritatis,
1524 5659 1627 5713 hoc
1646 5666 1749 5723 est,
1774 5669 1960 5713 contra

383 5751 615 5817 Judteos,
671 5767 906 5823 paganos
945 5763 999 5808 et
1038 5752 1340 5818 haereticos,
1376 5766 1585 5806 necnon
1628 5759 1817 5807 contra
1849 5767 1961 5806 ma-

2153 3285 2298 3340 Tunc
2338 3287 2638 3341 vulneratus
2688 3297 2764 3342 est
2807 3287 2980 3342 Iudas
3028 3288 3196 3357 frater
3245 3287 3498 3355 Joannis,
3549 3301 3658 3346 etc.

2079 3377 2230 3445 Quod
2269 3377 2437 3433 Judas
2473 3378 2786 3432 vulneratus
2817 3386 2904 3432 est
2931 3378 2984 3432 in
3012 3378 3196 3448 prmlio
3223 3388 3280 3432 et
3309 3376 3551 3435 Joannes
3577 3379 3662 3434 in-

2077 3478 2293 3524 secutus
2315 3477 2400 3524 est
2442 3469 2646 3528 hostes.
2677 3469 2825 3532 illud,
2867 3469 2970 3523 nisi
2998 3469 3174 3532 fallor,
3216 3469 3486 3540 signiﬁcat
3514 3470 3658 3538 quod

2075 3561 2272 3616 Paulus
2305 3561 2381 3615 ait
2415 3578 2428 3614 :
2459 3561 2543 3614 Ea:
2564 3571 2710 3631 parte
2737 3562 2946 3614 ctrcitas
2973 3562 3190 3631 contigit
3216 3563 3269 3614 in
3294 3561 3467 3615 Israel
3493 3562 3661 3616 donec

2073 3651 2344 3723 plenitudo
2367 3654 2597 3722 gentium
2643 3651 2981 3716 subintraret,
3025 3662 3074 3706 et
3105 3661 3228 3705 tunc
3275 3653 3442 3707 omnis
3490 3652 3662 3706 Israel

2073 3744 2250 3798 salvus
2273 3744 2418 3812 fieret
2446 3742 2622 3814 (Rom.
2654 3744 2757 3812 x1),
2791 3744 2916 3812 quia
2949 3743 3196 3798 tardante
3232 3743 3287 3797 in
3324 3742 3429 3798 ﬁde
3453 3743 3661 3799 Christi

2072 3836 2227 3907 plebe
2258 3835 2498 3902 Judaica,
2531 3836 2770 3906 gentium
2801 3835 3039 3890 Ecclesia
3071 3834 3285 3889 fortiter
3320 3835 3511 3890 hostes
3535 3850 3664 3904 pre-

2074 3927 2192 3991 mit,
2221 3927 2391 3982 donec
2435 3942 2529 3982 eos
2554 3927 2755 3981 salubri
2811 3926 3262 3997 compugnatione
3291 3925 3357 3980 ad
3379 3927 3662 3995 paeniten-

2074 4017 2204 4071 tiam
2251 4017 2539 4081 convertit,
2575 4024 2666 4070 aut
2693 4026 3102 4086 perseverantes
3135 4016 3190 4070 in
3222 4017 3464 4086 nequitia
3494 4018 3663 4071 nimis

2072 4105 2308 4161 futuram
2354 4120 2570 4176 poenam
2628 4106 2969 4174 prtedicando
3015 4106 3244 4176 puniat;
3289 4121 3412 4161 cum
3472 4116 3660 4160 autem

2073 4204 2314 4266 tempora
2336 4196 2575 4266 gentium
2599 4195 3026 4266 eomplehuntur,
3048 4205 3103 4250 et
3125 4197 3363 4266 ipsarum
3377 4196 3663 4267 plenitudo

2071 4287 2140 4342 ad
2171 4287 2330 4343 ﬁdem
2357 4288 2766 4351 subiutraverit,
2797 4296 2923 4343 tunc
2963 4289 3140 4342 omnis
3184 4287 3367 4351 Israel,
3413 4287 3517 4343 hoc
3567 4296 3659 4343 est

2070 4380 2248 4435 omnis
2276 4379 2546 4444 Ecclesia,
2577 4395 2642 4434 ex
2669 4389 2901 4448 utroque
2929 4379 3181 4435 videlicet
3200 4379 3418 4449 populo,
3445 4378 3656 4434 salubri

2073 4470 2413 4528 confessione
2457 4487 2555 4541 per
2580 4472 2758 4535 ﬁdem,
2801 4487 2947 4540 spem
2997 4480 3051 4525 et
3081 4472 3422 4535 charitatem,
3451 4470 3660 4527 Christi

2001 4533 2049 4594 Β
2077 4575 2300 4616 munere
2325 4561 2472 4616 salva
2498 4561 2622 4614 erit.

2143 4651 2211 4706 Et
2238 4650 2554 4706 Ptolemwus
2580 4650 2723 4719 [ilius
2764 4651 2927 4706 Abobi
2962 4651 3274 4705 constitutus
3317 4660 3430 4703 erat
3459 4651 3574 4703 dux
3601 4650 3662 4702 in

2071 4759 2254 4813 campo
2275 4742 2510 4808 Iericho,
2537 4750 2640 4798 etc.
2676 4743 2811 4809 Quid
2837 4759 2934 4812 per
2971 4743 3318 4798 Ptolemaeum
3345 4742 3450 4796 nisi
3485 4743 3659 4813 hypo-

2071 4836 2220 4890 crita:
2247 4845 2407 4904 atque
2434 4835 2636 4889 versuti
2665 4834 2909 4890 homines
2933 4834 3253 4906 ﬁgurantur.
3280 4832 3346 4888 Hi
3371 4849 3502 4904 ergo
3527 4833 3660 4886 ﬁcto

2069 4924 2414 4994 disciplinam
2460 4923 2616 4979 bonis
2651 4924 2925 4995 magistris
2976 4925 3334 4989 adhaerentes,
3384 4923 3655 4978 simulan-

2067 5022 2256 5083 tesque
2294 5013 2569 5083 pietatem,
2614 5013 2769 5082 cujus
2808 5014 3064 5069 virtutem
3107 5015 3321 5084 penitus
3375 5014 3654 5085 ignorant,

2065 5109 2381 5179 plerumque
2429 5109 2495 5163 ad
2531 5110 2790 5165 honorem
2837 5110 3372 5179 ecclesiasticamque
3418 5111 3656 5180 dignita-

2067 5208 2195 5263 tem,
2235 5200 2366 5268 ipsis
2409 5199 2684 5270 magistris
2713 5199 3091 5266 tribuentibus,
3142 5200 3507 5270 perveniunt:
3543 5199 3656 5253 hoc

2071 5299 2155 5344 est
2179 5292 2322 5345 enim
2347 5291 2541 5345 summi
2568 5291 2870 5347 sacerdotis
2884 5305 3140 5361 generum
3155 5305 3296 5355 esse,
3319 5290 3438 5346 illas
3460 5291 3657 5361 utique

2071 5395 2327 5450 personas
2363 5397 2500 5450 quas
2521 5381 2647 5436 boni
2688 5381 2932 5453 magistri
2965 5397 3104 5451 aqua
3142 5394 3197 5437 et
3229 5383 3394 5438 verbo
3422 5397 3654 5452 regene—

2071 5475 2285 5538 rabant,
2316 5474 2369 5528 in
2418 5481 2735 5544 potestatem
2783 5475 3060 5544 regiminis
3113 5476 3193 5528 sui
3235 5475 3516 5543 accipere;
3552 5474 3650 5527 sed

2071 5581 2214 5630 cum,
2249 5572 2476 5633 accepto
2505 5565 2693 5634 gradu,
2733 5565 2965 5634 propria:
3009 5565 3293 5634 potestatis
3320 5580 3440 5620 esse
3466 5577 3650 5632 cmpe—

2070 5666 2244 5722 runt,
2296 5655 2491 5727 singuli
2546 5657 2926 5726 cupiditatibus
2979 5657 3296 5720 servientes,
3348 5657 3494 5726 ipsos
3556 5653 3645 5708 sui

2067 5763 2315 5807 auctores
2346 5751 2566 5807 honoris
2597 5750 2730 5807 dolis
2751 5762 2804 5809 et
2847 5750 3249 5806 mentitionihus
3297 5751 3646 5818 supplantare
