3928 6168
259 309 407 364 {213

975 309 1326 373 COMMENT.
1367 309 1435 366 ΙΝ
1473 310 1722 368 LIBROS
1759 311 2353 374 MACIIABIEORUM.
2428 347 2459 360 -
2499 316 2566 373 IN
2604 318 2735 373 LIB.
2777 320 2818 375 l.

3400 332 3541 389 {2H

256 433 430 497 atque
460 427 779 483 subvertere
809 429 1059 487 student;
1093 427 1454 497 acciduntque
1482 426 1622 484 filios
1659 442 1849 483 eorum
1876 426 1927 487 Δ
1954 438 2194 496 secutos,
2222 439 2508 502 postquam
2544 432 2655 488 Deo
2706 434 2969 490 sacriﬁcia
3003 435 3256 501 reddidit,
3284 441 3540 498 velociter

258 533 332 573 ac
354 531 553 588 pueros
587 517 814 587 pariter,
864 532 987 573 cum
1029 517 1162 573 nulli
1208 533 1454 589 persona:
1480 534 1663 575 secum
1694 517 1849 575 habi-

259 608 403 664 tanti
437 615 690 678 parcunt,
744 607 839 663 sed
873 608 1134 678 pecunias
1158 617 1323 680 atque
1361 609 1705 665 adulationes
1740 609 1843 665 sibi

257 696 552 753 saeculares
572 704 983 768 potestates.....
1015 709 1041 738 ι
1063 696 1359 755 Ecclesiam
1380 699 1608 756 occultis
1636 700 1850 757 insidiis

256 803 359 844 seu
391 787 693 845 manifestis
725 787 1196 857 persecutionibus
1222 787 1504 844 infestant.

331 878 443 935 Nec
469 879 666 934 mirum
696 877 861 933 talem
888 878 1186 948 nequitiam
1225 878 1516 950 aliquando
1555 881 1851 950 praevalere

258 970 317 1026 in
348 969 589 1026 Ecclesia
615 984 794 1041 posse,
828 984 952 1024 cum
976 969 1204 1042 legimus
1228 970 1488 1031 Ecclesiae
1507 988 1703 1043 capere
1728 973 1848 1046 (sic)

257 1060 445 1116 dolum
471 1058 623 1115 Judzn
642 1059 971 1140 proditoris;
1003 1075 1195 1131 magus
1219 1076 1251 1115 a
1279 1060 1527 1132 Philippo
1546 1062 1851 1132 baptizatus

257 1161 364 1219 cst,
398 1152 495 1209 sed
534 1168 641 1208 non
671 1166 704 1206 a
731 1152 974 1222 nequitia
1002 1153 1201 1208 mentis
1244 1163 1538 1225 purgatus;
1570 1155 1850 1223 Julianus,

257 1251 507 1315 apostata
546 1259 576 1296 a
608 1243 811 1299 lectore
841 1242 1097 1299 Ecclesia:
1146 1245 1435 1312 excitatus,
1467 1262 1635 1317 usque
1672 1248 1739 1303 ad
1787 1249 1851 1303 tl-

258 1348 390 1389 nem
435 1334 559 1389 vitae
581 1334 752 1389 hostis
784 1333 1120 1390 truculentus
1146 1335 1197 1389 in
1223 1345 1403 1406 empta
1435 1338 1640 1393 malitia
1665 1352 1852 1408 perse-

258 1424 504 1480 veravit:
537 1425 727 1497 quales
750 1435 804 1479 et
830 1425 988 1480 istius
1015 1427 1275 1495 temporis
1296 1435 1430 1484 mtas
1450 1430 1735 1486 nonnullos
1761 1433 1853 1489 ha-

257 1515 374 1581 bet,
401 1515 516 1585 qui,
549 1514 675 1571 licet
721 1516 1011 1585 magistros
1042 1531 1172 1573 suos
1221 1532 1327 1574 non
1374 1520 1631 1576 occidunt
1649 1521 1849 1592 gladio,

260 1614 445 1662 tamen
474 1607 675 1662 invidia
706 1616 869 1677 atque
896 1608 1036 1665 odiis
1063 1611 1314 1680 persequi
1335 1626 1444 1667 non
1474 1622 1709 1669 cessant.

331 1694 405 1752 Et
436 1714 764 1768 prwcurrens
793 1699 1008 1770 quidam
1043 1702 1298 1757 nuntiavit
1326 1700 1526 1759 Joanni
1553 1705 1607 1758 in
1636 1704 1849 1762 Gazam

260 1788 389 1859 quia
415 1789 570 1858 periit
608 1798 757 1860 pater
779 1789 894 1859 ejus
914 1830 929 1856 ,
979 1797 1085 1845 etc.
1114 1790 1351 1847 Joannes
1381 1793 1600 1862 quidem
1621 1835 1637 1860 ,
1690 1803 1847 1866 patre

260 1890 360 1946 per
390 1876 570 1931 dolum
618 1887 828 1951 necato,
863 1895 921 1935 se
964 1889 1155 1936 cautus
1183 1880 1252 1935 ab
1301 1882 1456 1937 hoste
1484 1885 1758 1953 observat,
1783 1902 1847 1942 ac

260 1967 411 2023 viros
440 1968 534 2037 qui
584 1984 709 2024 cum
756 1979 1019 2025 venerant
1065 1972 1295 2041 perdere
1342 1974 1560 2040 occidit,
1592 1978 1847 2047 quoniam

260 2058 491 2129 quilibet
509 2073 575 2113 ex
605 2058 837 2115 fidelium
869 2076 1095 2117 numero
1128 2062 1301 2134 gratia
1343 2065 1438 2120 Dei
1479 2065 1747 2133 salvatus,
1784 2085 1849 2124 ac

260 2151 518 2222 providus
542 2167 607 2208 ac
629 2152 892 2209 sollicitus
916 2153 983 2207 de
1018 2170 1112 2209 sua
1145 2155 1320 2210 salute
1351 2159 1636 2224 servanda,
1664 2160 1849 2217 audita

263 2242 582 2313 deceptione
606 2242 834 2299 aliorum
885 2244 1142 2312 hostium,
1182 2246 1407 2302 insidias
1456 2264 1763 2319 pmcavere
1785 2265 1850 2306 ac

261 2334 545 2390 machinas
594 2351 782 2390 eorum
813 2351 1097 2406 perversas
1147 2347 1429 2396 conterere
1474 2342 1693 2398 studet:
1741 2359 1850 2401 non

262 2427 409 2481 enim
432 2426 545 2481 sola
574 2426 892 2497 simplicitas
931 2429 1126 2499 cuique
1152 2429 1349 2488 sufficit
1369 2434 1437 2488 ad
1461 2435 1690 2492 salutem
1730 2453 1847 2493 ser-

261 2516 493 2571 vandam
523 2557 539 2583 ,
596 2516 691 2572 sed
739 2532 863 2572 cum
913 2518 1258 2591 simplicitate
1283 2523 1490 2593 pariter
1529 2525 1688 2581 debet
1730 2542 1851 2584 esse

259 2606 567 2678 prudentia.
600 2606 754 2664 Unde
783 2608 1033 2665 Salvator
1060 2610 1116 2666 in
1166 2612 1460 2684 Evangelio
1506 2617 1583 2671 ait
1618 2618 1851 2688 discipu-

262 2697 331 2753 lis
352 2698 466 2753 suis
489 2715 502 2751 :
530 2697 708 2754 Estote
734 2717 856 2771 ergo
880 2702 1160 2772 prudentes
1183 2706 1321 2759 sicut
1341 2717 1625 2778 serpentes,
1656 2719 1704 2763 et
1724 2711 1852 2765 sim-

259 2787 419 2859 plices
447 2789 579 2843 sicut
606 2789 873 2863 columbae.
899 2790 1116 2864 (Matth.
1168 2794 1259 2867 x);
1311 2805 1368 2851 et
1414 2796 1706 2868 Apostolus
1731 2800 1846 2856 ait:

264 2877 445 2934 Nolite
468 2880 616 2951 pueri
644 2882 773 2953 efﬁci
799 2883 1034 2938 sensibus
1053 2925 1070 2950 ,
1114 2885 1206 2940 sed
1234 2887 1438 2941 malitia
1465 2890 1673 2960 parvuli
1693 2901 1853 2947 estote

263 2967 319 3041 (Ι
340 2968 463 3024 Cor.
511 2971 643 3044 xxv).
675 2972 846 3028 Debet
891 2990 1022 3046 ergo
1069 2976 1386 3047 simplicitas
1415 2994 1447 3032 a
1476 2980 1632 3035 nobis
1665 2982 1851 3037 haberi

261 3065 324 3112 ut
348 3060 618 3116 neminem
662 3076 984 3132 noceamus;
1032 3065 1192 3122 debet
1232 3074 1285 3123 et
1326 3069 1633 3139 prudentia,
1665 3088 1732 3126 ne
1760 3071 1853 3127 dc-

263 3148 560 3220 Spiciamur
597 3152 666 3208 ab
709 3153 867 3210 aliis:
901 3171 1002 3212 nec
1057 3157 1286 3213 multum
1325 3161 1490 3216 distat
1541 3161 1683 3217 inter
1708 3163 1852 3220 deci-

263 3254 393 3312 pere
420 3242 713 3312 quemlibet
738 3245 886 3301 etab
908 3246 1016 3301 alio
1050 3246 1223 3319 decipi
1248 3264 1425 3319 posse.

337 3331 409 3386 Et
428 3342 614 3387 cratera
637 3350 933 3391 sermonum
958 3336 1183 3393 Joannis
1211 3349 1260 3395 et
1288 3340 1542 3397 bellorum
1581 3344 1720 3414 ejus,
1741 3353 1848 3402 etc.

262 3424 372 3482 Iste
396 3423 655 3493 Joannes,
692 3427 799 3483 dux
836 3417 1142 3485 Judzeorum
1168 3431 1331 3486 simul
1368 3440 1422 3489 et
1447 3434 1713 3503 pontifex,
1740 3437 1852 3492 vir-

265 3526 442 3573 tutum
471 3519 555 3573 vir
583 3518 683 3575 fuit
709 3535 774 3575 ac
803 3519 969 3576 multa
998 3536 1161 3592 opera
1202 3523 1429 3578 mirifica
1473 3524 1734 3586 confecit;
1765 3527 1854 3583 hic

265 3626 487 3688 quoque
541 3611 762 3676 llircani
806 3629 998 3675 nomen
1055 3616 1283 3694 accepit,
1321 3632 1387 3680 ac
1414 3637 1444 3679 a
1476 3623 1734 3681 Romanis
1763 3626 1855 3696 jus

267 3712 521 3768 amicitiae
548 3712 850 3784 postulans,
880 3715 1100 3771 decreto
1125 3726 1345 3772 senatus
1370 3716 1511 3773 inter
1542 3718 1749 3774 amicos
1776 3733 1856 3775 re-

266 3798 414 3856 latus
455 3810 571 3868 est;
618 3803 850 3873 qualiter
878 3811 1059 3860 autem
1088 3803 1355 3876 Josephus
1381 3807 1449 3862 de
1496 3807 1683 3863 eodem
1725 3807 1852 3862 llir-

269 3908 409 3948 cano
433 3901 634 3959 narret,
658 3894 727 3949 ad
749 3895 1142 3952 manifestanda
1162 3912 1226 3953 ea
1246 3912 1366 3968 quae
1391 3898 1446 3952 in
1472 3897 1579 3956 fine
1602 3898 1725 3955 libri
1750 3897 1859 3954 Ma-

267 3984 612 4042 chabaeorum
639 3986 877 4043 breviter
893 3987 1037 4043 dicta
1061 3995 1208 4055 sunt,
1222 4003 1328 4044 non
1344 3989 1699 4059 incongruum
1715 3990 1859 4046 vide-

268 4087 363 4135 tur
398 4079 553 4134 nobis
584 4078 674 4135 hic
698 4079 1024 4149 ponendum.
1055 4078 1349 4149 Postquam
1388 4078 1531 4136 enim
1580 4079 1647 4135 de
1675 4078 1855 4136 Simo-

268 4168 360 4225 nis
385 4168 612 4224 victoria
636 4169 817 4241 aliqua
840 4169 1304 4235 commemoravit,
1320 4169 1386 4226 de
1415 4170 1519 4225 fine
1544 4170 1660 4240 ejus
1681 4170 1860 4226 taliter

268 4257 442 4315 refert
464 4260 600 4334 (Lib.
628 4278 726 4317 xm
756 4263 957 4334 Διαίῳ,
983 4278 1098 4333 cap.
1131 4260 1316 4325 l5—l7)
1349 4280 1362 4315 :
1397 4261 1425 4302 δ
1452 4261 1622 4332 Igitur
1647 4260 1855 4329 Simon,

271 4352 433 4407 annis
455 4361 579 4409 octo
608 4352 966 4425 principatum
997 4361 1187 4409 tenens
1214 4352 1502 4409 sacerdotii
1528 4350 1858 4419 Judaaorum,

1953 516 2297 574 Ptolemaeum
2325 521 2479 591 petiit
2507 530 2563 577 et
2604 524 2768 578 matri
2809 524 2969 579 simul
3009 535 3064 580 et
3099 526 3360 583 fratribus
3388 529 3537 599 adju-

1953 619 2134 666 mento
2161 610 2394 668 futurus.
2424 612 2827 685 Castellumque
2847 631 3154 687 aggressus,
3170 619 3291 675 aliis
3318 621 3538 691 quidem

1951 703 2113 758 rebus
2149 704 2395 774 superior
2423 714 2581 772 erat,
2633 706 2781 777 justo
2831 716 3014 765 autem
3056 710 3224 766 dolori
3272 710 3535 768 cedebat:

1953 791 2274 849 Ptolemaeus
2312 795 2477 860 enim,
2506 797 2719 865 quoties
2748 808 3089 867 premeretur
3110 841 3126 866 ,
3158 809 3386 857 matrem
3417 804 3537 874 ejus

1950 880 2255 954 fratresque
2301 884 2356 939 in
2409 900 2622 941 murum
2672 888 2961 957 perductos
2990 889 3165 960 palam
3208 903 3267 947 ut
3318 902 3541 962 possent

1951 974 2189 1044 conspici
2231 976 2552 1031 verberabat
2603 978 2932 1049 eosdemque
2984 982 3442 1052 prmeipitaturum
3479 999 3539 1039 se

1951 1066 2280 1122 minabatur.
2313 1068 2461 1125 Unde
2487 1069 2780 1126 Hircanum
2809 1075 3024 1143 quidem
3048 1075 3167 1146 plus
3194 1077 3357 1132 timor
3376 1094 3538 1149 quam

1951 1153 2229 1211 iracundia
2264 1158 2657 1214 commovebat.
2681 1159 2854 1216 Mater
2880 1179 3005 1218 vero
3041 1165 3178 1235 ejus,
3204 1166 3337 1221 nihil
3365 1167 3539 1241 plagis

1952 1254 2045 1301 aut
2064 1247 2326 1303 intentata
2356 1264 2489 1305 nece
2511 1253 2825 1331 perterrita,
2861 1271 3052 1311 manus
3082 1259 3444 1328 praetendens,
3475 1260 3541 1316 fi-

1950 1335 2081 1391 lium
2111 1338 2432 1407 precabatur
2456 1356 2523 1396 ne
2562 1343 2674 1397 suis
2699 1354 2967 1413 parceret,
3000 1346 3227 1417 imperio
3269 1349 3536 1418 siquidem

1952 1427 2069 1497 ipsa
2096 1436 2325 1484 mortem
2352 1430 2452 1484 sibi
2479 1446 2511 1484 a
2546 1430 2833 1489 Ptolemaeo
2863 1437 3190 1505 propositam
3218 1437 3269 1491 in
3300 1439 3537 1494 mortali-

1951 1529 2062 1577 tate
2088 1523 2313 1577 duceret
2340 1522 2636 1591 meliorem,
2665 1526 2956 1581 dummodo
3001 1527 3089 1582 ille
3117 1544 3310 1597 poenas
3349 1545 3536 1585 eorum

1951 1627 2074 1682 quae
2107 1612 2159 1667 in
2206 1613 2424 1668 domum
2456 1630 2608 1669 suam
2636 1616 2964 1683 admisisset,
2995 1618 3342 1688 expenderet.
3374 1619 3536 1675 Joan-

1952 1721 2050 1761 nes
2078 1716 2279 1772 autem,
2303 1722 2447 1761 nunc
2474 1707 2892 1764 obstinationem
2922 1710 3112 1764 matris
3138 1711 3382 1782 cogitans
3403 1753 3418 1777 ,
3470 1712 3539 1766 ad
3579 1742 3587 1753 -

1951 1813 2140 1868 preces
2177 1798 2294 1868 ejus
2321 1798 2546 1852 audiens
2570 1838 2585 1864 ,
2636 1799 2699 1853 ad
2751 1800 3097 1870 pugnandum
3140 1802 3538 1871 impellebatur,

1951 1888 2112 1944 modo
2141 1887 2431 1943 verberari
2448 1901 2566 1941 eam
2594 1886 2934 1958 lacerarique
2958 1890 3318 1958 conspiciens,
3341 1890 3539 1945 effemi-

1950 1982 2182 2036 nabatur
2212 1988 2464 2048 totusque
2491 1979 2682 2050 plenus
2716 1978 2918 2034 doloris
2946 1988 3082 2034 erat.
3123 1979 3202 2035 0b
3231 1981 3333 2036 hoc
3360 1990 3537 2036 autem

1950 2076 2042 2132 diu
2066 2083 2239 2131 tracta
2269 2074 2568 2138 obsidione,
2607 2072 2833 2127 feriatus
2869 2088 3040 2127 annus
3095 2073 3341 2137 advenit,
3373 2090 3533 2144 quem

1948 2167 2178 2237 septimo
2206 2181 2419 2236 quoque
2465 2165 2633 2220 orbus
2669 2164 2808 2234 apud
2848 2163 3061 2219 Judmos
3109 2179 3324 2219 cessare
3372 2167 3539 2222 moris

1950 2265 2073 2324 est,
2120 2255 2368 2326 exemplo
2414 2255 2771 2325 septimorum
2803 2252 3044 2318 dierum;
3087 2262 3145 2309 et
3190 2253 3243 2307 in
3287 2254 3389 2308 hoc
3415 2252 3534 2309 Ptoo

1949 2351 2193 2414 lemazus,
2219 2347 2515 2404 obsidionis
2562 2344 2798 2415 requiem
2850 2352 3063 2409 nactus,
3094 2342 3349 2399 fratribus
3382 2341 3541 2399 Joan-

1951 2443 2036 2498 nis
2058 2458 2164 2495 una
2186 2455 2311 2495 cum
2333 2444 2506 2493 matre
2521 2436 2737 2499 occisis,
2759 2435 2828 2490 ad
2853 2434 3125 2489 Zenonem
3155 2432 3415 2505 confugit,
3445 2435 3537 2511 qui

1951 2532 2166 2590 Cothila
2217 2528 2488 2604 [Cotilas]
2538 2527 2949 2598 cognominatus
3000 2535 3103 2592 est,
3152 2525 3537 2596 Philadelphia:

1950 2633 2259 2695 tyrannum.
2291 2620 2591 2675 Antiochus
2611 2627 2793 2673 autem
2820 2617 2887 2672 ad
2913 2631 2974 2672 ea
2996 2631 3113 2687 qua:
3139 2631 3225 2686 pet
3264 2615 3539 2671 Simonem

1950 2728 2140 2785 passus
2166 2712 2345 2767 fuerat
2371 2712 2539 2764 iratus
2575 2709 2628 2762 in
2656 2705 2895 2763 Judaaam
2916 2705 3065 2760 ducit
3085 2706 3407 2766 exercitum,
3435 2705 3538 2759 ibi-

1952 2821 2057 2876 que
2086 2802 2331 2859 assidens
2360 2796 2750 2867 llicrosolymis
2785 2795 3077 2850 llircanum
3104 2794 3420 2848 obsidebat:
3450 2793 3540 2847 ille

1952 2904 2132 2952 autem
2172 2892 2444 2965 patefacto
2473 2889 2722 2960 sepulcro
2763 2887 2953 2953 David,
2980 2886 3072 2956 qui
3117 2899 3300 2954 regum
3330 2884 3539 2939 ditissi-

1953 3006 2072 3047 mus
2103 2991 2295 3061 fuerat,
2325 2985 2628 3054 ahlatisque
2666 2981 2789 3037 inde
2819 2980 3060 3053 pecunia:
3088 2978 3208 3049 plus
3238 2993 3399 3048 quam
3444 2979 3543 3033 tri-

1954 3081 2056 3136 bus
2096 3079 2334 3134 millibus
2374 3076 2716 3137 talentorum,
2751 3081 2804 3130 et
2828 3070 3094 3126 Antiocho
3123 3069 3407 3140 persuasit,
3432 3077 3540 3124 tre-

1955 3172 2126 3228 centis
2152 3170 2201 3226 ei
2230 3168 2443 3223 talentis
2466 3166 2628 3229 datis,
2660 3164 2729 3219 ab
2751 3162 3029 3219 obsidione
3058 3161 3272 3226 cedere,
3304 3159 3538 3230 primus-

1951 3280 2060 3335 que
2114 3261 2421 3318 Judaeorom
2476 3256 2761 3329 pravitatis
2817 3254 3009 3325 opibus
3058 3252 3205 3308 alere
3256 3251 3538 3323 peregrina

1953 3355 2120 3426 coepit
2145 3352 2363 3408 auxilia.

2024 3445 2289 3499 llircanus
2326 3438 2545 3502 deinde,
2578 3449 2751 3492 morte
2793 3435 3043 3491 Antiochi
3084 3435 3320 3506 cognita,
3357 3434 3539 3489 statim

1953 3534 2022 3595 ad
2045 3534 2218 3611 Syriae
2258 3531 2505 3592 civitates
2533 3528 2928 3604 expeditionem
2958 3526 3193 3600 paravit,
3223 3540 3420 3584 vacuas
3448 3540 3541 3584 eas

1952 3628 2440 3702 propugnatoribus
2465 3639 2586 3680 esse
2630 3632 2797 3684 ratus,
2833 3621 2976 3692 quod
3015 3620 3091 3673 ita
3139 3627 3275 3673 erat.
3306 3618 3440 3673 Nam
3489 3627 3544 3672 et

1955 3724 2253 3789 Medabam,
2278 3730 2331 3776 et
2365 3721 2673 3791 Samogam,
2705 3725 2759 3773 et
2811 3715 3122 3787 Sycbimam
3148 3755 3164 3780 ,
3219 3722 3275 3769 et
3303 3712 3541 3769 Garizim

1955 3832 2079 3874 cum
2126 3814 2320 3870 vicinis
2367 3811 2540 3881 cepit,
2583 3816 2639 3864 et
2672 3806 2964 3878 superbum
3005 3804 3361 3861 Cirtbaeorum
3415 3803 3543 3875 [Cu-

1956 3905 2253 3977 thtcorum]
2308 3919 2476 3976 genus
2533 3900 2833 3971 adjacentia
2876 3897 3001 3953 fano
3060 3897 3177 3952 loca
3224 3897 3535 3963 colentium,

1956 3996 2199 4066 exemplo
2222 3992 2340 4062 ejus
2377 3991 2521 4062 quod
2543 4000 2627 4047 est
2652 3987 3042 4059 Hierosolymis
3066 3986 3352 4043 mdificato.
3384 3986 3542 4057 Capit

1957 4097 2139 4145 autem
2164 4087 2408 4143 Idumam
2427 4099 2641 4155 quoque
2678 4066 2784 4137 non
2814 4095 3015 4150 paucas
3035 4078 3170 4133 alias
3196 4078 3461 4143 civitates,
3486 4087 3541 4134 et

1957 4187 2217 4249 praeterea
2240 4176 2488 4233 Adoreon
2522 4169 2835 4246 [Acraeam]
2860 4178 2912 4225 et
2934 4167 3179 4223 Marasan
3204 4166 3535 4240 [Marisam]:

1959 4272 2013 4327 in
2044 4269 2346 4326 Samariam
2383 4281 2512 4322 vero
2561 4279 2730 4333 usque
2778 4276 3093 4333 progressus
3130 4260 3223 4316 ubi
3267 4275 3412 4315 nunc
3458 4268 3542 4315 cst

1961 4361 2189 4418 Sebaste
2236 4359 2451 4421 civitas,
2488 4356 2556 4410 ab
2598 4353 2810 4409 Herode
2849 4366 2976 4423 rege
3029 4350 3269 4415 condita,
3297 4365 3364 4404 ex
3393 4349 3540 4404 omni

269 4444 507 4501 moritur
551 4444 607 4500 in
638 4445 917 4511 convivio,
967 4454 1161 4516 captus
1196 4444 1407 4501 insidiis
1428 4444 1720 4508 Ptolemaei,
1762 4458 1853 4516 ge-

1960 4460 2112 4522 parte
2138 4446 2412 4505 concludit
2450 4444 2694 4512 filiosque
2737 4456 2862 4496 suos
2901 4439 3269 4494 Aristobolum
3298 4446 3354 4492 et
3381 4438 3539 4490 Anti-

270 4538 394 4595 neri
421 4540 528 4607 sui,
557 4540 670 4610 qui,
694 4538 811 4609 ejus
836 4539 1063 4611 conjuge
1092 4540 1407 4611 duobusque
1435 4540 1563 4597 ﬁliis
1585 4542 1640 4596 in
1678 4552 1860 4598 custo-

272 4632 420 4688 diam
449 4632 737 4698 conclusis,
764 4642 944 4689 certos
970 4632 1176 4688 amicos
1195 4632 1343 4688 misit
1360 4640 1421 4687 ut
1439 4630 1725 4699 Joannem,
1750 4640 1862 4686 ter-

272 4725 431 4789 tium,
460 4723 548 4779 cui
574 4723 841 4779 Hircanus
868 4723 969 4779 fuit
988 4738 1205 4790 nomen,
1220 4722 1605 4779 interficerent.
1632 4720 1859 4794 Cognito

272 4825 456 4872 autem
487 4817 690 4887 impetu
731 4815 823 4887 qui
875 4817 1189 4887 parabatur,
1227 4815 1537 4872 adolescens
1576 4814 1644 4869 ad
1668 4815 1861 4870 civita-

275 4918 388 4965 tem
418 4911 761 4981 properabat,
793 4909 1068 4979 multoque
1098 4908 1294 4979 populo
1336 4907 1525 4972 fretus,
1559 4915 1615 4962 et
1642 4914 1862 4975 propter

275 5002 598 5058 meritoriam
640 5010 853 5056 interna:
879 5001 1131 5066 virtutis,
1180 5008 1238 5055 et
1274 4999 1419 5070 quod
1446 4997 1703 5068 iniquitas
1727 4994 1858 5051 Pto-

277 5091 452 5147 lemaei
464 5090 675 5146 cunctis
695 5099 840 5145 esset
851 5089 1047 5145 invisa.
1072 5089 1254 5146 Voluit
1280 5097 1460 5143 autem
1474 5095 1531 5141 et
1544 5085 1863 5141 Ptolemaeus

279 5181 444 5238 aliam
469 5190 683 5252 portam
709 5181 944 5237 civitatis
973 5179 1199 5251 ingredi,
1230 5177 1323 5233 sed
1350 5193 1381 5231 a
1408 5175 1604 5246 populo
1632 5174 1864 5244 rejectus

279 5282 386 5339 est,
416 5274 508 5344 qui
539 5272 801 5328 maturius
824 5270 1114 5326 Hircanum
1154 5275 1489 5338 susceperat,
1512 5273 1568 5321 et
1595 5265 1721 5321 hinc
1745 5264 1866 5335 qui-

284 5366 408 5421 dem
436 5364 619 5419 statim
652 5362 877 5419 recessit
900 5361 956 5416 in
981 5358 1199 5430 aliquod
1226 5357 1368 5412 ultra
1396 5356 1649 5411 Hiericho
1673 5352 1867 5410 castel-

281 5452 397 5508 lum
433 5453 575 5523 quod
600 5452 748 5522 Dago
775 5456 1015 5505 vocatur.

359 5544 625 5601 Dircaeus
647 5550 827 5598 autem
854 5548 1141 5611 paternum
1170 5537 1432 5594 honorem
1462 5532 1729 5606 pontiﬁcis
1776 5546 1866 5587 as-

360 5690 388 5722 a
418 5677 581 5737 Deest
610 5674 829 5737 aliquid.

1959 4557 2158 4616 gonum
2182 4536 2447 4594 obsidioni
2473 4533 2715 4608 praefecit
2747 4550 2760 4585 :
2801 4531 2996 4601 quibus
3022 4528 3156 4584 nihil
3182 4527 3542 4616 renitentibus

1961 4615 2031 4688 ad
2065 4632 2167 4687 hoc
2198 4627 2356 4684 famis
2385 4624 2728 4688 necessitate,
2757 4621 2848 4693 qui
2875 4626 3033 4673 erant
3063 4617 3207 4671 inter
3242 4615 3537 4680 civitatem,

1959 4730 2221 4782 venerunt
2246 4728 2306 4774 ut
2332 4720 2597 4775 insuetam
2642 4728 2859 4769 carnem
2908 4718 3231 4783 cogerentur
3257 4709 3540 4779 attingere.

2029 4813 2196 4885 Igitur
2216 4808 2537 4866 Antiochum
2561 4805 2859 4875 adiutorem
2889 4802 2992 4856 sibi
3022 4801 3287 4856 advocant
3309 4796 3544 4868 Spiritus

1962 4902 2174 4960 Domini
2202 4901 2636 4972 cognominatum
2658 4935 2673 4960 ,
2719 4894 2812 4964 qui
2846 4906 2967 4948 cum
3016 4898 3267 4960 prompta
3307 4888 3424 4958 ejus
3451 4905 3546 4945 vo-

1963 4994 2171 5049 luntate
2199 4991 2485 5061 paruisset,
2517 4988 2586 5042 ab
2616 4983 2925 5040 Aristobulo
2950 4991 3005 5038 et
3024 4982 3292 5054 Antigono
3317 4997 3542 5053 supera-

1966 5091 2076 5147 tur,
2096 5090 2151 5136 et
2172 5080 2260 5135 ille
2286 5078 2503 5149 quidem
2537 5076 2601 5130 ad
2631 5072 2995 5144 Scytbopolim
3023 5087 3194 5142 usque
3218 5088 3546 5142 persequen.

1934 5178 1939 5183 ’
1968 5174 2111 5229 tibus
2134 5168 2566 5227 commemoratis
2587 5166 2846 5221 fratribus
2874 5163 3077 5235 cffugit.

2038 5263 2104 5319 Hi
2139 5277 2269 5317 vero
2302 5261 2356 5315 in
2399 5258 2702 5314 Samariam
2732 5256 2935 5312 reversi
2973 5254 3367 5309 multitudinem
3404 5254 3548 5306 intra

1973 5370 2190 5410 murum
2237 5354 2431 5408 iterum
2481 5348 2810 5421 compellunt
2858 5354 2913 5402 et
2958 5352 3261 5416 expugnata
3305 5341 3545 5405 civitate,

1974 5447 2251 5516 ipsamque
2293 5443 2515 5498 diruunt
2547 5449 2603 5497 et
2639 5439 2970 5495 habitatores
3018 5444 3204 5504 captos
3251 5430 3545 5485 abducunt.

1964 5537 2237 5608 Prospere
2289 5544 2471 5591 autem
2513 5532 2682 5605 gestis
2726 5526 3098 5586 accedentibus
3123 5562 3140 5589 ,
3207 5520 3545 5577 alacritatem

2040 5650 2070 5691 ι»
2101 5648 2232 5715 Quae
2255 5655 2557 5716 sequuntur
2584 5659 2651 5698 ex
2687 5638 2930 5716 Josepbo
2965 5631 3223 5716 translata
3250 5629 3397 5687 foeda
3423 5644 3549 5701 pas-

1968 5719 2070 5778 sim
2100 5706 2156 5774 et
2185 5706 2468 5774 insanabili
2494 5706 2839 5781 corruptione
2862 5706 3126 5760 laborant.
