3928 6168
365 361 500 419 F315

997 349 1060 404 B.
1098 343 1353 402 RABANI
1394 339 1611 397 MAURI
1651 331 1969 392 ARClllEP.
2013 327 2323 387 MOGUNT.
2365 323 2654 384 OPERUM
2691 319 2875 378 PARS
2913 318 2954 373 l.

3500 315 3642 370 i216

361 475 712 544 refrigescere
737 482 842 522 non
870 460 1136 522 sinebant,
1160 457 1255 512 sed
1283 471 1405 511 cum
1429 452 1669 508 exercitu
1702 449 1936 519 Scytbo-
1965 447 2018 506 Α
2040 459 2172 499 vero
2216 441 2502 498 conﬁrmat
2543 447 2707 507 alque
2749 434 3095 505 Antipatrum
3117 472 3131 497 ,
3168 432 3394 488 Herodis
3421 431 3644 490 Ascalo-

361 565 527 638 polim
577 571 748 628 usque
783 550 1084 624 progressi,
1116 558 1172 603 et
1226 548 1397 617 ipsam
1443 547 1858 614 percusserunt,
1889 545 1944 591 et

365 633 524 727 agros
553 654 693 707 inter
732 645 1035 702 Carmelum
1082 656 1271 696 omnes
1300 641 1440 693 inter
1467 653 1524 692 se
1571 633 1758 705 partiti
1797 639 1942 687 sunt.

367 744 739 802 Secondarum
786 751 965 792 rerum
1005 733 1228 789 Joannis
1254 739 1310 784 et
1337 729 1565 783 filiorum
1601 724 1717 793 ejus
1747 721 1948 778 invidia

367 842 683 900 seditionem
709 833 944 905 gentium
968 828 1276 890 concitavit,
1293 823 1552 891 multique
1578 822 1835 875 adversus
1856 829 1950 871 eos

367 931 574 988 collecti
617 943 723 982 non
764 921 1132 994 quiescebant,
1159 920 1327 974 donec
1356 923 1542 985 aperto
1580 911 1718 968 bello
1755 907 1951 966 devicti

374 1034 518 1079 sunt.
554 1021 834 1088 Reliquum
864 1027 990 1067 vero
1018 1021 1228 1080 tempus
1276 1006 1508 1062 Joannes
1557 1019 1680 1058 cum
1707 1002 1951 1055 fortuna-

379 1117 584 1172 tissime
610 1114 815 1166 viveret
843 1117 895 1162 et
917 1106 1118 1176 optime
1151 1117 1238 1156 res
1275 1115 1371 1170 per
1399 1113 1569 1152 annos
1596 1095 1815 1166 triginta
1843 1100 1956 1147 tres

375 1206 826 1264 adnnnistrasset,
865 1197 1104 1267 quinque
1131 1191 1330 1247 relictis
1363 1188 1547 1242 liberis
1589 1184 1836 1240 moritur.
1862 1182 1958 1237 Vir

371 1297 527 1367 plane
548 1290 916 1349 beatissimus,
933 1294 987 1339 et
1006 1284 1096 1352 qui
1126 1280 1327 1336 nullam
1353 1277 1590 1332 dedisset
1617 1271 1957 1328 occasionem

372 1403 470 1443 cur
497 1387 544 1440 ei
571 1397 787 1438 causam
817 1378 883 1432 de
926 1376 1140 1430 fortuna
1173 1368 1441 1440 quispiam
1475 1371 1814 1435 quereretur.
1859 1360 1962 1413 De-

376 1479 539 1546 nique
565 1475 666 1528 tria
693 1471 773 1525 vel
805 1467 1071 1540 praecipua
1094 1463 1330 1518 maxime
1367 1459 1514 1514 solus
1541 1455 1772 1510 habebat
1795 1470 1807 1506 :
1834 1465 1960 1505 nam

378 1576 434 1623 et
459 1565 633 1637 gentis
664 1563 912 1632 princeps
938 1567 992 1612 et
1018 1553 1258 1626 pontifex
1286 1560 1435 1615 erat,
1471 1557 1524 1604 et
1552 1555 1810 1618 prieterea
1839 1558 1966 1613 pro-

378 1636 564 1726 pheta,
595 1669 713 1707 cum
761 1667 868 1721 quo
915 1648 1057 1701 Deus
1096 1643 1518 1712 colloquebatur,
1549 1646 1609 1692 ut
1661 1636 1964 1690 futurorum

337 1753 347 1765 ‘
386 1747 515 1801 nihil
545 1744 756 1816 penitus
785 1743 1076 1812 ignoraret,
1098 1736 1222 1805 quia
1246 1743 1300 1788 et
1331 1733 1396 1786 de
1417 1731 1624 1785 duobus
1649 1726 1966 1781 mulieribus

2045 537 2171 591 niue
2217 534 2416 597 lilium,
2463 536 2872 600 procuratorem
2912 525 3214 580 Palmstinae
3250 524 3399 579 facit.
3436 524 3649 595 Sicque

2048 627 2318 681 Hircanus
2345 622 2526 677 animo
2554 620 2730 684 deses,
2755 619 3047 688 adjuvante
3066 616 3350 686 Antipatro
3379 617 3648 686 praedicto

2047 725 2423 790 procuratore,
2455 714 2627 768 tenuit
2650 710 3022 782 pontificatum
3059 710 3213 762 annis
3246 709 3465 778 triginta
3509 724 3650 778 qua-

2051 819 2192 864 tuor.
2224 806 2416 861 Postea
2441 811 2620 858 autem
2647 801 2934 870 Antipatro
2978 814 3079 868 per
3119 812 3387 852 venenum
3426 798 3481 852 in
3515 813 3652 852 con-

2052 898 2197 952 vivio
2239 903 2470 959 necato,
2521 892 2779 954 Herodes,
2823 889 2964 944 filius
3002 889 3139 959 ejus,
3165 889 3434 943 successit
3460 890 3518 943 in
3561 905 3652 944 re-

2055 1004 2244 1061 gnum,
2271 988 2364 1056 qui
2392 996 2447 1040 et
2466 985 2761 1039 Hircanum
2795 982 3086 1038 interfecit.
3115 981 3250 1036 Hine
3280 992 3329 1036 et
3383 983 3646 1046 llerojes,

2056 1079 2299 1151 praedicti
2325 1075 2594 1146 Antipatri
2625 1073 2950 1128 Ascaloniae
2977 1080 3034 1126 et
3066 1073 3257 1126 matris
3292 1073 3491 1143 typidis
3520 1072 3652 1144 [Cy-

2057 1170 2251 1244 pridis]
2282 1169 2528 1224 Arabicae
2559 1167 2718 1228 filius,
2752 1182 2783 1220 a
2831 1165 3092 1219 Romanis
3130 1163 3440 1219 Judreorum
3471 1182 3655 1220 susce-

2059 1267 2142 1336 pit
2176 1263 2538 1334 principatum
2570 1280 2587 1319 :
2629 1258 2787 1328 cujus
2813 1267 3084 1326 tempore,
3123 1257 3324 1312 Christi
3369 1259 3655 1312 nativitate

2061 1354 2284 1432 [vicina]
2315 1369 2536 1424 regnum
2571 1361 2628 1407 et
2653 1350 3012 1406 sacerdotium
3035 1348 3232 1404 Judreaz
3258 1384 3274 1410 .
3327 1352 3472 1419 quod
3506 1352 3656 1421 prius

2063 1461 2162 1517 per
2207 1445 2581 1500 successiones
2627 1456 2890 1496 annorum
2946 1440 3256 1507 tenebatur,
3319 1442 3657 1497 destructmn

2065 1547 2180 1602 est;
2218 1536 2479 1605 mmpleta
2510 1534 2815 1604 prophetia,
2845 1547 2964 1602 qua:
2995 1533 3069 1586 ita
3113 1549 3209 1602 per
3239 1533 3460 1606 Moysen
3487 1536 3662 1606 loqui-

2063 1638 2156 1685 tur
2181 1649 2193 1684 :
2229 1629 2354 1682 Non
2387 1627 2589 1695 deﬁciet
2612 1627 2852 1696 princeps
2871 1640 2937 1678 ea:
2956 1623 3122 1688 Juda,
3156 1642 3317 1691 neque
3345 1628 3461 1681 dux
3485 1629 3554 1681 de
3588 1629 3663 1698 [e-

2072 1728 2302 1782 moribus
2331 1728 2467 1797 ejus,
2493 1726 2658 1780 dbnec
2685 1727 2859 1780 veniat
2889 1726 2976 1779 cui
3017 1726 3295 1795 repositum
3326 1735 3436 1788 est;
3466 1733 3515 1778 et
3557 1726 3666 1793 ipse

387 1837 509 1890 ﬁliis
538 1837 649 1888 suis
669 1831 810 1900 quod
837 1843 1016 1883 rerum
1046 1824 1249 1880 domini
1277 1817 1612 1891 permansuri
1640 1831 1746 1870 non
1785 1821 1970 1870 essent

2084 1821 2170 1874 erit
2201 1829 2513 1889 exspectatio
2536 1819 2762 1888 gentium
2796 1815 3005 1886 (Cenes.
3039 1818 3207 1882 thx).

388 1924 648 1979 antevidit
676 1930 837 1987 atque
861 1912 1127 1986 praedixit.

458 2013 654 2068 Tenuit
683 2019 862 2064 autem
907 2007 1084 2076 ipsum
1115 2001 1486 2073 pontificatum
1517 2004 1640 2068 post
1681 1994 1850 2066 patris
1880 1993 1972 2047 ob-

397 2109 552 2170 itum,
577 2102 869 2158 secundnm
885 2097 1265 2151 chronicorum
1282 2092 1438 2146 fidem
1466 2089 1622 2142 annis
1643 2086 1830 2157 viginti
1853 2100 1968 2140 sex.

395 2199 553 2252 Pater
581 2192 696 2262 ejus
723 2200 897 2245 autem
930 2188 1114 2242 Simon
1145 2195 1269 2238 ante
1289 2197 1410 2237 eum
1432 2178 1668 2250 pontifex
1694 2177 1796 2231 fuit
1816 2176 1974 2229 annis

394 2297 536 2351 octo,
575 2294 699 2340 ante
725 2296 881 2352 quem
913 2277 1173 2332 Jonathas
1198 2275 1366 2327 frater
1388 2271 1505 2340 ejus
1532 2269 1688 2324 annis
1714 2269 1897 2322 decem
1918 2272 1975 2319 et

396 2388 538 2436 octo.
568 2375 734 2431 Iudas
767 2384 998 2442 quoque,
1031 2367 1198 2421 frater
1227 2363 1472 2418 Jonathze
1505 2369 1561 2414 et
1597 2358 1853 2420 Simonis,
1881 2356 1977 2410 tri-

397 2473 492 2527 bus
530 2475 740 2524 tantum
789 2463 946 2518 annis
982 2456 1353 2531 pontificatum
1403 2451 1628 2513 habuit,
1680 2449 1803 2504 licet
1839 2446 1976 2502 bella

397 2561 548 2633 plura
573 2572 696 2613 eum
733 2554 957 2610 ducibus
985 2564 1169 2620 regum
1201 2545 1372 2617 Syriae
1399 2551 1525 2598 ante
1551 2539 1800 2612 gesserit.
1851 2536 1980 2591 Post

392 2630 657 2710 .loannem
685 2649 881 2719 quippe
909 2639 1267 2705 Aristobolus,
1319 2637 1462 2691 filius
1495 2633 1641 2702 ejus,
1693 2630 1980 2703 pontiﬁca-

401 2754 514 2799 tum
540 2740 678 2812 apud
702 2737 916 2792 Judazos
958 2732 1183 2803 accepit,
1220 2729 1312 2800 qui
1360 2743 1454 2782 rex
1509 2724 1714 2795 pariter
1742 2720 1856 2775 fieri
1883 2734 1978 2774 vo-

397 2837 537 2900 lens,
561 2828 880 2886 diadematis
905 2826 1134 2894 sumpsit
1165 2822 1394 2889 insigne.

466 2924 596 2978 Post
635 2917 1057 2992 quadringentos
1099 2911 1372 2980 octoginta
1409 2913 1642 2977 quatuor
1689 2915 1860 2956 annos
1887 2899 1986 2952 Ba-

401 3013 628 3086 bylonia:
653 2987 914 3070 civitatis,
946 3006 1035 3060 hic
1075 3002 1400 3070 Antigonum
1435 2996 1655 3050 fratrem
1679 3005 1833 3064 suum
1863 2987 1985 3043 dolo

402 3102 696 3166 interfecit,
736 3108 791 3154 et
809 3113 918 3152 uno
947 3111 1089 3149 anno
1121 3094 1172 3147 in
1210 3105 1376 3161 regno
1397 3086 1610 3157 expleto
1630 3125 1644 3149 ,
1691 3079 1984 3136 miserabili

2144 1909 2200 1964 lu
2239 1911 2342 1964 hoc
2385 1909 2505 1963 loco
2542 1917 2597 1962 et
2622 1906 2895 1973 Christus,
2923 1922 3082 1977 quem
3118 1905 3354 1961 Danielis
3380 1904 3668 1974 Scriptura

2071 2003 2331 2075 przefatur
2378 2002 2540 2074 (Dan.
2589 2000 2689 2073 rx),
2723 2000 2929 2070 accepit
2969 1999 3150 2055 linem.
3201 1997 3332 2052 Nam
3384 2013 3561 2067 usque
3603 1997 3669 2050 ad

2076 2101 2363 2166 Herodem,
2401 2098 2601 2154 Christi
2633 2096 2708 2168 [id
2739 2094 2843 2167 est]
2875 2094 3180 2149 sacerdotes
3206 2101 3360 2147 erant
3389 2107 3554 2162 reges
3581 2089 3674 2143 ιυ-

2077 2191 2354 2253 dmorum,
2432 2188 2524 2258 qui
2588 2188 2855 2256 imperare
2910 2192 3192 2254 coeperunt
3235 2199 3260 2236 a
3321 2182 3669 2252 sexagesima

2078 2287 2264 2356 quinta
2296 2283 2598 2355 olympiade
2621 2289 2675 2336 et
2704 2279 3095 2335 instauratione
3133 2275 3311 2346 templi
3357 2274 3463 2330 sub
3512 2275 3674 2328 Dario

2079 2391 2250 2449 usque
2275 2377 2342 2430 ad
2369 2375 2686 2438 Hircanum,
2700 2381 2752 2427 et
2770 2373 2836 2427 ad
2851 2370 3203 2426 centesimam
3221 2377 3273 2422 et
3287 2367 3675 2436 octogesimam

2081 2478 2290 2525 sextam
2317 2465 2700 2537 Olympiadem,
2724 2462 2880 2516 annis
2904 2458 3312 2532 quadringentis
3336 2457 3558 2526 triginta
3585 2456 3669 2509 tris

2081 2564 2182 2617 bus
2221 2561 2276 2615 in
2325 2558 2502 2613 medio
2535 2555 2822 2610 transactis
2850 2571 2862 2608 :
2892 2568 3026 2622 quos
3055 2550 3240 2605 Daniel
3267 2564 3484 2619 quoque
3515 2547 3680 2618 signi-

2083 2656 2210 2711 ﬁcat
2232 2653 2454 2708 dicens:
2497 2649 2562 2704 Et
2597 2650 2726 2703 scies
2751 2689 2764 2710 ,
2811 2656 2858 2701 et
2901 2644 3154 2714 intelliges
3207 2642 3270 2695 ab
3297 2642 3450 2695 initio
3481 2657 3681 2694 sermo-

2084 2748 2165 2802 nis
2195 2743 2538 2815 respondendi
2582 2750 2631 2794 et
2660 2737 2961 2806 ανάὶβεαηάὶ
3018 2731 3349 2787 Hierusalem
3395 2747 3566 2797 usque
3611 2729 3679 2781 ad

2085 2837 2281 2892 Christi
2307 2834 2685 2906 principatum,
2720 2825 3060 2883 hebdomade:
3110 2833 3336 2893 septem,
3383 2829 3432 2873 et
3486 2819 3683 2873 hebdo-

2086 2927 2326 2983 domadw
2351 2925 2624 2994 sexaginta
2653 2921 2792 2975 dum.
2827 2918 2957 2985 Quae
2997 2915 3272 2984 sexaginta
3314 2927 3510 2967 novem
3549 2912 3681 2965 heb-

2088 3017 2330 3074 domadas
2373 3015 2577 3069 faciunt
2597 3026 2765 3067 annos
2787 2994 3208 3080 quadringentos
3238 3006 3515 3076 octoginta
3549 3014 3676 3063 tres,

2089 3110 2142 3160 in
2170 3105 2364 3176 quibus
2396 3102 2619 3167 Christi,
2646 3101 2701 3155 id
2751 3108 2837 3154 est
2882 3098 3212 3156 sacerdotes.
3245 3112 3342 3165 per
3371 3095 3680 3148 unctionem

401 3204 576 3250 morte
620 3189 897 3245 fratricida
951 3187 1114 3239 vitam
1169 3182 1342 3236 finivit
1375 3179 1461 3234 cui
1508 3175 1770 3232 successit
1816 3172 1985 3226 frater
2011 3153 2058 3216 C
2090 3153 3005 3265 cogsgggﬁ1%;ngthusque
3059 3190 3126 3244 ad
3176 3153 3474 3242 mjcanum
3504 3201 3518 3238 ε
3554 3201 3680 3255 quo,

401 3285 518 3356 ejus
531 3282 771 3336 Amiects
787 3273 1112 3349 [Jamneus],
1131 3273 1222 3342 qui
1245 3280 1298 3325 et
1321 3267 1648 3331 Alexander,
1663 3267 1715 3320 in
1735 3279 1983 3334 regnum,

404 3353 547 3445 quod
573 3370 742 3427 tenuit
769 3366 955 3436 viginti
977 3374 1180 3432 septem
1208 3359 1384 3421 annis,
1420 3366 1530 3410 tam
1558 3353 1851 3409 crudeliter
1869 3391 1884 3416 ,
1927 3359 1987 3405 ut

406 3442 566 3521 etiam
605 3461 810 3517 irritata
839 3458 992 3528 plebe
1012 3455 1112 3509 sibi
1142 3449 1400 3522 quaerenti
1423 3448 1491 3502 ab
1519 3447 1604 3501 his
1631 3446 1887 3515 quidnam
1908 3442 1989 3497 fa-

403 3567 556 3621 ciens
604 3564 812 3618 animos
855 3558 955 3612 sibi
1006 3555 1174 3627 plebis
1209 3549 1619 3611 reconciliaret,
1668 3559 1985 3617 responsum

413 3640 601 3715 est:Si
629 3661 962 3716 moreretur;
989 3651 1076 3704 vix
1115 3647 1260 3703 enim
1298 3645 1436 3699 forte
1464 3659 1588 3699 cum
1623 3649 1989 3704 mortuo,tam

408 3752 594 3822 gravia
643 3745 917 3818 perpessi,
953 3745 1006 3797 in
1037 3743 1264 3812 gratiam
1311 3744 1734 3800 reverterentur,
1763 3743 1824 3788 ut
1867 3732 1990 3786 odia

407 3843 669 3896 adversus
705 3835 1019 3892 defunctum
1075 3833 1421 3902 deponerent.
1471 3828 1677 3896 Quibus
1727 3823 1993 3879 excitatus

407 3932 751 4000 bellandique
779 3925 1121 3983 assuetudine
1161 3923 1342 3978 multis
1389 3921 1616 3984 necatis,
1646 3917 1882 3987 reliquos
1903 3930 1995 3972 oo—

411 4025 522 4096 egit
572 4023 627 4076 in
671 4021 859 4074 urbem
887 4017 972 4071 cui
1027 4030 1220 4069 nomen
1251 4011 1510 4076 Belselel;
1540 4011 1625 4064 cui
1668 4006 1995 4077 eXpugnatio

418 4112 749 4170 acerbiorem
778 4109 936 4164 solito
961 4113 1166 4177 pestem
1191 4105 1416 4168 invexit,
1440 4112 1549 4157 tam
1592 4114 1733 4156 εωνο
1761 4096 1995 4154 crudeli-

411 4206 537 4258 tatis
561 4217 836 4273 processu,
864 4207 924 4253 ut
947 4213 1014 4252 ex
1052 4213 1117 4252 eo
1147 4211 1372 4251 numero
1399 4195 1737 4264 octingentos
1776 4190 1832 4244 in
1883 4202 1996 4242 me-

409 4298 500 4353 dio
528 4295 764 4351 civitatis
789 4290 1184 4360 circumligeret
1217 4284 1622 4360 [cruciﬁgeret],
1651 4296 1882 4353 quorum
1936 4280 1992 4334 in

414 4396 704 4459 conspectu
735 4385 989 4454 conjuges
1024 4397 1212 4436 eorum
1244 4379 1484 4447 filiosque
1529 4374 1764 4446 jugulari
1809 4371 1992 4443 jussit.

2087 3298 2332 3347 extremo
2353 3287 2617 3349 omnium,
2641 3299 2672 3337 a
2699 3283 2917 3336 Parthis
2961 3289 3140 3350 capto,
3161 3277 3431 3342 llcrodes,
3461 3276 3683 3343 Antipa-

2091 3381 2158 3435 tri
2188 3379 2348 3442 [ilius,
2383 3376 2516 3432 nihil
2553 3377 2619 3431 ad
2646 3391 2705 3430 se
2733 3373 3093 3445 pertinentem
3131 3369 3374 3426 Indicam
3400 3371 3472 3422 ab
3503 3369 3682 3436 Augu-

2089 3480 2174 3526 sto
2197 3477 2252 3525 et
2281 3476 2470 3524 senatu
2503 3466 2730 3534 accepit,
2755 3463 2956 3534 ﬁliique
2993 3461 3110 3530 ejus
3154 3468 3276 3530 post
3315 3475 3442 3514 eum
3495 3474 3685 3526 regna-

2089 3566 2283 3615 verunt
2312 3555 2528 3631 [usque]
2558 3555 2624 3610 ad
2650 3554 2998 3610 novissimam
3030 3551 3396 3621 captivitatem
3429 3549 3677 3602 Hieroso-

2089 3652 2380 3725 lymorum,
2405 3664 2744 3719 nequaquam
2779 3645 3132 3702 sacerdotalis
3159 3644 3373 3716 generis
3427 3642 3685 3713 pontifici-

2091 3745 2193 3800 bus
2219 3740 2527 3797 constitutis
2551 3780 2565 3803 ,
2613 3753 2789 3806 neque
2830 3735 3189 3807 perpetuitate
3223 3734 3347 3787 vita:
3389 3731 3685 3786 secundum

2092 3835 2265 3905 legem
2286 3831 2456 3902 Moysi
2480 3827 2838 3885 servientibus
2861 3828 2994 3881 Deo.
3021 3823 3430 3896 lgnobilesvero
3450 3821 3683 3892 quidem,

2093 3935 2150 3981 et
2175 3925 2279 3979 alio
2304 3931 2547 3993 tempore
2569 3920 2684 3986 alii,
2713 3927 2769 3974 et
2805 3917 3046 3973 nonnulli
3074 3916 3235 3970 unius
3275 3915 3401 3968 anni
3428 3915 3544 3968 sive
3581 3927 3687 3966 mo-

2095 4017 2216 4074 dico
2241 4014 2502 4086 amplius,
2549 4021 2604 4068 et
2633 4028 2661 4066 a
2703 4008 2962 4066 Romanis
3014 4005 3376 4063 sacerdotium
3415 4003 3686 4057 emebant.

2095 4109 2228 4177 Qum
2259 4107 2437 4162 omnia
2494 4113 2550 4159 et
2580 4102 2767 4157 Daniel
2820 4101 3082 4171 propheta
3127 4097 3456 4151 vaticinatus
3503 4101 3586 4148 est
3611 4091 3688 4146 di-

2096 4213 2225 4255 cens
2249 4212 2264 4249 :
2297 4196 2364 4250 Et
2391 4204 2505 4266 post
2535 4192 2888 4247 hebdomadas
2915 4199 3104 4262 septem
3135 4197 3184 4242 ct
3204 4187 3537 4258 septuaginta
3559 4185 3685 4237 duas

2095 4289 2325 4344 interibit
2349 4285 2599 4348 chrisma,
2630 4292 2678 4337 et
2722 4282 2987 4352 judicium
3015 4296 3120 4334 non
3150 4278 3251 4333 erit
3286 4279 3342 4331 in
3376 4291 3464 4340 eo,
3490 4286 3537 4329 et
3572 4285 3687 4328 tern-

2095 4381 2240 4453 plum
2294 4387 2534 4433 sanctum
2597 4383 2890 4444 corrumpet
2944 4370 3217 4442 populus:
3267 4369 3400 4422 duce
3463 4368 3688 4422 ueniente

417 4483 540 4537 llaec
578 4477 856 4549 spectabat
896 4474 1167 4529 accubans
1213 4473 1266 4525 in
1318 4469 1494 4524 medio
1547 4466 1990 4524 concubinarum,
2026 4499 2073 4558 ο
2098 4469 2364 4524 credentur
2382 4467 2440 4520 in
2478 4464 2782 4519 cataclismo
2809 4461 2959 4522 belli:
2995 4469 3051 4514 et
3081 4460 3134 4514 in
3177 4459 3578 4528 sequentibus:
3626 4455 3687 4509 Et

414 4577 565 4632 lactus
591 4573 730 4626 inter
750 4569 874 4622 vina
904 4577 958 4622 et
983 4565 1194 4636 pocula,
1221 4562 1315 4618 sed
1347 4560 1515 4632 magis
1547 4557 1806 4628 sanguine
1834 4567 1995 4623 quam

417 4664 538 4718 vino
560 4661 874 4716 inebriatus.

487 4755 598 4808 lloc
627 4752 740 4808 solo
769 4750 912 4805 facto
953 4745 1181 4817 amplius
1218 4741 1469 4814 populum
1518 4753 1679 4808 quam
1723 4733 1864 4790 bello
1891 4740 2001 4786 ter-

419 4845 545 4910 ruit,
580 4845 652 4898 ita
683 4851 742 4897 ut
767 4840 1010 4913 proxima
1055 4844 1211 4892 nocte
1239 4834 1544 4888 Judteorum
1578 4836 1700 4882 octo
1729 4825 1892 4879 millia
1921 4823 2001 4878 ul-

418 4949 501 4990 tra
543 4934 782 4989 Iudaeam
833 4929 1240 4989 descenderent,
1291 4925 1484 4994 quibus
1514 4920 1648 4990 fugae
1685 4917 1808 4971 linis
1856 4930 2002 4970 mors

418 5022 705 5077 Alexandri
758 5019 927 5084 foret;
976 5034 1040 5073 eo
1085 5024 1299 5071 mortuo
1342 5010 1644 5064 Alexandra
1685 5021 1820 5060 uxor
1861 5003 1997 5072 ejus,

421 5130 541 5182 qum
587 5121 642 5168 et
673 5112 853 5166 Salma
906 5109 1168 5182 [Salome]
1197 5105 1573 5176 cognominata
1601 5111 1710 5162 est,
1757 5095 2003 5168 regnavit

424 5204 809 5274 Hierosolymis
844 5203 1000 5256 annis
1028 5215 1237 5254 novem.
1273 5197 1475 5250 Dehinc
1502 5194 1711 5248 duobus
1743 5189 1999 5244 fratribus

425 5298 548 5352 filiis
576 5289 1149 5354 Alcxandri,llircano
1199 5295 1255 5340 et
1299 5282 1629 5346 Aristobulo,
1662 5280 1729 5334 de
1773 5275 2001 5346 imperio

424 5381 828 5446 dimicantibus,
878 5376 1217 5433 occasionem
1249 5374 1486 5428 habuere
1537 5366 1764 5424 Romani
1811 5373 1872 5418 ut
1911 5363 2003 5417 Ju—

419 5477 593 5531 dzeam
638 5474 971 5530 invaderent.
1022 5468 1098 5522 Ita
1137 5465 1424 5535 Pompeius
1463 5462 1696 5516 Hircano
1745 5457 2006 5511 invitante

427 5566 852 5638 Hierosolymam
887 5563 1054 5628 venit,
1082 5571 1239 5631 capta
1270 5559 1403 5614 urbe
1436 5565 1492 5612 et
1529 5553 1728 5624 templo
1757 5551 2008 5605 deserato

427 5673 598 5727 usque
645 5658 701 5711 in
747 5656 949 5711 Sancto
975 5661 1286 5709 sanctorum
1315 5645 1581 5708 accessit,
1640 5639 2008 5697 Aristobolum

433 5747 690 5801 minorem
721 5745 941 5803 fratrem
987 5760 1140 5801 suum
1166 5757 1348 5799 secum
1374 5738 1606 5803 adducit,
1633 5732 2007 5807 pontificatum

2101 4573 2258 4628 super
2289 4554 2560 4626 templum,
2595 4553 2787 4622 inquit,
2819 4551 3142 4605 abominatio
3177 4548 3565 4602 desolationem
3593 4561 3612 4596 :
3646 4555 3689 4598 et

2108 4663 2265 4719 usque
2294 4646 2362 4700 ad
2389 4643 2888 4700 consummationem
2912 4640 3156 4710 temporis
3191 4637 3578 4692 consummatio
3602 4635 3692 4689 da-

2103 4738 2244 4792 bitur
2281 4751 2435 4806 super
2476 4733 2868 4788 desolationem.
2921 4730 3164 4786 Herodes
3190 4728 3495 4783 Avanulum
3525 4726 3690 4798 [Ana-

2105 4823 2309 4895 nelum]
2339 4822 2628 4894 quemdam
2677 4821 2744 4875 de
2774 4820 3044 4890 Babylone
3084 4818 3341 4878 accitum,
3381 4815 3692 4884 pontiﬁcem

2105 4917 2384 4974 constituit
2408 4914 2735 4976 Iudaeorum,
2758 4921 2814 4966 et
2859 4920 2982 4980 post
3003 4911 3256 4979 exiguum
3287 4907 3551 4976 temporis
3580 4906 3694 4959 Ari-

2106 5010 2375 5066 stobolum
2401 5008 2624 5062 fratrem
2647 5005 2833 5058 uxoris
2873 5018 3004 5067 sum,
3035 5007 3284 5071 nepotem
3313 4998 3556 5061 Hircani,
3579 5011 3693 5050 suc-

2106 5115 2379 5155 cessorem
2410 5097 2461 5150 ei
2497 5094 2677 5150 dedit:
2708 5109 2816 5164 quo
2839 5101 3172 5162 postremum
3198 5089 3341 5161 [post
3364 5086 3593 5157 annum]
3619 5087 3693 5139 in-

2108 5190 2334 5246 terfecto
2381 5203 2594 5242 rursum
2647 5183 2888 5239 Ananelo
2931 5182 3107 5237 reddit
3155 5179 3542 5234 sacerdotium.
3591 5176 3695 5230 Nec

2103 5283 2215 5353 jam
2247 5280 2350 5334 fuit
2377 5277 2647 5332 successio
2683 5275 2870 5344 legalis
2911 5273 2964 5326 in
3007 5269 3369 5326 sacerdotium
3396 5307 3411 5332 ,
3459 5267 3556 5322 sed
3597 5265 3694 5319 line

2105 5374 2273 5444 ipsius
2317 5370 2450 5440 legis
2495 5376 2550 5422 et
2595 5365 2884 5420 sacerdotii
2936 5363 3428 5433 appropinquante,
3473 5358 3696 5413 confusa

2105 5471 2263 5519 erant
2283 5459 2482 5515 omnia.
2511 5455 2610 5510 Hic
2634 5463 2814 5509 autem
2834 5453 3076 5508 llerodes
3102 5458 3358 5506 strenuus
3373 5448 3470 5503 fuit
3496 5449 3551 5502 in
3567 5447 3696 5501 acti-

2107 5555 2208 5608 bus
2228 5549 2349 5604 belli
2371 5555 2427 5601 et
2449 5547 2501 5600 in
2527 5544 2917 5616 gubernatione
2940 5542 3089 5613 regni
3119 5549 3282 5609 atque
3305 5538 3694 5594 instauratione

2105 5641 2454 5698 aediﬁciorum
2483 5676 2499 5703 ,
2562 5634 2659 5690 sed
2703 5632 3108 5688 infelicissimus
3166 5644 3231 5683 ac
3297 5626 3695 5683 crudelissimis

2111 5730 2383 5791 moribus;
2417 5725 2557 5797 apud
2585 5722 3012 5798 Hierosolymam
3041 5719 3237 5776 multas
3265 5727 3318 5772 et
3353 5732 3577 5788 magnas
3616 5731 3696 5768 eo
