3928 6168
244 265 387 322 1217

969 261 1323 320 COMMENT.
1358 260 1427 317 IN
1464 259 1713 317 LIBROS
1749 254 2325 314 MACIIABIEORUM.
2364 285 2436 297 -η
2471 255 2543 327 IIS
2578 253 2709 311 LIB.
2750 254 2791 311 ῐ.

3400 256 3524 314 1213

240 385 442 443 clesias
470 381 806 445 construxit;
843 380 1168 444 Samariam,
1197 380 1328 435 olim
1358 380 1411 434 in
1448 379 1723 435 cineribus
1760 393 1844 433 se-
1871 380 1923 440 Α
1948 391 2069 446 quae
2094 376 2146 430 in
2175 376 2351 430 lacum
2377 375 2613 431 feracem
2638 377 2940 443 bituminis,
2967 380 3058 449 qui
3088 379 3425 449 Aspbalditis
3443 395 3538 435 vo-

243 478 499 536 dentem,
536 488 567 526 a
595 470 962 525 fundamentis
995 470 1287 535 suscitans,
1321 469 1376 524 in
1426 470 1688 524 honorem
1734 466 1845 522 Au-

243 565 391 637 gusti
418 564 683 618 Sebasteu
709 561 1017 631 appellavit,
1048 570 1102 615 et
1129 562 1182 616 in
1211 561 1481 627 Pancade,
1497 561 1550 616 id
1569 560 1714 630 quod
1739 559 1843 613 Pa-

245 661 378 711 nion
405 664 632 709 vocatur
652 653 956 718 exstruxit;
980 651 1285 708 Ctesaream
1302 653 1356 707 in
1379 654 1597 708 nomine
1616 651 1846 707 Caesaris

247 745 489 803 condidit
514 785 542 816 ,.
586 759 711 812 quae
762 744 914 813 prius
964 743 1155 799 Turris
1199 744 1476 799 Stratonis
1528 743 1841 799 vocabatur.

250 838 505 893 Condidit
533 844 794 906 praeterea
837 834 1106 890 Antidana
1135 843 1193 890 et
1231 835 1631 905 Antipatridam
1683 846 1847 903 atque

251 928 617 984 Herodianam
631 927 684 981 in
716 926 974 981 honorem
998 926 1176 982 Patris
1194 926 1464 996 Antipatri
1490 933 1544 980 et
1563 940 1720 981 suum
1748 941 1848 980 ex-

252 1020 470 1075 struxit.
520 1016 934 1072 Innumerabilia
963 1031 1179 1086 quoque
1225 1030 1392 1087 opera
1424 1016 1479 1070 in
1511 1014 1737 1086 singulis
1757 1030 1850 1069 ur-

252 1114 413 1168 bibus
437 1126 576 1181 quas
599 1111 822 1180 regebat
861 1110 1214 1165 solertissime
1236 1108 1540 1165 mdiﬁcavit.
1571 1108 1680 1165 Sed
1709 1110 1852 1164 inter

252 1202 571 1264 llircanurn,
599 1200 691 1268 qui
727 1198 857 1254 olim
909 1199 1163 1254 sacerdos
1204 1196 1512 1253 Iudaeorum
1554 1197 1750 1263 fuerat,
1781 1198 1851 1253 de

252 1289 570 1360 captivitate
597 1288 918 1342 Parthorum
946 1302 1287 1359 regressum,
1309 1296 1364 1343 et
1389 1288 1558 1343 ﬁlium
1586 1288 1725 1359 ejus,
1754 1289 1849 1359 qui

252 1378 561 1437 sacerdotio
608 1378 780 1448 patris
828 1387 1196 1446 successerat,
1248 1378 1557 1436 interfecit:
1606 1395 1849 1436 sororem

252 1483 470 1542 quoque
493 1467 610 1539 ejus
637 1483 861 1523 uxorem
901 1484 1052 1524 suam
1077 1485 1203 1525 cum
1228 1471 1437 1526 duobus
1458 1470 1583 1527 ﬁliis
1616 1472 1850 1542 propriis

248 1569 364 1639 jam
382 1559 843 1630 adolescentibus,
868 1575 923 1618 et
946 1572 1172 1619 matrem
1194 1565 1382 1620 uxoris
1402 1566 1615 1630 occisas,
1634 1580 1850 1621 socrum

254 1673 433 1724 suam,
464 1654 840 1717 crudelissime
867 1655 1111 1710 necavit:
1142 1655 1408 1725 siquidem
1435 1657 1551 1727 ipse
1585 1656 1848 1721 Herodes,

1944 466 2425 533 catur,eﬁluentes
2451 507 2467 531 ,
2515 483 2616 538 pro
2670 467 2953 524 dulcedine
2992 470 3150 539 potiti
3196 469 3543 544 [potabilcs]

1946 565 2089 611 sunt.
2120 556 2195 611 lbi
2224 564 2404 612 autem
2434 572 2633 628 corpus
2659 558 2799 629 ejus,
2827 559 2970 628 quod
3004 559 3232 615 medicis
3260 576 3381 616 eteo
3409 562 3545 617 cali-

1945 649 2098 704 diore
2142 649 2310 705 foveri
2339 649 2641 719 placuerat,
2669 651 2722 703 in
2752 650 2953 705 dolium
2990 650 3209 721 plenum
3233 651 3541 707 demersum

1947 741 2021 794 ita
2049 739 2368 794 dissolutum
2397 750 2502 804 est,
2527 749 2587 795 ut
2628 749 2684 795 et
2710 740 2935 807 lumina,
2962 742 3118 811 quasi
3159 751 3428 808 mortuus,
3455 759 3540 797 re-

1947 832 2121 887 soluta
2149 841 2446 903 torqueret.
2478 834 2684 889 Deinde
2711 834 3042 904 perturbatis
3069 835 3162 905 qui
3207 850 3331 889 eum
3385 850 3542 890 cura-

1946 925 2097 988 bant,
2130 924 2195 978 ad
2224 924 2516 979 clamorem
2555 924 2773 994 quidem
2809 925 3026 981 illorum
3080 926 3354 996 respicere
3391 927 3543 982 visus

1947 1022 2050 1068 est.
2105 1013 2397 1083 Desperata
2448 1030 2581 1070 vero
2636 1015 2811 1070 salute
2861 1023 2917 1070 et
2957 1016 3223 1071 militibus
3281 1018 3545 1087 quinqua-

1949 1121 2115 1178 genas
2151 1106 2442 1161 drachmas
2483 1106 2815 1176 multamque
2851 1108 3136 1177 pecuniam
3162 1108 3214 1162 in
3240 1110 3543 1164 rectoribus

1948 1206 2115 1267 atque
2150 1198 2342 1253 amicis
2383 1198 2551 1252 dividi
2588 1183 2771 1269 jussit.
2824 1198 2959 1254 Cum
3008 1208 3192 1255 autem
3225 1201 3442 1255 rediens
3478 1201 3531 1255 in

1950 1289 2206 1345 Hiericho
2228 1290 2487 1355 venisset,
2518 1298 2634 1344 atra
2677 1291 2767 1346 bili
2795 1301 3109 1363 correptus,
3154 1302 3210 1349 et
3238 1293 3354 1364 ipse
3402 1309 3542 1364 pene

1950 1383 2111 1437 morti
2144 1383 2536 1439 immittebatur
2562 1423 2577 1448 ,
2632 1381 2834 1437 factum
2877 1383 3142 1439 nefarium
3173 1385 3537 1456 excogitavit:

1949 1473 2206 1529 collectos
2235 1474 2378 1527 enim
2402 1474 2665 1543 cujusque
2701 1476 2804 1528 vrci
2828 1490 2896 1529 ex
2919 1475 3066 1529 omni
3094 1474 3277 1531 Iudaea
3309 1476 3538 1531 nobilio-

1950 1581 2039 1621 res
2087 1567 2141 1620 iu
2194 1566 2371 1622 locum
2407 1568 2491 1621 cui
2534 1579 2728 1621 nomen
2758 1575 2842 1622 est
2887 1567 3256 1638 Hippodromo
3293 1569 3540 1624 concludi

1949 1657 2223 1726 prmcepit,
2249 1657 2442 1711 deinde
2467 1672 2654 1713 sorore
2678 1657 2895 1714 Salome
2924 1667 2979 1714 et
3011 1659 3318 1715 Alexandro
3348 1662 3543 1716 marito

256 1764 324 1803 ne
366 1748 620 1820 ignobilis
644 1746 784 1803 forte
808 1754 864 1800 et
894 1761 924 1800 a
955 1744 1262 1801 Iudaeorum
1295 1747 1503 1802 semine
1530 1754 1853 1818 argueretur
1883 1748 1926 1807 Β
1954 1746 2071 1816 ejus
2093 1748 2159 1802 ad
2183 1762 2241 1802 se
2269 1749 2497 1813 vocatis,
2522 1746 2677 1813 Scio,
2710 1750 2909 1818 inquit,
2931 1758 3159 1805 mortem
3193 1766 3368 1807 meam
3392 1752 3546 1807 festis
3586 1738 3594 1745 ’

254 1847 573 1904 extraneos,
599 1836 893 1891 combussit
921 1834 1089 1889 libros
1126 1849 1316 1890 omnes
1347 1836 1543 1905 quibus
1591 1835 1846 1891 nobilitas

254 1931 433 2002 gentis
453 1927 651 1983 Judzeze
673 1928 727 1982 in
758 1927 955 1997 templo
983 1928 1304 1982 servabatur
1323 1927 1616 1998 adscripta,
1641 1937 1721 1994 ut,
1753 1928 1846 1983 de-

256 2019 564 2074 ﬁcientibus
604 2017 993 2086 probamentis,
1026 2026 1081 2071 et
1109 2017 1223 2087 ipse
1280 2018 1347 2072 ad
1383 2019 1526 2073 hanc
1571 2019 1846 2088 pertinere

255 2120 562 2185 putaretur,
587 2111 805 2180 insuper
831 2117 886 2166 et
911 2118 971 2164 ut
1006 2124 1157 2165 suam
1195 2110 1397 2165 soblem
1435 2109 1722 2183 [sobolem]
1760 2125 1847 2165 re-

256 2203 345 2274 gio
375 2201 589 2257 illorum
609 2200 793 2272 generi
822 2201 1217 2257 commisceret.
1253 2200 1448 2255 Deside
1474 2199 1676 2256 femina
1724 2200 1848 2256 Hie-

258 2293 665 2365 rosolymitana,
691 2305 852 2361 quam
876 2292 1121 2361 privatus
1159 2297 1447 2361 acceperat
1477 2305 1702 2345 uxorem
1721 2331 1735 2356 ,
1788 2298 1846 2346 et

256 2403 287 2440 a
320 2395 449 2439 nato
485 2383 773 2453 Antipatro
810 2382 942 2447 lilio,
974 2383 1144 2439 sociat
1172 2383 1273 2437 sibi
1312 2382 1647 2437 Mariannam
1679 2382 1845 2437 ﬁliam

253 2476 549 2533 Alexandri
574 2517 588 2539 ,
639 2482 853 2546 neptem
880 2475 1171 2531 Aristoboli
1225 2474 1408 2531 fratris
1437 2476 1656 2531 Hircani
1682 2517 1698 2542 ,
1752 2476 1845 2547 qui

255 2577 383 2624 aute
407 2583 531 2624 eum
562 2585 657 2623 rex
691 2576 811 2623 erat
837 2560 984 2639 ge'uti
1007 2565 1335 2622 Judmorum.
1371 2566 1497 2624 Haec
1524 2569 1763 2639 quinque
1784 2567 1846 2623 li-

254 2662 357 2716 lios
391 2661 440 2715 ei
475 2659 680 2730 genuit,
703 2674 931 2729 quorum
981 2658 1136 2722 duos,
1167 2655 1530 2713 Alexandrum
1553 2668 1609 2713 et
1638 2658 1849 2713 Aristo—

253 2752 459 2815 bolum,
492 2751 606 2821 ipsc
645 2751 856 2806 necavit
883 2752 938 2805 in
963 2748 1245 2816 Samaria;
1280 2764 1379 2805 nec
1424 2749 1595 2805 multo
1624 2758 1748 2820 post
1792 2758 1848 2804 et

254 2852 489 2898 matrem
536 2842 793 2907 ﬁliorum,
819 2857 925 2912 qua
978 2841 1054 2896 uil
1102 2842 1324 2896 charius
1366 2848 1624 2906 noverat,
1681 2840 1847 2895 simili

257 2933 467 2989 scelere
507 2932 755 3004 peremit,
785 2947 816 2987 e
843 2932 1040 3002 quibus
1081 2930 1421 2987 Aristobolus
1472 2931 1736 2986 Herodem
1780 2945 1845 2984 ex

257 3024 522 3081 Berenice
566 3032 882 3093 susceperat
909 3022 1078 3077 ﬁlium
1104 3063 1118 3087 ,
1168 3037 1329 3093 quem
1358 3038 1413 3077 m
1450 3023 1673 3078 Actibus
1723 3036 1850 3092 apo-

1950 1839 2161 1911 gaudiis
2183 1838 2553 1894 celebraturos
2599 1853 2721 1894 esse
2750 1839 2993 1905 Iudaeos,
3042 1857 3231 1895 verum
3273 1856 3372 1912 per
3409 1843 3546 1899 alios

1949 1931 2118 2003 lugeri
2150 1940 2340 2001 potero
2370 1939 2421 1987 et
2468 1931 2800 1987 clarissimos
2845 1933 3081 1988 honores
3122 1934 3336 2004 assequi
3368 1935 3546 2005 sepul-

1948 2032 2102 2090 tune,
2126 2024 2313 2094 sicque
2342 2023 2410 2096 [sn
2443 2022 2585 2094 quae]
2623 2024 2736 2094 ipse
2763 2024 3017 2095 urzecipio
3038 2025 3275 2081 feceritis
3301 2044 3313 2080 :
3346 2026 3445 2081 hos
3465 2026 3545 2081 vi-

1948 2130 2039 2171 ros
2059 2131 2196 2186 quos
2224 2114 2436 2173 habetis
2462 2115 2516 2169 in
2545 2116 2811 2179 custodia,
2853 2129 2977 2169 cum
3005 2115 3240 2169 animam
3270 2115 3540 2182 eﬂlavero,

1947 2209 2129 2266 statim
2158 2208 2417 2263 militibus
2443 2207 2804 2263 circumdatos
2823 2205 3075 2271 occidite,
3103 2214 3163 2260 ut
3190 2207 3361 2261 invisa
3409 2207 3543 2261 mihi

1947 2301 2126 2356 omnis
2148 2296 2329 2354 Judaea
2351 2296 2635 2367 omnisque
2662 2296 2853 2351 domus
2892 2296 3196 2367 illacrymet
3223 2313 3237 2350 :
3272 2305 3325 2350 et
3352 2295 3534 2360 simul,

1947 2391 2032 2446 his
2078 2388 2371 2454 mandatis,
2405 2388 2701 2458 legatorum
2750 2401 2887 2456 quos
2924 2385 3152 2441 Romam
3183 2386 3407 2441 miserat
3432 2386 3544 2455 epi-

1948 2479 2099 2536 stola:
2125 2484 2250 2534 sunt
2283 2478 2483 2542 allatae,
2515 2477 2712 2549 quibus
2741 2476 3081 2531 Archelaum
3111 2474 3265 2543 jussu
3312 2475 3544 2531 Caesaris

1948 2571 2367 2640 intemperatum
2399 2566 2517 2640 (sic)
2539 2575 2595 2622 et
2621 2565 2967 2636 Antipatrum
3015 2574 3191 2619 morte
3225 2564 3543 2619 damnatum

1948 2675 2067 2716 esse
2111 2659 2474 2724 indicabatur,
2504 2672 2667 2727 quem
2716 2672 2783 2710 an
2832 2664 2987 2726 pater
3028 2656 3083 2709 in
3122 2655 3372 2710 exsilium
3412 2655 3546 2711 dare

1948 2752 2164 2818 mallet,
2196 2753 2250 2807 id
2278 2749 2593 2822 permisisse
2622 2748 2890 2804 Cmsarem
2921 2746 3181 2816 scriptum
3206 2754 3343 2801 erat.

2018 2844 2262 2900 Herodes
2292 2852 2493 2907 autem,
2537 2839 2811 2911 paululum
2860 2840 2965 2894 hoc
2993 2839 3186 2893 nuntio
3237 2846 3542 2905 recreatus,

1948 2951 2275 3007 rursumque
2304 2934 2577 2991 doloribus
2616 2933 2809 2998 victus,
2840 2932 3018 2987 inedia
3048 2941 3103 2986 ct
3129 2932 3302 2987 morbi
3332 2918 3544 3003 pariter

1948 3028 2201 3084 violentia
2234 3027 2439 3082 viribus
2455 3026 2894 3092 distendebatur;
2925 3025 3111 3095 sicque
3149 3023 3316 3079 fatum
3344 3039 3548 3095 przeve-

260 3117 525 3173 stolorum
574 3118 643 3172 ab
692 3116 883 3191 angelo
943 3131 1258 3191 percussum
1298 3116 1526 3194 legimus
1554 3116 1693 3193 (Act.
1726 3116 1844 3188 xu).
1876 3120 1921 3185 C
1953 3119 2071 3176 nire
2100 3126 2324 3175 conatus
2345 3127 2785 3189 est,sump?oque
2812 3116 2954 3172 malo
2980 3125 3033 3170 et
3060 3115 3338 3172 cultellum
3369 3131 3538 3186 popo-

262 3214 374 3269 Nec
403 3229 505 3267 non
544 3213 612 3267 ad
637 3227 699 3267 ea
739 3227 858 3282 qua:
880 3228 1040 3282 supra
1066 3212 1359 3267 crudeliter
1392 3222 1635 3283 gesserat
1654 3221 1710 3267 et
1750 3213 1856 3267 hoc

262 3305 468 3361 addidit
480 3314 537 3358 ut
551 3306 597 3359 vi
608 3322 722 3360 rum
737 3307 941 3361 sororis
954 3321 1062 3361 sua:
1076 3304 1290 3361 Salome
1306 3306 1651 3371 interﬁceret,
1665 3316 1719 3362 ct
1731 3322 1855 3363 cum

261 3413 382 3452 eam
407 3397 497 3451 alii
530 3398 839 3452 tradidisset
874 3413 1096 3452 uxorem
1125 3439 1140 3463 ,
1183 3406 1238 3452 et
1271 3398 1415 3453 hunc
1442 3399 1684 3463 necavit;
1719 3399 1855 3454 scri-

260 3488 364 3543 bas
388 3503 601 3557 quoque
629 3496 683 3542 et
709 3489 1031 3558 interpretes
1071 3487 1267 3542 divina“:
1293 3486 1427 3558 legis
1457 3486 1619 3541 simili
1644 3487 1859 3543 scelere

262 3578 484 3633 occidit.

335 3687 474 3743 Cum
531 3697 710 3744 autem
769 3687 969 3745 Christi
1015 3687 1230 3743 Domini
1276 3689 1446 3744 nostri
1495 3688 1851 3754 nativitatem,

264 3779 412 3850 quod
449 3780 503 3834 in
532 3796 671 3836 anno
716 3778 989 3835 tricesimo
1020 3780 1257 3836 secundo
1304 3780 1454 3852 regni
1499 3778 1616 3849 ejus
1666 3780 1722 3835 in
1750 3779 1855 3836 Be-

268 3871 504 3927 thlehem
528 3879 686 3927 natus
710 3879 791 3927 est
813 3911 828 3938 ,
858 3871 1240 3943 magistrorum
1266 3870 1464 3926 indicio
1490 3871 1852 3943 cognovisset,

264 3965 553 4020 universos
574 3961 826 4035 parvulos
845 3963 1007 4035 jussit
1030 3962 1279 4019 interﬁci.
1322 3960 1429 4017 Sed
1452 3970 1737 4033 postquam
1772 3976 1855 4015 re-

265 4057 358 4127 gni
385 4055 465 4110 sui
499 4054 831 4110 tricesimum
871 4069 1071 4109 annum
1125 4053 1410 4124 septimum
1440 4050 1747 4122 expleverat
1770 4049 1853 4104 vel

269 4141 472 4219 [aquae]
496 4143 775 4199 intercutis
798 4142 1004 4207 morbo,
1037 4150 1094 4198 et
1125 4142 1457 4198 scatentibus
1487 4149 1598 4197 toto
1629 4152 1855 4209 corpore

265 4237 580 4301 vermibus,
632 4233 1013 4290 miserabiliter
1079 4234 1238 4304 digne
1307 4232 1555 4288 moritur.
1613 4229 1856 4298 Qualiter

267 4336 450 4383 autem
479 4326 545 4381 de
590 4324 696 4381 ﬁne
730 4323 958 4380 Herodis
987 4321 1254 4392 Iosephus
1286 4333 1476 4378 narrat
1514 4337 1621 4377 non
1674 4320 1857 4377 incon-

267 4432 463 4491 gruum
488 4415 702 4470 videtur
756 4414 884 4470 huic
936 4413 1192 4486 opusculo
1245 4421 1431 4469 nostro
1476 4411 1733 4475 inserere,
1759 4410 1851 4482 qui

268 4511 375 4565 hoc
399 4507 557 4564 modo
584 4504 749 4562 refert
772 4504 968 4578 (Antig.
1005 4504 1096 4559 lib.
1118 4521 1384 4575 xvn,cap.
1414 4503 1490 4576 9).
1520 4500 1655 4557 Nam
1686 4502 1855 4558 febris

268 4598 489 4670 quidem
521 4611 625 4650 non
657 4594 944 4650 mediocris
980 4603 1129 4660 erat,
1180 4593 1401 4665 prurigo
1441 4602 1623 4647 autem
1664 4591 1858 4648 intole-

268 4690 459 4747 rabilis
480 4691 714 4747 habebat
732 4703 946 4746 omnem
969 4687 1211 4759 corporis
1239 4684 1599 4757 superﬁciem,
1629 4684 1858 4741 assiduis

270 4791 454 4840 autem
480 4784 777 4838 vexabatur
805 4780 927 4837 colli
969 4779 1275 4845 tormentis,
1305 4777 1577 4851 pedesque
1603 4786 1858 4847 tanquam

269 4891 341 4931 ex
374 4874 654 4931 intercutis
697 4891 850 4946 aqua:
870 4875 1005 4929 vitio
1053 4882 1378 4938 tumuerant,
1406 4871 1659 4943 quoniam
1701 4879 1757 4925 et
1780 4870 1861 4925 in-

270 4967 422 5023 flatio
451 4968 735 5023 ventriculi
770 4969 1103 5039 putredoque
1139 4963 1514 5021 testiculorum
1536 4960 1861 5018 vermiculos

273 5059 587 5131 generabat,
602 5075 667 5114 ac
695 5068 954 5129 prmterea
975 5057 1165 5114 creber
1190 5056 1462 5112 anhelitus
1482 5063 1537 5111 et
1562 5055 1860 5123 interrupta

271 5166 399 5211 eum
456 5148 688 5219 suspiria
737 5146 1211 5217 membrorumque
1266 5145 1508 5201 omnium
1561 5142 1862 5199 contractio

272 5238 597 5312 fatigabant,
622 5248 681 5294 ut
716 5239 809 5311 qui
853 5239 969 5294 hmc
1024 5237 1092 5292 ad
1143 5236 1488 5292 Divinitatem
1530 5233 1861 5298 referebant,

274 5343 468 5401 pmnas
513 5344 606 5385 eas
632 5344 753 5384 esse
799 5328 1043 5384 dicerent
1082 5326 1464 5398 sophistarum.
1517 5323 1609 5380 Ille
1655 5331 1858 5388 autem,

277 5418 527 5491 quamvis
572 5434 692 5475 cum
737 5426 817 5475 tot
868 5418 1122 5474 vitiorum
1171 5415 1498 5473 cruciatibus
1542 5414 1858 5478 luctaretur,

275 5515 405 5571 vitae
434 5522 616 5570 tamen
641 5513 867 5586 cupidus
896 5521 1012 5569 erat
1042 5521 1097 5569 et
1149 5509 1402 5567 remediis
1432 5507 1752 5580 excogitatis
1773 5521 1858 5563 sa-

276 5604 446 5663 lutem
496 5606 768 5677 sperabat.
822 5604 1063 5675 Denique
1114 5601 1403 5657 Iordanem
1471 5608 1859 5669 transgressus,

281 5696 424 5764 apud
462 5693 713 5752 Collirem
755 5690 1110 5759 [Callirhoen]
1148 5691 1303 5758 aquis
1352 5689 1539 5745 calidis
1585 5686 1858 5753 utebatur,

1960 3216 2081 3281 scit,
2098 3216 2302 3269 sedtum
2327 3212 2472 3266 enim
2495 3211 2779 3266 comedere
2803 3216 3179 3265 consueverat.
3209 3206 3411 3263 Deinde
3433 3207 3540 3262 cir-

1958 3313 2269 3376 cumspecto
2298 3317 2364 3358 ne
2389 3304 2511 3374 quis
2534 3303 2737 3358 arbiter
2753 3300 3060 3372 impediret.
3078 3313 3335 3371 tanquam
3354 3316 3411 3357 se
3427 3316 3547 3371 per-

1956 3409 2214 3452 cussurus
2232 3397 2507 3451 dexteram
2534 3392 2926 3449 sustulit.Cum
2952 3409 3082 3447 vero
3110 3392 3315 3448 Aciabu
3354 3408 3551 3449 conso-

1956 3492 2146 3546 brinus
2159 3492 2274 3561 ejus
2300 3488 2628 3545 accurrisset
2648 3497 2704 3543 et
2727 3503 2946 3543 manum
2973 3489 3354 3555 continuisset,
3374 3487 3549 3543 ulula-

1959 3590 2045 3637 tus
2060 3582 2329 3637 maximus
2344 3582 2397 3636 in
2414 3581 2556 3651 regia
2574 3581 2755 3635 statim
2771 3588 2993 3636 exortus
3008 3580 3272 3649 est,quasi
3292 3596 3385 3635 rex
3405 3586 3552 3636 esset

1958 3682 2235 3738 mortuus;
2261 3673 2528 3727 excitatus
2552 3678 2635 3725 est
2663 3685 2834 3740 coque
2861 3685 3089 3740 propere
3120 3670 3307 3724 audito
3324 3669 3551 3740 Antipa-

1959 3774 2062 3831 ter,
2076 3764 2327 3820 ﬁduciam
2344 3763 2564 3833 reperit,
2583 3763 2843 3831 Ianusque
2860 3761 2973 3833 jam
2999 3762 3267 3823 custodes,
3287 3761 3552 3831 promissa

1956 3854 2118 3909 etiam
2143 3851 2397 3924 pecunia,
2430 3850 2654 3922 rogabat
2683 3859 2744 3905 ut
2784 3865 2842 3906 se
2870 3849 3143 3906 solverent
3171 3858 3331 3922 atque
3369 3851 3552 3906 dimit-

1957 3952 2155 4010 terent,
2188 3943 2332 4014 quod
2384 3957 2571 3998 eorum
2621 3942 2871 4012 princeps
2919 3956 3026 3995 non
3071 3942 3244 3996 solum
3297 3957 3366 3997 ue
3398 3940 3554 3998 ﬁeret

1956 4035 2185 4100 obstitit,
2214 4033 2306 4089 sed
2356 4041 2412 4089 et
2452 4033 2564 4104 regi
2592 4032 2848 4087 velociter
2887 4032 3153 4088 nuntiavit
3185 4048 3199 4088 :
3229 4032 3316 4089 ille
3347 4043 3551 4103 autem,

1957 4124 2151 4180 fortius
2194 4124 2511 4179 exclamans
2558 4137 2719 4193 quam
2746 4123 2892 4178 vires
2935 4124 3248 4195 mgrotantis
3277 4125 3550 4193 valebant,

1957 4216 2233 4279 continuo,
2275 4214 2599 4270 satellitibus
2648 4214 2848 4281 missis,
2894 4217 3089 4272 occidit
3129 4215 3471 4288 Antipatrum
3499 4229 3557 4276 et

1957 4308 2013 4362 in
2042 4304 2299 4362 Hircanio
2344 4305 2463 4361 sine
2495 4304 2604 4361 ullo
2648 4306 2854 4361 honore
2887 4305 3101 4378 sepeliri
3138 4306 3321 4377 jussit.
3350 4307 3554 4366 Deinde

1955 4414 2173 4456 rursum
2207 4399 2429 4471 corrigit
2480 4405 2860 4455 testamentum
2908 4408 2961 4455 et
3006 4415 3379 4456 successorem
3428 4401 3554 4471 qui-

1882 4469 1932 4530 D
1958 4492 2080 4547 dem
2114 4469 2461 4556 Archelaum,
2497 4498 2628 4544 natu
2660 4490 2953 4545 maximum
2982 4489 3281 4562 Antipatris
3308 4469 3553 4558 fratrem,

1958 4582 2182 4647 scribit;
2208 4581 2539 4638 tetrarcham
2568 4595 2697 4637 vero
2718 4581 2991 4651 Autipam.
3014 4580 3143 4637 Post
3164 4581 3438 4637 interitum
3466 4598 3558 4636 au-

1961 4682 2069 4730 tem
2109 4673 2205 4729 ﬁlii
2243 4689 2339 4730 sex
2374 4673 2566 4729 diebus
2611 4672 2822 4729 exactis
2851 4672 3101 4737 moritur,
3146 4672 3304 4727 annis
3336 4672 3553 4742 quidem

1960 4765 2180 4837 triginta
2218 4774 2472 4835 quatuor,
2498 4779 2566 4820 ex
2612 4779 2719 4835 quo
2752 4761 3026 4818 interfecit
3075 4763 3423 4834 Antigonum,
3471 4780 3556 4818 re-

1961 4871 2067 4927 gno
2091 4856 2293 4929 potitus
2320 4875 2332 4910 :
2366 4856 2583 4927 triginta
2608 4871 2736 4911 vero
2762 4864 2815 4910 et
2848 4863 3053 4927 septem
3079 4863 3365 4925 postquam
3392 4872 3423 4910 a
3447 4854 3556 4910 Ro-

1961 4949 2139 5005 manis
2176 4948 2482 5004 declaratus
2526 4958 2641 5010 est;
2676 4963 2817 5003 anno
2859 4947 3040 5016 itaque
3088 4946 3297 5017 imperii
3325 4947 3554 5021 Augusti

1963 5038 2377 5111 quadragesimo
2416 5039 2646 5109 septimo
2673 5048 2917 5093 mortuus
2946 5046 3049 5103 est,
3075 5054 3174 5109 pro
3207 5054 3313 5110 quo
3358 5040 3554 5097 subsli-

1963 5141 2111 5188 tutus
2135 5132 2203 5186 ab
2228 5131 2470 5203 Augusto
2496 5131 2637 5185 ﬁlius
2665 5129 2780 5200 ejus
2802 5129 3103 5186 Archelaus
3133 5133 3373 5204 regnavit
3399 5133 3555 5189 anuis

1966 5239 2182 5289 novem,
2219 5223 2274 5279 id
2307 5232 2391 5278 est
2426 5238 2596 5292 usque
2638 5223 2704 5277 ad
2745 5222 2912 5292 ipsius
2942 5222 3165 5296 Augusti
3198 5223 3356 5278 ﬁnem
3386 5239 3401 5277 :
3429 5232 3555 5278 tunc
3596 5248 3601 5252 -

1965 5317 2110 5373 enim
2157 5331 2265 5372 non
2314 5314 2615 5370 ferentibus
2659 5313 2822 5381 ultra,
2862 5314 2956 5370 sed
3005 5313 3383 5370 accusantibus
3413 5311 3555 5383 apud

1965 5409 2291 5481 Augustum,
2317 5405 2652 5462 ferocitatem
2691 5403 2808 5472 ejus
2839 5405 3047 5470 videns,
3075 5405 3336 5461 Viennam
3362 5402 3552 5457 urbem

1966 5499 2152 5556 Gallia:
2179 5498 2464 5570 relegatur,
2494 5505 2548 5551 et
2577 5495 2643 5550 ad
2672 5495 3014 5551 minuendam
3051 5491 3258 5548 Iudaici
3287 5491 3436 5563 regni
3459 5506 3556 5561 po-

1968 5590 2193 5645 tentiam
2222 5587 2670 5655 insolentiamque
2716 5586 3061 5651 domandam,
3092 5593 3324 5655 quatuor
3359 5582 3555 5640 fratres

1966 5682 2082 5754 ejus
2126 5695 2224 5752 pro
2252 5696 2317 5737 eo
2344 5678 2629 5735 telrarcba:
2657 5675 2930 5731 constituti
2964 5683 3107 5744 sunt,
3132 5674 3392 5741 llerodes,
3437 5673 3558 5731 An-
