3928 6168
389 239 523 293 12Ζ9

1021 234 1084 291 Β.
1126 229 1380 287 ΒΑΒᾹΝΙ
1419 227 1640 285 MAUHI
1678 224 1987 283 ARCHIEP

2087 223 2351 283 LOGUNT.
2393 220 2678 280 OPERUI
2712 220 2898 277 PARS
2933 220 2973 275 ι.
3061 280 3069 289 ,

3521 218 3659 275 ιῆο

385 359 604 424 tipater,
633 348 823 419 Lysias
848 353 903 401 et
925 344 1223 416 Philippus,
1253 344 1446 399 deinde
1475 358 1605 398 vero
1637 341 1956 397 Archelaus.
1989 343 2035 403 Α
2064 339 2286 396 notitias
2340 336 2642 402 ambiebat;
2686 334 2941 391 maximis
2985 341 3163 390 autem
3215 332 3433 389 colebat
3465 331 3663 389 officiis

381 441 517 500 Post
538 439 856 496 Archelaum
882 451 1013 492 vero
1038 435 1277 492 Herodes
1301 434 1574 489 tetrarcha
1614 432 1812 488 Iuda-az
1841 447 1971 502 gen-

387 533 459 591 tis
484 531 653 587 tenuit
697 528 1052 600 principatum
1080 526 1239 581 annis
1259 524 1449 595 viginti
1483 531 1736 594 quatuor,
1768 522 1855 577 cui
1880 521 1970 576 Ti-

385 625 568 680 borius
619 622 910 691 imperator
957 620 1097 674 hanc
1145 618 1368 674 dederat
1417 624 1761 687 potestatem,
1820 614 1972 684 cujus

384 728 527 768 anno
553 711 873 767 duodecimo
896 710 1104 765 Pilatus
1144 709 1198 763 in
1238 706 1421 762 Iudaea
1444 714 1766 778 procurator
1787 707 1856 761 ab
1881 721 1974 761 eo-

385 806 506 859 dem
531 803 799 873 dirigitur,
829 811 991 871 atque
1023 801 1097 855 ibi
1142 815 1241 869 per
1266 800 1451 854 decem
1481 813 1652 852 annos
1688 798 1973 853 continuos

385 910 556 965 usque
581 895 647 949 ad
675 895 847 964 ipsum
873 908 1008 964 pene
1037 892 1197 946 finem
1227 891 1427 946 Tiberii
1455 891 1787 961 perduravit.
1817 888 1974 942 Anno

386 987 574 1055 quinto
595 985 802 1038 decimo
830 982 1027 1037 Tiberii
1073 981 1304 1036 Caesaris
1332 980 1484 1052 (Luc.
1516 979 1601 1049 ιι),
1644 978 1893 1033 similiter
1918 987 1976 1033 et

387 1077 536 1147 regni
571 1074 797 1129 Herodis
849 1073 1036 1143 quinto
1086 1072 1312 1135 decimo,
1340 1082 1400 1125 ut
1441 1070 1678 1125 historia:
1718 1068 1972 1139 produnt,

386 1165 622 1220 Joannes
648 1165 790 1218 [ilius
836 1163 1134 1226 Zachariae,
1175 1156 1231 1216 in
1267 1162 1480 1216 deserto
1504 1160 1660 1230 juxta
1684 1158 1975 1213 Iordanem

388 1259 608 1312 ﬂuvium
640 1256 957 1327 praedicans,
993 1254 1269 1309 Christum
1317 1252 1513 1306 Filium
1549 1252 1639 1305 Dei
1691 1251 1744 1304 in
1796 1250 1976 1304 medio

390 1349 584 1403 horum
611 1362 730 1401 esse
761 1355 990 1400 testatur
1015 1360 1030 1399 :
1062 1360 1222 1414 quem
1266 1343 1559 1412 przedictus
1581 1341 1840 1405 Herodes,
1872 1340 1980 1394 He-

390 1436 609 1492 rodiade
637 1450 806 1489 uxore
830 1433 1063 1503 Philippi
1109 1433 1295 1487 fratris
1324 1432 1407 1486 sui
1451 1431 1728 1493 suadente,
1758 1429 1812 1482 in
1847 1443 1978 1483 con—

390 1529 533 1584 vivio
557 1528 626 1584 ob
655 1526 946 1581 saltatricis
988 1524 1179 1594 puellae
1210 1523 1520 1594 petitionem
1554 1519 1823 1575 decollare
1860 1518 1979 1587 jus-

392 1617 482 1683 sit,
514 1618 652 1672 sicut
678 1630 890 1670 sacrum
926 1613 1272 1684 Evangelium
1312 1610 1599 1667 manifeste
1644 1610 1977 1664 demonstrat

2070 431 2379 488 Germanici
2408 430 2577 485 lilium
2601 428 2815 492 Gaium,
2843 440 2968 482 cum
3025 424 3200 481 adhuc
3225 433 3369 480 esset
3393 424 3659 494 privatus.

2071 521 2311 589 Quodam
2343 528 2525 575 autem
2553 516 2641 574 die
2690 516 2834 572 inter
2869 514 3147 584 copiosum
3184 512 3466 583 epularum
3497 525 3665 582 appa-

2073 621 2271 678 ratum,
2297 611 2494 682 quibus
2535 608 2678 679 apud
2711 606 2962 663 eumdem
2989 604 3270 666 edebatur,
3308 603 3375 657 ad
3408 601 3663 656 ultimum

2071 702 2306 758 extentis
2326 700 2575 756 manibus
2594 706 2781 769 aperte
2807 696 2976 766 erepit
3013 695 3302 750 Dominum
3341 692 3560 763 precari
3582 698 3664 755 ut,

2071 792 2322 847 celeriter
2350 789 2603 846 defuncto
2645 786 2880 851 Tiberio,
2910 785 3048 841 Gaio
3086 785 3306 840 daretur
3352 783 3661 852 imperium.

2075 878 2229 948 Quod
2258 894 2381 935 cum
2404 877 2625 932 Tiberio
2646 875 2951 930 nuntiatum
2995 880 3164 937 esset,
3199 871 3382 927 statim
3412 869 3664 926 concludi

2068 969 2230 1040 jussit
2257 969 2571 1040 Agrippam,
2602 966 2694 1035 qui
2736 965 2837 1019 sub
2880 962 3075 1035 grandi
3100 976 3345 1016 aerumna
3386 973 3564 1028 usque
3599 959 3669 1013 ad

2078 1067 2306 1117 mortem
2321 1058 2522 1114 Tiberii
2549 1058 2602 1113 in
2619 1069 2841 1112 carcere
2864 1069 2961 1123 per
2983 1066 3197 1107 menses
3217 1064 3315 1104 sex
3338 1049 3665 1103 tenebatur:

2077 1152 2171 1207 sed
2210 1150 2466 1205 defuncto
2503 1163 2571 1202 eo
2594 1154 2716 1217 post
2742 1159 2966 1215 regnum
3007 1156 3270 1195 annorum
3314 1140 3522 1204 decem,
3555 1138 3668 1193 die-

2077 1257 2197 1296 rum
2229 1241 2414 1304 trium,
2436 1237 2731 1293 succedens
2767 1236 2823 1289 in
2853 1232 3137 1303 imperium
3158 1229 3328 1284 Gaius
3356 1228 3542 1284 (Σάθων
3566 1229 3665 1283 ab-

2078 1334 2241 1391 solvit
2282 1334 2574 1403 Agrippam
2610 1345 2643 1384 a
2666 1326 2894 1383 vinculis
2937 1333 2994 1380 et
3040 1321 3392 1379 tetrarchiam
3434 1319 3666 1389 Philippi

2080 1424 2209 1496 (jam
2233 1422 2376 1477 enim
2407 1422 2509 1476 iste
2548 1415 2879 1488 decesserat)
2906 1415 2959 1470 ei
2998 1413 3221 1468 tradidit
3250 1424 3547 1479 regemque
3568 1424 3666 1478 ap-

2079 1517 2316 1589 pellavit.
2347 1516 2482 1572 Cum
2527 1522 2706 1568 autem
2737 1510 2974 1566 venisset
3017 1507 3073 1562 in
3114 1520 3359 1577 regnum,
3401 1502 3669 1573 Agrippas

2081 1610 2311 1666 Herodis
2337 1607 2624 1664 tetrarchae
2669 1604 2993 1675 cupiditates
3017 1614 3116 1671 per
3141 1597 3395 1654 invidiam
3434 1595 3672 1650 suscita-

395 1710 609 1782 (Hault.
642 1710 776 1779 xiv).
808 1709 925 1777 Ipse
973 1721 1188 1777 quoque
1228 1704 1487 1759 Dominus
1528 1701 1686 1757 Iesus
1730 1701 1979 1756 Christus
2008 1696 2053 1755 Β
2079 1702 2198 1757 vit:
2226 1700 2478 1756 irritabat
2526 1708 2708 1753 autem
2756 1710 2882 1751 eum
2921 1692 3159 1748 maxime
3206 1690 3260 1744 in
3306 1688 3487 1759 specie
3514 1685 3670 1755 regni

394 1803 522 1857 hinc
561 1802 614 1856 in
644 1799 868 1870 populos
900 1798 1190 1852 salutarem
1223 1796 1363 1850 viam
1389 1793 1675 1860 annuntiat
1702 1793 1870 1863 signis
1898 1801 1979 1846 at-

392 1907 499 1962 que
526 1891 813 1946 virtutibus
856 1904 986 1944 vera
1026 1887 1383 1957 comprobans
1428 1900 1548 1940 esse
1595 1900 1714 1954 qoze
1744 1884 1975 1938 dicelrat.

398 1981 658 2037 Similiter
680 1990 736 2035 et
763 1987 954 2036 octavo
991 1978 1201 2033 decimo
1230 1990 1372 2030 anno
1400 1976 1679 2044 utriusque
1709 1975 1981 2045 principa-

398 2080 487 2128 tus
522 2071 679 2126 Iesus
706 2069 971 2133 Christus,
1017 2068 1312 2123 secundum
1348 2066 1639 2136 prophetas
1661 2066 1752 2134 qui
1801 2063 1870 2120 de
1914 2080 1981 2121 eo

395 2163 614 2220 fuerant
638 2161 936 2234 praelocuti,
969 2160 1035 2215 ad
1068 2159 1372 2230 passionem
1396 2158 1576 2213 venit:
1607 2158 1698 2212 ubi
1727 2157 1851 2211 huic
1876 2157 1982 2212 He-

396 2251 511 2308 rodi
534 2266 630 2322 per
648 2249 807 2305 Pilati
829 2250 1024 2306 missos
1044 2255 1420 2319 prmsentatus,
1441 2262 1547 2303 non
1580 2246 1683 2303 fide
1710 2256 1976 2317 receptus,

398 2344 492 2401 sed
537 2357 635 2414 per
672 2341 868 2399 fastum
917 2341 1251 2396 mundanum
1279 2347 1511 2409 spretus,
1561 2340 1781 2395 indutus
1832 2348 1983 2396 veste

398 2434 542 2497 alba,
570 2432 768 2487 iterum
792 2430 1051 2487 remissus
1077 2439 1162 2487 est
1181 2429 1251 2485 ad
1278 2428 1531 2494 Pilatum,
1568 2445 1598 2483 a
1620 2444 1727 2498 quo
1755 2443 1854 2499 per
1880 2429 1983 2484 mi—
2016 2445 2023 2451 ·

397 2521 552 2578 litum
575 2522 809 2578 olIicium
832 2520 1143 2585 crucifixus,
1170 2520 1327 2575 tertia
1350 2521 1436 2576 die
1467 2521 1764 2575 resurrexit
1788 2536 1819 2575 a
1839 2535 1979 2576 mor-

400 2613 528 2669 tuis.
555 2610 741 2668 Refert
765 2619 946 2667 antem
971 2610 1155 2665 divina
1185 2609 1463 2681 Scriptura
1486 2611 1720 2666 .initium
1748 2624 1983 2683 evange-

400 2702 518 2758 lica:
541 2701 936 2774 praedicationis
963 2715 1105 2756 anno
1126 2700 1336 2756 decimo
1363 2701 1553 2771 quinto
1582 2701 1785 2756 Tiberii
1808 2700 1985 2758 Casa-

401 2793 481 2848 ris
530 2792 833 2858 inchoasse,
863 2800 919 2847 et
962 2792 1138 2863 ipsum
1162 2789 1345 2846 Iesum
1389 2806 1550 2847 omne
1588 2790 1847 2847 doctrinae
1872 2806 1985 2847 suae

404 2890 613 2953 tempus
657 2882 904 2954 exegisse
945 2882 1046 2936 sub
1089 2880 1433 2952 pontificibus
1483 2881 1639 2937 Anna
1663 2891 1719 2937 et
1754 2881 1983 2953 Caipha,

402 2986 512 3042 quo
535 2971 740 3027 scilicet
766 2986 908 3026 anno
937 2972 1282 3041 pontificatus
1310 2980 1551 3044 tempore
1586 2972 1873 3043 incipiente
1895 2974 1986 3029 do-

404 3076 530 3118 cere
565 3070 826 3134 asperat,
850 3071 905 3117 et
930 3077 1100 3133 usque
1124 3063 1192 3120 ad
1221 3063 1430 3118 initium
1458 3063 1675 3134 Caiphae
1702 3064 1986 3135 pertende-
2011 3048 2057 3111 C

409 3161 511 3220 rat,
538 3153 594 3208 in
618 3154 815 3223 quibus
842 3155 1032 3225 spatiis
1067 3154 1158 3209 vix
1191 3155 1287 3209 toti
1320 3164 1551 3225 quatuor
1591 3156 1987 3213 concluduntur

406 3245 553 3299 anni.
590 3243 882 3315 Legalibus
908 3260 1071 3314 porro
1110 3246 1392 3315 praceptis
1410 3246 1520 3315 jam
1543 3262 1640 3317 per
1679 3248 1809 3304 illud
1855 3258 1989 3305 tem-

407 3353 512 3408 pus
533 3344 589 3391 et
611 3336 905 3392 ambitione
934 3337 1266 3393 cessantibus
1292 3352 1307 3390 :
1331 3337 1460 3393 nulli
1485 3339 1686 3410 quippe
1708 3340 1989 3410 pontiﬁca-

409 3439 497 3482 tus
521 3428 725 3482 honore
748 3425 900 3483 Iuda:
929 3428 1011 3483 vel
1036 3429 1245 3499 generis
1271 3430 1468 3485 merito
1501 3430 1824 3486 reddebatur
1853 3450 1865 3485 :
1894 3434 1991 3501 sed

409 3515 651 3571 Humana
675 3523 942 3587 potestate
972 3517 1094 3573 aliis
1117 3534 1280 3586 nunc,
1307 3518 1435 3574 item
1465 3520 1587 3575 aliis
1609 3535 1877 3577 summum
1901 3538 1990 3579 sa-

407 3606 707 3664 cerdotium
748 3612 1129 3681 praestabatur,
1158 3608 1233 3664 ita
1271 3618 1332 3666 ut
1359 3611 1553 3667 annuis
1594 3612 1990 3669 cessationibus

408 3703 768 3751 mutarentur.
798 3696 1037 3768 Denique
1063 3697 1177 3766 jam
1204 3696 1344 3754 idem
1380 3697 1647 3769 Iosephus
1676 3699 1815 3772 (Lib.
1857 3717 1991 3756 xvnt

407 3788 612 3858 Διαίῳ,
640 3802 757 3857 cap.
781 3786 837 3858 4)
871 3787 1038 3843 refert
1065 3796 1298 3858 quatuor
1324 3804 1421 3859 per
1455 3791 1701 3846 ordinem
1726 3806 1898 3861 usque
1923 3792 1993 3846 ad

409 3874 668 3948 Caipbam
690 3877 1034 3947 pontificatus
1065 3877 1238 3936 ollicio
1260 3890 1384 3950 post
1403 3880 1617 3936 Annam
1637 3896 1756 3937 esse
1776 3880 1993 3952 perfun-

410 3974 548 4034 ctos,
578 3968 661 4023 his
688 3968 868 4024 verbis
895 3970 1177 4026 scribens:

482 4057 729 4117 Valerius
745 4060 964 4129 Gratus,
975 4060 1128 4118 Anna
1144 4064 1444 4120 sacerdotio
1453 4065 1791 4135 perturbato,
1804 4064 1999 4121 [smac-

412 4151 518 4208 lem
544 4154 844 4225 designavit
869 4154 1041 4209 lilium
1064 4154 1253 4222 Bassi;
1286 4156 1382 4211 sed
1407 4165 1463 4211 et
1508 4157 1653 4211 hunc
1685 4170 1794 4216 non
1823 4156 1997 4213 multo

410 4251 534 4316 post
561 4241 840 4311 abjiciens,
886 4243 1230 4310 Eleazarum,
1274 4245 1445 4301 Anna:
1485 4246 1758 4321 pontificis
1798 4245 1994 4315 lilium,

412 4336 748 4409 pontificatui
787 4337 1117 4409 subrogavit.
1162 4338 1345 4394 Primo
1379 4353 1582 4392 annum
1608 4354 1739 4394 vero
1768 4347 1827 4394 et
1850 4340 1997 4395 hunc

414 4437 565 4484 arcet
586 4426 783 4494 cilicio,
816 4436 871 4484 et
902 4391 1107 4484 Simoni
1146 4428 1380 4492 cuidam,
1404 4428 1582 4483 Camsi
1614 4427 1743 4494 filio,
1781 4391 1995 4499 ponti—fi:
2020 4391 2074 4450 Β

413 4526 566 4574 catus
593 4517 813 4572 tradidit
835 4532 1051 4584 munus,
1076 4532 1182 4587 quo
1210 4532 1319 4572 non
1342 4516 1572 4586 amplius
1591 4524 1647 4572 et
1683 4517 1799 4586 ipse
1834 4532 1997 4588 quam

417 4609 575 4664 unius
611 4608 739 4663 anni
768 4608 942 4681 spatio
985 4608 1326 4679 perfunctus,
1354 4606 1669 4678 Iosephum,
1699 4607 1784 4662 cui
1805 4615 1860 4661 et
1882 4605 2000 4662 Cai-

414 4701 554 4772 phas
599 4714 795 4755 nomen
836 4699 957 4767 fuit,
988 4699 1186 4769 accipit
1213 4713 1603 4755 successorem.
1632 4698 1725 4753 Sic
1760 4713 1858 4768 per
1894 4698 1999 4753 hoc

416 4805 577 4848 omne
621 4798 833 4861 tempus
860 4790 1004 4860 quod
1032 4788 1291 4845 Dominus
1328 4797 1383 4844 et
1432 4785 1683 4843 Salvator
1710 4794 1896 4843 noster
1940 4787 1997 4841 in

421 4882 581 4937 terris
599 4880 846 4937 docuisse
865 4880 1210 4947 describitur,
1245 4880 1389 4933 intra
1428 4878 1837 4948 quadriennium
1863 4885 1992 4932 tem~

418 4975 568 5042 peris
619 4973 814 5042 spatia,
851 4973 906 5027 in
956 4987 1065 5043 quo
1112 4978 1348 5043 quatuor
1391 4970 1528 5036 istas,
1573 4984 1708 5040 quas
1732 4967 1999 5040 Iosephus

420 5072 706 5130 memorat,
734 5065 1104 5121 successiones
1129 5063 1445 5136 pontificum
1485 5063 1885 5127 describuntur,
1906 5063 1998 5117 vix

419 5173 517 5230 per
542 5171 716 5212 annos
759 5156 1000 5229 singulos
1032 5157 1260 5228 quilibet
1303 5157 1718 5212 administravit.
1758 5154 2001 5223 Qualiter

420 5260 602 5308 autem
628 5249 868 5307 Herodes
897 5250 1166 5306 tetrarcha
1207 5263 1431 5318 regnum
1461 5249 1703 5304 amiserit
1734 5245 2000 5317 Iosephus

419 5348 619 5420 prodit,
653 5347 875 5404 dicens:
902 5343 1169 5400 Accusato
1191 5343 1403 5401 Herode
1438 5343 1737 5408 tetrarcha,
1762 5339 1998 5412 Agrippa

420 5439 562 5495 filius
607 5435 919 5503 Aristoboli,
948 5449 1110 5506 quem
1134 5443 1288 5506 pater
1333 5431 1570 5488 Herodes
1611 5428 1902 5495 interfecit,
1932 5429 2002 5485 ad

421 5532 696 5589 Tiberium
717 5529 865 5585 venit
893 5546 907 5583 :
940 5526 1033 5583 illo
1055 5534 1238 5582 autem
1278 5539 1385 5580 non
1420 5521 1747 5592 suscipiente
1775 5535 1999 5575 accusa-

428 5622 645 5688 tionem,
674 5620 917 5679 residens
932 5616 1124 5677 Romaa
1152 5616 1453 5687 aliquorum
1477 5611 1693 5685 quidem
1719 5618 1996 5682 potentum

2080 1789 2309 1845 Herodis
2350 1804 2488 1844 uxor
2530 1786 2867 1857 exprobrans
2893 1782 2946 1838 ei
2980 1779 3344 1843 concordiam,
3391 1785 3448 1831 et
3477 1776 3670 1830 dicens

2080 1879 2205 1949 quia
2244 1891 2342 1948 per
2362 1877 2418 1932 id
2440 1876 2586 1946 quod
2612 1874 2863 1929 noluerat
2888 1871 2956 1925 ad
2983 1869 3251 1925 Caesarem
3293 1866 3550 1937 navigare
3574 1879 3671 1919 ca-

2082 1982 2229 2027 reret
2252 1978 2518 2041 potestate
2555 1966 2779 2037 majore.
2803 1965 2939 2019 Nam
2968 1978 3093 2019 cum
3135 1961 3433 2033 Agrippam
3458 1973 3526 2013 ex
3553 1956 3671 2028 pri-

2080 2070 2207 2116 vato
2245 2075 2429 2130 regem
2466 2058 2697 2121 fecisset,
2724 2055 2995 2127 quomodo
3019 2052 3289 2108 dubitaret
3313 2050 3467 2105 illum
3495 2062 3565 2102 ex
3595 2059 3673 2102 te-

2082 2155 2300 2211 trareha
2319 2154 2510 2209 eodem
2540 2152 2743 2207 honore
2767 2149 2987 2204 donare.
3016 2145 3111 2200 His
3140 2144 3397 2200 adductus
3425 2139 3673 2195 Herodes

2082 2246 2230 2301 venit
2254 2244 2323 2299 ad
2341 2242 2558 2307 Gaium,
2582 2248 2746 2310 atque
2784 2238 2856 2293 ob
2887 2235 3172 2291 avaritiam
3210 2233 3567 2288 vehementer
3594 2228 3675 2282 in-

2083 2344 2335 2406 crepatus
2364 2335 2418 2388 in
2444 2331 2758 2401 Hispaniam
2807 2326 2947 2398 fugit
2973 2344 2985 2379 :
3020 2333 3240 2379 secutus
3267 2322 3466 2391 quippe
3493 2318 3678 2373 fuerat

2084 2434 2366 2483 accusator
2406 2423 2692 2494 Agrippas,
2726 2419 2814 2475 cui
2848 2426 2904 2473 et
2949 2414 3298 2471 tetrarchiam
3328 2410 3475 2467 illius
3502 2407 3678 2463 Caius

2084 2518 2310 2590 adjecit;
2338 2523 2500 2586 atque
2541 2514 2616 2567 ita
2640 2511 2856 2568 Herode
2888 2504 3163 2579 quippe‘in
3207 2501 3469 2573 Hispania
3511 2514 3674 2590 pere-

2084 2587 2354 2680 grinante,
2385 2618 2572 2661 secum
2612 2611 2667 2658 et
2710 2616 2848 2656 uxor
2878 2596 3140 2654 Herodias
3168 2593 3421 2648 decessit.
3449 2587 3678 2643 Pontius

2086 2710 2266 2758 autem
2292 2699 2519 2763 Pilatus,
2548 2709 2746 2766 praeses
2768 2693 2961 2750 eodem
2984 2704 3128 2744 anno
3149 2701 3255 2757 quo
3277 2684 3531 2739 Salvator
3559 2696 3680 2752 pas

2086 2807 2181 2849 sus
2221 2800 2323 2857 est,
2376 2797 2587 2847 secreto
2615 2786 2792 2843 noctis
2825 2781 3087 2853 imagines
3119 2775 3350 2833 Caesaris
3378 2774 3437 2828 in
3477 2770 3679 2841 templo

2088 2884 2299 2950 statuit,
2327 2890 2390 2938 ut
2414 2880 2683 2950 Iosephus
2725 2875 2908 2939 tradit,
2935 2880 2992 2928 et
3037 2872 3141 2926 hoc
3167 2868 3356 2939 prima:
3395 2862 3681 2919 seditionis

2086 2986 2143 3033 et
2170 2975 2451 3031 turbarum
2480 2972 2703 3028 evrdens
2749 2981 2915 3023 causa
2957 2965 3188 3019 exstitit.
3214 2960 3410 3015 Postea
3433 2971 3569 3011 vero
3599 2970 3682 3010 sa-

2087 3081 2242 3123 crum
2267 3066 2600 3127 thesaurum,
2633 3074 2795 3129 quem
2826 3056 3100 3111 corbonan
3146 3049 3316 3106 Iudaei
3356 3056 3579 3111 vocant,
3623 3045 3678 3099 in

2087 3156 2462 3227 aquaeductum
2510 3149 2970 3220 Ierosolymorum
3018 3141 3332 3213 expcndens
3363 3178 3379 3202 ,
3427 3136 3680 3192 secunde

2086 3246 2368 3304 seditionis
2387 3241 2620 3314 prmbuit
2641 3239 2869 3294 semina.
2895 3235 3003 3291 Sed
3022 3248 3144 3288 eum
3163 3231 3229 3286 de
3241 3229 3676 3285 Christianorum

2087 3340 2337 3410 dogmate
2365 3335 2505 3389 idem
2545 3331 2753 3386 Pilatus
2782 3327 2852 3382 ad
2881 3324 3158 3381 Tiberium
3182 3321 3418 3375 referret
3439 3326 3497 3371 et
3518 3316 3584 3371 de
3606 3315 3681 3385 ip-

2088 3408 2202 3488 sius
2226 3425 2604 3498 Redemptoris
2644 3422 2834 3494 gestis,
2876 3417 3127 3490 passione
3173 3429 3238 3468 ac
3274 3408 3679 3466 resurrectione

2088 3523 2268 3592 aliqua
2315 3523 2664 3581 memoraret,
2694 3511 2946 3568 Tiberius
2994 3506 3180 3563 retulit
3224 3506 3291 3559 ad
3340 3509 3592 3557 senatum
3622 3508 3679 3554 ut

2089 3612 2232 3667 inter
2280 3623 2434 3665 sacra
2485 3614 2679 3662 caetera
2742 3602 3133 3671 reciperentur.
3181 3595 3383 3649 Verum
3432 3607 3558 3646 cum
3610 3604 3675 3643 ex

2091 3698 2337 3756 consulto
2366 3704 2582 3768 patrum
2611 3690 2947 3748 Christianos
2976 3684 3243 3740 eliminari
3274 3681 3423 3737 Urbe
3448 3677 3681 3751 placuis-

2091 3801 2192 3856 set,
2218 3789 2467 3846 Tiberius
2494 3802 2592 3859 per
2616 3784 2851 3840 edictum
2895 3776 3305 3836 accusatoribus
3333 3774 3681 3829 Christiano-

2093 3898 2214 3937 rum
2236 3878 2597 3937 comminatus
2621 3884 2705 3930 est
2730 3881 2982 3937 mortem,
3005 3870 3144 3925 sicut
3169 3865 3362 3923 scribit
3390 3864 3681 3919 Tertullia-

2092 3986 2198 4027 nus
2222 3971 2274 4025 in
2299 3966 2665 4038 Apologetico.
2692 3963 2842 4018 Multi
2872 3968 3183 4016 senatorum
3219 3966 3273 4012 et
3307 3956 3552 4024 equitum
3578 3954 3683 4009 Bo-

2095 4078 2377 4119 mauorum
2423 4060 2492 4115 ab
2535 4058 2723 4113 eodem
2768 4051 3060 4109 interfecti.
3111 4049 3276 4125 Igitur
3323 4045 3545 4101 Iudaeos
3588 4058 3682 4115 pro

2095 4154 2385 4211 commisso
2432 4148 2637 4207 scelere
2680 4147 2814 4203 ultio
2862 4144 3044 4201 divina
3094 4141 3435 4198 damnabat:
3486 4138 3582 4194 sed
3630 4143 3683 4191 et

2097 4246 2214 4316 ipse
2232 4243 2457 4308 Pilatus,
2488 4240 2579 4311 qui
2609 4240 2663 4295 in
2687 4237 3023 4293 Salvatorem
3050 4233 3221 4304 iniqui
3237 4231 3439 4302 judicis
3467 4229 3683 4283 functus

2097 4335 2273 4394 oliicio
2293 4343 2399 4401 est,
2425 4332 2615 4387 iisdem
2658 4327 2990 4400 temporibus
3032 4324 3153 4381 Gaii
3186 4322 3349 4378 tantis
3378 4335 3445 4374 ac
3489 4320 3683 4376 talibus

2100 4427 2365 4483 malorum
2393 4423 2635 4480 cladibus
2663 4420 2938 4477 cruciatus
2968 4425 3071 4481 est,
3097 4423 3158 4469 ut
3190 4412 3406 4484 prepria
3433 4425 3495 4466 se
3521 4423 3681 4463 manu

2101 4516 2571 4574 transverberasse
2598 4520 2651 4566 et
2678 4509 2946 4565 nefariam
2976 4507 3144 4560 vitam
3174 4504 3224 4557 vi
3253 4501 3519 4570 abjecisse
3543 4498 3680 4554 refe-

2099 4616 2270 4663 ratur.
2297 4604 2408 4660 Nec
2451 4602 2596 4659 enim
2625 4608 2839 4672 poterat
2871 4596 3006 4652 tanti
3054 4594 3252 4665 piaculi
3298 4591 3554 4647 minister
3590 4590 3684 4645 im-

2098 4699 2320 4771 punitus
2360 4684 2605 4757 evadere,
2648 4692 2789 4747 sicut
2834 4690 2886 4744 in
2927 4686 3168 4743 historiis
3194 4683 3512 4739 Graecorum
3541 4681 3685 4734 inve-

2100 4792 2300 4855 nimus,
2329 4802 2518 4844 eorum
2554 4786 2818 4841 duntaxat
2842 4782 2934 4853 qui
2958 4777 3294 4851 olympiadas
3333 4774 3605 4839 scribunt,
3633 4780 3686 4827 et

2101 4882 2363 4939 annuales
2396 4895 2576 4936 rerum
2605 4886 2881 4950 gestarum
2909 4875 3075 4931 libros
3115 4873 3182 4928 ad
3208 4869 3553 4943 posteritatis
3578 4882 3685 4922 me-

2103 4975 2327 5030 moriam
2356 4971 2613 5028 condunt.
2635 4968 2871 5040 Agrippa
2890 4975 3068 5021 autem
3096 4972 3151 5019 et
3173 4962 3265 5033 qui
3295 4961 3529 5016 Herodis
3549 4959 3685 5013 filius

2101 5063 2414 5130 Aristobuli,
2443 5070 2567 5134 post
2608 5060 3037 5116 interfectionem
3073 5055 3258 5111 Iacchi
3300 5053 3396 5108 ﬁlii
3418 5050 3682 5115 Zebedari,

2102 5155 2323 5212 Petrum
2362 5153 2662 5224 apostolum
2703 5151 2853 5206 misit
2889 5150 2945 5206 in
2983 5162 3258 5205 carcerem
3285 5144 3425 5219 (Act.
3476 5142 3601 5217 xu),
3633 5150 3686 5198 et

2105 5247 2538 5322 persecutionem
2584 5243 2920 5301 credentium
2965 5241 3020 5295 in
3070 5238 3346 5294 Christum
3385 5233 3681 5291 excitavit;

2106 5337 2202 5395 sed
2225 5354 2335 5394 non
2370 5334 2663 5407 impunitus
2685 5333 2877 5389 evasit.
2904 5331 2995 5387 Sic
3021 5329 3200 5386 Lucas
3224 5330 3281 5384 in
3306 5326 3536 5383 Actibus
3565 5340 3687 5396 apo-

2104 5427 2367 5485 stolorum
2391 5424 2721 5490 manifestat,
2746 5431 2802 5479 et
2826 5422 3094 5494 Iosephus
3116 5423 3172 5476 in
3198 5436 3329 5475 xvnt
3373 5418 3512 5472 libro
3530 5416 3686 5471 Anti-

2104 5520 2369 5592 quitatum
2402 5523 2811 5581 commemorat,
2834 5515 2927 5586 qui
2963 5514 3031 5569 de
3056 5513 3247 5569 eodem
3272 5513 3377 5566 hoc
3418 5507 3583 5564 modo
3608 5522 3689 5561 re-

2104 5607 2212 5665 fert
2252 5606 2390 5663 (Lib.
2420 5622 2510 5663 xix
2536 5608 2735 5677 Antiq.,
2770 5622 2883 5674 cap.
2925 5605 2981 5674 8)
3013 5620 3027 5658 :
3057 5604 3325 5669 Tertium,
3370 5603 3568 5673 inquit,
3596 5614 3689 5654 aa-
