3934 6186
326 258 454 314 i221

1028 257 1381 316 COMMENT.
1409 256 1485 312 "IN
1524 253 1770 312 LIBROS
1807 253 2386 311 MACHABEORUM.
2427 285 2495 296 -—
2535 254 2603 310 IN
2639 254 2768 311 LIB.
2808 256 2846 311 I.

3453 259 3592 316 1225

322 382 451 422 nam
481 365 690 436 imperii
713 364 907 421 Iudaeae
931 371 1095 424 totius
1121 339 1450 436 expleverat,
1475 379 1598 418 cum
1625 362 1762 418 forte
1789 360 1904 417 Cac-
1931 367 1981 425 Α
2007 376 2136 418 vero
2163 364 2328 419 totius
2365 364 2679 434 provinciaa,
2704 366 2968 422 Samaria:
3007 382 3239 439 quoque,
3273 370 3507 427 Galilaee
3537 380 3587 425 et

320 474 570 520 samum,
597 474 717 529 qua:
762 459 912 528 prius
940 459 1129 513 Turris
1166 457 1436 514 Stratonis
1473 454 1787 519 vocabatur,
1813 452 1908 507 ad-

322 549 490 615 venit,
512 549 603 604 ubi
639 564 759 604 curn
790 549 842 602 in
877 549 1135 603 honorem
1162 547 1393 603 Caesaris
1434 544 1740 616 spectacula
1779 543 1909 598 civi-

320 642 422 697 bus
449 641 643 706 erexit,
670 641 873 704 votivo,
899 647 956 693 ut
995 639 1298 703 videbatur,
1323 638 1510 693 salutis
1537 635 1766 690 Caesaris
1786 634 1903 695 die;

321 747 552 803 cumque
583 731 708 784 illuc
742 730 903 784 totius
932 728 1225 799 provincia:
1265 727 1365 780 viri
1404 727 1610 780 honore
1640 731 1696 777 ct
1735 721 1904 775 facul-

325 830 522 883 tatibus
555 824 761 895 praediti
790 821 1186 884 convenissent,
1215 817 1452 874 secundo
1477 814 1906 886 spectaculorum

322 922 408 976 die
439 917 654 971 indutus
677 922 824 968 veste
854 912 1080 981 fulgenti
1107 927 1171 966 ex
1214 925 1347 964 auro
1376 917 1706 978 argentoque
1742 906 1907 960 mira-

323 1008 502 1063 biliter
522 1012 792 1067 contexta,
820 1003 1110 1071 incipiente
1131 1001 1239 1065 die,
1260 998 1503 1069 procedit
1521 998 1586 1051 ad
1612 997 1903 1058 theatrum,

325 1099 412 1153 ubi
443 1113 562 1152 cum
587 1095 790 1165 primos
829 1091 956 1146 solis
998 1092 1177 1145 radios
1206 1098 1474 1160 argentea:
1501 1086 1662 1142 vestis
1699 1084 1906 1154 gremio

324 1188 664 1256 suscepisset,
710 1197 1026 1252 repercusso
1070 1180 1376 1251 splendore,
1416 1177 1742 1247 duplicatum
1791 1189 1906 1242 spe—

324 1279 595 1334 ctantibus
629 1275 802 1329 lucem
848 1273 1022 1342 fulgor
1069 1270 1268 1326 metalli
1301 1268 1565 1322 vibrantis
1613 1264 1816 1329 effudit,
1850 1271 1908 1317 ut

327 1369 657 1425 intuentibus
700 1366 1087 1436 perstringeret
1124 1363 1293 1417 aciem
1337 1369 1512 1416 terror
1557 1371 1826 1428 aspectus,
1853 1365 1909 1411 et

324 1477 423 1530 per
454 1461 554 1513 hoc
580 1457 700 1525 plus
728 1454 926 1523 aliquid
951 1454 1016 1508 de
1039 1468 1102 1506 eo
1133 1467 1292 1522 quam
1321 1453 1569 1505 humana!
1597 1456 1802 1502 natura:
1826 1456 1910 1501 est

324 1550 514 1604 artifex
541 1547 848 1616 arrogantia
889 1545 1233 1609 mentiretur;
1282 1543 1423 1596 illico
1465 1541 1732 1596 adulantis
1762 1539 1906 1610 vulgi

326 1648 652 1707 concrepant
682 1653 856 1700 γοα-ε,
894 1637 1149 1690 honorem
1185 1644 1458 1699 sonantes,
1505 1635 1598 1688 sed
1627 1631 1770 1704 [soli]
1797 1633 1907 1690 ori-

328 1744 447 1786 turo
495 1728 852 1791 conferentes,
908 1736 964 1781 et
1008 1726 1134 1780 hinc
1169 1734 1329 1794 atque
1370 1725 1492 1779 inde
1537 1708 1907 1779 adulatoribus
1937 1709 1981 1768 Β

326 1819 804 1882 conclamantibus,
834 1817 964 1871 deus
1004 1815 1381 1885 appellaretur,
1412 1823 1576 1884 utque
1606 1814 1758 1868 ﬁeret
1784 1830 1910 1884 pro-

327 1912 488 1979 pitius
518 1908 832 1977 simpliciter
869 1915 1145 1971 exoratur,
1189 1906 1488 1960 dicentibus
1519 1905 1729 1975 populis
1765 1907 1908 1974 quod

329 2015 470 2053 mine
492 2013 661 2068 usque
687 2005 746 2050 ut
769 1997 1040 2051 hominem
1065 2003 1116 2050 te
1147 1996 1440 2057 timuimus,
1465 1998 1558 2050 sed
1581 1996 1648 2049 ab
1671 1996 1772 2050 hoc
1795 1994 1907 2063 jam

327 2106 489 2160 supra
532 2090 820 2142 humanam
851 2097 901 2142 te
948 2103 1068 2143 esse
1112 2095 1361 2141 naturam
1393 2087 1643 2142 fatemur.
1679 2086 1782 2142 Sed
1816 2103 1910 2140 rex

329 2179 769 2232 acclamationem
794 2187 980 2232 contra
1003 2177 1083 2232 fas
1113 2177 1352 2232 habitam
1377 2193 1482 2232 non
1510 2178 1785 2247 repressit,
1811 2193 1911 2233 nec

331 2272 661 2340 impietatem
704 2269 902 2324 illicitae
937 2269 1260 2326 adulationis
1287 2270 1583 2335 exhorruit,
1615 2271 1784 2325 donec
1826 2286 1886 2324 re

329 2363 561 2431 spiciens
584 2362 742 2431 paulo
768 2369 890 2430 post
934 2361 1142 2416 viderat
1175 2376 1337 2430 supra
1373 2376 1529 2415 suum
1556 2361 1814 2416 verticem
1857 2361 1910 2415 in

331 2456 458 2507 fune
486 2455 760 2509 sedentem
788 2455 1076 2520 bubonem,
1118 2468 1278 2523 quem
1319 2437 1488 2508 sensit
1515 2455 1770 2510 continuo
1819 2469 1912 2509 ex-

331 2547 440 2600 itus
465 2545 548 2599 sui
575 2544 902 2610 ministrum,
935 2559 1094 2614 quem
1133 2545 1286 2614 prius
1311 2554 1535 2600 noverat
1578 2546 1912 2614 provisorem

334 2639 617 2692 honorum.
652 2637 719 2690 Et
759 2652 885 2691 ecce
917 2645 1137 2707 repente
1165 2638 1436 2692 cruciatus
1479 2653 1601 2693 eum
1637 2652 1701 2691 ex
1732 2635 1914 2692 dolore

333 2726 635 2782 incredibili
680 2727 884 2781 ventris
915 2735 1076 2796 atque
1114 2726 1386 2782 inflatione
1429 2727 1712 2796 corripuit,
1747 2728 1914 2797 respi-

332 2820 588 2888 ciensque
610 2819 677 2872 ad
705 2818 910 2873 aulicos
942 2837 955 2872 :
985 2819 1088 2883 En,
1114 2819 1306 2888 inquit,
1333 2819 1421 2874 illc
1445 2835 1546 2890 ego
1575 2821 1707 2875 deus
1737 2829 1917 2875 vester

332 2911 498 2964 vitam
539 2920 748 2964 mutare
789 2909 1081 2980 compellor
1125 2909 1428 2976 confestim,
1451 2911 1698 2980 quaedam
1734 2911 1914 2965 divina

331 3004 508 3058 virtus
548 3017 718 3072 nuper
757 3002 980 3057 collatas
1026 3003 1079 3055 in
1128 3017 1213 3056 me
1242 3000 1404 3056 falsas
1443 3003 1620 3072 arguit
1651 3016 1828 3067 voces,
1860 3011 1914 3056 et

332 3093 425 3162 qui
450 3093 608 3148 modo
635 3093 855 3148 dicebar
898 3092 1220 3148 immortalis
1246 3107 1275 3144 a
1302 3092 1475 3156 vobis,
1492 3091 1604 3161 jam
1647 3092 1825 3162 rapior
1861 3092 1912 3145 in

335 3191 566 3237 mortem
596 3200 610 3236 :
638 3183 732 3238 sed
776 3181 1114 3251 suscipienda
1140 3188 1224 3236 est
1265 3181 1550 3244 sententia,
1585 3196 1748 3251 quam
1778 3180 1919 3235 Deus

336 3273 547 3327 statuit.
579 3271 715 3326 Nam
756 3281 813 3327 et
839 3271 1071 3328 viximus
1108 3271 1254 3326 haud
1295 3271 1696 3334 contemnendi,
1724 3279 1780 3332 et
1805 3270 1920 3325 lon-

338 3364 642 3434 gaevitatem
662 3379 783 3433 qua:
807 3364 963 3418 beata
1006 3362 1293 3432 putabatur
1327 3361 1689 3430 explevimus;
1714 3371 1767 3416 et
1796 3377 1920 3417 cum

336 3456 443 3510 hoc
471 3454 713 3518 dixisset,
741 3455 794 3508 vi
815 3453 1016 3508 doloris
1046 3452 1414 3508 vehementius
1435 3452 1692 3522 agitatus,
1718 3452 1921 3507 instan-

337 3555 422 3601 ter
449 3546 516 3600 ad
545 3545 800 3615 palatium
835 3552 1162 3613 reportatur,
1202 3557 1434 3612 cumque
1470 3541 1800 3613 divulgatum
1830 3557 1918 3596 es-

337 3645 423 3692 set
471 3652 594 3692 eum
646 3634 957 3706 propediem
1003 3634 1350 3698 moriturum,
1400 3633 1588 3703 ingens
1637 3632 1922 3687 multitudo

339 3731 507 3784 totius
553 3729 728 3784 aetatis
773 3737 829 3784 et
874 3742 1037 3783 sexus
1062 3727 1412 3790 conveniens,
1445 3740 1594 3780 more
1636 3725 1810 3794 patrio
1834 3741 1922 3780 su-

338 3835 437 3891 per
479 3821 656 3875 cilicia
701 3821 880 3886 strati,
925 3820 1278 3889 omnipotenti
1310 3821 1420 3876 Deo
1464 3835 1564 3890 pro
1599 3820 1742 3891 regis
1769 3821 1920 3875 inco-

339 3913 587 3967 lumitate
635 3912 1030 3982 supplicabant.
1084 3910 1273 3968 Omnis
1321 3920 1504 3967 autem
1551 3912 1741 3966 domus
1777 3913 1922 3982 regia

338 4003 646 4074 planctibus
668 4013 723 4058 et
751 4003 1039 4074 gemitibus
1063 4001 1405 4072 personabat,
1439 4017 1561 4056 cum
1587 4002 1804 4056 interim
1830 4017 1922 4055 rex

339 4093 536 4164 ipsein
569 4093 781 4148 excelso
825 4093 1021 4148 solario
1058 4093 1323 4148 recubans
1363 4099 1419 4145 et
1456 4092 1708 4147 deorsum
1755 4093 1925 4161 respi-

338 4185 510 4247 ciens,
547 4199 610 4238 ac
647 4199 848 4252 pronos
880 4191 1284 4252 prostratosque
1315 4197 1506 4237 omnes
1534 4197 1659 4236 cum
1709 4180 1924 4236 fletibus

337 4274 657 4345 pnevidens,
689 4289 794 4327 non
829 4273 943 4342 ipse
966 4273 1183 4342 quidem
1227 4271 1561 4341 temperabat
1587 4287 1615 4324 a
1646 4271 1918 4341 lacrymis.

339 4363 624 4420 Continuis
650 4378 777 4417 vero
797 4363 1034 4432 quinque
1059 4363 1249 4416 diebus
1275 4363 1479 4416 ventris
1501 4361 1773 4417 doloribus
1799 4377 1922 4416 cru-

340 4457 515 4510 ciatus
541 4453 703 4508 vitam
732 4453 994 4507 violenter
1021 4452 1233 4521 abrupit
1269 4452 1774 4522 quinquagesimum
1796 4462 1924 4506 teta-

339 4551 416 4604 tis
460 4557 712 4619 quartum
763 4562 927 4618 agens
974 4561 1195 4609 annum,
1243 4548 1393 4616 regni
1437 4562 1568 4602 vero
1614 4548 1924 4616 septimum,

341 4647 574 4710 quatuor
597 4639 799 4692 etenim
848 4639 948 4693 sub
973 4637 1110 4693 Gaio
1137 4638 1352 4692 Caesare
1375 4639 1531 4693 annis
1577 4652 1828 4708 regnans,
1869 4647 1926 4692 at

339 4730 570 4800 Philippi
599 4729 969 4785 Tetrarchiam
1002 4731 1175 4785 tribus
1213 4730 1370 4784 annis
1413 4730 1660 4785 obtinens
1691 4749 1703 4783 :
1733 4739 1927 4799 quarto

338 4830 524 4876 autem
552 4829 607 4874 et
649 4820 878 4876 Herodis
923 4821 1026 4875 sibi
1075 4819 1390 4891 adjungens,
1421 4821 1596 4875 tribus
1644 4835 1772 4875 vero
1800 4820 1926 4875 reli-

338 4915 464 4984 quis
488 4915 644 4969 annis
675 4915 774 4970 sub
807 4913 1029 4969 Claudio
1075 4912 1287 4968 (lassare
1318 4911 1547 4966 exactis.
1580 4910 1708 4965 Post
1735 4911 1928 4982 Agrip-

339 5018 466 5073 pam
491 5011 698 5071 patrem
729 5019 953 5074 regnum
978 5003 1175 5058 Judaaae
1195 5010 1466 5056 tenentem
1494 5002 1650 5055 annis
1669 5016 1761 5056 sex
1788 5001 1929 5058 filius

339 5093 458 5161 ejus
484 5094 714 5165 Agrippa
743 5109 774 5148 a
798 5092 1020 5149 Claudio
1042 5093 1392 5148 substituitur
1425 5091 1478 5145 in
1509 5106 1758 5162 regnum,
1784 5093 1929 5162 quod

341 5187 516 5244 tenuit
543 5186 700 5241 annis
725 5185 909 5256 viginti
948 5198 1062 5251 sex,
1095 5185 1200 5239 hoc
1222 5192 1326 5247 est,
1345 5197 1516 5251 usque
1544 5182 1610 5236 ad
1637 5184 1929 5237 secundum

339 5293 542 5335 annum
571 5277 909 5347 Vespasiani,
959 5277 1175 5346 quando
1217 5277 1366 5330 urbis
1406 5275 1676 5330 excidium
1720 5263 1922 5328 factum

338 5381 446 5428 est.
477 5370 718 5438 Qualiter
746 5378 923 5424 autem
945 5367 1210 5438 Iosephus
1236 5370 1302 5421 de
1335 5368 1436 5422 hoc
1475 5377 1661 5420 narret
1688 5365 1823 5435 (Lib.
1850 5381 1921 5418 xx

339 5463 544 5532 Amiq.,
569 5478 684 5531 cap.
719 5459 829 5530 l3),
855 5461 957 5515 hoc
994 5461 1049 5514 in
1088 5459 1208 5515 loco
1229 5457 1534 5528 ponendum
1562 5471 1682 5510 esse
1709 5456 1926 5511 censui-

340 5567 487 5609 mus.
510 5551 782 5614 Claudius,
810 5550 1005 5620 inquit,
1033 5549 1320 5619 Agrippam
1364 5546 1530 5600 lilium
1555 5544 1802 5615 Agrippae
1828 5541 1923 5596 .lu-

342 5645 583 5698 Jmorum
611 5657 786 5708 regem
805 5641 1102 5704 constituit;
1130 5640 1372 5694 Flentem
1393 5638 1669 5710 [Cuspium
1692 5635 1920 5702 Fadum]

1948 4411 2001 4470 D

2009 451 2245 520 regionis
2269 467 2389 521 quae
2425 452 2626 508 dicitur
2667 462 2816 510 trans
2853 454 3163 522 Iordanem,
3186 468 3591 528 procuratorem

2010 545 2176 599 misit.
2211 545 2278 599 Et
2322 554 2444 614 post
2471 560 2644 614 pauca
2675 547 2879 602 addidit
2904 547 3057 603 hinc:
3089 548 3460 605 lnilammatur
3501 565 3594 606 au-
3650 604 3666 626 ,

2010 644 2117 690 tem
2166 645 2221 692 et
2249 638 2446 693 seditio
2475 639 2823 694 acerbissima
2863 655 2893 694 a
2921 641 3266 710 pontificibus
3308 643 3594 698 adversum

2008 729 2319 785 sacerdotes
2347 739 2403 785 et
2424 731 2628 800 primos
2651 731 2822 801 plebis
2853 732 3330 804 Jerosolymorum,
3367 749 3594 804 quorum

2008 819 2202 890 singuli
2246 831 2642 889 conquerentes
2680 821 2940 878 inducunt
2977 823 3208 896 [turbas]
3238 826 3590 894 perditorum,

1983 906 2260 979 'juvenum
2296 919 2351 966 et
2384 912 2537 967 novis
2588 913 2796 982 legibus
2847 915 3216 984 gaudentium,
3265 923 3320 970 et
3365 916 3596 985 quisque

2006 1015 2192 1055 eorum
2219 1001 2499 1056 videbatur
2517 1018 2635 1058 esse
2658 1005 2926 1075 princeps.
2943 1006 3010 1059 Et
3029 1006 3370 1062 conferentes
3399 1016 3598 1061 semct-

2010 1092 2154 1160 ipsos
2183 1093 2248 1146 ad
2298 1093 2441 1157 lites,
2471 1093 2748 1151 alterutris
2794 1097 3128 1166 derogabant
3157 1107 3211 1151 ct
3241 1114 3300 1154 se
3327 1098 3598 1168 lapidibus

2009 1184 2329 1248 obruebant,
2385 1200 2488 1239 nec
2535 1186 2820 1255 quisquam
2865 1200 2984 1242 erat
3031 1189 3120 1257 qui
3151 1199 3467 1244 coerceret:
3499 1193 3596 1247 sed

2009 1277 2309 1346 agebantur
2352 1277 2531 1331 omnia
2563 1286 2816 1346 tanquam
2863 1280 2918 1333 in
2947 1281 3079 1335 urbe
3105 1295 3210 1334 non
3251 1281 3484 1337 habente
3511 1299 3596 1338 re-

2011 1375 2235 1422 ctorem.
2284 1367 2454 1438 Igitur
2499 1369 2782 1438 pontiﬁces
2833 1371 2886 1423 in
2927 1379 3133 1424 tantam
3182 1388 3380 1426 venere
3429 1390 3596 1444 penu-

2010 1457 2168 1522 riam,
2200 1465 2280 1522 ut,
2312 1458 2484 1513 servis
2507 1459 2620 1513 suis
2643 1460 2712 1513 ad
2745 1475 2900 1514 areas
2933 1460 3136 1524 missis,
3166 1461 3480 1518 invaderent
3504 1465 3596 1519 de-

2010 1551 2180 1605 cimas
2208 1566 2328 1620 quae
2375 1551 2746 1607 sacerdotibus
2799 1552 3166 1619 debebantur;
3212 1555 3490 1610 accidebat
3536 1568 3597 1610 ut

2010 1641 2247 1696 nonnulli
2276 1656 2342 1696 ex
2373 1643 2676 1698 minoribus
2710 1643 3098 1707 sacerdotibus,
3130 1659 3360 1713 quorum
3405 1646 3595 1701 alium-

2009 1731 2112 1785 nia:
2139 1732 2361 1801 direpta
2406 1731 2640 1796 fuerant,
2674 1734 2848 1788 inedia
2887 1734 3195 1802 deperirent
3228 1754 3240 1788 :
3272 1737 3346 1790 ita
3376 1738 3596 1793 seditio-

2007 1838 2136 1877 num
2165 1822 2418 1878 violentia
2439 1824 2526 1893 jus
2549 1823 2738 1893 fasque
2762 1824 3098 1880 confuderat.
3127 1827 3258 1880 Item
3282 1836 3404 1897 post
3424 1845 3593 1902 pauca

2009 1914 2285 1985 subjungit
2311 1924 2366 1969 et
2413 1915 2552 1970 hoc:
2584 1931 2975 1986 nonnunquam
3021 1925 3199 1972 autem
3233 1927 3286 1972 et
3314 1920 3367 1972 in
3417 1921 3594 1974 media

2009 2005 2230 2061 civitate
2277 2015 2664 2061 concurrentes
2700 2023 2759 2062 se
2799 2008 3166 2073 trucidabant;
3219 2013 3485 2081 przecipue
3541 2012 3595 2066 in

2010 2095 2201 2149 diebus
2234 2093 2408 2160 festis,
2437 2096 2617 2149 sicarii
2653 2096 2900 2166 plebibus
2924 2097 3161 2163 admisti,
3187 2098 3471 2154 occultatis
3497 2116 3596 2170 pu-

2010 2185 2256 2256 gionibus
2285 2187 2624 2251 oberrantes,
2670 2195 2731 2240 ut
2779 2188 3007 2256 quisque
3057 2188 3368 2258 designatus
3399 2191 3497 2254 eis,
3549 2191 3594 2245 si

2011 2275 2256 2330 cominus
2305 2276 2602 2342 incederet,
2633 2293 2756 2332 eum
2786 2278 3140 2346 perimebant,
3169 2286 3223 2333 et
3243 2287 3364 2334 arte
3389 2278 3594 2334 nefaria

2011 2382 2134 2422 cum
2167 2368 2463 2423 corruisset
2488 2368 2534 2422 is
2562 2382 2720 2437 quem
2769 2367 2980 2422 occulto
3009 2368 3230 2423 vulnere
3264 2377 3597 2434 straverunt,

2013 2455 2218 2512 tumide
2263 2457 2363 2527 ipsi
2414 2471 2760 2528 percussores
2787 2457 2935 2511 velut
2975 2458 3240 2528 indignari
3289 2473 3347 2513 se
3376 2458 3600 2513 simula-

2014 2545 2143 2600 bant
2175 2547 2434 2602 adversus
2459 2562 2553 2602 eos
2581 2548 2673 2617 qui
2699 2547 2879 2602 hocin
2922 2546 3098 2602 media
3140 2549 3273 2603 urbe
3295 2549 3601 2603 committe-

2014 2648 2168 2704 rent;
2215 2648 2378 2709 atque
2405 2640 2508 2694 hoc
2539 2640 2698 2694 modo
2725 2639 2934 2694 occulta
2964 2654 3148 2694 eorum
3195 2638 3435 2694 facinora
3484 2655 3603 2708 per-

2015 2729 2325 2794 manebant,
2358 2738 2411 2784 et
2444 2731 2677 2800 primum
2701 2730 2946 2785 omnium
2975 2731 3043 2784 ab
3085 2730 3152 2784 iis
3181 2728 3442 2785 Jonathas
3469 2746 3603 2800 pon-

2020 2823 2148 2876 tifex
2171 2821 2518 2887 interficitur,
2541 2830 2662 2892 post
2688 2822 2834 2876 illum
2866 2822 3244 2892 quamplurimi
3265 2821 3601 2892 jugulantur,

2016 2921 2075 2969 ut
2093 2914 2205 2985 jam
2231 2913 2303 2968 ita
2333 2914 2465 2984 ipsis
2490 2913 2754 2968 mortibus
2778 2923 2922 2969 esset
2947 2914 3163 2985 gravior
3184 2923 3359 2969 metus
3389 2914 3601 2979 mortis,

2018 3005 2145 3060 dum
2169 3005 2538 3074 unusquisque
2559 3005 2712 3080 quasi
2743 3005 2795 3058 in
2820 3005 3097 3073 procinctu
3134 3019 3346 3073 semper
3372 3005 3600 3074 positus,

2021 3110 2118 3165 per
2145 3101 2416 3149 momenta
2439 3095 2648 3165 singula
2676 3104 2921 3164 speraret
2946 3092 3199 3148 interﬁci.

2091 3183 2227 3240 Cum
2270 3192 2452 3239 autem
2478 3183 2756 3249 Claudius,
2787 3183 2944 3238 annis
2981 3181 3392 3251 quatuordecim
3425 3182 3477 3235 in
3507 3183 3608 3236 im-

2021 3273 2172 3343 perio
2194 3272 2444 3344 expletis,
2467 3273 2742 3328 mensibus
2765 3281 2992 3342 septem,
3023 3272 3215 3326 diebus
3242 3272 3430 3340 viginti
3460 3283 3602 3333 octo,

2023 3366 2308 3423 defunctus
2341 3375 2446 3432 est,
2481 3365 2690 3435 accepit
2715 3365 2998 3435 imperium
3033 3363 3239 3436 [Nero],
3271 3365 3413 3434 quod
3443 3366 3610 3427 tenuit

2023 3457 2181 3512 annis
2227 3455 2660 3527 quatuordecim,
2713 3453 2989 3509 mensibus
3040 3462 3267 3524 septem,
3318 3463 3374 3508 et
3421 3454 3612 3510 diebus

2023 3547 2214 3619 viginti
2239 3553 2382 3602 octo.
2412 3545 2581 3615 Hujus
2607 3546 2843 3601 secundo
2873 3560 3016 3599 anno
3040 3543 3234 3599 Festus
3262 3544 3460 3600 Judtea:
3487 3559 3610 3615 pro-

2024 3648 2244 3696 curator
2269 3638 2529 3694 successit
2555 3637 2738 3701 Felici,
2770 3651 2801 3690 a
2832 3651 2940 3706 quo
2983 3634 3182 3690 Paulus
3226 3635 3450 3690 Romam
3487 3637 3607 3689 vin-

2023 3740 2142 3786 ctus
2188 3730 2446 3794 mittitur,
2476 3729 2754 3784 biennium
2795 3729 2849 3782 in
2895 3726 3063 3781 libera
3112 3741 3339 3781 manens
3367 3727 3609 3781 custodia

2025 3824 2162 3896 (Act.
2209 3823 2359 3894 xxv).
2392 3821 2522 3878 Post
2567 3823 2683 3876 haec
2733 3823 2799 3877 ad
2853 3821 3250 3893 praedicandum
3299 3821 3607 3885 dimittitur,

2024 3913 2253 3968 necdum
2276 3911 2488 3967 Nerone
2516 3911 2569 3965 in
2613 3919 2763 3966 tanta
2805 3919 3124 3981 erumpente
3158 3910 3384 3973 scelera,
3407 3918 3609 3979 quanta

2025 4004 2091 4059 de
2121 4018 2186 4059 eo
2225 4011 2450 4057 narrant
2500 4002 2772 4068 historia};
2811 4001 2978 4057 Jacob
3027 4001 3196 4056 frater
3225 4001 3436 4056 Domini
3487 4017 3608 4056 eum

2027 4093 2248 4165 triginta
2299 4094 2456 4147 annis
2509 4092 2970 4164 Jerosolymorum
3025 4092 3256 4146 rexisset
3309 4091 3608 4146 Ecclesium

2028 4187 2166 4257 (Act.
2197 4185 2317 4254 xu),
2347 4185 2576 4253 septimo
2597 4183 2827 4238 Neronis
2849 4198 2990 4237 anno
3022 4183 3320 4238 trucidatur
3341 4198 3371 4236 a
3391 4180 3610 4247 Judmis,

2026 4276 2428 4331 vindicantibus
2458 4275 2511 4331 in
2541 4275 2629 4328 illo
2651 4275 2794 4344 quod
2822 4274 3052 4328 Paulum
3086 4275 3391 4330 interficere
3425 4274 3612 4342 nequi-

2027 4374 2241 4422 verunt.
2269 4365 2429 4420 Festo
2458 4364 2795 4434 magistratui
2841 4363 3038 4419 Judaete
3060 4365 3324 4420 successit
3363 4364 3611 4430 Albinus,

2028 4455 2223 4509 Albino
2253 4453 2467 4519 Florus,
2497 4454 2653 4524 cujus
2695 4454 2963 4507 luxuriant
2992 4461 3046 4508 et
3073 4456 3355 4509 avaritiam
3388 4463 3613 4509 caetera-

2031 4561 2137 4616 que
2171 4545 2370 4615 flagitia
2398 4561 2504 4600 non
2533 4544 2768 4602 ferentes
2786 4543 2976 4609 Judaei,
3015 4552 3201 4599 contra
3233 4545 3503 4601 Romanos
3531 4561 3618 4601 re-

2031 4636 2399 4699 bellaverunt;
2445 4635 2731 4690 adversum
2762 4649 2896 4704 quos
2933 4635 3312 4703 Vespasianus,
3354 4635 3615 4705 magister

2032 4729 2261 4793 militiae,
2311 4727 2666 4782 transmissus
2712 4727 2973 4796 plurimas
3021 4728 3179 4780 urbes
3226 4725 3421 4779 Judaaaa
3453 4726 3612 4795 cepit.

2035 4821 2177 4877 Nero
2201 4822 2410 4892 primus
2435 4835 2596 4890 super
2617 4821 2796 4874 omnia
2826 4819 3029 4874 scelera
3059 4835 3152 4874 sua
3195 4827 3249 4873 et
3279 4819 3615 4875 Christianos

2029 4913 2412 4984 persequitur,
2485 4927 2713 4981 quorum
2759 4925 2824 4964 ex
2880 4925 3107 4964 numero
3158 4909 3344 4964 Romae
3395 4909 3615 4964 Petrum

2033 5019 2212 5068 cruce,
2243 5002 2468 5056 Paulum
2493 5001 2690 5056 occidit
2722 4999 2917 5070 gladio.
2951 5000 3047 5054 llic
3068 4999 3192 5067 jure
3227 4999 3444 5053 militari
3481 4999 3617 5054 nihil

2033 5095 2253 5152 omnino
2293 5108 2477 5156 ausus,
2528 5091 2855 5145 Britanniam
2895 5105 3031 5160 pene
3076 5091 3276 5145 amisit.
3326 5089 3461 5144 Nam
3508 5089 3614 5143 duo

2034 5187 2134 5242 sub
2158 5199 2222 5240 ea
2255 5183 2586 5238 nobilissima
2619 5183 2813 5250 oppida
2861 5181 2970 5236 illic
3013 5190 3168 5251 capta
3223 5191 3385 5251 atque
3427 5195 3613 5235 eversa

2036 5282 2180 5330 sunt.
2209 5273 2447 5342 Denique
2479 5286 2608 5326 vero
2635 5285 2756 5324 cum
2784 5285 2815 5323 a
2840 5279 3026 5325 senatu
3053 5279 3390 5339 qumreretur
3407 5268 3474 5321 ad
3501 5279 3615 5335 pm-

2031 5379 2222 5427 nam,e
2251 5362 2448 5433 palatio
2477 5359 2706 5432 fugiens,
2733 5361 2801 5414 ad
2827 5370 3076 5430 quartum
3104 5359 3260 5414 Urbis
3283 5356 3612 5419 milliarium,

2030 5457 2084 5510 in
2108 5455 2417 5510 suburbano
2441 5453 2620 5508 liberti
2646 5453 2749 5515 sui,
2775 5452 2917 5508 inter
2947 5450 3212 5506 Salariam
3243 5457 3299 5501 et
3323 5445 3616 5500 Numenta-

2030 5562 2154 5601 nam
2177 5547 2339 5609 viam,
2363 5555 2535 5600 semet
2554 5543 2845 5608 interfecit,
2859 5541 3033 5597 aetatis
3053 5537 3328 5609 trigesimo
3351 5535 3614 5598 secundo,

2031 5645 2196 5705 atque
2236 5636 2288 5689 in
2317 5649 2384 5689 eo
2411 5634 2587 5690 omnis
2630 5632 2852 5701 Augusti
2897 5628 3096 5685 familia
3145 5637 3464 5698 consumpta
3505 5632 3618 5684 est.
