3928 6168
346 259 484 317 {225
1010 253 1072 307 B.
1108 249 1364 307 MBAN
1400 248 1619 306 MAURI
1659 246 1976 306 ARCI'HEP.
2019 245 2334 305 MOGUNT.
2375 244 2666 305 OPERUM
2700 246 2885 339 PARS
2918 248 2962 303 l.
3484 252 3633 310 ιω

342 376 473 433 Post
490 372 755 430 Neronem
785 384 914 425 vero
939 367 1111 424 Galba
1142 368 1195 422 in
1220 366 1411 431 Iberia,
1436 365 1683 421 Vitellius
1708 366 1764 420 in
1787 366 1923 421 Ger-
1951 371 2001 432 Α
2025 363 2314 420 multitudo
2351 361 2707 434 Jerosolymis
2748 363 3082 433 reperiretur
3117 378 3338 419 causam
3386 364 3638 438 Azymo-

344 466 546 530 mania,
578 471 633 519 et
654 462 793 519 Otho
813 461 996 517 Romte
1026 461 1311 530 imperium
1341 466 1687 528 arripuerunt
1713 475 1725 511 :
1754 455 1925 512 Galba
2029 468 2150 509 rum
2193 452 2367 509 fuisse
2393 452 2585 518 refert,
2613 453 2686 509 ob
2711 469 2833 523 qua:
2877 468 2944 509 ex
2977 455 3125 508 omni
3154 464 3314 524 gente
3341 453 3515 511 Judaei
3564 458 3636 514 ad

344 557 576 628 septimo
612 569 796 610 mense
837 552 1048 622 imperii
1101 552 1183 608 sui
1227 554 1281 607 in
1319 552 1499 609 medio
1526 550 1785 605 Romanae
1834 564 1929 602 ur-
2030 545 2289 616 templum
2322 544 2675 612 conﬂuentes,
2703 545 2837 600 urbe
2881 546 3039 615 quasi
3085 561 3310 602 carcere
3362 555 3491 603 sunt
3543 564 3636 605 re-

345 647 431 703 bis
451 645 570 701 foro
609 644 783 714 capite
811 651 1123 708 truncatur;
1160 642 1522 711 Vespasianus
1558 640 1769 695 duobus
1792 653 1931 709 prae.
2029 636 2165 693 clusi
2201 654 2215 689 :
2245 636 2529 706 oportebat
2559 637 2705 692 enim
2749 637 2802 691 in
2829 635 3020 693 iisdem
3049 637 3239 694 diebus
3271 638 3500 696 Pascha
3540 656 3639 697 eos

346 737 432 792 liis
456 743 738 806 superatos
756 732 968 788 Judaaos
997 733 1064 787 ad
1093 748 1279 788 necem
1305 733 1599 803 compulit;
1629 730 1789 795 Otho,
1818 739 1931 785 ter-
2031 729 2284 795 interﬁci,
2312 730 2369 784 in
2408 730 2602 800 quibus
2636 728 2974 786 Salvatorem
3022 728 3433 785 cruciﬁxerunt.
3466 731 3639 788 Colli-

345 828 421 881 tio
442 825 591 894 regni
621 824 702 879 sui
733 839 935 890 mense,
958 833 1212 879 venatum
1240 823 1402 894 [apud
1432 820 1783 893 Bebriacum]
1808 836 1932 892 pro-

344 915 461 985 pria
488 930 654 972 manu
690 914 973 979 occubuit;
1004 914 1251 969 Vitellius
1286 930 1317 968 a
1346 914 1665 983 Vespasiani
1705 913 1933 969 ducibus

344 1009 399 1061 in
423 1006 659 1061 Tiberim
683 1005 983 1075 projicitur.
1010 1004 1379 1060 Romanorum
1402 1005 1665 1074 septimus
1685 1004 1933 1075 regnavit

348 1098 705 1166 Vespasianus
742 1096 900 1152 annis
941 1104 1089 1163 octo,
1132 1097 1406 1152 mensibus
1444 1096 1716 1162 undecim,
1742 1096 1934 1151 diebus

346 1188 534 1259 viginti
562 1187 791 1253 duobus,
823 1189 916 1257 qui
955 1188 1094 1258 apud
1119 1186 1333 1243 Judmos
1368 1188 1664 1257 imperator
1687 1188 1756 1242 ab
1781 1202 1932 1242 exer-

2032 820 2180 891 gitur
2205 827 2385 874 autem
2410 835 2573 876 omne
2609 828 2822 890 tempus
2846 820 2900 874 in
2930 821 3232 875 secundum
3267 834 3470 875 annum
3503 822 3642 877 Ves-

2032 911 2242 981 pasiani
2273 920 2329 964 ct
2365 911 2710 966 novissimam
2758 909 3224 982 Jerosolymorum
3270 911 3639 978 eversionem,

2035 1018 2066 1057 a
2093 1002 2304 1059 decimo
2326 1003 2515 1072 quinto
2539 1017 2681 1057 anno
2702 1001 2906 1057 Tiberii
2947 1001 3203 1068 Caesaris,
3231 1012 3289 1058 et
3316 1004 3386 1058 ab
3412 1006 3642 1059 ρων-(1ἰο

2035 1094 2361 1165 evangelicae
2402 1094 2805 1165 praedicationis
2854 1094 2981 1148 alarii
3025 1094 3385 1164 quadraginta
3436 1096 3567 1150 duo.
3595 1096 3636 1149 A

2036 1185 2351 1255 captivitate
2384 1193 2562 1240 autem
2590 1199 2752 1255 quam
2783 1186 2852 1240 ab
2889 1184 3160 1241 Antiocho
3194 1186 3440 1256 perpessi
3488 1196 3640 1253 sunt,

347 1279 455 1332 citu
483 1278 800 1349 appellatus,
826 1287 881 1333 et
921 1278 1119 1334 bellum
1148 1278 1258 1333 cito
1286 1276 1397 1333 (ilio
1421 1277 1808 1333 commendans
1827 1275 1937 1331 Ro—
2037 1275 2165 1329 anni
2192 1276 2411 1331 ducenti
2459 1276 2682 1346 triginta
2712 1285 2836 1331 octo
2872 1275 3136 1350 [novem].
3163 1277 3337 1333 Porro
3365 1279 3515 1334 Darii
3555 1294 3642 1336 se-

349 1385 492 1424 mam
531 1386 626 1439 per
657 1370 1037 1426 Alexandriam
1067 1370 1449 1440 proﬁciscitur.
1499 1369 1665 1442 Cujus
1700 1370 1937 1426 secundo
2038 1367 2215 1424 eundo
2253 1383 2417 1435 anno,
2447 1370 2548 1425 sub
2593 1384 2701 1439 quo
2730 1384 2947 1425 rursum
2995 1370 3255 1441 templum
3305 1370 3641 1427 aediﬁcatum

349 1477 489 1517 anno
534 1462 689 1517 Titus
731 1460 914 1517 Judzea
963 1470 1122 1533 capta
1164 1469 1220 1516 et
1248 1460 1605 1532 Jerosolymis
1636 1460 1935 1525 subversis,
2037 1470 2147 1527 est,
2169 1462 2297 1516 anni
2334 1463 2613 1532 quingenti
2642 1463 2957 1533 nonaginta.
2983 1461 3029 1517 A
3053 1463 3228 1533 prima
3255 1473 3438 1518 autem
3470 1464 3646 1519 aedili-

349 1561 605 1607 sexcenta
653 1552 819 1607 millia
869 1554 1109 1608 virorum
1163 1552 1450 1607 interfecit.
1495 1550 1764 1622 Iosephus
1809 1565 1940 1606 vero
2040 1552 2254 1608 catione
2284 1552 2467 1623 templi
2511 1553 2611 1609 sub
2637 1551 2929 1609 Salomone
2969 1568 3145 1624 usque
3172 1555 3240 1608 ad
3280 1556 3639 1610 novissimam

351 1644 527 1699 sciens
557 1642 789 1698 aﬂirmat
838 1652 1092 1698 sexcenta
1144 1642 1421 1715 [undecies
1462 1642 1716 1715 centena]
1771 1643 1938 1697 millia
2041 1643 2161 1712 ejus
2212 1644 2447 1711 ruinam,
2478 1659 2598 1714 qua:
2640 1645 2743 1700 sub
2787 1645 3125 1715 Vespasiano
3179 1644 3320 1700 facta
3358 1654 3466 1710 est,
3515 1646 3644 1700 anni

352 1734 593 1791 virorum
631 1735 808 1804 gladio
833 1743 888 1790 et
913 1735 1056 1790 fame
1086 1735 1332 1805 periisse,
1363 1743 1419 1790 et
1443 1735 1548 1789 alia
1581 1743 1798 1789 centum
1827 1732 1947 1787 mil:
1972 1728 2019 1788 B
2047 1736 2325 1807 quingenti
2377 1736 2667 1805 nonaginta
2714 1736 2863 1792 mille
2917 1737 3132 1793 ducenti
3186 1736 3336 1810 [anni
3387 1739 3649 1793 undecies
3766 1804 3767 1807 η

351 1824 424 1880 lia
453 1826 784 1898 captivorum
816 1826 1027 1896 publice
1073 1825 1401 1881 venundata.
1451 1824 1524 1881 Ut
1564 1836 1744 1880 autem
1785 1832 1938 1879 tanta

2002 1870 2011 1880 .
2048 1827 2259 1882 centeni
2290 1837 2347 1881 et
2374 1825 2534 1898 duo].

3425 1992 3471 2005 α

1377 2125 1488 2205 ΙΝ
1569 2120 1964 2202 LIBRUM
2044 2121 2637 2203 SECUNDUM.

430 2370 708 2429 Secundus
738 2369 875 2425 liber
899 2368 1332 2424 Machabtcorum
1359 2365 1628 2433 Historiae,
1660 2364 1786 2421 licet
1816 2367 1941 2421 bre-

355 2463 474 2517 vior
493 2461 565 2517 sit
588 2460 756 2530 priori
780 2457 1019 2528 eiusdem
1042 2457 1224 2528 operis
1248 2456 1389 2512 libro
1427 2457 1483 2511 in
1524 2456 1782 2511 historica
1811 2469 1940 2509 nar-

358 2554 592 2619 ratione,
620 2552 926 2621 antiquiora
950 2559 1128 2605 tamen
1159 2550 1536 2619 quadantenus
1562 2548 1789 2619 replicat
1811 2555 1947 2603 tem-

357 2659 512 2715 pora,
555 2649 781 2712 excepto
816 2640 960 2710 quod
986 2639 1074 2694 ille
1102 2639 1396 2694 Alexandri
1433 2637 1610 2708 Magni
1639 2637 1948 2694 Macedonis

361 2734 416 2788 in
469 2732 733 2803 principio
774 2731 859 2787 sui
907 2731 1129 2785 brevem
1173 2728 1302 2799 facit
1354 2729 1945 2801 commemorationem.

360 2824 498 2880 Nam
524 2832 579 2880 et
604 2822 816 2879 Seleuci
841 2821 1006 2893 regis,
1040 2827 1403 2890 cognomento
1430 2818 1737 2884 Nicanoris,
1774 2818 1829 2873 in
1854 2816 1950 2873 Ju-

361 2914 507 2972 daos
551 2920 939 2969 commemorat
990 2911 1099 2968 iste
1144 2909 1441 2974 beneﬁcia,
1495 2925 1659 2979 quem
1709 2908 1950 2965 Historia

2046 2364 2132 2419 nis
2173 2363 2446 2419 undecim.
2497 2364 2799 2421 Antiochus
2836 2366 3078 2439 Eupator
3120 2369 3277 2425 annis
3317 2370 3554 2437 duobus,
3596 2381 3654 2428 et

2048 2455 2356 2510 Demetrius
2401 2453 2599 2512 Sother
2628 2458 2785 2513 annis
2820 2459 3126 2527 duodecim,
3165 2461 3257 2531 qui
3287 2470 3415 2516 sunt
3454 2465 3586 2518 anni
3617 2481 3649 2520 τι

2049 2545 2319 2617 principio
2362 2546 2517 2616 regni
2566 2546 2779 2604 Seleuci
2830 2548 3150 2616 Nicanoris,
3196 2552 3342 2623 regis
3370 2551 3569 2624 Syriae,
3618 2572 3650 2611 a

2054 2651 2164 2708 quo
2207 2638 2359 2708 regni
2396 2637 2710 2694 Grmcorum
2741 2651 3127 2712 computantur
3162 2652 3435 2714 tempora,
3475 2661 3652 2717 usque

2058 2726 2126 2782 ad
2154 2726 2321 2782 ﬁnem
2362 2728 2622 2784 Demetrii
2661 2731 2961 2787 centesimo
3007 2734 3347 2805 sexagesimo
3383 2740 3648 2803 secundo,

2056 2816 2255 2887 quibus
2282 2814 2609 2885 adficiantur
2632 2821 2758 2874 anni
2799 2829 3007 2890 septem
3036 2822 3103 2876 de
3132 2837 3298 2894 regno
3327 2824 3649 2893 Alexandri,

2057 2908 2148 2979 qui
2180 2907 2434 2978 ignobilis
2456 2914 2512 2963 et
2536 2909 2785 2976 vitiosus,
2816 2913 3178 2984 indignusque
3202 2915 3349 2985 regia
3382 2916 3651 2986 dignitate

362 3003 756 3073 Antiquitatum
788 3000 1007 3073 Iosephi
1036 3008 1092 3056 et
1136 3000 1394 3057 chronica
1425 3000 1644 3055 Eusebii
1685 3007 1953 3055 testantur
1982 3014 2027 3077 ο
2058 3015 2090 3055 a
2117 2998 2375 3069 Pompeio
2405 2997 2584 3069 Trogo
2610 3000 2940 3056 describitur
2959 3042 2973 3067 ,
3006 3004 3100 3057 sed
3137 3017 3261 3057 cum
3299 3019 3529 3076 regnum
3572 3016 3652 3061 te—

360 3093 576 3149 Judteos
626 3094 682 3147 in
716 3092 989 3163 republica
1028 3107 1133 3148 sua
1173 3092 1333 3164 digne
1372 3088 1586 3147 ellicere
1633 3089 1944 3163 [effecisse],

363 3192 422 3240 et
454 3199 668 3255 mquum
696 3183 778 3238 eis
822 3184 1083 3238 honorem
1112 3197 1235 3237 cum
1265 3182 1658 3237 habitatoribus
1705 3181 1951 3237 Macedo-

363 3273 524 3331 nibus
553 3281 608 3329 et
641 3273 846 3328 Gratcis
882 3272 1203 3343 doputasse;
1258 3270 1510 3327 similiter
1556 3280 1613 3326 et
1651 3271 1953 3327 Antiochus

366 3363 613 3435 Magnus,
665 3362 987 3417 testantibus
1033 3376 1196 3431 supra
1242 3362 1564 3418 nmmoratis
1608 3363 1951 3418 auctoritati-

367 3452 471 3511 bus
495 3492 512 3518 ,
559 3466 653 3508 eos
684 3452 891 3507 crebris
928 3452 1175 3522 epistolis
1214 3452 1426 3516 laudat,
1469 3463 1531 3509 et
1565 3455 1951 3526 multiplicibus

368 3538 684 3602 muneribus
728 3543 910 3601 donat.
960 3542 1133 3598 Habet
1178 3543 1575 3613 quodammodo
1626 3545 1765 3600 idem
1814 3545 1953 3601 liber

367 3633 641 3691 diversam
669 3648 701 3689 a
739 3633 909 3703 priori
945 3633 1332 3699 narrationem,
1371 3635 1465 3691 sed
1501 3644 1681 3691 tamen
1713 3635 1952 3692 historiae

369 3739 477 3784 non
509 3723 738 3779 destruit
764 3722 1045 3779 veritatem
1078 3740 1093 3777 :
1124 3724 1251 3793 quia
1285 3723 1409 3780 licet
1454 3725 1626 3783 multa
1653 3725 1850 3794 prioris
1881 3724 1951 3781 li-

367 3815 453 3871 bri
483 3815 759 3870 contineat
798 3822 1145 3880 testamenta,
1188 3821 1371 3871 tamen
1400 3815 1657 3870 nonnulla
1675 3816 1953 3871 interserit

368 3919 492 3977 qua:
519 3904 572 3959 in
598 3904 688 3961 illo
712 3920 817 3961 non
849 3905 1213 3961 inveniuntur.
1247 3902 1654 3975 Scriptusenim
1679 3904 1747 3961 ab
1773 3905 1859 3962 his
1878 3906 1956 3961 vi-

368 3995 529 4053 detur
551 3998 645 4068 qui
675 3998 869 4053 morati
895 4007 1020 4055 sunt
1064 3999 1119 4054 in
1164 4007 1308 4053 terra
1337 3996 1499 4063 Juda,
1540 3997 1609 4052 ad
1646 4013 1743 4054 eos
1773 4000 1865 4068 qui
1896 4000 1952 4055 in

370 4088 572 4143 exteris
592 4086 848 4160 fugerunt
873 4090 1204 4160 regionibus.
1236 4089 1390 4147 Unde
1414 4089 1556 4145 idem
1577 4089 1653 4146 ita
1681 4091 1889 4162 incipit.

890 4200 1117 4259 CAPUT
1162 4200 1451 4258 PRIMUM.

370 4268 577 4324 ludwis
614 4272 670 4343 in
698 4270 930 4343 {Egypto
960 4273 1143 4326 dicunt
1176 4271 1357 4327 λιιάωί
1395 4271 1640 4329 Hierosol

442 4348 564 4413 tem.
598 4340 883 4413 Antiochus
907 4343 1131 4413 occisus
1169 4352 1244 4396 est
1288 4343 1343 4396 in
1382 4342 1571 4413 templo

442 4409 558 4479 igne
586 4410 834 4479 sacriﬁcii
863 4411 1163 4466 abscondito
1199 4414 1252 4465 in
1293 4422 1465 4484 puteo.
1486 4409 1686 4466 'Oratio
1717 4410 1952 4469 Neemiaa

445 4480 567 4534 talis
589 4490 717 4553 erat,
747 4482 886 4553 quod
928 4483 1035 4550 regi
1066 4479 1352 4536 Persarth
1387 4483 1724 4552 manifestum
1753 4484 1953 4553 factum

439 4560 517 4607 est
564 4551 878 4606 miraculum
917 4553 1229 4608 mutationis
1263 4554 1398 4623 ignis
1433 4562 1484 4606 et
1522 4551 1673 4623 aqua;
1696 4551 1796 4607 etc
1826 4569 1953 4611 con-

445 4636 611 4677 ιέισεο.

443 4710 723 4768 Fratribus
765 4713 856 4785 qui
881 4721 1001 4769 sunt
1028 4730 1121 4784 per
1157 4713 1450 4786 [Egyptian
1489 4713 1696 4771 Judaei:
1734 4715 1954 4773 salutem

374 4799 551 4860 dicunt
574 4804 763 4871 lratres
787 4803 878 4875 qui
905 4812 1025 4858 sunt
1052 4803 1107 4859 in
1129 4802 1471 4874 Jerosolymis
1491 4803 1692 4872 Judaii,
1715 4816 1763 4860 et
1788 4807 1880 4879 qui
1901 4809 1956 4861 in

374 4893 582 4964 regiam
626 4894 841 4961 Iudaea,
896 4902 1002 4951 etc.
1055 4895 1363 4951 Demetrius
1411 4895 1501 4950 hic
1545 4894 1689 4967 (sub
1744 4912 1854 4968 quo
1897 4913 1957 4954 se

374 4998 564 5041 orasse
610 4982 1006 5057 Jerosolymitas
1062 4986 1539 5058 commemorant)
1604 4986 1663 5042 in
1722 4986 1958 5060 {Egypto

376 5076 703 5132 constitutus
738 5076 854 5148 ipse
899 5086 983 5132 est
1011 5097 1025 5133 ;
1055 5078 1147 5148 qui
1183 5086 1306 5151 post
1352 5077 1679 5133 Antiochum
1722 5077 1959 5149 Eupato-

377 5184 493 5228 rem
517 5168 660 5225 Asiae
687 5176 743 5224 et
774 5168 944 5241 Syria:
970 5172 1235 5241 regnavit,
1271 5171 1365 5242 qui
1389 5177 1446 5228 et
1471 5170 1588 5242 ipse
1611 5170 1958 5242 cognomina-

378 5269 464 5316 tus
494 5258 723 5326 Sother,
769 5260 872 5316 hoc
910 5268 995 5318 est
1022 5260 1280 5316 salvator.
1321 5261 1380 5316 in
1416 5262 1561 5317 hunc
1599 5262 1746 5318 enim
1788 5278 1952 5321 anno-

1736 4274 1775 4328 is
1805 4273 1953 4329 salu-

380 5367 497 5427 rpm
528 5368 786 5410 numerus
811 5353 899 5408 hic
928 5363 1269 5425 eomputatus
1295 5361 1413 5419 est,
1454 5354 1559 5410 hoc
1584 5364 1688 5421 est,
1728 5356 1959 5412 centesio

378 5430 498 5502 nius
531 5445 900 5516 sexagesimus
934 5460 1110 5501 nonus
1177 5445 1434 5501 decurrit.
1478 5444 1617 5499 Nam
1660 5443 1958 5503 Antiochus

378 5535 708 5608 Epiphanes,
752 5540 845 5610 qui
871 5547 995 5611 post
1027 5539 1380 5597 centesimum
1408 5540 1742 5596 tricesimum
1789 5542 1956 5611 septi-

378 5640 528 5683 mum
557 5629 711 5703 regni
735 5628 1050 5686 Graecorum
1091 5629 1256 5702 etrapit
1291 5642 1539 5707 regnate,
1589 5629 1833 5701 regnavit
1857 5645 1956 5689 an—

2054 3091 2240 3146 nuisse
2264 3089 2606 3145 describatur
2624 3092 2781 3147 annis
2810 3092 2997 3149 decem
3021 3093 3261 3165 [septem
3286 3094 3331 3168 ],
3366 3096 3504 3152 lium
3519 3115 3650 3155 cen-

2054 3190 2168 3236 tum
2200 3184 2479 3253 sexaginta
2519 3197 2735 3243 novem.
2783 3183 3036 3240 Dicamus
3084 3195 3142 3239 et
3188 3185 3379 3252 aliter,
3434 3190 3650 3259 primus

2053 3280 2176 3342 post
2199 3273 2566 3331 Alexandrum
2593 3274 2738 3331 Asia:
2764 3273 3013 3343 regnavit
3028 3273 3331 3345 Antigonus
3370 3278 3531 3331 annis
3559 3280 3649 3334 de-

2055 3376 2173 3419 cem
2199 3374 2254 3419 et
2280 3380 2516 3432 novem;
2546 3374 2667 3436 post
2691 3379 2855 3435 quem
2877 3364 3201 3430 Demetrius,
3233 3366 3324 3435 qui
3357 3374 3415 3421 et
3451 3366 3650 3422 Polior-

2054 3462 2219 3520 cetes,
2278 3457 2528 3527 regnavit
2573 3457 2762 3512 decem
2802 3462 2859 3510 et
2900 3463 3107 3525 septem
3146 3455 3325 3510 annis.
3366 3454 3473 3511 Hic
3517 3472 3649 3528 ergo

2056 3546 2364 3602 Demetrius
2407 3547 2620 3602 decimo
2661 3546 2893 3617 septimo
2932 3559 3078 3600 anno
3107 3544 3258 3617 regni
3284 3545 3370 3599 sui
3398 3548 3651 3619 semetip-

2055 3648 2173 3689 sum
2209 3634 2439 3690 Seleuco
2465 3635 2713 3701 tradidit,
2759 3642 2813 3690 et
2855 3633 3141 3705 conjuncta
3185 3642 3270 3690 est
3309 3633 3443 3690 Asia
3481 3652 3649 3706 regno

2056 3723 2230 3797 Syria:
2256 3740 2403 3782 anno
2429 3724 2644 3782 Seleuci
2685 3725 2971 3783 Nicanoris
3008 3726 3272 3796 vigesimo
3320 3734 3539 3781 octavo.
3588 3727 3647 3783 Si

2055 3836 2186 3891 ergo
2204 3823 2534 3893 coeperimus
2560 3830 2877 3893 computare
2894 3835 3042 3876 nunc
3079 3821 3278 3879 seriem
3320 3837 3591 3878 annorum
3615 3838 3645 3876 a

2054 3914 2232 3983 primo
2273 3928 2418 3970 anno
2465 3916 2618 3985 regni
2665 3914 2943 3984 Antigoni,
2984 3913 3079 3983 qui
3129 3916 3380 3985 regnavit
3422 3916 3481 3969 in
3519 3914 3643 3969 Asia

2055 4005 2213 4059 annis
2259 4014 2467 4074 septem
2505 4014 2798 4075 antequam
2843 4003 3105 4060 Seleucus
3132 4004 3191 4059 in
3220 4004 3380 4075 Syria
3416 4020 3647 4078 regnare

2055 4093 2330 4164 cmpisset,
2376 4103 2751 4165 praeponentes
2789 4094 3008 4150 eosdem
3031 4102 3238 4165 septem
3264 4110 3437 4150 annos
3479 4111 3643 4166 regno

2058 4182 2291 4248 Seleuci,
2332 4192 2392 4238 et
2435 4198 2502 4241 eo
2547 4184 2710 4241 modo
2747 4192 3057 4257 computum
3107 4199 3373 4242 annorum
3414 4201 3642 4258 regnum

2058 4271 2230 4346 Syriae
2254 4289 2426 4344 usque
2451 4275 2518 4330 ad
2543 4275 2897 4331 novissimum
2931 4290 3134 4330 annum
3158 4276 3416 4331 Demetrii
3449 4277 3644 4333 Sothe-

1670 4343 1952 4437 ςιπξγίῗςῴρξ
1978 4364 2031 4425 D
2057 4343 2133 4419 ris
2166 4343 2603 4433 perduxerimus,
2652 4379 2862 4420 summa
2910 4365 3108 4437 prioris
3150 4367 3366 4421 numeri
3406 4374 3523 4421 tota
3568 4367 3639 4423 ibi

2054 4454 2347 4509 invenitur.
2395 4453 2502 4511 Sed
2542 4456 2738 4512 mirum
2776 4456 3047 4527 quomodo
3087 4457 3140 4510 in
3171 4458 3526 4527 sequentibus
3564 4459 3643 4515 di-

2055 4550 2213 4599 catur
2236 4540 2403 4599 .ludas
2448 4543 2503 4598 in
2548 4543 2847 4599 centesimo
2889 4545 3221 4614 octogesimo
3264 4556 3463 4600 octavo
3499 4560 3642 4600 anno

2055 4647 2180 4690 cum
2217 4642 2409 4689 senatu
2455 4633 2788 4701 Aristobulo,
2838 4634 3102 4705 magistro
3146 4634 3427 4691 Ptolomaei
3476 4640 3639 4709 regis,

2055 4721 2257 4778 dixisse
2290 4723 2521 4780 salutem
2550 4732 2606 4780 et
2651 4725 2939 4780 mandasse
2975 4726 3044 4781 de
3082 4725 3463 4795 puriﬁcatione
3506 4738 3642 4783 tem-

2055 4812 2150 4882 pli,
2172 4829 2336 4882 quam
2370 4814 2473 4885 ipsi
2510 4814 2708 4870 facturi
2749 4823 2909 4870 erant
2951 4815 3137 4887 quinta
3167 4824 3224 4870 et
3253 4817 3512 4872 vicesima
3556 4820 3642 4874 die

2056 4904 2261 4961 mensis
2287 4904 2516 4968 Casleu;
2572 4920 2697 4960 cum
2743 4904 2909 4962 ludas
2956 4908 3011 4961 in
3052 4907 3221 4977 priori
3268 4909 3409 4966 libro
3453 4927 3639 4983 supra.

2057 4994 2201 5050 dicto
2224 4994 2501 5057 Demetrio
2532 4996 2747 5051 vivente
2775 4996 2989 5069 legatur
3026 4999 3196 5056 multo
3233 5010 3363 5055 ante
3403 5017 3527 5058 esse
3550 5004 3640 5057 de-

2056 5082 2274 5142 functus
2307 5104 2320 5140 :
2363 5086 2629 5157 siquidem
2668 5096 2823 5143 seon
2868 5104 3013 5146 anno
3054 5092 3315 5147 Demetrii
3343 5095 3637 5149 secundum

2056 5176 2437 5232 chronicorum
2472 5176 2634 5232 iidem
2654 5178 2930 5235 invenitur
2966 5182 3205 5236 occisus.
3247 5181 3357 5237 Sed
3392 5185 3520 5254 quia
3556 5186 3632 5240 in-

2058 5267 2191 5322 certi
2239 5275 2367 5322 sunt
2404 5268 2508 5337 ipsi
2545 5276 2796 5325 auctores
2834 5271 3115 5336 librorum,
3156 5288 3263 5329 non
3306 5275 3543 5331 absurde
3562 5277 3642 5331 vi-

2058 5355 2257 5411 dentur
2323 5356 2379 5413 in
2451 5358 2857 5428 computatione
2920 5368 3225 5432 temporum
3284 5363 3637 5434 discrepare,

2057 5447 2292 5502 maxime
2332 5462 2457 5502 cum
2505 5449 2561 5503 in
2600 5448 2861 5519 legalibus
2900 5450 3057 5506 libris
3099 5452 3242 5508 LXX
3279 5453 3639 5525 lnterpretum

2057 5537 2369 5593 editiocum
2400 5536 2669 5594 Hebraiea
2709 5539 2941 5597 veritate
2985 5540 3041 5597 in
3078 5552 3333 5613 computo
3372 5559 3638 5605 annorum

2062 5633 2289 5692 multum
2313 5632 2603 5691 discordet.
