  <div class='ocr_page' id='page_1' title='image "/cluster/home/n/w/nwhite01/storage/ocr_20150623/109/hvd.32044054759741/618.png"; bbox 0 0 3934 6186; ppageno 0'>
   <div class='ocr_carea' id='block_1_1' title="bbox 354 306 493 363">
    <p class='ocr_par' dir='ltr' id='par_1_1' title="bbox 354 306 493 363">
     <span class='ocr_line' id='line_1_1' title="bbox 354 306 493 363; baseline 0.007 -1"><span class='ocrx_word' id='word_1_1' title='bbox 354 306 493 363; x_wconf 58' lang='grc' dir='ltr'><strong>ηις</strong></span> 
     </span>
    </p>
   </div>
   <div class='ocr_carea' id='block_1_2' title="bbox 1063 295 1928 359">
    <p class='ocr_par' dir='ltr' id='par_1_2' title="bbox 1063 295 1928 359">
     <span class='ocr_line' id='line_1_2' title="bbox 1063 295 1928 359; baseline -0.005 -2"><span class='ocrx_word' id='word_1_2' title='bbox 1063 299 1418 359; x_wconf 66' lang='grc' dir='ltr'><strong>(ΣΟἈΜΕΝΤ.</strong></span> <span class='ocrx_word' id='word_1_3' title='bbox 1462 298 1527 353; x_wconf 84' lang='grc' dir='ltr'><strong>ΙΝ</strong></span> <span class='ocrx_word' id='word_1_4' title='bbox 1566 295 1811 353; x_wconf 79' lang='lat' dir='ltr'><strong>LIBROS</strong></span> <span class='ocrx_word' id='word_1_5' title='bbox 1850 296 1928 353; x_wconf 75' lang='grc' dir='ltr'><strong>ΜΛ</strong></span> 
     </span>
    </p>
   </div>
   <div class='ocr_carea' id='block_1_3' title="bbox 2036 295 2902 359">
    <p class='ocr_par' dir='ltr' id='par_1_3' title="bbox 2040 295 2902 355">
     <span class='ocr_line' id='line_1_3' title="bbox 2040 295 2902 355; baseline 0.002 -4"><span class='ocrx_word' id='word_1_6' title='bbox 2040 295 2419 353; x_wconf 63' lang='grc' dir='ltr'><strong>ΑΒιΕσΒυΜ.</strong></span> <span class='ocrx_word' id='word_1_7' title='bbox 2459 329 2528 340; x_wconf 92' lang='grc'><strong>--</strong></span> <span class='ocrx_word' id='word_1_8' title='bbox 2565 297 2631 353; x_wconf 68' lang='grc' dir='ltr'>ΙΝ</span> <span class='ocrx_word' id='word_1_9' title='bbox 2669 296 2797 355; x_wconf 84' lang='lat' dir='ltr'><strong>LIB.</strong></span> <span class='ocrx_word' id='word_1_10' title='bbox 2835 297 2902 354; x_wconf 85' lang='lat' dir='ltr'><strong>ll.</strong></span> 
     </span>
    </p>
   </div>
   <div class='ocr_carea' id='block_1_4' title="bbox 3474 302 3610 361">
    <p class='ocr_par' dir='ltr' id='par_1_4' title="bbox 3474 302 3610 361">
     <span class='ocr_line' id='line_1_4' title="bbox 3474 302 3610 361; baseline 0.029 -4"><span class='ocrx_word' id='word_1_11' title='bbox 3474 303 3495 357; x_wconf 76' lang='lat' dir='ltr'><strong>i</strong></span> <span class='ocrx_word' id='word_1_12' title='bbox 3508 302 3610 361; x_wconf 63' lang='lat'><strong>€226</strong></span> 
     </span>
    </p>
   </div>
   <div class='ocr_carea' id='block_1_5' title="bbox 422 414 3610 491">
    <p class='ocr_par' dir='ltr' id='par_1_5' title="bbox 422 414 3610 491">
     <span class='ocr_line' id='line_1_5' title="bbox 422 414 3610 491; baseline 0 -17"><span class='ocrx_word' id='word_1_13' title='bbox 422 418 537 474; x_wconf 79' lang='lat' dir='ltr'><strong>Nos</strong></span> <span class='ocrx_word' id='word_1_14' title='bbox 555 417 733 487; x_wconf 66' lang='lat' dir='ltr'><strong>Iudici</strong></span> <span class='ocrx_word' id='word_1_15' title='bbox 751 422 1051 491; x_wconf 72' lang='lat' dir='ltr'><strong>smpsimus</strong></span> <span class='ocrx_word' id='word_1_16' title='bbox 1070 420 1212 474; x_wconf 79' lang='lat' dir='ltr'><strong>vobis</strong></span> <span class='ocrx_word' id='word_1_17' title='bbox 1230 419 1632 475; x_wconf 85' lang='lat' dir='ltr'><strong>intribulatioue</strong></span> <span class='ocrx_word' id='word_1_18' title='bbox 1645 427 1690 472; x_wconf 85' lang='lat' dir='ltr'><strong>et</strong></span> <span class='ocrx_word' id='word_1_19' title='bbox 1710 418 1923 486; x_wconf 85' lang='lat' dir='ltr'><strong>impetu,</strong></span> <span class='ocrx_word' id='word_1_20' title='bbox 1953 419 2005 478; x_wconf 79' lang='grc' dir='ltr'><strong>Α</strong></span> <span class='ocrx_word' id='word_1_21' title='bbox 2030 415 2152 471; x_wconf 65' lang='lat' dir='ltr'><strong>mia:</strong></span> <span class='ocrx_word' id='word_1_22' title='bbox 2178 415 2395 485; x_wconf 85' lang='lat' dir='ltr'><strong>scriptis</strong></span> <span class='ocrx_word' id='word_1_23' title='bbox 2416 423 2511 470; x_wconf 90' lang='lat' dir='ltr'><strong>aut</strong></span> <span class='ocrx_word' id='word_1_24' title='bbox 2529 414 2688 471; x_wconf 87' lang='lat' dir='ltr'><strong>dictis</strong></span> <span class='ocrx_word' id='word_1_25' title='bbox 2714 415 2909 472; x_wconf 81' lang='lat' dir='ltr'><strong>alicubi</strong></span> <span class='ocrx_word' id='word_1_26' title='bbox 2937 416 3177 486; x_wconf 88' lang='lat' dir='ltr'><strong>reperire</strong></span> <span class='ocrx_word' id='word_1_27' title='bbox 3195 416 3486 487; x_wconf 87' lang='lat' dir='ltr'><strong>potuimus,</strong></span> <span class='ocrx_word' id='word_1_28' title='bbox 3505 420 3610 475; x_wconf 88' lang='lat' dir='ltr'><strong>sic—</strong></span> 
     </span>
    </p>
   </div>
   <div class='ocr_carea' id='block_1_6' title="bbox 345 508 1930 583">
    <p class='ocr_par' dir='ltr' id='par_1_6' title="bbox 345 508 1930 583">
     <span class='ocr_line' id='line_1_6' title="bbox 345 508 1930 583; baseline -0.003 -18"><span class='ocrx_word' id='word_1_29' title='bbox 345 511 437 583; x_wconf 73' lang='lat' dir='ltr'><strong>qui</strong></span> <span class='ocrx_word' id='word_1_30' title='bbox 460 508 750 579; x_wconf 74' lang='lat' dir='ltr'><strong>superuenit</strong></span> <span class='ocrx_word' id='word_1_31' title='bbox 778 509 924 563; x_wconf 84' lang='lat' dir='ltr'><strong>nobis</strong></span> <span class='ocrx_word' id='word_1_32' title='bbox 952 510 1008 565; x_wconf 83' lang='lat' dir='ltr'><strong>in</strong></span> <span class='ocrx_word' id='word_1_33' title='bbox 1025 511 1139 565; x_wconf 83' lang='lat' dir='ltr'><strong>istis</strong></span> <span class='ocrx_word' id='word_1_34' title='bbox 1161 511 1314 565; x_wconf 83' lang='lat' dir='ltr'><strong>anuis</strong></span> <span class='ocrx_word' id='word_1_35' title='bbox 1333 551 1348 576; x_wconf 96' lang='lat'><strong>,</strong></span> <span class='ocrx_word' id='word_1_36' title='bbox 1375 518 1481 566; x_wconf 91' lang='lat' dir='ltr'><strong>etc.</strong></span> <span class='ocrx_word' id='word_1_37' title='bbox 1500 508 1668 563; x_wconf 83' lang='lat' dir='ltr'><strong>Iason</strong></span> <span class='ocrx_word' id='word_1_38' title='bbox 1696 508 1812 579; x_wconf 86' lang='lat' dir='ltr'><strong>ipse</strong></span> <span class='ocrx_word' id='word_1_39' title='bbox 1843 512 1930 562; x_wconf 88' lang='lat' dir='ltr'><strong>est</strong></span> 
     </span>
    </p>
   </div>
   <div class='ocr_carea' id='block_1_7' title="bbox 346 594 1925 671">
    <p class='ocr_par' dir='ltr' id='par_1_7' title="bbox 346 594 1925 671">
     <span class='ocr_line' id='line_1_7' title="bbox 346 594 1925 671; baseline -0.004 -14"><span class='ocrx_word' id='word_1_40' title='bbox 346 599 519 657; x_wconf 73' lang='lat' dir='ltr'><strong>frater</strong></span> <span class='ocrx_word' id='word_1_41' title='bbox 551 594 702 655; x_wconf 72' lang='lat' dir='ltr'><strong>Onim</strong></span> <span class='ocrx_word' id='word_1_42' title='bbox 740 598 1029 671; x_wconf 80' lang='lat' dir='ltr'><strong>pontiﬁcis,</strong></span> <span class='ocrx_word' id='word_1_43' title='bbox 1073 612 1232 671; x_wconf 88' lang='lat' dir='ltr'><strong>quem</strong></span> <span class='ocrx_word' id='word_1_44' title='bbox 1279 600 1559 670; x_wconf 89' lang='lat' dir='ltr'><strong>sequentia</strong></span> <span class='ocrx_word' id='word_1_45' title='bbox 1600 597 1761 653; x_wconf 78' lang='lat' dir='ltr'><strong>istius</strong></span> <span class='ocrx_word' id='word_1_46' title='bbox 1801 595 1925 651; x_wconf 83' lang='lat' dir='ltr'><strong>libri</strong></span> 
     </span>
    </p>
   </div>
   <div class='ocr_carea' id='block_1_8' title="bbox 347 686 1924 760">
    <p class='ocr_par' dir='ltr' id='par_1_8' title="bbox 347 686 1924 760">
     <span class='ocr_line' id='line_1_8' title="bbox 347 686 1924 760; baseline -0.002 -16"><span class='ocrx_word' id='word_1_47' title='bbox 347 698 574 751; x_wconf 81' lang='lat' dir='ltr'><strong>narrant</strong></span> <span class='ocrx_word' id='word_1_48' title='bbox 600 689 667 743; x_wconf 87' lang='lat' dir='ltr'><strong>ad</strong></span> <span class='ocrx_word' id='word_1_49' title='bbox 691 687 1016 743; x_wconf 75' lang='lat' dir='ltr'><strong>Antiochum</strong></span> <span class='ocrx_word' id='word_1_50' title='bbox 1040 687 1396 760; x_wconf 87' lang='lat' dir='ltr'><strong>Epiphanem,</strong></span> <span class='ocrx_word' id='word_1_51' title='bbox 1420 689 1525 743; x_wconf 94' lang='lat' dir='ltr'><strong>hoc</strong></span> <span class='ocrx_word' id='word_1_52' title='bbox 1550 695 1634 743; x_wconf 89' lang='lat' dir='ltr'><strong>est</strong></span> <span class='ocrx_word' id='word_1_53' title='bbox 1666 686 1924 752; x_wconf 84' lang='lat' dir='ltr'><strong>nobilem,</strong></span> 
     </span>
    </p>
   </div>
   <div class='ocr_carea' id='block_1_9' title="bbox 316 776 1921 851">
    <p class='ocr_par' dir='ltr' id='par_1_9' title="bbox 316 776 1921 851">
     <span class='ocr_line' id='line_1_9' title="bbox 316 776 1921 851; baseline -0.002 -16"><span class='ocrx_word' id='word_1_54' title='bbox 316 787 568 851; x_wconf 74' lang='lat' dir='ltr'><strong>propter</strong></span> <span class='ocrx_word' id='word_1_55' title='bbox 613 778 963 839; x_wconf 76' lang='lat' dir='ltr'><strong>ambitionem</strong></span> <span class='ocrx_word' id='word_1_56' title='bbox 1011 778 1206 835; x_wconf 91' lang='lat' dir='ltr'><strong>summi</strong></span> <span class='ocrx_word' id='word_1_57' title='bbox 1251 778 1538 834; x_wconf 90' lang='lat' dir='ltr'><strong>sacerdotii</strong></span> <span class='ocrx_word' id='word_1_58' title='bbox 1578 776 1921 842; x_wconf 88' lang='lat' dir='ltr'><strong>convolasse,</strong></span> 
     </span>
    </p>
   </div>
   <div class='ocr_carea' id='block_1_10' title="bbox 346 868 1925 945">
    <p class='ocr_par' dir='ltr' id='par_1_10' title="bbox 346 868 1925 945">
     <span class='ocr_line' id='line_1_10' title="bbox 346 868 1925 945; baseline -0.004 -16"><span class='ocrx_word' id='word_1_59' title='bbox 346 873 506 943; x_wconf 82' lang='lat' dir='ltr'><strong>eique</strong></span> <span class='ocrx_word' id='word_1_60' title='bbox 532 871 861 945; x_wconf 79' lang='lat' dir='ltr'><strong>persuadere</strong></span> <span class='ocrx_word' id='word_1_61' title='bbox 885 877 945 926; x_wconf 87' lang='lat' dir='ltr'><strong>ut</strong></span> <span class='ocrx_word' id='word_1_62' title='bbox 968 870 1221 945; x_wconf 86' lang='lat' dir='ltr'><strong>gentilem</strong></span> <span class='ocrx_word' id='word_1_63' title='bbox 1259 870 1420 925; x_wconf 90' lang='lat' dir='ltr'><strong>ritum</strong></span> <span class='ocrx_word' id='word_1_64' title='bbox 1464 868 1813 940; x_wconf 86' lang='lat' dir='ltr'><strong>Ierosolymis</strong></span> <span class='ocrx_word' id='word_1_65' title='bbox 1843 868 1925 923; x_wconf 86' lang='lat' dir='ltr'><strong>in-</strong></span> 
     </span>
    </p>
   </div>
   <div class='ocr_carea' id='block_1_11' title="bbox 350 963 617 1019">
    <p class='ocr_par' dir='ltr' id='par_1_11' title="bbox 350 963 617 1019">
     <span class='ocr_line' id='line_1_11' title="bbox 350 963 617 1019; baseline -0.011 0"><span class='ocrx_word' id='word_1_66' title='bbox 350 963 617 1019; x_wconf 85' lang='lat' dir='ltr'><strong>stitueret.</strong></span> 
     </span>
    </p>
   </div>
   <div class='ocr_carea' id='block_1_12' title="bbox 421 1052 1925 1127">
    <p class='ocr_par' dir='ltr' id='par_1_12' title="bbox 421 1052 1925 1127">
     <span class='ocr_line' id='line_1_12' title="bbox 421 1052 1925 1127; baseline -0.001 -19"><span class='ocrx_word' id='word_1_67' title='bbox 421 1053 657 1127; x_wconf 81' lang='lat' dir='ltr'><strong>Populus</strong></span> <span class='ocrx_word' id='word_1_68' title='bbox 682 1056 773 1126; x_wconf 88' lang='lat' dir='ltr'><strong>qui</strong></span> <span class='ocrx_word' id='word_1_69' title='bbox 805 1065 880 1113; x_wconf 79' lang='lat' dir='ltr'><strong>est</strong></span> <span class='ocrx_word' id='word_1_70' title='bbox 913 1053 1253 1125; x_wconf 84' lang='lat' dir='ltr'><strong>Jerosolymis</strong></span> <span class='ocrx_word' id='word_1_71' title='bbox 1278 1063 1327 1109; x_wconf 89' lang='lat' dir='ltr'><strong>et</strong></span> <span class='ocrx_word' id='word_1_72' title='bbox 1364 1053 1420 1107; x_wconf 84' lang='lat' dir='ltr'><strong>in</strong></span> <span class='ocrx_word' id='word_1_73' title='bbox 1453 1052 1646 1108; x_wconf 73' lang='lat' dir='ltr'><strong>Iudam</strong></span> <span class='ocrx_word' id='word_1_74' title='bbox 1684 1062 1925 1108; x_wconf 82' lang='lat' dir='ltr'><strong>senatus-</strong></span> 
     </span>
    </p>
   </div>
   <div class='ocr_carea' id='block_1_13' title="bbox 351 1141 1924 1216">
    <p class='ocr_par' dir='ltr' id='par_1_13' title="bbox 351 1141 1924 1216">
     <span class='ocr_line' id='line_1_13' title="bbox 351 1141 1924 1216; baseline -0.001 -16"><span class='ocrx_word' id='word_1_75' title='bbox 351 1162 469 1216; x_wconf 81' lang='lat' dir='ltr'><strong>que,</strong></span> <span class='ocrx_word' id='word_1_76' title='bbox 499 1154 605 1201; x_wconf 85' lang='lat' dir='ltr'><strong>etc.</strong></span> <span class='ocrx_word' id='word_1_77' title='bbox 647 1144 987 1200; x_wconf 85' lang='lat' dir='ltr'><strong>Aristobolus</strong></span> <span class='ocrx_word' id='word_1_78' title='bbox 1018 1145 1106 1200; x_wconf 90' lang='lat' dir='ltr'><strong>hic</strong></span> <span class='ocrx_word' id='word_1_79' title='bbox 1134 1144 1352 1199; x_wconf 88' lang='lat' dir='ltr'><strong>natione</strong></span> <span class='ocrx_word' id='word_1_80' title='bbox 1401 1143 1502 1198; x_wconf 85' lang='lat' dir='ltr'><strong>luit</strong></span> <span class='ocrx_word' id='word_1_81' title='bbox 1543 1142 1780 1207; x_wconf 69' lang='lat' dir='ltr'><strong>Iudazus,</strong></span> <span class='ocrx_word' id='word_1_82' title='bbox 1827 1141 1924 1200; x_wconf 87' lang='lat' dir='ltr'><strong>sed</strong></span> 
     </span>
    </p>
   </div>
   <div class='ocr_carea' id='block_1_14' title="bbox 351 1235 1924 1308">
    <p class='ocr_par' dir='ltr' id='par_1_14' title="bbox 351 1235 1924 1308">
     <span class='ocr_line' id='line_1_14' title="bbox 351 1235 1924 1308; baseline 0.001 -17"><span class='ocrx_word' id='word_1_83' title='bbox 351 1235 739 1305; x_wconf 69' lang='lat' dir='ltr'><strong>Peripateticus</strong></span> <span class='ocrx_word' id='word_1_84' title='bbox 779 1237 1130 1307; x_wconf 87' lang='lat' dir='ltr'><strong>philosophus</strong></span> <span class='ocrx_word' id='word_1_85' title='bbox 1168 1252 1289 1292; x_wconf 88' lang='lat' dir='ltr'><strong>esse</strong></span> <span class='ocrx_word' id='word_1_86' title='bbox 1333 1237 1663 1308; x_wconf 82' lang='lat' dir='ltr'><strong>agnoscitur,</strong></span> <span class='ocrx_word' id='word_1_87' title='bbox 1718 1237 1809 1308; x_wconf 87' lang='lat' dir='ltr'><strong>qui</strong></span> <span class='ocrx_word' id='word_1_88' title='bbox 1855 1237 1924 1293; x_wconf 87' lang='lat' dir='ltr'><strong>ad</strong></span> 
     </span>
    </p>
   </div>
   <div class='ocr_carea' id='block_1_15' title="bbox 354 1327 1920 1401">
    <p class='ocr_par' dir='ltr' id='par_1_15' title="bbox 354 1327 1920 1401">
     <span class='ocr_line' id='line_1_15' title="bbox 354 1327 1920 1401; baseline 0.001 -18"><span class='ocrx_word' id='word_1_89' title='bbox 354 1327 774 1397; x_wconf 85' lang='lat' dir='ltr'><strong>Philometorem</strong></span> <span class='ocrx_word' id='word_1_90' title='bbox 819 1327 1164 1384; x_wconf 66' lang='lat' dir='ltr'><strong>Ptolemaeum</strong></span> <span class='ocrx_word' id='word_1_91' title='bbox 1213 1327 1649 1399; x_wconf 79' lang='lat' dir='ltr'><strong>explanationum</strong></span> <span class='ocrx_word' id='word_1_92' title='bbox 1682 1328 1735 1385; x_wconf 91' lang='lat' dir='ltr'><strong>in</strong></span> <span class='ocrx_word' id='word_1_93' title='bbox 1773 1328 1920 1401; x_wconf 72' lang='lat' dir='ltr'><strong>Moy-</strong></span> 
     </span>
    </p>
   </div>
   <div class='ocr_carea' id='block_1_16' title="bbox 348 1416 1921 1491">
    <p class='ocr_par' dir='ltr' id='par_1_16' title="bbox 348 1416 1921 1491">
     <span class='ocr_line' id='line_1_16' title="bbox 348 1416 1921 1491; baseline 0 -16"><span class='ocrx_word' id='word_1_94' title='bbox 348 1433 445 1475; x_wconf 89' lang='lat' dir='ltr'><strong>sen</strong></span> <span class='ocrx_word' id='word_1_95' title='bbox 478 1416 914 1475; x_wconf 83' lang='lat' dir='ltr'><strong>Commentarios</strong></span> <span class='ocrx_word' id='word_1_96' title='bbox 954 1418 1204 1489; x_wconf 86' lang='lat' dir='ltr'><strong>scripsit,</strong></span> <span class='ocrx_word' id='word_1_97' title='bbox 1260 1426 1320 1473; x_wconf 90' lang='lat' dir='ltr'><strong>ut</strong></span> <span class='ocrx_word' id='word_1_98' title='bbox 1356 1418 1750 1491; x_wconf 88' lang='lat' dir='ltr'><strong>chronographi</strong></span> <span class='ocrx_word' id='word_1_99' title='bbox 1791 1434 1921 1490; x_wconf 90' lang='lat' dir='ltr'><strong>pro-</strong></span> 
     </span>
    </p>
   </div>
   <div class='ocr_carea' id='block_1_17' title="bbox 222 1506 1923 1579">
    <p class='ocr_par' dir='ltr' id='par_1_17' title="bbox 222 1506 1923 1579">
     <span class='ocr_line' id='line_1_17' title="bbox 222 1506 1923 1579; baseline 0.002 -17"><span class='ocrx_word' id='word_1_100' title='bbox 222 1522 245 1535; x_wconf 56' lang='lat'>‘</span> <span class='ocrx_word' id='word_1_101' title='bbox 348 1507 502 1573; x_wconf 89' lang='lat' dir='ltr'><strong>dunt,</strong></span> <span class='ocrx_word' id='word_1_102' title='bbox 533 1522 641 1578; x_wconf 91' lang='lat' dir='ltr'><strong>quo</strong></span> <span class='ocrx_word' id='word_1_103' title='bbox 669 1515 725 1562; x_wconf 90' lang='lat' dir='ltr'><strong>et</strong></span> <span class='ocrx_word' id='word_1_104' title='bbox 749 1515 988 1578; x_wconf 89' lang='lat' dir='ltr'><strong>tempore</strong></span> <span class='ocrx_word' id='word_1_105' title='bbox 1009 1506 1179 1579; x_wconf 68' lang='lat' dir='ltr'><strong>Syriae</strong></span> <span class='ocrx_word' id='word_1_106' title='bbox 1197 1516 1255 1563; x_wconf 91' lang='lat' dir='ltr'><strong>et</strong></span> <span class='ocrx_word' id='word_1_107' title='bbox 1279 1508 1420 1565; x_wconf 68' lang='lat' dir='ltr'><strong>Asiae</strong></span> <span class='ocrx_word' id='word_1_108' title='bbox 1444 1510 1708 1579; x_wconf 86' lang='lat' dir='ltr'><strong>regnabat</strong></span> <span class='ocrx_word' id='word_1_109' title='bbox 1730 1508 1923 1566; x_wconf 86' lang='lat' dir='ltr'><strong>Antio-</strong></span> 
     </span>
    </p>
   </div>
   <div class='ocr_carea' id='block_1_18' title="bbox 344 1597 832 1669">
    <p class='ocr_par' dir='ltr' id='par_1_18' title="bbox 344 1597 832 1669">
     <span class='ocr_line' id='line_1_18' title="bbox 344 1597 832 1669; baseline 0 -18"><span class='ocrx_word' id='word_1_110' title='bbox 344 1597 483 1653; x_wconf 91' lang='lat' dir='ltr'><strong>chus</strong></span> <span class='ocrx_word' id='word_1_111' title='bbox 508 1597 832 1669; x_wconf 82' lang='lat' dir='ltr'><strong>Epiphanes.</strong></span> 
     </span>
    </p>
   </div>
   <div class='ocr_carea' id='block_1_19' title="bbox 418 1686 1922 1761">
    <p class='ocr_par' dir='ltr' id='par_1_19' title="bbox 418 1686 1922 1761">
     <span class='ocr_line' id='line_1_19' title="bbox 418 1686 1922 1761; baseline 0.003 -20"><span class='ocrx_word' id='word_1_112' title='bbox 418 1686 498 1741; x_wconf 88' lang='lat' dir='ltr'><strong>De</strong></span> <span class='ocrx_word' id='word_1_113' title='bbox 535 1687 741 1759; x_wconf 82' lang='lat' dir='ltr'><strong>magnis</strong></span> <span class='ocrx_word' id='word_1_114' title='bbox 767 1686 1017 1758; x_wconf 80' lang='lat' dir='ltr'><strong>periculis</strong></span> <span class='ocrx_word' id='word_1_115' title='bbox 1042 1704 1074 1741; x_wconf 82' lang='grc' dir='ltr'><strong><em>(ι</em></strong></span> <span class='ocrx_word' id='word_1_116' title='bbox 1098 1687 1209 1742; x_wconf 86' lang='lat' dir='ltr'><strong>Deo</strong></span> <span class='ocrx_word' id='word_1_117' title='bbox 1246 1688 1452 1744; x_wconf 78' lang='lat' dir='ltr'><strong>liberati</strong></span> <span class='ocrx_word' id='word_1_118' title='bbox 1495 1690 1770 1761; x_wconf 76' lang='lat' dir='ltr'><strong>magniﬁce</strong></span> <span class='ocrx_word' id='word_1_119' title='bbox 1799 1706 1922 1761; x_wconf 85' lang='lat' dir='ltr'><strong>gra-</strong></span> 
     </span>
    </p>
   </div>
   <div class='ocr_carea' id='block_1_20' title="bbox 349 1759 1996 1847">
    <p class='ocr_par' dir='ltr' id='par_1_20' title="bbox 349 1759 1996 1847">
     <span class='ocr_line' id='line_1_20' title="bbox 349 1759 1996 1847; baseline 0.004 -17"><span class='ocrx_word' id='word_1_120' title='bbox 349 1776 449 1831; x_wconf 86' lang='lat' dir='ltr'><strong>tias</strong></span> <span class='ocrx_word' id='word_1_121' title='bbox 495 1776 700 1847; x_wconf 84' lang='lat' dir='ltr'><strong>agimus</strong></span> <span class='ocrx_word' id='word_1_122' title='bbox 747 1777 888 1847; x_wconf 81' lang='lat' dir='ltr'><strong>ipsi,</strong></span> <span class='ocrx_word' id='word_1_123' title='bbox 944 1785 1050 1832; x_wconf 88' lang='lat' dir='ltr'><strong>etc.</strong></span> <span class='ocrx_word' id='word_1_124' title='bbox 1107 1778 1349 1845; x_wconf 84' lang='lat' dir='ltr'><strong>Qualiter</strong></span> <span class='ocrx_word' id='word_1_125' title='bbox 1387 1759 1921 1837; x_wconf 20' lang='lat' dir='ltr'><strong>autcm&#39;Antiochus</strong></span> <span class='ocrx_word' id='word_1_126' title='bbox 1952 1759 1996 1819; x_wconf 79' lang='grc' dir='ltr'><strong>Β</strong></span> 
     </span>
    </p>
   </div>
   <div class='ocr_carea' id='block_1_21' title="bbox 347 1864 1921 1941">
    <p class='ocr_par' dir='ltr' id='par_1_21' title="bbox 347 1864 1921 1941">
     <span class='ocr_line' id='line_1_21' title="bbox 347 1864 1921 1941; baseline 0.004 -21"><span class='ocrx_word' id='word_1_127' title='bbox 347 1864 672 1935; x_wconf 86' lang='lat' dir='ltr'><strong>Epiphanes,</strong></span> <span class='ocrx_word' id='word_1_128' title='bbox 697 1865 786 1935; x_wconf 88' lang='lat' dir='ltr'><strong>qui</strong></span> <span class='ocrx_word' id='word_1_129' title='bbox 827 1865 966 1925; x_wconf 86' lang='lat' dir='ltr'><strong>mala</strong></span> <span class='ocrx_word' id='word_1_130' title='bbox 1005 1864 1205 1922; x_wconf 82' lang='lat' dir='ltr'><strong>Iudaeis</strong></span> <span class='ocrx_word' id='word_1_131' title='bbox 1232 1868 1371 1923; x_wconf 88' lang='lat' dir='ltr'><strong>ultra</strong></span> <span class='ocrx_word' id='word_1_132' title='bbox 1395 1884 1584 1924; x_wconf 91' lang='lat' dir='ltr'><strong>omnes</strong></span> <span class='ocrx_word' id='word_1_133' title='bbox 1628 1884 1785 1941; x_wconf 87' lang='lat' dir='ltr'><strong>reges</strong></span> <span class='ocrx_word' id='word_1_134' title='bbox 1826 1872 1921 1941; x_wconf 89' lang='lat' dir='ltr'><strong>qui</strong></span> 
     </span>
    </p>
   </div>
   <div class='ocr_carea' id='block_1_22' title="bbox 348 1953 1923 2031">
    <p class='ocr_par' dir='ltr' id='par_1_22' title="bbox 348 1953 1923 2031">
     <span class='ocr_line' id='line_1_22' title="bbox 348 1953 1923 2031; baseline 0.006 -23"><span class='ocrx_word' id='word_1_135' title='bbox 348 1961 474 2009; x_wconf 84' lang='lat' dir='ltr'><strong>ante</strong></span> <span class='ocrx_word' id='word_1_136' title='bbox 497 1970 557 2010; x_wconf 87' lang='lat' dir='ltr'><strong>se</strong></span> <span class='ocrx_word' id='word_1_137' title='bbox 582 1953 800 2011; x_wconf 81' lang='lat' dir='ltr'><strong>fuerunt</strong></span> <span class='ocrx_word' id='word_1_138' title='bbox 835 1955 890 2010; x_wconf 91' lang='lat' dir='ltr'><strong>in</strong></span> <span class='ocrx_word' id='word_1_139' title='bbox 920 1954 1079 2026; x_wconf 75' lang='lat' dir='ltr'><strong>Syria</strong></span> <span class='ocrx_word' id='word_1_140' title='bbox 1102 1955 1395 2028; x_wconf 89' lang='lat' dir='ltr'><strong>inﬁigebat,</strong></span> <span class='ocrx_word' id='word_1_141' title='bbox 1427 1974 1651 2031; x_wconf 85' lang='lat' dir='ltr'><strong>regnum</strong></span> <span class='ocrx_word' id='word_1_142' title='bbox 1675 1962 1923 2031; x_wconf 85' lang='lat' dir='ltr'><strong>perdide—</strong></span> 
     </span>
    </p>
   </div>
   <div class='ocr_carea' id='block_1_23' title="bbox 347 2043 1919 2119">
    <p class='ocr_par' dir='ltr' id='par_1_23' title="bbox 347 2043 1919 2119">
     <span class='ocr_line' id='line_1_23' title="bbox 347 2043 1919 2119; baseline 0.006 -21"><span class='ocrx_word' id='word_1_143' title='bbox 347 2044 443 2111; x_wconf 86' lang='lat' dir='ltr'><strong>rit,</strong></span> <span class='ocrx_word' id='word_1_144' title='bbox 469 2045 709 2100; x_wconf 88' lang='lat' dir='ltr'><strong>etvitam</strong></span> <span class='ocrx_word' id='word_1_145' title='bbox 735 2043 954 2109; x_wconf 88' lang='lat' dir='ltr'><strong>ﬁnierit,</strong></span> <span class='ocrx_word' id='word_1_146' title='bbox 986 2046 1125 2101; x_wconf 89' lang='lat' dir='ltr'><strong>liber</strong></span> <span class='ocrx_word' id='word_1_147' title='bbox 1145 2047 1296 2119; x_wconf 84' lang='lat' dir='ltr'><strong>prior</strong></span> <span class='ocrx_word' id='word_1_148' title='bbox 1321 2048 1562 2104; x_wconf 72' lang='lat' dir='ltr'><strong>historia:</strong></span> <span class='ocrx_word' id='word_1_149' title='bbox 1588 2050 1744 2106; x_wconf 85' lang='lat' dir='ltr'><strong>istius</strong></span> <span class='ocrx_word' id='word_1_150' title='bbox 1767 2066 1919 2107; x_wconf 90' lang='lat' dir='ltr'><strong>com-</strong></span> 
     </span>
    </p>
   </div>
   <div class='ocr_carea' id='block_1_24' title="bbox 347 2135 1925 2214">
    <p class='ocr_par' dir='ltr' id='par_1_24' title="bbox 347 2135 1925 2214">
     <span class='ocr_line' id='line_1_24' title="bbox 347 2135 1925 2214; baseline 0.006 -25"><span class='ocrx_word' id='word_1_151' title='bbox 347 2142 630 2198; x_wconf 84' lang='lat' dir='ltr'><strong>memorat,</strong></span> <span class='ocrx_word' id='word_1_152' title='bbox 679 2144 735 2191; x_wconf 92' lang='lat' dir='ltr'><strong>et</strong></span> <span class='ocrx_word' id='word_1_153' title='bbox 773 2135 1039 2209; x_wconf 85' lang='lat' dir='ltr'><strong>Iosephus</strong></span> <span class='ocrx_word' id='word_1_154' title='bbox 1087 2139 1141 2192; x_wconf 92' lang='lat' dir='ltr'><strong>in</strong></span> <span class='ocrx_word' id='word_1_155' title='bbox 1167 2139 1534 2196; x_wconf 81' lang='lat' dir='ltr'><strong>historiarum</strong></span> <span class='ocrx_word' id='word_1_156' title='bbox 1572 2141 1925 2214; x_wconf 89' lang='lat' dir='ltr'><strong>Antiquitatis</strong></span> 
     </span>
    </p>
   </div>
   <div class='ocr_carea' id='block_1_25' title="bbox 345 2223 1925 2287">
    <p class='ocr_par' dir='ltr' id='par_1_25' title="bbox 345 2223 1925 2287">
     <span class='ocr_line' id='line_1_25' title="bbox 345 2223 1925 2287; baseline 0.005 -8"><span class='ocrx_word' id='word_1_157' title='bbox 345 2223 583 2280; x_wconf 68' lang='lat' dir='ltr'><strong>Iudaica:</strong></span> <span class='ocrx_word' id='word_1_158' title='bbox 609 2224 762 2281; x_wconf 90' lang='lat' dir='ltr'><strong>&#39;libro</strong></span> <span class='ocrx_word' id='word_1_159' title='bbox 788 2227 1105 2283; x_wconf 90' lang='lat' dir='ltr'><strong>duodecimo</strong></span> <span class='ocrx_word' id='word_1_160' title='bbox 1141 2235 1371 2283; x_wconf 84' lang='lat' dir='ltr'><strong>testatur</strong></span> <span class='ocrx_word' id='word_1_161' title='bbox 1398 2230 1585 2286; x_wconf 89' lang='lat' dir='ltr'><strong>dicens</strong></span> <span class='ocrx_word' id='word_1_162' title='bbox 1613 2249 1626 2284; x_wconf 88' lang='lat'><strong>:</strong></span> <span class='ocrx_word' id='word_1_163' title='bbox 1651 2231 1767 2287; x_wconf 84' lang='lat' dir='ltr'><strong>Rex</strong></span> <span class='ocrx_word' id='word_1_164' title='bbox 1814 2233 1925 2287; x_wconf 90' lang='lat' dir='ltr'><strong>An-</strong></span> 
     </span>
    </p>
   </div>
   <div class='ocr_carea' id='block_1_26' title="bbox 349 2319 1925 2390">
    <p class='ocr_par' dir='ltr' id='par_1_26' title="bbox 349 2319 1925 2390">
     <span class='ocr_line' id='line_1_26' title="bbox 349 2319 1925 2390; baseline 0.004 -17"><span class='ocrx_word' id='word_1_165' title='bbox 349 2319 578 2384; x_wconf 84' lang='lat' dir='ltr'><strong>tiochus,</strong></span> <span class='ocrx_word' id='word_1_166' title='bbox 607 2319 937 2389; x_wconf 89' lang='lat' dir='ltr'><strong>superiorem</strong></span> <span class='ocrx_word' id='word_1_167' title='bbox 965 2320 1296 2390; x_wconf 78' lang='lat' dir='ltr'><strong>provinciam</strong></span> <span class='ocrx_word' id='word_1_168' title='bbox 1327 2334 1673 2389; x_wconf 88' lang='lat' dir='ltr'><strong>percurrens,</strong></span> <span class='ocrx_word' id='word_1_169' title='bbox 1719 2324 1925 2379; x_wconf 87' lang='lat' dir='ltr'><strong>audivit</strong></span> 
     </span>
    </p>
   </div>
   <div class='ocr_carea' id='block_1_27' title="bbox 347 2410 1923 2477">
    <p class='ocr_par' dir='ltr' id='par_1_27' title="bbox 347 2410 1923 2477">
     <span class='ocr_line' id='line_1_27' title="bbox 347 2410 1923 2477; baseline 0.003 -13"><span class='ocrx_word' id='word_1_170' title='bbox 347 2410 622 2465; x_wconf 83' lang='lat' dir='ltr'><strong>civitatem</strong></span> <span class='ocrx_word' id='word_1_171' title='bbox 647 2410 932 2465; x_wconf 87' lang='lat' dir='ltr'><strong>Persarum</strong></span> <span class='ocrx_word' id='word_1_172' title='bbox 965 2411 1168 2466; x_wconf 85' lang='lat' dir='ltr'><strong>divitiis</strong></span> <span class='ocrx_word' id='word_1_173' title='bbox 1197 2411 1570 2477; x_wconf 86' lang='lat' dir='ltr'><strong>excellentem,</strong></span> <span class='ocrx_word' id='word_1_174' title='bbox 1605 2413 1923 2470; x_wconf 83' lang='lat' dir='ltr'><strong>Elimaidam</strong></span> 
     </span>
    </p>
   </div>
   <div class='ocr_carea' id='block_1_28' title="bbox 347 2499 1928 2572">
    <p class='ocr_par' dir='ltr' id='par_1_28' title="bbox 347 2499 1928 2572">
     <span class='ocr_line' id='line_1_28' title="bbox 347 2499 1928 2572; baseline 0.006 -20"><span class='ocrx_word' id='word_1_175' title='bbox 347 2499 596 2564; x_wconf 90' lang='lat' dir='ltr'><strong>nomine;</strong></span> <span class='ocrx_word' id='word_1_176' title='bbox 626 2499 1185 2570; x_wconf 81' lang='lat' dir='ltr'><strong>pretiosissimumque</strong></span> <span class='ocrx_word' id='word_1_177' title='bbox 1214 2501 1470 2572; x_wconf 88' lang='lat' dir='ltr'><strong>templum</strong></span> <span class='ocrx_word' id='word_1_178' title='bbox 1498 2503 1552 2557; x_wconf 91' lang='lat' dir='ltr'><strong>in</strong></span> <span class='ocrx_word' id='word_1_179' title='bbox 1579 2518 1643 2558; x_wconf 86' lang='lat' dir='ltr'><strong>ea</strong></span> <span class='ocrx_word' id='word_1_180' title='bbox 1671 2504 1853 2561; x_wconf 78' lang='lat' dir='ltr'><strong>Diana:</strong></span> <span class='ocrx_word' id='word_1_181' title='bbox 1870 2515 1928 2561; x_wconf 90' lang='lat' dir='ltr'><strong>et</strong></span> 
     </span>
    </p>
   </div>
   <div class='ocr_carea' id='block_1_29' title="bbox 346 2585 1928 2663">
    <p class='ocr_par' dir='ltr' id='par_1_29' title="bbox 346 2585 1928 2663">
     <span class='ocr_line' id='line_1_29' title="bbox 346 2585 1928 2663; baseline 0.006 -25"><span class='ocrx_word' id='word_1_182' title='bbox 346 2586 493 2640; x_wconf 90' lang='lat' dir='ltr'><strong>omni</strong></span> <span class='ocrx_word' id='word_1_183' title='bbox 555 2585 735 2656; x_wconf 88' lang='lat' dir='ltr'><strong>specie</strong></span> <span class='ocrx_word' id='word_1_184' title='bbox 789 2597 1235 2643; x_wconf 81' lang='lat' dir='ltr'><strong>ornamentorum</strong></span> <span class='ocrx_word' id='word_1_185' title='bbox 1293 2588 1541 2659; x_wconf 91' lang='lat' dir='ltr'><strong>plenum;</strong></span> <span class='ocrx_word' id='word_1_186' title='bbox 1599 2590 1821 2663; x_wconf 91' lang='lat' dir='ltr'><strong>insuper</strong></span> <span class='ocrx_word' id='word_1_187' title='bbox 1871 2602 1928 2649; x_wconf 89' lang='lat' dir='ltr'><strong>et</strong></span> 
     </span>
    </p>
   </div>
   <div class='ocr_carea' id='block_1_30' title="bbox 348 2674 1926 2754">
    <p class='ocr_par' dir='ltr' id='par_1_30' title="bbox 348 2674 1926 2754">
     <span class='ocr_line' id='line_1_30' title="bbox 348 2674 1926 2754; baseline 0.007 -26"><span class='ocrx_word' id='word_1_188' title='bbox 348 2687 498 2728; x_wconf 88' lang='lat' dir='ltr'><strong>arma</strong></span> <span class='ocrx_word' id='word_1_189' title='bbox 531 2682 588 2730; x_wconf 90' lang='lat' dir='ltr'><strong>et</strong></span> <span class='ocrx_word' id='word_1_190' title='bbox 633 2674 832 2731; x_wconf 87' lang='lat' dir='ltr'><strong>loricas</strong></span> <span class='ocrx_word' id='word_1_191' title='bbox 870 2675 1154 2746; x_wconf 90' lang='lat' dir='ltr'><strong>reliquisse</strong></span> <span class='ocrx_word' id='word_1_192' title='bbox 1198 2677 1445 2733; x_wconf 89' lang='lat' dir='ltr'><strong>audierat</strong></span> <span class='ocrx_word' id='word_1_193' title='bbox 1490 2680 1656 2737; x_wconf 86' lang='lat' dir='ltr'><strong>tilium</strong></span> <span class='ocrx_word' id='word_1_194' title='bbox 1695 2681 1926 2754; x_wconf 88' lang='lat' dir='ltr'><strong>Philippi</strong></span> 
     </span>
    </p>
   </div>
   <div class='ocr_carea' id='block_1_31' title="bbox 352 2762 1928 2843">
    <p class='ocr_par' dir='ltr' id='par_1_31' title="bbox 352 2762 1928 2843">
     <span class='ocr_line' id='line_1_31' title="bbox 352 2762 1928 2843; baseline 0.007 -27"><span class='ocrx_word' id='word_1_195' title='bbox 352 2775 533 2832; x_wconf 90' lang='lat' dir='ltr'><strong>regem</strong></span> <span class='ocrx_word' id='word_1_196' title='bbox 583 2762 936 2819; x_wconf 83' lang='lat' dir='ltr'><strong>Macedonum</strong></span> <span class='ocrx_word' id='word_1_197' title='bbox 988 2764 1377 2822; x_wconf 84' lang='lat' dir='ltr'><strong>Alexandrum.</strong></span> <span class='ocrx_word' id='word_1_198' title='bbox 1438 2766 1753 2826; x_wconf 88' lang='lat' dir='ltr'><strong>Commotus</strong></span> <span class='ocrx_word' id='word_1_199' title='bbox 1797 2786 1928 2843; x_wconf 88' lang='lat' dir='ltr'><strong>ergo</strong></span> 
     </span>
    </p>
   </div>
   <div class='ocr_carea' id='block_1_32' title="bbox 349 2851 1928 2921">
    <p class='ocr_par' dir='ltr' id='par_1_32' title="bbox 349 2851 1928 2921">
     <span class='ocr_line' id='line_1_32' title="bbox 349 2851 1928 2921; baseline 0.008 -17"><span class='ocrx_word' id='word_1_200' title='bbox 349 2851 627 2921; x_wconf 83' lang='lat' dir='ltr'><strong>egreditur</strong></span> <span class='ocrx_word' id='word_1_201' title='bbox 648 2861 838 2911; x_wconf 90' lang='lat' dir='ltr'><strong>contra</strong></span> <span class='ocrx_word' id='word_1_202' title='bbox 866 2852 1182 2910; x_wconf 86' lang='lat' dir='ltr'><strong>Elimaidam</strong></span> <span class='ocrx_word' id='word_1_203' title='bbox 1201 2895 1217 2919; x_wconf 93' lang='lat'><strong>,</strong></span> <span class='ocrx_word' id='word_1_204' title='bbox 1256 2863 1307 2910; x_wconf 91' lang='lat' dir='ltr'><strong>et</strong></span> <span class='ocrx_word' id='word_1_205' title='bbox 1335 2857 1618 2913; x_wconf 87' lang='lat' dir='ltr'><strong>obsidebat</strong></span> <span class='ocrx_word' id='word_1_206' title='bbox 1647 2874 1767 2914; x_wconf 89' lang='lat' dir='ltr'><strong>eam</strong></span> <span class='ocrx_word' id='word_1_207' title='bbox 1802 2879 1815 2914; x_wconf 91' lang='lat'>:</span> <span class='ocrx_word' id='word_1_208' title='bbox 1844 2861 1928 2916; x_wconf 87' lang='lat' dir='ltr'><strong>his</strong></span> 
     </span>
    </p>
   </div>
   <div class='ocr_carea' id='block_1_33' title="bbox 347 2939 1927 3020">
    <p class='ocr_par' dir='ltr' id='par_1_33' title="bbox 347 2939 1927 3020">
     <span class='ocr_line' id='line_1_33' title="bbox 347 2939 1927 3020; baseline 0.008 -28"><span class='ocrx_word' id='word_1_209' title='bbox 347 2950 479 2993; x_wconf 88' lang='lat' dir='ltr'><strong>vero</strong></span> <span class='ocrx_word' id='word_1_210' title='bbox 505 2939 598 3009; x_wconf 92' lang='lat' dir='ltr'><strong>qui</strong></span> <span class='ocrx_word' id='word_1_211' title='bbox 647 2939 703 2994; x_wconf 91' lang='lat' dir='ltr'><strong>in</strong></span> <span class='ocrx_word' id='word_1_212' title='bbox 747 2954 810 2995; x_wconf 91' lang='lat' dir='ltr'><strong>ea</strong></span> <span class='ocrx_word' id='word_1_213' title='bbox 854 2949 1012 2997; x_wconf 88' lang='lat' dir='ltr'><strong>erant</strong></span> <span class='ocrx_word' id='word_1_214' title='bbox 1058 2942 1279 2999; x_wconf 90' lang='lat' dir='ltr'><strong>minime</strong></span> <span class='ocrx_word' id='word_1_215' title='bbox 1309 2945 1512 3001; x_wconf 88' lang='lat' dir='ltr'><strong>territis</strong></span> <span class='ocrx_word' id='word_1_216' title='bbox 1561 2947 1765 3018; x_wconf 86' lang='lat' dir='ltr'><strong>impetu</strong></span> <span class='ocrx_word' id='word_1_217' title='bbox 1810 2949 1927 3020; x_wconf 83' lang='lat' dir='ltr'><strong>ejus</strong></span> 
     </span>
    </p>
   </div>
   <div class='ocr_carea' id='block_1_34' title="bbox 352 3028 1923 3111">
    <p class='ocr_par' dir='ltr' id='par_1_34' title="bbox 352 3028 1923 3111">
     <span class='ocr_line' id='line_1_34' title="bbox 352 3028 1923 3111; baseline 0.01 -30"><span class='ocrx_word' id='word_1_218' title='bbox 352 3040 529 3098; x_wconf 89' lang='lat' dir='ltr'><strong>neque</strong></span> <span class='ocrx_word' id='word_1_219' title='bbox 575 3028 916 3097; x_wconf 83' lang='lat' dir='ltr'><strong>obsessione,</strong></span> <span class='ocrx_word' id='word_1_220' title='bbox 958 3032 1055 3088; x_wconf 89' lang='lat' dir='ltr'><strong>sed</strong></span> <span class='ocrx_word' id='word_1_221' title='bbox 1085 3034 1442 3103; x_wconf 85' lang='lat' dir='ltr'><strong>pertinaciter</strong></span> <span class='ocrx_word' id='word_1_222' title='bbox 1478 3040 1923 3111; x_wconf 75' lang='lat' dir='ltr'><strong>repugnantibus,</strong></span> 
     </span>
    </p>
   </div>
   <div class='ocr_carea' id='block_1_35' title="bbox 2029 505 3608 576">
    <p class='ocr_par' dir='ltr' id='par_1_35' title="bbox 2029 505 3608 576">
     <span class='ocr_line' id='line_1_35' title="bbox 2029 505 3608 576; baseline 0.003 -15"><span class='ocrx_word' id='word_1_223' title='bbox 2029 515 2091 563; x_wconf 89' lang='lat' dir='ltr'><strong>ut</strong></span> <span class='ocrx_word' id='word_1_224' title='bbox 2143 521 2247 570; x_wconf 85' lang='lat' dir='ltr'><strong>nec</strong></span> <span class='ocrx_word' id='word_1_225' title='bbox 2290 505 2418 561; x_wconf 90' lang='lat' dir='ltr'><strong>illud</strong></span> <span class='ocrx_word' id='word_1_226' title='bbox 2456 505 2600 576; x_wconf 89' lang='lat' dir='ltr'><strong>quod</strong></span> <span class='ocrx_word' id='word_1_227' title='bbox 2644 506 2698 560; x_wconf 92' lang='lat' dir='ltr'><strong>in</strong></span> <span class='ocrx_word' id='word_1_228' title='bbox 2736 505 3129 576; x_wconf 90' lang='lat' dir='ltr'><strong>posterioribus</strong></span> <span class='ocrx_word' id='word_1_229' title='bbox 3165 505 3233 560; x_wconf 87' lang='lat' dir='ltr'><strong>de</strong></span> <span class='ocrx_word' id='word_1_230' title='bbox 3267 522 3408 563; x_wconf 68' lang='lat' dir='ltr'><strong>arcte</strong></span> <span class='ocrx_word' id='word_1_231' title='bbox 3435 518 3491 565; x_wconf 92' lang='lat' dir='ltr'><strong>et</strong></span> <span class='ocrx_word' id='word_1_232' title='bbox 3525 520 3608 566; x_wconf 84' lang='lat' dir='ltr'><strong>ta-</strong></span> 
     </span>
    </p>
   </div>
   <div class='ocr_carea' id='block_1_36' title="bbox 2025 593 3605 665">
    <p class='ocr_par' dir='ltr' id='par_1_36' title="bbox 2025 593 3605 665">
     <span class='ocr_line' id='line_1_36' title="bbox 2025 593 3605 665; baseline 0.004 -15"><span class='ocrx_word' id='word_1_233' title='bbox 2025 593 2303 651; x_wconf 84' lang='lat' dir='ltr'><strong>bernaculi</strong></span> <span class='ocrx_word' id='word_1_234' title='bbox 2333 595 2688 653; x_wconf 85' lang='lat' dir='ltr'><strong>abseonsione</strong></span> <span class='ocrx_word' id='word_1_235' title='bbox 2714 609 2812 665; x_wconf 90' lang='lat' dir='ltr'><strong>per</strong></span> <span class='ocrx_word' id='word_1_236' title='bbox 2837 593 3126 651; x_wconf 90' lang='lat' dir='ltr'><strong>Ieremiam</strong></span> <span class='ocrx_word' id='word_1_237' title='bbox 3154 607 3426 663; x_wconf 88' lang='lat' dir='ltr'><strong>asserunt,</strong></span> <span class='ocrx_word' id='word_1_238' title='bbox 3457 601 3605 657; x_wconf 84' lang='lat' dir='ltr'><strong>nullo</strong></span> 
     </span>
    </p>
   </div>
   <div class='ocr_carea' id='block_1_37' title="bbox 2027 683 3595 762">
    <p class='ocr_par' dir='ltr' id='par_1_37' title="bbox 2027 683 3595 762">
     <span class='ocr_line' id='line_1_37' title="bbox 2027 683 3595 762; baseline 0.003 -23"><span class='ocrx_word' id='word_1_239' title='bbox 2027 684 2187 739; x_wconf 87' lang='lat' dir='ltr'><strong>modo</strong></span> <span class='ocrx_word' id='word_1_240' title='bbox 2216 684 2271 740; x_wconf 93' lang='lat' dir='ltr'><strong>in</strong></span> <span class='ocrx_word' id='word_1_241' title='bbox 2312 684 2480 757; x_wconf 90' lang='lat' dir='ltr'><strong>ipsius</strong></span> <span class='ocrx_word' id='word_1_242' title='bbox 2503 683 2755 741; x_wconf 72' lang='lat' dir='ltr'><strong>Ieremia:</strong></span> <span class='ocrx_word' id='word_1_243' title='bbox 2779 683 2917 749; x_wconf 89' lang='lat' dir='ltr'><strong>libro</strong></span> <span class='ocrx_word' id='word_1_244' title='bbox 2956 685 3218 756; x_wconf 87' lang='lat' dir='ltr'><strong>scriptum</strong></span> <span class='ocrx_word' id='word_1_245' title='bbox 3249 687 3478 743; x_wconf 88' lang='lat' dir='ltr'><strong>inveniri</strong></span> <span class='ocrx_word' id='word_1_246' title='bbox 3507 705 3595 762; x_wconf 69' lang='lat' dir='ltr'><strong>po.</strong></span> 
     </span>
    </p>
   </div>
   <div class='ocr_carea' id='block_1_38' title="bbox 2026 774 3605 847">
    <p class='ocr_par' dir='ltr' id='par_1_38' title="bbox 2026 774 3605 847">
     <span class='ocr_line' id='line_1_38' title="bbox 2026 774 3605 847; baseline 0.006 -19"><span class='ocrx_word' id='word_1_247' title='bbox 2026 780 2152 831; x_wconf 86' lang='lat' dir='ltr'><strong>test.</strong></span> <span class='ocrx_word' id='word_1_248' title='bbox 2206 774 2359 831; x_wconf 86' lang='lat' dir='ltr'><strong>Unde</strong></span> <span class='ocrx_word' id='word_1_249' title='bbox 2398 783 2613 830; x_wconf 87' lang='lat' dir='ltr'><strong>constat</strong></span> <span class='ocrx_word' id='word_1_250' title='bbox 2660 776 2765 830; x_wconf 89' lang='lat' dir='ltr'><strong>hoc</strong></span> <span class='ocrx_word' id='word_1_251' title='bbox 2805 775 2924 830; x_wconf 90' lang='lat' dir='ltr'><strong>illos</strong></span> <span class='ocrx_word' id='word_1_252' title='bbox 2955 784 3048 830; x_wconf 90' lang='lat' dir='ltr'><strong>aut</strong></span> <span class='ocrx_word' id='word_1_253' title='bbox 3080 777 3345 847; x_wconf 86' lang='lat' dir='ltr'><strong>majorum</strong></span> <span class='ocrx_word' id='word_1_254' title='bbox 3386 795 3605 836; x_wconf 90' lang='lat' dir='ltr'><strong>suorum</strong></span> 
     </span>
    </p>
   </div>
   <div class='ocr_carea' id='block_1_39' title="bbox 2024 866 3610 939">
    <p class='ocr_par' dir='ltr' id='par_1_39' title="bbox 2024 866 3610 939">
     <span class='ocr_line' id='line_1_39' title="bbox 2024 866 3610 939; baseline 0.005 -17"><span class='ocrx_word' id='word_1_255' title='bbox 2024 867 2313 925; x_wconf 83' lang='lat' dir='ltr'><strong>traditione</strong></span> <span class='ocrx_word' id='word_1_256' title='bbox 2353 868 2627 934; x_wconf 89' lang='lat' dir='ltr'><strong>didicisse,</strong></span> <span class='ocrx_word' id='word_1_257' title='bbox 2661 866 2834 923; x_wconf 89' lang='lat' dir='ltr'><strong>autin</strong></span> <span class='ocrx_word' id='word_1_258' title='bbox 2872 870 3197 939; x_wconf 86' lang='lat' dir='ltr'><strong>apocryphis</strong></span> <span class='ocrx_word' id='word_1_259' title='bbox 3227 886 3413 926; x_wconf 90' lang='lat' dir='ltr'><strong>eorum</strong></span> <span class='ocrx_word' id='word_1_260' title='bbox 3457 873 3610 930; x_wconf 90' lang='lat' dir='ltr'><strong>libris</strong></span> 
     </span>
    </p>
   </div>
   <div class='ocr_carea' id='block_1_40' title="bbox 2024 958 3605 1030">
    <p class='ocr_par' dir='ltr' id='par_1_40' title="bbox 2024 958 3605 1030">
     <span class='ocr_line' id='line_1_40' title="bbox 2024 958 3605 1030; baseline 0.004 -17"><span class='ocrx_word' id='word_1_261' title='bbox 2024 966 2248 1013; x_wconf 82' lang='lat' dir='ltr'><strong>exarata</strong></span> <span class='ocrx_word' id='word_1_262' title='bbox 2271 959 2554 1029; x_wconf 83' lang='lat' dir='ltr'><strong>reperisse.</strong></span> <span class='ocrx_word' id='word_1_263' title='bbox 2600 958 2709 1014; x_wconf 88' lang='lat' dir='ltr'><strong>Nos</strong></span> <span class='ocrx_word' id='word_1_264' title='bbox 2743 974 2894 1030; x_wconf 88' lang='lat' dir='ltr'><strong>ergo,</strong></span> <span class='ocrx_word' id='word_1_265' title='bbox 2928 961 3072 1029; x_wconf 91' lang='lat' dir='ltr'><strong>quod</strong></span> <span class='ocrx_word' id='word_1_266' title='bbox 3104 961 3369 1019; x_wconf 89' lang='lat' dir='ltr'><strong>incertum</strong></span> <span class='ocrx_word' id='word_1_267' title='bbox 3395 972 3477 1018; x_wconf 89' lang='lat' dir='ltr'><strong>est</strong></span> <span class='ocrx_word' id='word_1_268' title='bbox 3501 978 3605 1019; x_wconf 92' lang='lat' dir='ltr'><strong>non</strong></span> 
     </span>
    </p>
   </div>
   <div class='ocr_carea' id='block_1_41' title="bbox 2024 1049 3608 1121">
    <p class='ocr_par' dir='ltr' id='par_1_41' title="bbox 2024 1049 3608 1121">
     <span class='ocr_line' id='line_1_41' title="bbox 2024 1049 3608 1121; baseline 0.005 -18"><span class='ocrx_word' id='word_1_269' title='bbox 2024 1049 2238 1105; x_wconf 87' lang='lat' dir='ltr'><strong>curiose</strong></span> <span class='ocrx_word' id='word_1_270' title='bbox 2284 1049 2643 1120; x_wconf 85' lang='lat' dir='ltr'><strong>inquirentes,</strong></span> <span class='ocrx_word' id='word_1_271' title='bbox 2692 1050 2759 1106; x_wconf 89' lang='lat' dir='ltr'><strong>ad</strong></span> <span class='ocrx_word' id='word_1_272' title='bbox 2797 1064 2862 1107; x_wconf 86' lang='lat' dir='ltr'><strong>ea</strong></span> <span class='ocrx_word' id='word_1_273' title='bbox 2888 1066 3008 1121; x_wconf 69' lang='lat' dir='ltr'><strong>qua:</strong></span> <span class='ocrx_word' id='word_1_274' title='bbox 3044 1060 3192 1107; x_wconf 87' lang='lat' dir='ltr'><strong>certa</strong></span> <span class='ocrx_word' id='word_1_275' title='bbox 3224 1056 3608 1111; x_wconf 77' lang='lat' dir='ltr'><strong>canonicorum</strong></span> 
     </span>
    </p>
   </div>
   <div class='ocr_carea' id='block_1_42' title="bbox 2024 1138 3607 1209">
    <p class='ocr_par' dir='ltr' id='par_1_42' title="bbox 2024 1138 3607 1209">
     <span class='ocr_line' id='line_1_42' title="bbox 2024 1138 3607 1209; baseline 0.006 -18"><span class='ocrx_word' id='word_1_276' title='bbox 2024 1138 2286 1195; x_wconf 88' lang='lat' dir='ltr'><strong>librorum</strong></span> <span class='ocrx_word' id='word_1_277' title='bbox 2308 1140 2659 1198; x_wconf 88' lang='lat' dir='ltr'><strong>attestatione</strong></span> <span class='ocrx_word' id='word_1_278' title='bbox 2678 1153 2803 1196; x_wconf 85' lang='lat' dir='ltr'><strong>esse</strong></span> <span class='ocrx_word' id='word_1_279' title='bbox 2831 1139 3178 1201; x_wconf 74' lang='lat' dir='ltr'><strong>manifestum</strong></span> <span class='ocrx_word' id='word_1_280' title='bbox 3204 1150 3307 1209; x_wconf 84' lang='lat' dir='ltr'><strong>est,</strong></span> <span class='ocrx_word' id='word_1_281' title='bbox 3337 1143 3607 1207; x_wconf 88' lang='lat' dir='ltr'><strong>calamum</strong></span> 
     </span>
    </p>
   </div>
   <div class='ocr_carea' id='block_1_43' title="bbox 2023 1238 2426 1303">
    <p class='ocr_par' dir='ltr' id='par_1_43' title="bbox 2023 1238 2426 1303">
     <span class='ocr_line' id='line_1_43' title="bbox 2023 1238 2426 1303; baseline 0 -16"><span class='ocrx_word' id='word_1_282' title='bbox 2023 1238 2426 1303; x_wconf 86' lang='lat' dir='ltr'><strong>convertamus.</strong></span> 
     </span>
    </p>
   </div>
   <div class='ocr_carea' id='block_1_44' title="bbox 2614 1360 2995 1421">
    <p class='ocr_par' dir='ltr' id='par_1_44' title="bbox 2614 1360 2995 1421">
     <span class='ocr_line' id='line_1_44' title="bbox 2614 1360 2995 1421; baseline 0.005 -2"><span class='ocrx_word' id='word_1_283' title='bbox 2614 1360 2845 1421; x_wconf 82' lang='lat' dir='ltr'><strong>CAPUT</strong></span> <span class='ocrx_word' id='word_1_284' title='bbox 2906 1364 2995 1421; x_wconf 87' lang='lat' dir='ltr'><strong>Ill.</strong></span> 
     </span>
    </p>
   </div>
   <div class='ocr_carea' id='block_1_45' title="bbox 2024 1494 3609 1570">
    <p class='ocr_par' dir='ltr' id='par_1_45' title="bbox 2024 1494 3609 1570">
     <span class='ocr_line' id='line_1_45' title="bbox 2024 1494 3609 1570; baseline 0.006 -21"><span class='ocrx_word' id='word_1_285' title='bbox 2024 1494 2269 1552; x_wconf 81' lang='lat' dir='ltr'><strong>Prodidit</strong></span> <span class='ocrx_word' id='word_1_286' title='bbox 2305 1496 2655 1570; x_wconf 29' lang='lat' dir='ltr'><strong>SimonAdoua</strong></span> <span class='ocrx_word' id='word_1_287' title='bbox 2689 1498 2864 1570; x_wconf 80' lang='lat' dir='ltr'><strong>templi</strong></span> <span class='ocrx_word' id='word_1_288' title='bbox 2907 1499 3047 1567; x_wconf 86' lang='lat' dir='ltr'><strong>Dei;</strong></span> <span class='ocrx_word' id='word_1_289' title='bbox 3083 1502 3310 1556; x_wconf 80' lang='lat' dir='ltr'><strong>mittitur</strong></span> <span class='ocrx_word' id='word_1_290' title='bbox 3354 1502 3609 1559; x_wconf 82' lang='lat' dir='ltr'><strong>Heliodo-</strong></span> 
     </span>
    </p>
   </div>
   <div class='ocr_carea' id='block_1_46' title="bbox 2095 1567 3609 1651">
    <p class='ocr_par' dir='ltr' id='par_1_46' title="bbox 2095 1567 3609 1651">
     <span class='ocr_line' id='line_1_46' title="bbox 2095 1567 3609 1651; baseline 0.005 -31"><span class='ocrx_word' id='word_1_291' title='bbox 2095 1582 2185 1651; x_wconf 38' lang='lat' dir='ltr'><strong>c‘us</strong></span> <span class='ocrx_word' id='word_1_292' title='bbox 2227 1575 2283 1648; x_wconf 73' lang='lat' dir='ltr'><strong>ut</strong></span> <span class='ocrx_word' id='word_1_293' title='bbox 2322 1584 2383 1622; x_wconf 87' lang='lat' dir='ltr'><strong>ea</strong></span> <span class='ocrx_word' id='word_1_294' title='bbox 2408 1567 2653 1651; x_wconf 60' lang='lat' dir='ltr'><strong>auferat;</strong></span> <span class='ocrx_word' id='word_1_295' title='bbox 2676 1567 2933 1651; x_wconf 68' lang='lat' dir='ltr'><strong>sacerdos</strong></span> <span class='ocrx_word' id='word_1_296' title='bbox 2946 1578 3004 1651; x_wconf 43' lang='lat' dir='ltr'><strong>et.</strong></span> <span class='ocrx_word' id='word_1_297' title='bbox 3013 1571 3240 1651; x_wconf 82' lang='lat' dir='ltr'><strong>populus</strong></span> <span class='ocrx_word' id='word_1_298' title='bbox 3262 1573 3609 1651; x_wconf 58' lang='lat' dir='ltr'><strong>deprecantur</strong></span> 
     </span>
    </p>
   </div>
   <div class='ocr_carea' id='block_1_47' title="bbox 2095 1634 3600 1708">
    <p class='ocr_par' dir='ltr' id='par_1_47' title="bbox 2095 1634 3600 1708">
     <span class='ocr_line' id='line_1_47' title="bbox 2095 1634 3600 1708; baseline 0.005 -19"><span class='ocrx_word' id='word_1_299' title='bbox 2095 1634 2491 1708; x_wconf 32' lang='lat' dir='ltr'><strong>Dominumhut&#39;</strong></span> <span class='ocrx_word' id='word_1_300' title='bbox 2537 1637 2773 1708; x_wconf 80' lang='lat' dir='ltr'><strong>deposita</strong></span> <span class='ocrx_word' id='word_1_301' title='bbox 2820 1634 3204 1695; x_wconf 71' lang='lat' dir='ltr'><strong>custodiantur.</strong></span> <span class='ocrx_word' id='word_1_302' title='bbox 3260 1634 3600 1708; x_wconf 74' lang='lat' dir='ltr'><strong>Heliodorus,</strong></span> 
     </span>
    </p>
   </div>
   <div class='ocr_carea' id='block_1_48' title="bbox 2095 1704 3611 1780">
    <p class='ocr_par' dir='ltr' id='par_1_48' title="bbox 2095 1704 3611 1780">
     <span class='ocr_line' id='line_1_48' title="bbox 2095 1704 3611 1780; baseline 0.005 -20"><span class='ocrx_word' id='word_1_303' title='bbox 2095 1704 2268 1780; x_wconf 77' lang='lat' dir='ltr'><strong>volens</strong></span> <span class='ocrx_word' id='word_1_304' title='bbox 2287 1704 2513 1776; x_wconf 83' lang='lat' dir='ltr'><strong>spoliare</strong></span> <span class='ocrx_word' id='word_1_305' title='bbox 2529 1704 2834 1780; x_wconf 59' lang='lat' dir='ltr'><strong>templum,</strong></span> <span class='ocrx_word' id='word_1_306' title='bbox 2853 1719 3119 1780; x_wconf 85' lang='lat' dir='ltr'><strong>correptus</strong></span> <span class='ocrx_word' id='word_1_307' title='bbox 3147 1720 3223 1767; x_wconf 85' lang='lat' dir='ltr'><strong>est</strong></span> <span class='ocrx_word' id='word_1_308' title='bbox 3248 1730 3268 1769; x_wconf 91' lang='lat'><strong><em>:</em></strong></span> <span class='ocrx_word' id='word_1_309' title='bbox 3298 1710 3554 1767; x_wconf 80' lang='lat' dir='ltr'><strong>liberatur</strong></span> <span class='ocrx_word' id='word_1_310' title='bbox 3577 1704 3611 1767; x_wconf 66' lang='grc' dir='ltr'><strong>ἐι</strong></span> 
     </span>
    </p>
   </div>
   <div class='ocr_carea' id='block_1_49' title="bbox 2092 1773 3006 1845">
    <p class='ocr_par' dir='ltr' id='par_1_49' title="bbox 2092 1773 3006 1845">
     <span class='ocr_line' id='line_1_49' title="bbox 2092 1773 3006 1845; baseline 0.007 -18"><span class='ocrx_word' id='word_1_311' title='bbox 2092 1773 2248 1845; x_wconf 86' lang='lat' dir='ltr'><strong>plaga</strong></span> <span class='ocrx_word' id='word_1_312' title='bbox 2283 1773 2375 1845; x_wconf 81' lang='lat' dir='ltr'><strong>per</strong></span> <span class='ocrx_word' id='word_1_313' title='bbox 2402 1773 2721 1845; x_wconf 78' lang='lat' dir='ltr'><strong>sacriﬁcium</strong></span> <span class='ocrx_word' id='word_1_314' title='bbox 2750 1773 3006 1834; x_wconf 67' lang='lat' dir='ltr'><strong>oblatum.</strong></span> 
     </span>
    </p>
   </div>
   <div class='ocr_carea' id='block_1_50' title="bbox 2095 1948 3610 2034">
    <p class='ocr_par' dir='ltr' id='par_1_50' title="bbox 2095 1948 3610 2034">
     <span class='ocr_line' id='line_1_50' title="bbox 2095 1948 3610 2034; baseline 0.011 -30"><span class='ocrx_word' id='word_1_315' title='bbox 2095 1948 2273 2022; x_wconf 73' lang='lat' dir='ltr'><strong>Igitur</strong></span> <span class='ocrx_word' id='word_1_316' title='bbox 2295 1967 2413 2006; x_wconf 84' lang='lat' dir='ltr'><strong>cum</strong></span> <span class='ocrx_word' id='word_1_317' title='bbox 2442 1962 2629 2008; x_wconf 79' lang='lat' dir='ltr'><strong>saneta</strong></span> <span class='ocrx_word' id='word_1_318' title='bbox 2656 1954 2837 2010; x_wconf 78' lang='lat' dir='ltr'><strong>ciuitas</strong></span> <span class='ocrx_word' id='word_1_319' title='bbox 2868 1955 3194 2013; x_wconf 82' lang='lat' dir='ltr'><strong>habitaretur</strong></span> <span class='ocrx_word' id='word_1_320' title='bbox 3218 1959 3270 2014; x_wconf 84' lang='lat' dir='ltr'><strong>in</strong></span> <span class='ocrx_word' id='word_1_321' title='bbox 3297 1963 3439 2017; x_wconf 83' lang='lat' dir='ltr'><strong>omni</strong></span> <span class='ocrx_word' id='word_1_322' title='bbox 3464 1981 3610 2034; x_wconf 86' lang='lat' dir='ltr'><strong>pace,</strong></span> 
     </span>
    </p>
   </div>
   <div class='ocr_carea' id='block_1_51' title="bbox 2023 2038 3612 2122">
    <p class='ocr_par' dir='ltr' id='par_1_51' title="bbox 2023 2038 3612 2122">
     <span class='ocr_line' id='line_1_51' title="bbox 2023 2038 3612 2122; baseline 0.01 -29"><span class='ocrx_word' id='word_1_323' title='bbox 2023 2045 2130 2094; x_wconf 88' lang='lat' dir='ltr'><strong>etc.</strong></span> <span class='ocrx_word' id='word_1_324' title='bbox 2158 2038 2328 2107; x_wconf 78' lang='lat' dir='ltr'><strong>Igitur</strong></span> <span class='ocrx_word' id='word_1_325' title='bbox 2351 2041 2477 2111; x_wconf 88' lang='lat' dir='ltr'><strong>quia</strong></span> <span class='ocrx_word' id='word_1_326' title='bbox 2507 2043 2642 2098; x_wconf 89' lang='lat' dir='ltr'><strong>varii</strong></span> <span class='ocrx_word' id='word_1_327' title='bbox 2672 2044 2771 2099; x_wconf 90' lang='lat' dir='ltr'><strong>sub</strong></span> <span class='ocrx_word' id='word_1_328' title='bbox 2796 2044 3026 2103; x_wconf 74' lang='lat' dir='ltr'><strong>diversis</strong></span> <span class='ocrx_word' id='word_1_329' title='bbox 3046 2048 3264 2119; x_wconf 79' lang='lat' dir='ltr'><strong>regibus</strong></span> <span class='ocrx_word' id='word_1_330' title='bbox 3292 2060 3449 2107; x_wconf 88' lang='lat' dir='ltr'><strong>erant</strong></span> <span class='ocrx_word' id='word_1_331' title='bbox 3472 2069 3612 2122; x_wconf 86' lang='lat' dir='ltr'><strong>pon-</strong></span> 
     </span>
    </p>
   </div>
   <div class='ocr_carea' id='block_1_52' title="bbox 2026 2129 3611 2211">
    <p class='ocr_par' dir='ltr' id='par_1_52' title="bbox 2026 2129 3611 2211">
     <span class='ocr_line' id='line_1_52' title="bbox 2026 2129 3611 2211; baseline 0.009 -27"><span class='ocrx_word' id='word_1_332' title='bbox 2026 2129 2221 2193; x_wconf 90' lang='lat' dir='ltr'><strong>tiﬁces,</strong></span> <span class='ocrx_word' id='word_1_333' title='bbox 2257 2133 2623 2188; x_wconf 87' lang='lat' dir='ltr'><strong>necessarium</strong></span> <span class='ocrx_word' id='word_1_334' title='bbox 2657 2134 3019 2203; x_wconf 88' lang='lat' dir='ltr'><strong>judicavimus</strong></span> <span class='ocrx_word' id='word_1_335' title='bbox 3059 2136 3215 2211; x_wconf 84' lang='lat' dir='ltr'><strong>juxta</strong></span> <span class='ocrx_word' id='word_1_336' title='bbox 3246 2144 3611 2199; x_wconf 88' lang='lat' dir='ltr'><strong>narrationem</strong></span> 
     </span>
    </p>
   </div>
   <div class='ocr_carea' id='block_1_53' title="bbox 2026 2223 3615 2303">
    <p class='ocr_par' dir='ltr' id='par_1_53' title="bbox 2026 2223 3615 2303">
     <span class='ocr_line' id='line_1_53' title="bbox 2026 2223 3615 2303; baseline 0.007 -26"><span class='ocrx_word' id='word_1_337' title='bbox 2026 2223 2584 2296; x_wconf 84' lang='lat' dir='ltr'><strong>historiographorum</strong></span> <span class='ocrx_word' id='word_1_338' title='bbox 2616 2228 2834 2282; x_wconf 87' lang='lat' dir='ltr'><strong>nomina</strong></span> <span class='ocrx_word' id='word_1_339' title='bbox 2863 2229 3095 2285; x_wconf 89' lang='lat' dir='ltr'><strong>recitare</strong></span> <span class='ocrx_word' id='word_1_340' title='bbox 3119 2230 3333 2287; x_wconf 90' lang='lat' dir='ltr'><strong>illorum</strong></span> <span class='ocrx_word' id='word_1_341' title='bbox 3358 2233 3447 2301; x_wconf 91' lang='lat' dir='ltr'><strong>qui</strong></span> <span class='ocrx_word' id='word_1_342' title='bbox 3483 2249 3615 2303; x_wconf 91' lang='lat' dir='ltr'><strong>pon-</strong></span> 
     </span>
    </p>
   </div>
   <div class='ocr_carea' id='block_1_54' title="bbox 2026 2312 3617 2387">
    <p class='ocr_par' dir='ltr' id='par_1_54' title="bbox 2026 2312 3617 2387">
     <span class='ocr_line' id='line_1_54' title="bbox 2026 2312 3617 2387; baseline 0.006 -20"><span class='ocrx_word' id='word_1_343' title='bbox 2026 2312 2287 2369; x_wconf 84' lang='lat' dir='ltr'><strong>tiﬁcatum</strong></span> <span class='ocrx_word' id='word_1_344' title='bbox 2318 2330 2505 2387; x_wconf 86' lang='lat' dir='ltr'><strong>regum</strong></span> <span class='ocrx_word' id='word_1_345' title='bbox 2548 2319 2883 2387; x_wconf 89' lang='lat' dir='ltr'><strong>temporibus</strong></span> <span class='ocrx_word' id='word_1_346' title='bbox 2909 2320 3233 2386; x_wconf 87' lang='lat' dir='ltr'><strong>habuerunt,</strong></span> <span class='ocrx_word' id='word_1_347' title='bbox 3278 2336 3380 2376; x_wconf 91' lang='lat' dir='ltr'><strong>nec</strong></span> <span class='ocrx_word' id='word_1_348' title='bbox 3421 2338 3527 2376; x_wconf 88' lang='lat' dir='ltr'><strong>non</strong></span> <span class='ocrx_word' id='word_1_349' title='bbox 3560 2331 3617 2377; x_wconf 89' lang='lat' dir='ltr'><strong>et</strong></span> 
     </span>
    </p>
   </div>
   <div class='ocr_carea' id='block_1_55' title="bbox 1976 2403 3614 2482">
    <p class='ocr_par' dir='ltr' id='par_1_55' title="bbox 1976 2403 3614 2482">
     <span class='ocr_line' id='line_1_55' title="bbox 1976 2403 3614 2482; baseline 0.005 -24"><span class='ocrx_word' id='word_1_350' title='bbox 1976 2438 1983 2445; x_wconf 90' lang='lat'><em>-</em></span> <span class='ocrx_word' id='word_1_351' title='bbox 2026 2416 2212 2459; x_wconf 90' lang='lat' dir='ltr'><strong>eorum</strong></span> <span class='ocrx_word' id='word_1_352' title='bbox 2239 2403 2331 2474; x_wconf 87' lang='lat' dir='ltr'><strong>qui</strong></span> <span class='ocrx_word' id='word_1_353' title='bbox 2358 2413 2480 2476; x_wconf 91' lang='lat' dir='ltr'><strong>post</strong></span> <span class='ocrx_word' id='word_1_354' title='bbox 2514 2407 2879 2477; x_wconf 82' lang='lat' dir='ltr'><strong>captivitatem</strong></span> <span class='ocrx_word' id='word_1_355' title='bbox 2920 2407 3226 2480; x_wconf 71' lang='lat' dir='ltr'><strong>Babyloniae</strong></span> <span class='ocrx_word' id='word_1_356' title='bbox 3253 2411 3306 2467; x_wconf 91' lang='lat' dir='ltr'><strong>in</strong></span> <span class='ocrx_word' id='word_1_357' title='bbox 3333 2421 3491 2482; x_wconf 85' lang='lat' dir='ltr'><strong>gente</strong></span> <span class='ocrx_word' id='word_1_358' title='bbox 3518 2410 3614 2467; x_wconf 89' lang='lat' dir='ltr'><strong>Ju-</strong></span> 
     </span>
    </p>
   </div>
   <div class='ocr_carea' id='block_1_56' title="bbox 2027 2493 3605 2569">
    <p class='ocr_par' dir='ltr' id='par_1_56' title="bbox 2027 2493 3605 2569">
     <span class='ocr_line' id='line_1_56' title="bbox 2027 2493 3605 2569; baseline 0.004 -20"><span class='ocrx_word' id='word_1_359' title='bbox 2027 2493 2140 2549; x_wconf 81' lang='lat' dir='ltr'><strong>daca</strong></span> <span class='ocrx_word' id='word_1_360' title='bbox 2169 2493 2405 2560; x_wconf 84' lang='lat' dir='ltr'><strong>fuerunt,</strong></span> <span class='ocrx_word' id='word_1_361' title='bbox 2437 2502 2498 2550; x_wconf 89' lang='lat' dir='ltr'><strong>ut</strong></span> <span class='ocrx_word' id='word_1_362' title='bbox 2522 2510 2587 2551; x_wconf 89' lang='lat' dir='ltr'><strong>ea</strong></span> <span class='ocrx_word' id='word_1_363' title='bbox 2610 2496 2809 2552; x_wconf 90' lang='lat' dir='ltr'><strong>clarior</strong></span> <span class='ocrx_word' id='word_1_364' title='bbox 2833 2507 3091 2569; x_wconf 83' lang='lat' dir='ltr'><strong>appareat</strong></span> <span class='ocrx_word' id='word_1_365' title='bbox 3120 2500 3360 2555; x_wconf 78' lang='lat' dir='ltr'><strong>historim</strong></span> <span class='ocrx_word' id='word_1_366' title='bbox 3383 2501 3605 2557; x_wconf 87' lang='lat' dir='ltr'><strong>veritas.</strong></span> 
     </span>
    </p>
   </div>
   <div class='ocr_carea' id='block_1_57' title="bbox 2028 2581 3612 2660">
    <p class='ocr_par' dir='ltr' id='par_1_57' title="bbox 2028 2581 3612 2660">
     <span class='ocr_line' id='line_1_57' title="bbox 2028 2581 3612 2660; baseline 0.006 -24"><span class='ocrx_word' id='word_1_367' title='bbox 2028 2581 2243 2641; x_wconf 83' lang='lat' dir='ltr'><strong>Primus</strong></span> <span class='ocrx_word' id='word_1_368' title='bbox 2285 2585 2547 2655; x_wconf 88' lang='lat' dir='ltr'><strong>siquidem</strong></span> <span class='ocrx_word' id='word_1_369' title='bbox 2593 2585 2805 2641; x_wconf 85' lang='lat' dir='ltr'><strong>Sadoch</strong></span> <span class='ocrx_word' id='word_1_370' title='bbox 2842 2586 3084 2657; x_wconf 84' lang='lat' dir='ltr'><strong>pontifex</strong></span> <span class='ocrx_word' id='word_1_371' title='bbox 3115 2586 3215 2642; x_wconf 83' lang='lat' dir='ltr'><strong>fuit</strong></span> <span class='ocrx_word' id='word_1_372' title='bbox 3257 2588 3437 2658; x_wconf 89' lang='lat' dir='ltr'><strong>templi</strong></span> <span class='ocrx_word' id='word_1_373' title='bbox 3468 2590 3612 2660; x_wconf 88' lang='lat' dir='ltr'><strong>quod</strong></span> 
     </span>
    </p>
   </div>
   <div class='ocr_carea' id='block_1_58' title="bbox 2029 2671 3615 2746">
    <p class='ocr_par' dir='ltr' id='par_1_58' title="bbox 2029 2671 3615 2746">
     <span class='ocr_line' id='line_1_58' title="bbox 2029 2671 3615 2746; baseline 0.005 -19"><span class='ocrx_word' id='word_1_374' title='bbox 2029 2671 2283 2729; x_wconf 89' lang='lat' dir='ltr'><strong>Salomon</strong></span> <span class='ocrx_word' id='word_1_375' title='bbox 2313 2675 2629 2742; x_wconf 63' lang='lat' dir='ltr'><strong>aediﬁcavit;</strong></span> <span class='ocrx_word' id='word_1_376' title='bbox 2666 2684 2787 2746; x_wconf 90' lang='lat' dir='ltr'><strong>post</strong></span> <span class='ocrx_word' id='word_1_377' title='bbox 2815 2693 2937 2733; x_wconf 92' lang='lat' dir='ltr'><strong>eum</strong></span> <span class='ocrx_word' id='word_1_378' title='bbox 2964 2693 3093 2733; x_wconf 90' lang='lat' dir='ltr'><strong>vero</strong></span> <span class='ocrx_word' id='word_1_379' title='bbox 3128 2677 3437 2743; x_wconf 85' lang='lat' dir='ltr'><strong>Achimaas,</strong></span> <span class='ocrx_word' id='word_1_380' title='bbox 3472 2678 3615 2735; x_wconf 83' lang='lat' dir='ltr'><strong>ﬁlius</strong></span> 
     </span>
    </p>
   </div>
   <div class='ocr_carea' id='block_1_59' title="bbox 2028 2759 3607 2835">
    <p class='ocr_par' dir='ltr' id='par_1_59' title="bbox 2028 2759 3607 2835">
     <span class='ocr_line' id='line_1_59' title="bbox 2028 2759 3607 2835; baseline 0.004 -21"><span class='ocrx_word' id='word_1_381' title='bbox 2028 2759 2166 2830; x_wconf 87' lang='lat' dir='ltr'><strong>ejus,</strong></span> <span class='ocrx_word' id='word_1_382' title='bbox 2194 2762 2248 2815; x_wconf 93' lang='lat' dir='ltr'><strong>in</strong></span> <span class='ocrx_word' id='word_1_383' title='bbox 2275 2764 2535 2817; x_wconf 88' lang='lat' dir='ltr'><strong>honorem</strong></span> <span class='ocrx_word' id='word_1_384' title='bbox 2562 2766 2849 2831; x_wconf 86' lang='lat' dir='ltr'><strong>successit;</strong></span> <span class='ocrx_word' id='word_1_385' title='bbox 2874 2774 2997 2835; x_wconf 90' lang='lat' dir='ltr'><strong>post</strong></span> <span class='ocrx_word' id='word_1_386' title='bbox 3025 2766 3167 2821; x_wconf 89' lang='lat' dir='ltr'><strong>hunc</strong></span> <span class='ocrx_word' id='word_1_387' title='bbox 3197 2773 3374 2822; x_wconf 88' lang='lat' dir='ltr'><strong>autem</strong></span> <span class='ocrx_word' id='word_1_388' title='bbox 3403 2765 3607 2832; x_wconf 88' lang='lat' dir='ltr'><strong>Ioram,</strong></span> 
     </span>
    </p>
   </div>
   <div class='ocr_carea' id='block_1_60' title="bbox 2028 2854 3611 2926">
    <p class='ocr_par' dir='ltr' id='par_1_60' title="bbox 2028 2854 3611 2926">
     <span class='ocr_line' id='line_1_60' title="bbox 2028 2854 3611 2926; baseline 0.003 -20"><span class='ocrx_word' id='word_1_389' title='bbox 2028 2863 2084 2906; x_wconf 89' lang='lat' dir='ltr'><strong>et</strong></span> <span class='ocrx_word' id='word_1_390' title='bbox 2112 2861 2231 2922; x_wconf 89' lang='lat' dir='ltr'><strong>post</strong></span> <span class='ocrx_word' id='word_1_391' title='bbox 2256 2868 2379 2908; x_wconf 91' lang='lat' dir='ltr'><strong>cum</strong></span> <span class='ocrx_word' id='word_1_392' title='bbox 2406 2854 2792 2910; x_wconf 74' lang='lat' dir='ltr'><strong>Anxidranius.</strong></span> <span class='ocrx_word' id='word_1_393' title='bbox 2823 2856 3027 2911; x_wconf 83' lang='lat' dir='ltr'><strong>Deinde</strong></span> <span class='ocrx_word' id='word_1_394' title='bbox 3050 2854 3235 2922; x_wconf 88' lang='lat' dir='ltr'><strong>Iudas,</strong></span> <span class='ocrx_word' id='word_1_395' title='bbox 3272 2865 3395 2926; x_wconf 88' lang='lat' dir='ltr'><strong>post</strong></span> <span class='ocrx_word' id='word_1_396' title='bbox 3419 2855 3611 2912; x_wconf 88' lang='lat' dir='ltr'><strong>Iudam</strong></span> 
     </span>
    </p>
   </div>
   <div class='ocr_carea' id='block_1_61' title="bbox 2028 2941 3617 3017">
    <p class='ocr_par' dir='ltr' id='par_1_61' title="bbox 2028 2941 3617 3017">
     <span class='ocr_line' id='line_1_61' title="bbox 2028 2941 3617 3017; baseline 0.003 -21"><span class='ocrx_word' id='word_1_397' title='bbox 2028 2957 2158 2997; x_wconf 87' lang='lat' dir='ltr'><strong>vero</strong></span> <span class='ocrx_word' id='word_1_398' title='bbox 2201 2942 2430 2998; x_wconf 89' lang='lat' dir='ltr'><strong>Sudeus.</strong></span> <span class='ocrx_word' id='word_1_399' title='bbox 2454 2941 2585 2998; x_wconf 83' lang='lat' dir='ltr'><strong>Post</strong></span> <span class='ocrx_word' id='word_1_400' title='bbox 2610 2944 2753 2999; x_wconf 87' lang='lat' dir='ltr'><strong>hunc</strong></span> <span class='ocrx_word' id='word_1_401' title='bbox 2782 2944 2972 3017; x_wconf 80' lang='lat' dir='ltr'><strong>Hylas,</strong></span> <span class='ocrx_word' id='word_1_402' title='bbox 3010 2943 3146 3015; x_wconf 82' lang='lat' dir='ltr'><strong>llon</strong></span> <span class='ocrx_word' id='word_1_403' title='bbox 3179 2960 3308 2999; x_wconf 88' lang='lat' dir='ltr'><strong>vero</strong></span> <span class='ocrx_word' id='word_1_404' title='bbox 3352 2948 3617 3001; x_wconf 87' lang='lat' dir='ltr'><strong>successit</strong></span> 
     </span>
    </p>
   </div>
   <div class='ocr_carea' id='block_1_62' title="bbox 2026 3029 3614 3098">
    <p class='ocr_par' dir='ltr' id='par_1_62' title="bbox 2026 3029 3614 3098">
     <span class='ocr_line' id='line_1_62' title="bbox 2026 3029 3614 3098; baseline 0.003 -11"><span class='ocrx_word' id='word_1_405' title='bbox 2026 3029 2280 3089; x_wconf 85' lang='lat' dir='ltr'><strong>Ioatham</strong></span> <span class='ocrx_word' id='word_1_406' title='bbox 2308 3051 2320 3087; x_wconf 89' lang='lat'><strong>:</strong></span> <span class='ocrx_word' id='word_1_407' title='bbox 2350 3041 2459 3089; x_wconf 92' lang='lat' dir='ltr'><strong>tum</strong></span> <span class='ocrx_word' id='word_1_408' title='bbox 2492 3050 2681 3089; x_wconf 89' lang='lat' dir='ltr'><strong>rursus</strong></span> <span class='ocrx_word' id='word_1_409' title='bbox 2706 3035 2882 3098; x_wconf 81' lang='lat' dir='ltr'><strong>Urius,</strong></span> <span class='ocrx_word' id='word_1_410' title='bbox 2919 3034 3063 3091; x_wconf 72' lang='lat' dir='ltr'><strong>Urize</strong></span> <span class='ocrx_word' id='word_1_411' title='bbox 3087 3051 3217 3090; x_wconf 88' lang='lat' dir='ltr'><strong>vero</strong></span> <span class='ocrx_word' id='word_1_412' title='bbox 3243 3035 3454 3092; x_wconf 85' lang='lat' dir='ltr'><strong>Nerias.</strong></span> <span class='ocrx_word' id='word_1_413' title='bbox 3483 3036 3614 3092; x_wconf 83' lang='lat' dir='ltr'><strong>Post</strong></span> 
     </span>
    </p>
   </div>
   <div class='ocr_carea' id='block_1_63' title="bbox 348 3101 3611 3191">
    <p class='ocr_par' dir='ltr' id='par_1_63' title="bbox 348 3101 3611 3191">
     <span class='ocr_line' id='line_1_63' title="bbox 348 3101 3611 3191; baseline 0.003 -17"><span class='ocrx_word' id='word_1_414' title='bbox 348 3132 444 3189; x_wconf 85' lang='lat' dir='ltr'><strong>spe</strong></span> <span class='ocrx_word' id='word_1_415' title='bbox 478 3119 737 3191; x_wconf 85' lang='lat' dir='ltr'><strong>deceptus</strong></span> <span class='ocrx_word' id='word_1_416' title='bbox 777 3121 1026 3177; x_wconf 87' lang='lat' dir='ltr'><strong>decessit.</strong></span> <span class='ocrx_word' id='word_1_417' title='bbox 1066 3101 1202 3177; x_wconf 69' lang='lat' dir='ltr'><strong>Nam</strong></span> <span class='ocrx_word' id='word_1_418' title='bbox 1240 3132 1500 3181; x_wconf 82' lang='lat' dir='ltr'><strong>exeuntes</strong></span> <span class='ocrx_word' id='word_1_419' title='bbox 1538 3101 1813 3185; x_wconf 70' lang='lat' dir='ltr'><strong>civitatem</strong></span> <span class='ocrx_word' id='word_1_420' title='bbox 1842 3101 1926 3186; x_wconf 53' lang='lat' dir='ltr'><strong>fu;</strong></span> <span class='ocrx_word' id='word_1_421' title='bbox 1953 3101 1998 3164; x_wconf 65' lang='grc' dir='ltr'><strong>Ο</strong></span> <span class='ocrx_word' id='word_1_422' title='bbox 2029 3123 2245 3181; x_wconf 85' lang='lat' dir='ltr'><strong>Neriam</strong></span> <span class='ocrx_word' id='word_1_423' title='bbox 2302 3134 2483 3183; x_wconf 87' lang='lat' dir='ltr'><strong>autem</strong></span> <span class='ocrx_word' id='word_1_424' title='bbox 2530 3123 2706 3181; x_wconf 89' lang='lat' dir='ltr'><strong>Odeas</strong></span> <span class='ocrx_word' id='word_1_425' title='bbox 2755 3125 2873 3181; x_wconf 82' lang='lat' dir='ltr'><strong>fuit.</strong></span> <span class='ocrx_word' id='word_1_426' title='bbox 2923 3126 3053 3183; x_wconf 88' lang='lat' dir='ltr'><strong>Post</strong></span> <span class='ocrx_word' id='word_1_427' title='bbox 3112 3128 3255 3184; x_wconf 86' lang='lat' dir='ltr'><strong>hunc</strong></span> <span class='ocrx_word' id='word_1_428' title='bbox 3312 3144 3441 3184; x_wconf 86' lang='lat' dir='ltr'><strong>vero</strong></span> <span class='ocrx_word' id='word_1_429' title='bbox 3493 3129 3611 3184; x_wconf 89' lang='lat' dir='ltr'><strong>Sel-</strong></span> 
     </span>
    </p>
   </div>
   <div class='ocr_carea' id='block_1_64' title="bbox 350 3217 1928 3292">
    <p class='ocr_par' dir='ltr' id='par_1_64' title="bbox 350 3217 1928 3292">
     <span class='ocr_line' id='line_1_64' title="bbox 350 3217 1928 3292; baseline 0.006 -24"><span class='ocrx_word' id='word_1_430' title='bbox 350 3222 631 3285; x_wconf 88' lang='lat' dir='ltr'><strong>gaverunt,</strong></span> <span class='ocrx_word' id='word_1_431' title='bbox 662 3223 719 3272; x_wconf 90' lang='lat' dir='ltr'><strong>et</strong></span> <span class='ocrx_word' id='word_1_432' title='bbox 744 3217 1208 3287; x_wconf 86' lang='lat' dir='ltr'><strong>persequebantur</strong></span> <span class='ocrx_word' id='word_1_433' title='bbox 1237 3231 1361 3273; x_wconf 90' lang='lat' dir='ltr'><strong>eum</strong></span> <span class='ocrx_word' id='word_1_434' title='bbox 1405 3232 1579 3287; x_wconf 89' lang='lat' dir='ltr'><strong>usque</strong></span> <span class='ocrx_word' id='word_1_435' title='bbox 1605 3217 1671 3273; x_wconf 85' lang='lat' dir='ltr'><strong>ad</strong></span> <span class='ocrx_word' id='word_1_436' title='bbox 1699 3219 1928 3292; x_wconf 83' lang='lat' dir='ltr'><strong>Babylo-</strong></span> 
     </span>
    </p>
   </div>
   <div class='ocr_carea' id='block_1_65' title="bbox 350 3305 1937 3378">
    <p class='ocr_par' dir='ltr' id='par_1_65' title="bbox 350 3305 1937 3378">
     <span class='ocr_line' id='line_1_65' title="bbox 350 3305 1937 3378; baseline 0.006 -18"><span class='ocrx_word' id='word_1_437' title='bbox 350 3305 515 3373; x_wconf 82' lang='lat' dir='ltr'><strong>niam,</strong></span> <span class='ocrx_word' id='word_1_438' title='bbox 544 3308 637 3363; x_wconf 90' lang='lat' dir='ltr'><strong>ubi</strong></span> <span class='ocrx_word' id='word_1_439' title='bbox 662 3323 783 3364; x_wconf 91' lang='lat' dir='ltr'><strong>cum</strong></span> <span class='ocrx_word' id='word_1_440' title='bbox 825 3317 947 3378; x_wconf 87' lang='lat' dir='ltr'><strong>post</strong></span> <span class='ocrx_word' id='word_1_441' title='bbox 974 3312 1198 3364; x_wconf 88' lang='lat' dir='ltr'><strong>multam</strong></span> <span class='ocrx_word' id='word_1_442' title='bbox 1229 3325 1446 3366; x_wconf 89' lang='lat' dir='ltr'><strong>suorum</strong></span> <span class='ocrx_word' id='word_1_443' title='bbox 1491 3311 1722 3367; x_wconf 86' lang='lat' dir='ltr'><strong>militum</strong></span> <span class='ocrx_word' id='word_1_444' title='bbox 1766 3315 1937 3370; x_wconf 86' lang='lat' dir='ltr'><strong>amis-‘</strong></span> 
     </span>
    </p>
   </div>
   <div class='ocr_carea' id='block_1_66' title="bbox 351 3394 1929 3469">
    <p class='ocr_par' dir='ltr' id='par_1_66' title="bbox 351 3394 1929 3469">
     <span class='ocr_line' id='line_1_66' title="bbox 351 3394 1929 3469; baseline 0.008 -21"><span class='ocrx_word' id='word_1_445' title='bbox 351 3394 562 3450; x_wconf 84' lang='lat' dir='ltr'><strong>sionem</strong></span> <span class='ocrx_word' id='word_1_446' title='bbox 592 3397 851 3463; x_wconf 87' lang='lat' dir='ltr'><strong>venisset,</strong></span> <span class='ocrx_word' id='word_1_447' title='bbox 893 3398 1113 3469; x_wconf 88' lang='lat' dir='ltr'><strong>quidam</strong></span> <span class='ocrx_word' id='word_1_448' title='bbox 1151 3400 1217 3453; x_wconf 91' lang='lat' dir='ltr'><strong>de</strong></span> <span class='ocrx_word' id='word_1_449' title='bbox 1254 3397 1453 3454; x_wconf 75' lang='lat' dir='ltr'><strong>Iudmis</strong></span> <span class='ocrx_word' id='word_1_450' title='bbox 1479 3401 1748 3459; x_wconf 82' lang='lat' dir='ltr'><strong>nuntiavit</strong></span> <span class='ocrx_word' id='word_1_451' title='bbox 1770 3402 1843 3457; x_wconf 89' lang='lat' dir='ltr'><strong>illi</strong></span> <span class='ocrx_word' id='word_1_452' title='bbox 1873 3414 1929 3461; x_wconf 89' lang='lat' dir='ltr'><strong>ct</strong></span> 
     </span>
    </p>
   </div>
   <div class='ocr_carea' id='block_1_67' title="bbox 350 3482 1930 3559">
    <p class='ocr_par' dir='ltr' id='par_1_67' title="bbox 350 3482 1930 3559">
     <span class='ocr_line' id='line_1_67' title="bbox 350 3482 1930 3559; baseline 0.008 -22"><span class='ocrx_word' id='word_1_453' title='bbox 350 3482 545 3539; x_wconf 75' lang='lat' dir='ltr'><strong>(lucum</strong></span> <span class='ocrx_word' id='word_1_454' title='bbox 583 3487 963 3556; x_wconf 88' lang='lat' dir='ltr'><strong>perditionem,</strong></span> <span class='ocrx_word' id='word_1_455' title='bbox 1017 3503 1154 3558; x_wconf 92' lang='lat' dir='ltr'><strong>quos</strong></span> <span class='ocrx_word' id='word_1_456' title='bbox 1206 3501 1447 3559; x_wconf 86' lang='lat' dir='ltr'><strong>pugnare</strong></span> <span class='ocrx_word' id='word_1_457' title='bbox 1495 3498 1681 3545; x_wconf 90' lang='lat' dir='ltr'><strong>contra</strong></span> <span class='ocrx_word' id='word_1_458' title='bbox 1716 3490 1930 3550; x_wconf 71' lang='lat' dir='ltr'><strong>Iudmos</strong></span> 
     </span>
    </p>
   </div>
   <div class='ocr_carea' id='block_1_68' title="bbox 354 3571 1930 3649">
    <p class='ocr_par' dir='ltr' id='par_1_68' title="bbox 354 3571 1930 3649">
     <span class='ocr_line' id='line_1_68' title="bbox 354 3571 1930 3649; baseline 0.007 -24"><span class='ocrx_word' id='word_1_459' title='bbox 354 3571 662 3645; x_wconf 85' lang='lat' dir='ltr'><strong>reliquerat,</strong></span> <span class='ocrx_word' id='word_1_460' title='bbox 694 3583 751 3629; x_wconf 89' lang='lat' dir='ltr'><strong>et</strong></span> <span class='ocrx_word' id='word_1_461' title='bbox 780 3577 1018 3634; x_wconf 89' lang='lat' dir='ltr'><strong>crevisse</strong></span> <span class='ocrx_word' id='word_1_462' title='bbox 1056 3577 1426 3649; x_wconf 78' lang='lat' dir='ltr'><strong>fortitudinem</strong></span> <span class='ocrx_word' id='word_1_463' title='bbox 1450 3576 1776 3635; x_wconf 80' lang='lat' dir='ltr'><strong>Iudaeorum.</strong></span> <span class='ocrx_word' id='word_1_464' title='bbox 1815 3581 1930 3636; x_wconf 89' lang='lat' dir='ltr'><strong>Sub</strong></span> 
     </span>
    </p>
   </div>
   <div class='ocr_carea' id='block_1_69' title="bbox 349 3664 1931 3737">
    <p class='ocr_par' dir='ltr' id='par_1_69' title="bbox 349 3664 1931 3737">
     <span class='ocr_line' id='line_1_69' title="bbox 349 3664 1931 3737; baseline 0.006 -20"><span class='ocrx_word' id='word_1_465' title='bbox 349 3664 583 3733; x_wconf 90' lang='lat' dir='ltr'><strong>priorem</strong></span> <span class='ocrx_word' id='word_1_466' title='bbox 615 3673 797 3737; x_wconf 80' lang='lat' dir='ltr'><strong>itaque</strong></span> <span class='ocrx_word' id='word_1_467' title='bbox 823 3683 1007 3723; x_wconf 87' lang='lat' dir='ltr'><strong>curam</strong></span> <span class='ocrx_word' id='word_1_468' title='bbox 1049 3669 1151 3724; x_wconf 86' lang='lat' dir='ltr'><strong>hoc</strong></span> <span class='ocrx_word' id='word_1_469' title='bbox 1182 3679 1463 3726; x_wconf 88' lang='lat' dir='ltr'><strong>crescente</strong></span> <span class='ocrx_word' id='word_1_470' title='bbox 1502 3670 1664 3737; x_wconf 89' lang='lat' dir='ltr'><strong>malo,</strong></span> <span class='ocrx_word' id='word_1_471' title='bbox 1701 3671 1931 3729; x_wconf 85' lang='lat' dir='ltr'><strong>incurrit</strong></span> 
     </span>
    </p>
   </div>
   <div class='ocr_carea' id='block_1_70' title="bbox 351 3756 1929 3830">
    <p class='ocr_par' dir='ltr' id='par_1_70' title="bbox 351 3756 1929 3830">
     <span class='ocr_line' id='line_1_70' title="bbox 351 3756 1929 3830; baseline 0.006 -19"><span class='ocrx_word' id='word_1_472' title='bbox 351 3756 405 3811; x_wconf 91' lang='lat' dir='ltr'><strong>in</strong></span> <span class='ocrx_word' id='word_1_473' title='bbox 445 3757 852 3827; x_wconf 83' lang='lat' dir='ltr'><strong>aegritudinem,</strong></span> <span class='ocrx_word' id='word_1_474' title='bbox 900 3776 1006 3830; x_wconf 84' lang='lat' dir='ltr'><strong>qua</strong></span> <span class='ocrx_word' id='word_1_475' title='bbox 1046 3762 1146 3817; x_wconf 83' lang='lat' dir='ltr'><strong>diu</strong></span> <span class='ocrx_word' id='word_1_476' title='bbox 1195 3772 1411 3817; x_wconf 88' lang='lat' dir='ltr'><strong>tenente</strong></span> <span class='ocrx_word' id='word_1_477' title='bbox 1459 3772 1516 3819; x_wconf 91' lang='lat' dir='ltr'><strong>et</strong></span> <span class='ocrx_word' id='word_1_478' title='bbox 1560 3766 1929 3821; x_wconf 84' lang='lat' dir='ltr'><strong>crescentibus</strong></span> 
     </span>
    </p>
   </div>
   <div class='ocr_carea' id='block_1_71' title="bbox 349 3845 1929 3921">
    <p class='ocr_par' dir='ltr' id='par_1_71' title="bbox 349 3845 1929 3921">
     <span class='ocr_line' id='line_1_71' title="bbox 349 3845 1929 3921; baseline 0.008 -22"><span class='ocrx_word' id='word_1_479' title='bbox 349 3845 692 3913; x_wconf 87' lang='lat' dir='ltr'><strong>passionibus</strong></span> <span class='ocrx_word' id='word_1_480' title='bbox 734 3848 998 3917; x_wconf 76' lang='lat' dir='ltr'><strong>intellexit</strong></span> <span class='ocrx_word' id='word_1_481' title='bbox 1038 3851 1180 3921; x_wconf 88' lang='lat' dir='ltr'><strong>quod</strong></span> <span class='ocrx_word' id='word_1_482' title='bbox 1223 3862 1549 3911; x_wconf 89' lang='lat' dir='ltr'><strong>moreretur.</strong></span> <span class='ocrx_word' id='word_1_483' title='bbox 1591 3854 1929 3911; x_wconf 86' lang='lat' dir='ltr'><strong>Convoeans-</strong></span> 
     </span>
    </p>
   </div>
   <div class='ocr_carea' id='block_1_72' title="bbox 351 3937 1932 4005">
    <p class='ocr_par' dir='ltr' id='par_1_72' title="bbox 351 3937 1932 4005">
     <span class='ocr_line' id='line_1_72' title="bbox 351 3937 1932 4005; baseline 0.006 -16"><span class='ocrx_word' id='word_1_484' title='bbox 351 3949 455 4005; x_wconf 91' lang='lat' dir='ltr'><strong>que</strong></span> <span class='ocrx_word' id='word_1_485' title='bbox 486 3937 691 3993; x_wconf 89' lang='lat' dir='ltr'><strong>amicos</strong></span> <span class='ocrx_word' id='word_1_486' title='bbox 718 3938 962 3994; x_wconf 87' lang='lat' dir='ltr'><strong>morbum</strong></span> <span class='ocrx_word' id='word_1_487' title='bbox 1003 3956 1159 3996; x_wconf 90' lang='lat' dir='ltr'><strong>suum</strong></span> <span class='ocrx_word' id='word_1_488' title='bbox 1197 3942 1277 3996; x_wconf 89' lang='lat' dir='ltr'><strong>eis</strong></span> <span class='ocrx_word' id='word_1_489' title='bbox 1312 3952 1550 3998; x_wconf 91' lang='lat' dir='ltr'><strong>atrocem</strong></span> <span class='ocrx_word' id='word_1_490' title='bbox 1575 3959 1700 4001; x_wconf 85' lang='lat' dir='ltr'><strong>esse</strong></span> <span class='ocrx_word' id='word_1_491' title='bbox 1728 3945 1932 4000; x_wconf 88' lang='lat' dir='ltr'><strong>indica-</strong></span> 
     </span>
    </p>
   </div>
   <div class='ocr_carea' id='block_1_73' title="bbox 351 4030 1931 4113">
    <p class='ocr_par' dir='ltr' id='par_1_73' title="bbox 351 4030 1931 4113">
     <span class='ocr_line' id='line_1_73' title="bbox 351 4030 1931 4113; baseline 0.004 -26"><span class='ocrx_word' id='word_1_492' title='bbox 351 4030 447 4087; x_wconf 83' lang='lat' dir='ltr'><strong>vit.</strong></span> <span class='ocrx_word' id='word_1_493' title='bbox 477 4030 769 4093; x_wconf 79' lang='lat' dir='ltr'><strong>Cuiifessus</strong></span> <span class='ocrx_word' id='word_1_494' title='bbox 793 4036 907 4097; x_wconf 59' lang='lat' dir='ltr'><strong>haec</strong></span> <span class='ocrx_word' id='word_1_495' title='bbox 933 4035 1053 4090; x_wconf 90' lang='lat' dir='ltr'><strong>ideo</strong></span> <span class='ocrx_word' id='word_1_496' title='bbox 1080 4051 1137 4091; x_wconf 88' lang='lat' dir='ltr'><strong>se</strong></span> <span class='ocrx_word' id='word_1_497' title='bbox 1165 4037 1278 4106; x_wconf 88' lang='lat' dir='ltr'><strong>pati</strong></span> <span class='ocrx_word' id='word_1_498' title='bbox 1306 4039 1449 4106; x_wconf 89' lang='lat' dir='ltr'><strong>quod</strong></span> <span class='ocrx_word' id='word_1_499' title='bbox 1471 4038 1777 4095; x_wconf 79' lang='lat' dir='ltr'><strong>Iudaeorum</strong></span> <span class='ocrx_word' id='word_1_500' title='bbox 1802 4057 1931 4113; x_wconf 86' lang='lat' dir='ltr'><strong>gen-</strong></span> 
     </span>
    </p>
   </div>
   <div class='ocr_carea' id='block_1_74' title="bbox 354 4120 1930 4199">
    <p class='ocr_par' dir='ltr' id='par_1_74' title="bbox 354 4120 1930 4199">
     <span class='ocr_line' id='line_1_74' title="bbox 354 4120 1930 4199; baseline 0.004 -22"><span class='ocrx_word' id='word_1_501' title='bbox 354 4130 461 4177; x_wconf 87' lang='lat' dir='ltr'><strong>tem</strong></span> <span class='ocrx_word' id='word_1_502' title='bbox 490 4120 728 4195; x_wconf 84' lang='lat' dir='ltr'><strong>aﬁligens</strong></span> <span class='ocrx_word' id='word_1_503' title='bbox 767 4124 1025 4194; x_wconf 85' lang='lat' dir='ltr'><strong>templum</strong></span> <span class='ocrx_word' id='word_1_504' title='bbox 1069 4127 1447 4195; x_wconf 73' lang='lat' dir='ltr'><strong>exspoliasset,</strong></span> <span class='ocrx_word' id='word_1_505' title='bbox 1490 4128 1766 4199; x_wconf 88' lang='lat' dir='ltr'><strong>Deumque</strong></span> <span class='ocrx_word' id='word_1_506' title='bbox 1803 4145 1930 4184; x_wconf 87' lang='lat' dir='ltr'><strong>con-</strong></span> 
     </span>
    </p>
   </div>
   <div class='ocr_carea' id='block_1_75' title="bbox 354 4214 1934 4287">
    <p class='ocr_par' dir='ltr' id='par_1_75' title="bbox 354 4214 1934 4287">
     <span class='ocr_line' id='line_1_75' title="bbox 354 4214 1934 4287; baseline 0.004 -19"><span class='ocrx_word' id='word_1_507' title='bbox 354 4214 695 4284; x_wconf 86' lang='lat' dir='ltr'><strong>tempsisset:</strong></span> <span class='ocrx_word' id='word_1_508' title='bbox 723 4231 831 4286; x_wconf 89' lang='lat' dir='ltr'><strong>quo</strong></span> <span class='ocrx_word' id='word_1_509' title='bbox 858 4216 1024 4282; x_wconf 86' lang='lat' dir='ltr'><strong>dicto,</strong></span> <span class='ocrx_word' id='word_1_510' title='bbox 1060 4216 1201 4274; x_wconf 90' lang='lat' dir='ltr'><strong>illico</strong></span> <span class='ocrx_word' id='word_1_511' title='bbox 1225 4218 1543 4287; x_wconf 77' lang='lat' dir='ltr'><strong>exspiravit.</strong></span> <span class='ocrx_word' id='word_1_512' title='bbox 1586 4218 1738 4276; x_wconf 90' lang='lat' dir='ltr'><strong>Unde</strong></span> <span class='ocrx_word' id='word_1_513' title='bbox 1766 4221 1934 4277; x_wconf 86' lang='lat' dir='ltr'><strong>miror</strong></span> 
     </span>
    </p>
   </div>
   <div class='ocr_carea' id='block_1_76' title="bbox 350 4300 1929 4376">
    <p class='ocr_par' dir='ltr' id='par_1_76' title="bbox 350 4300 1929 4376">
     <span class='ocr_line' id='line_1_76' title="bbox 350 4300 1929 4376; baseline 0.008 -21"><span class='ocrx_word' id='word_1_514' title='bbox 350 4300 631 4373; x_wconf 88' lang='lat' dir='ltr'><strong>Polybium</strong></span> <span class='ocrx_word' id='word_1_515' title='bbox 660 4303 1108 4375; x_wconf 83' lang='lat' dir='ltr'><strong>Megalopolitam,</strong></span> <span class='ocrx_word' id='word_1_516' title='bbox 1141 4307 1307 4376; x_wconf 90' lang='lat' dir='ltr'><strong>quod,</strong></span> <span class='ocrx_word' id='word_1_517' title='bbox 1353 4307 1438 4362; x_wconf 89' lang='lat' dir='ltr'><strong>vir</strong></span> <span class='ocrx_word' id='word_1_518' title='bbox 1461 4309 1636 4364; x_wconf 90' lang='lat' dir='ltr'><strong>bonus</strong></span> <span class='ocrx_word' id='word_1_519' title='bbox 1669 4310 1929 4376; x_wconf 77' lang='lat' dir='ltr'><strong>existens,</strong></span> 
     </span>
    </p>
   </div>
   <div class='ocr_carea' id='block_1_77' title="bbox 352 4392 1928 4470">
    <p class='ocr_par' dir='ltr' id='par_1_77' title="bbox 352 4392 1928 4470">
     <span class='ocr_line' id='line_1_77' title="bbox 352 4392 1928 4470; baseline 0.006 -24"><span class='ocrx_word' id='word_1_520' title='bbox 352 4392 485 4447; x_wconf 85' lang='lat' dir='ltr'><strong>dicit</strong></span> <span class='ocrx_word' id='word_1_521' title='bbox 526 4393 645 4449; x_wconf 90' lang='lat' dir='ltr'><strong>ideo</strong></span> <span class='ocrx_word' id='word_1_522' title='bbox 676 4394 901 4465; x_wconf 79' lang='lat' dir='ltr'><strong>periisse</strong></span> <span class='ocrx_word' id='word_1_523' title='bbox 940 4395 1265 4452; x_wconf 88' lang='lat' dir='ltr'><strong>Antiochum</strong></span> <span class='ocrx_word' id='word_1_524' title='bbox 1305 4398 1431 4469; x_wconf 88' lang='lat' dir='ltr'><strong>quia</strong></span> <span class='ocrx_word' id='word_1_525' title='bbox 1473 4398 1643 4454; x_wconf 85' lang='lat' dir='ltr'><strong>voluit</strong></span> <span class='ocrx_word' id='word_1_526' title='bbox 1675 4402 1928 4470; x_wconf 90' lang='lat' dir='ltr'><strong>templum</strong></span> 
     </span>
    </p>
   </div>
   <div class='ocr_carea' id='block_1_78' title="bbox 350 4482 1930 4557">
    <p class='ocr_par' dir='ltr' id='par_1_78' title="bbox 350 4482 1930 4557">
     <span class='ocr_line' id='line_1_78' title="bbox 350 4482 1930 4557; baseline 0.006 -20"><span class='ocrx_word' id='word_1_527' title='bbox 350 4482 534 4537; x_wconf 78' lang='lat' dir='ltr'><strong>Diana:</strong></span> <span class='ocrx_word' id='word_1_528' title='bbox 585 4483 640 4538; x_wconf 91' lang='lat' dir='ltr'><strong>in</strong></span> <span class='ocrx_word' id='word_1_529' title='bbox 691 4483 911 4539; x_wconf 82' lang='lat' dir='ltr'><strong>Persida</strong></span> <span class='ocrx_word' id='word_1_530' title='bbox 957 4485 1262 4542; x_wconf 87' lang='lat' dir='ltr'><strong>devastare.</strong></span> <span class='ocrx_word' id='word_1_531' title='bbox 1308 4487 1442 4542; x_wconf 88' lang='lat' dir='ltr'><strong>Nam</strong></span> <span class='ocrx_word' id='word_1_532' title='bbox 1492 4488 1585 4557; x_wconf 88' lang='lat' dir='ltr'><strong>qui</strong></span> <span class='ocrx_word' id='word_1_533' title='bbox 1630 4489 1930 4547; x_wconf 86' lang='lat' dir='ltr'><strong>nullatenus</strong></span> 
     </span>
    </p>
   </div>
   <div class='ocr_carea' id='block_1_79' title="bbox 352 4573 1931 4649">
    <p class='ocr_par' dir='ltr' id='par_1_79' title="bbox 352 4573 1931 4649">
     <span class='ocr_line' id='line_1_79' title="bbox 352 4573 1931 4649; baseline 0.006 -23"><span class='ocrx_word' id='word_1_534' title='bbox 352 4573 784 4644; x_wconf 74' lang='lat' dir='ltr'><strong>egitpeccatum,</strong></span> <span class='ocrx_word' id='word_1_535' title='bbox 818 4576 911 4631; x_wconf 87' lang='lat' dir='ltr'><strong>sed</strong></span> <span class='ocrx_word' id='word_1_536' title='bbox 948 4583 1154 4630; x_wconf 89' lang='lat' dir='ltr'><strong>tantum</strong></span> <span class='ocrx_word' id='word_1_537' title='bbox 1179 4577 1454 4649; x_wconf 89' lang='lat' dir='ltr'><strong>cogitavit,</strong></span> <span class='ocrx_word' id='word_1_538' title='bbox 1499 4579 1642 4637; x_wconf 91' lang='lat' dir='ltr'><strong>nullo</strong></span> <span class='ocrx_word' id='word_1_539' title='bbox 1672 4589 1820 4636; x_wconf 86' lang='lat' dir='ltr'><strong>reatu</strong></span> <span class='ocrx_word' id='word_1_540' title='bbox 1855 4590 1931 4636; x_wconf 75' lang='lat' dir='ltr'><strong>te-</strong></span> 
     </span>
    </p>
   </div>
   <div class='ocr_carea' id='block_1_80' title="bbox 352 4664 1929 4739">
    <p class='ocr_par' dir='ltr' id='par_1_80' title="bbox 352 4664 1929 4739">
     <span class='ocr_line' id='line_1_80' title="bbox 352 4664 1929 4739; baseline 0.006 -21"><span class='ocrx_word' id='word_1_541' title='bbox 352 4666 602 4720; x_wconf 88' lang='lat' dir='ltr'><strong>nebatur.</strong></span> <span class='ocrx_word' id='word_1_542' title='bbox 633 4664 690 4722; x_wconf 89' lang='lat' dir='ltr'><strong>Si</strong></span> <span class='ocrx_word' id='word_1_543' title='bbox 735 4677 914 4722; x_wconf 88' lang='lat' dir='ltr'><strong>autem</strong></span> <span class='ocrx_word' id='word_1_544' title='bbox 940 4667 1163 4739; x_wconf 85' lang='lat' dir='ltr'><strong>Polybio</strong></span> <span class='ocrx_word' id='word_1_545' title='bbox 1203 4671 1420 4725; x_wconf 90' lang='lat' dir='ltr'><strong>videtur</strong></span> <span class='ocrx_word' id='word_1_546' title='bbox 1448 4671 1568 4726; x_wconf 87' lang='lat' dir='ltr'><strong>ideo</strong></span> <span class='ocrx_word' id='word_1_547' title='bbox 1607 4672 1929 4728; x_wconf 79' lang='lat' dir='ltr'><strong>Antiochum</strong></span> 
     </span>
    </p>
   </div>
   <div class='ocr_carea' id='block_1_81' title="bbox 351 4755 1935 4834">
    <p class='ocr_par' dir='ltr' id='par_1_81' title="bbox 351 4755 1935 4834">
     <span class='ocr_line' id='line_1_81' title="bbox 351 4755 1935 4834; baseline 0.008 -27"><span class='ocrx_word' id='word_1_548' title='bbox 351 4755 522 4809; x_wconf 88' lang='lat' dir='ltr'><strong>vitam</strong></span> <span class='ocrx_word' id='word_1_549' title='bbox 554 4755 777 4822; x_wconf 89' lang='lat' dir='ltr'><strong>ﬁniisse,</strong></span> <span class='ocrx_word' id='word_1_550' title='bbox 806 4757 976 4813; x_wconf 90' lang='lat' dir='ltr'><strong>multo</strong></span> <span class='ocrx_word' id='word_1_551' title='bbox 996 4759 1117 4829; x_wconf 89' lang='lat' dir='ltr'><strong>plus</strong></span> <span class='ocrx_word' id='word_1_552' title='bbox 1148 4760 1438 4817; x_wconf 86' lang='lat' dir='ltr'><strong>verisimile</strong></span> <span class='ocrx_word' id='word_1_553' title='bbox 1465 4762 1677 4816; x_wconf 88' lang='lat' dir='ltr'><strong>videtur</strong></span> <span class='ocrx_word' id='word_1_554' title='bbox 1714 4773 1935 4834; x_wconf 69' lang='lat' dir='ltr'><strong>promer</strong></span> 
     </span>
    </p>
   </div>
   <div class='ocr_carea' id='block_1_82' title="bbox 357 4845 1932 4924">
    <p class='ocr_par' dir='ltr' id='par_1_82' title="bbox 357 4845 1932 4924">
     <span class='ocr_line' id='line_1_82' title="bbox 357 4845 1932 4924; baseline 0.004 -23"><span class='ocrx_word' id='word_1_555' title='bbox 357 4847 540 4918; x_wconf 84' lang='lat' dir='ltr'><strong>templi</strong></span> <span class='ocrx_word' id='word_1_556' title='bbox 583 4845 1019 4920; x_wconf 79' lang='lat' dir='ltr'><strong>Ierosolymitani</strong></span> <span class='ocrx_word' id='word_1_557' title='bbox 1066 4851 1337 4909; x_wconf 89' lang='lat' dir='ltr'><strong>excidium</strong></span> <span class='ocrx_word' id='word_1_558' title='bbox 1389 4852 1708 4922; x_wconf 81' lang='lat' dir='ltr'><strong>sacrilegum</strong></span> <span class='ocrx_word' id='word_1_559' title='bbox 1755 4868 1932 4924; x_wconf 83' lang='lat' dir='ltr'><strong>regem</strong></span> 
     </span>
    </p>
   </div>
   <div class='ocr_carea' id='block_1_83' title="bbox 355 4939 602 5008">
    <p class='ocr_par' dir='ltr' id='par_1_83' title="bbox 355 4939 602 5008">
     <span class='ocr_line' id='line_1_83' title="bbox 355 4939 602 5008; baseline 0.02 -17"><span class='ocrx_word' id='word_1_560' title='bbox 355 4939 602 5008; x_wconf 85' lang='lat' dir='ltr'><strong>periisse.</strong></span> 
     </span>
    </p>
   </div>
   <div class='ocr_carea' id='block_1_84' title="bbox 980 5033 1299 5092">
    <p class='ocr_par' dir='ltr' id='par_1_84' title="bbox 980 5033 1299 5092">
     <span class='ocr_line' id='line_1_84' title="bbox 980 5033 1299 5092; baseline -0.009 -2"><span class='ocrx_word' id='word_1_561' title='bbox 980 5033 1208 5092; x_wconf 81' lang='lat' dir='ltr'><strong>CAPUT</strong></span> <span class='ocrx_word' id='word_1_562' title='bbox 1234 5035 1299 5091; x_wconf 89' lang='lat' dir='ltr'><strong>ll.</strong></span> 
     </span>
    </p>
   </div>
   <div class='ocr_carea' id='block_1_85' title="bbox 886 5127 1413 5199">
    <p class='ocr_par' dir='ltr' id='par_1_85' title="bbox 886 5127 1413 5199">
     <span class='ocr_line' id='line_1_85' title="bbox 886 5127 1413 5199; baseline -0.002 -18"><span class='ocrx_word' id='word_1_563' title='bbox 886 5127 1134 5199; x_wconf 71' lang='lat' dir='ltr'><strong>Sequitur</strong></span> <span class='ocrx_word' id='word_1_564' title='bbox 1152 5137 1205 5181; x_wconf 86' lang='lat' dir='ltr'><strong>ut</strong></span> <span class='ocrx_word' id='word_1_565' title='bbox 1231 5143 1413 5198; x_wconf 87' lang='lat' dir='ltr'><strong>supra.</strong></span> 
     </span>
    </p>
   </div>
   <div class='ocr_carea' id='block_1_86' title="bbox 431 5210 1937 5285">
    <p class='ocr_par' dir='ltr' id='par_1_86' title="bbox 431 5210 1937 5285">
     <span class='ocr_line' id='line_1_86' title="bbox 431 5210 1937 5285; baseline 0.002 -19"><span class='ocrx_word' id='word_1_566' title='bbox 431 5210 652 5279; x_wconf 71' lang='lat' dir='ltr'><strong>Facturi</strong></span> <span class='ocrx_word' id='word_1_567' title='bbox 677 5214 838 5285; x_wconf 84' lang='lat' dir='ltr'><strong>igitur</strong></span> <span class='ocrx_word' id='word_1_568' title='bbox 859 5215 1043 5284; x_wconf 83' lang='lat' dir='ltr'><strong>quinta</strong></span> <span class='ocrx_word' id='word_1_569' title='bbox 1075 5226 1122 5269; x_wconf 85' lang='lat' dir='ltr'><strong>et</strong></span> <span class='ocrx_word' id='word_1_570' title='bbox 1155 5215 1399 5269; x_wconf 79' lang='lat' dir='ltr'><strong>vicesima</strong></span> <span class='ocrx_word' id='word_1_571' title='bbox 1425 5215 1509 5269; x_wconf 81' lang='lat' dir='ltr'><strong>die</strong></span> <span class='ocrx_word' id='word_1_572' title='bbox 1534 5216 1722 5271; x_wconf 81' lang='lat' dir='ltr'><strong>mensis</strong></span> <span class='ocrx_word' id='word_1_573' title='bbox 1750 5215 1937 5271; x_wconf 72' lang='lat' dir='ltr'><strong>Coaleu</strong></span> 
     </span>
    </p>
   </div>
   <div class='ocr_carea' id='block_1_87' title="bbox 358 5302 1938 5374">
    <p class='ocr_par' dir='ltr' id='par_1_87' title="bbox 358 5302 1938 5374">
     <span class='ocr_line' id='line_1_87' title="bbox 358 5302 1938 5374; baseline 0.002 -21"><span class='ocrx_word' id='word_1_574' title='bbox 358 5302 777 5369; x_wconf 75' lang='lat' dir='ltr'><strong>puriﬁcationem</strong></span> <span class='ocrx_word' id='word_1_575' title='bbox 809 5305 1020 5374; x_wconf 81' lang='lat' dir='ltr'><strong>templi,</strong></span> <span class='ocrx_word' id='word_1_576' title='bbox 1066 5305 1415 5358; x_wconf 83' lang='lat' dir='ltr'><strong>necessarium</strong></span> <span class='ocrx_word' id='word_1_577' title='bbox 1452 5304 1697 5365; x_wconf 75' lang='lat' dir='ltr'><strong>duximus</strong></span> <span class='ocrx_word' id='word_1_578' title='bbox 1738 5306 1938 5373; x_wconf 79' lang='lat' dir='ltr'><strong>signiﬁ-</strong></span> 
     </span>
    </p>
   </div>
   <div class='ocr_carea' id='block_1_88' title="bbox 359 5392 1937 5464">
    <p class='ocr_par' dir='ltr' id='par_1_88' title="bbox 359 5392 1937 5464">
     <span class='ocr_line' id='line_1_88' title="bbox 359 5392 1937 5464; baseline 0.003 -21"><span class='ocrx_word' id='word_1_579' title='bbox 359 5408 480 5445; x_wconf 81' lang='lat' dir='ltr'><strong>care</strong></span> <span class='ocrx_word' id='word_1_580' title='bbox 508 5392 669 5456; x_wconf 75' lang='lat' dir='ltr'><strong>vobis,</strong></span> <span class='ocrx_word' id='word_1_581' title='bbox 696 5404 803 5448; x_wconf 86' lang='lat' dir='ltr'><strong>etc.</strong></span> <span class='ocrx_word' id='word_1_582' title='bbox 840 5393 966 5450; x_wconf 65' lang='lat' dir='ltr'><strong>llaec</strong></span> <span class='ocrx_word' id='word_1_583' title='bbox 1009 5395 1205 5464; x_wconf 84' lang='lat' dir='ltr'><strong>quippe</strong></span> <span class='ocrx_word' id='word_1_584' title='bbox 1245 5409 1364 5463; x_wconf 75' lang='lat' dir='ltr'><strong>qua:</strong></span> <span class='ocrx_word' id='word_1_585' title='bbox 1389 5392 1819 5464; x_wconf 71' lang='lat' dir='ltr'><strong>Icrosolymitani</strong></span> <span class='ocrx_word' id='word_1_586' title='bbox 1847 5393 1937 5447; x_wconf 90' lang='lat' dir='ltr'><strong>Iu-</strong></span> 
     </span>
    </p>
   </div>
   <div class='ocr_carea' id='block_1_89' title="bbox 360 5478 1939 5554">
    <p class='ocr_par' dir='ltr' id='par_1_89' title="bbox 360 5478 1939 5554">
     <span class='ocr_line' id='line_1_89' title="bbox 360 5478 1939 5554; baseline 0.003 -23"><span class='ocrx_word' id='word_1_587' title='bbox 360 5478 459 5533; x_wconf 75' lang='lat' dir='ltr'><strong>dmi</strong></span> <span class='ocrx_word' id='word_1_588' title='bbox 484 5481 783 5537; x_wconf 88' lang='lat' dir='ltr'><strong>scribentes</strong></span> <span class='ocrx_word' id='word_1_589' title='bbox 819 5484 886 5539; x_wconf 90' lang='lat' dir='ltr'><strong>ad</strong></span> <span class='ocrx_word' id='word_1_590' title='bbox 911 5499 1007 5540; x_wconf 89' lang='lat' dir='ltr'><strong>eos</strong></span> <span class='ocrx_word' id='word_1_591' title='bbox 1030 5485 1123 5554; x_wconf 89' lang='lat' dir='ltr'><strong>qui</strong></span> <span class='ocrx_word' id='word_1_592' title='bbox 1147 5499 1246 5554; x_wconf 90' lang='lat' dir='ltr'><strong>per</strong></span> <span class='ocrx_word' id='word_1_593' title='bbox 1281 5482 1571 5554; x_wconf 65' lang='lat' dir='ltr'><strong>Egyptum</strong></span> <span class='ocrx_word' id='word_1_594' title='bbox 1602 5483 1818 5538; x_wconf 85' lang='lat' dir='ltr'><strong>fuerunt</strong></span> <span class='ocrx_word' id='word_1_595' title='bbox 1840 5482 1939 5537; x_wconf 90' lang='lat' dir='ltr'><strong>Iu-</strong></span> 
     </span>
    </p>
   </div>
   <div class='ocr_carea' id='block_1_90' title="bbox 361 5560 1939 5645">
    <p class='ocr_par' dir='ltr' id='par_1_90' title="bbox 361 5560 1939 5645">
     <span class='ocr_line' id='line_1_90' title="bbox 361 5560 1939 5645; baseline 0.006 -25"><span class='ocrx_word' id='word_1_596' title='bbox 361 5568 506 5623; x_wconf 77' lang='lat' dir='ltr'><strong>drcos</strong></span> <span class='ocrx_word' id='word_1_597' title='bbox 526 5570 592 5624; x_wconf 82' lang='lat' dir='ltr'><strong>de</strong></span> <span class='ocrx_word' id='word_1_598' title='bbox 617 5571 739 5642; x_wconf 87' lang='lat' dir='ltr'><strong>igne</strong></span> <span class='ocrx_word' id='word_1_599' title='bbox 767 5582 984 5643; x_wconf 88' lang='lat' dir='ltr'><strong>reperto</strong></span> <span class='ocrx_word' id='word_1_600' title='bbox 1008 5575 1061 5628; x_wconf 88' lang='lat' dir='ltr'><strong>in</strong></span> <span class='ocrx_word' id='word_1_601' title='bbox 1089 5582 1252 5643; x_wconf 89' lang='lat' dir='ltr'><strong>puteo</strong></span> <span class='ocrx_word' id='word_1_602' title='bbox 1273 5574 1326 5628; x_wconf 89' lang='lat' dir='ltr'><strong>in</strong></span> <span class='ocrx_word' id='word_1_603' title='bbox 1350 5560 1754 5629; x_wconf 85' lang='lat' dir='ltr'><strong>similitudinem</strong></span> <span class='ocrx_word' id='word_1_604' title='bbox 1786 5591 1939 5645; x_wconf 71' lang='lat' dir='ltr'><strong>aqua:</strong></span> 
     </span>
    </p>
   </div>
   <div class='ocr_carea' id='block_1_91' title="bbox 359 5663 1936 5733">
    <p class='ocr_par' dir='ltr' id='par_1_91' title="bbox 359 5663 1936 5733">
     <span class='ocr_line' id='line_1_91' title="bbox 359 5663 1936 5733; baseline 0.006 -24"><span class='ocrx_word' id='word_1_605' title='bbox 359 5670 559 5713; x_wconf 74' lang='lat' dir='ltr'><strong>crassa:</strong></span> <span class='ocrx_word' id='word_1_606' title='bbox 604 5675 887 5727; x_wconf 83' lang='lat' dir='ltr'><strong>converso,</strong></span> <span class='ocrx_word' id='word_1_607' title='bbox 932 5678 1105 5730; x_wconf 85' lang='lat' dir='ltr'><strong>neque</strong></span> <span class='ocrx_word' id='word_1_608' title='bbox 1150 5663 1202 5716; x_wconf 91' lang='lat' dir='ltr'><strong>in</strong></span> <span class='ocrx_word' id='word_1_609' title='bbox 1237 5663 1438 5726; x_wconf 72' lang='lat' dir='ltr'><strong>Esdrm,</strong></span> <span class='ocrx_word' id='word_1_610' title='bbox 1484 5678 1658 5733; x_wconf 85' lang='lat' dir='ltr'><strong>neque</strong></span> <span class='ocrx_word' id='word_1_611' title='bbox 1681 5664 1732 5717; x_wconf 89' lang='lat' dir='ltr'><strong>in</strong></span> <span class='ocrx_word' id='word_1_612' title='bbox 1765 5663 1936 5719; x_wconf 72' lang='lat' dir='ltr'><strong>Nolle-</strong></span> 
     </span>
    </p>
   </div>
   <div class='ocr_carea' id='block_1_92' title="bbox 679 5754 1160 5817">
    <p class='ocr_par' dir='ltr' id='par_1_92' title="bbox 679 5754 1160 5817">
     <span class='ocr_line' id='line_1_92' title="bbox 679 5754 1160 5817; baseline 0.004 -3"><span class='ocrx_word' id='word_1_613' title='bbox 679 5754 951 5817; x_wconf 67' lang='grc' dir='ltr'><strong>Ρριτῐιοι.</strong></span> <span class='ocrx_word' id='word_1_614' title='bbox 996 5755 1160 5816; x_wconf 75' lang='lat' dir='ltr'><strong>CIX.</strong></span> 
     </span>
    </p>
   </div>
   <div class='ocr_carea' id='block_1_93' title="bbox 2029 3214 3614 3291">
    <p class='ocr_par' dir='ltr' id='par_1_93' title="bbox 2029 3214 3614 3291">
     <span class='ocr_line' id='line_1_93' title="bbox 2029 3214 3614 3291; baseline 0.005 -22"><span class='ocrx_word' id='word_1_615' title='bbox 2029 3214 2156 3278; x_wconf 88' lang='lat' dir='ltr'><strong>lam,</strong></span> <span class='ocrx_word' id='word_1_616' title='bbox 2185 3216 2376 3272; x_wconf 89' lang='lat' dir='ltr'><strong>deinde</strong></span> <span class='ocrx_word' id='word_1_617' title='bbox 2420 3215 2655 3272; x_wconf 89' lang='lat' dir='ltr'><strong>Elchias.</strong></span> <span class='ocrx_word' id='word_1_618' title='bbox 2685 3216 2812 3273; x_wconf 89' lang='lat' dir='ltr'><strong>Post</strong></span> <span class='ocrx_word' id='word_1_619' title='bbox 2853 3218 3001 3279; x_wconf 87' lang='lat' dir='ltr'><strong>hunc</strong></span> <span class='ocrx_word' id='word_1_620' title='bbox 3046 3218 3205 3284; x_wconf 87' lang='lat' dir='ltr'><strong>Zara,</strong></span> <span class='ocrx_word' id='word_1_621' title='bbox 3230 3228 3283 3274; x_wconf 91' lang='lat' dir='ltr'><strong>et</strong></span> <span class='ocrx_word' id='word_1_622' title='bbox 3311 3228 3432 3291; x_wconf 88' lang='lat' dir='ltr'><strong>post</strong></span> <span class='ocrx_word' id='word_1_623' title='bbox 3469 3222 3614 3277; x_wconf 85' lang='lat' dir='ltr'><strong>hunc</strong></span> 
     </span>
    </p>
   </div>
   <div class='ocr_carea' id='block_1_94' title="bbox 2030 3305 3616 3383">
    <p class='ocr_par' dir='ltr' id='par_1_94' title="bbox 2030 3305 3616 3383">
     <span class='ocr_line' id='line_1_94' title="bbox 2030 3305 3616 3383; baseline 0.006 -22"><span class='ocrx_word' id='word_1_624' title='bbox 2030 3305 2132 3363; x_wconf 84' lang='lat' dir='ltr'><strong>fuit</strong></span> <span class='ocrx_word' id='word_1_625' title='bbox 2173 3305 2459 3373; x_wconf 88' lang='lat' dir='ltr'><strong>Iosedech,</strong></span> <span class='ocrx_word' id='word_1_626' title='bbox 2496 3309 2588 3380; x_wconf 89' lang='lat' dir='ltr'><strong>qui</strong></span> <span class='ocrx_word' id='word_1_627' title='bbox 2620 3310 2865 3380; x_wconf 89' lang='lat' dir='ltr'><strong>captivus</strong></span> <span class='ocrx_word' id='word_1_628' title='bbox 2896 3311 2950 3367; x_wconf 86' lang='lat' dir='ltr'><strong>in</strong></span> <span class='ocrx_word' id='word_1_629' title='bbox 2976 3311 3323 3383; x_wconf 87' lang='lat' dir='ltr'><strong>Babyloniam</strong></span> <span class='ocrx_word' id='word_1_630' title='bbox 3354 3314 3616 3370; x_wconf 88' lang='lat' dir='ltr'><strong>deductus</strong></span> 
     </span>
    </p>
   </div>
   <div class='ocr_carea' id='block_1_95' title="bbox 2029 3397 3619 3475">
    <p class='ocr_par' dir='ltr' id='par_1_95' title="bbox 2029 3397 3619 3475">
     <span class='ocr_line' id='line_1_95' title="bbox 2029 3397 3619 3475; baseline 0.004 -23"><span class='ocrx_word' id='word_1_631' title='bbox 2029 3407 2132 3453; x_wconf 88' lang='lat' dir='ltr'><strong>est.</strong></span> <span class='ocrx_word' id='word_1_632' title='bbox 2158 3397 2253 3453; x_wconf 89' lang='lat' dir='ltr'><strong>lsti</strong></span> <span class='ocrx_word' id='word_1_633' title='bbox 2301 3399 2566 3468; x_wconf 84' lang='lat' dir='ltr'><strong>siquidem</strong></span> <span class='ocrx_word' id='word_1_634' title='bbox 2599 3400 2652 3455; x_wconf 91' lang='lat' dir='ltr'><strong>in</strong></span> <span class='ocrx_word' id='word_1_635' title='bbox 2688 3399 3061 3469; x_wconf 89' lang='lat' dir='ltr'><strong>pontiﬁcatum</strong></span> <span class='ocrx_word' id='word_1_636' title='bbox 3107 3401 3201 3456; x_wconf 88' lang='lat' dir='ltr'><strong>ﬁlii</strong></span> <span class='ocrx_word' id='word_1_637' title='bbox 3232 3403 3479 3472; x_wconf 86' lang='lat' dir='ltr'><strong>patribus</strong></span> <span class='ocrx_word' id='word_1_638' title='bbox 3522 3419 3619 3475; x_wconf 89' lang='lat' dir='ltr'><strong>per</strong></span> 
     </span>
    </p>
   </div>
   <div class='ocr_carea' id='block_1_96' title="bbox 2030 3488 3617 3550">
    <p class='ocr_par' dir='ltr' id='par_1_96' title="bbox 2030 3488 3617 3550">
     <span class='ocr_line' id='line_1_96' title="bbox 2030 3488 3617 3550; baseline 0.005 -8"><span class='ocrx_word' id='word_1_639' title='bbox 2030 3490 2275 3544; x_wconf 86' lang='lat' dir='ltr'><strong>ordinem</strong></span> <span class='ocrx_word' id='word_1_640' title='bbox 2321 3500 2725 3546; x_wconf 85' lang='lat' dir='ltr'><strong>successerunt.</strong></span> <span class='ocrx_word' id='word_1_641' title='bbox 2776 3489 2908 3545; x_wconf 88' lang='lat' dir='ltr'><strong>Post</strong></span> <span class='ocrx_word' id='word_1_642' title='bbox 2939 3488 3203 3547; x_wconf 88' lang='lat' dir='ltr'><strong>Iosedech</strong></span> <span class='ocrx_word' id='word_1_643' title='bbox 3252 3501 3432 3548; x_wconf 88' lang='lat' dir='ltr'><strong>autem</strong></span> <span class='ocrx_word' id='word_1_644' title='bbox 3476 3494 3617 3550; x_wconf 87' lang='lat' dir='ltr'><strong>ﬁlius</strong></span> 
     </span>
    </p>
   </div>
   <div class='ocr_carea' id='block_1_97' title="bbox 2029 3579 3617 3655">
    <p class='ocr_par' dir='ltr' id='par_1_97' title="bbox 2029 3579 3617 3655">
     <span class='ocr_line' id='line_1_97' title="bbox 2029 3579 3617 3655; baseline 0.003 -20"><span class='ocrx_word' id='word_1_645' title='bbox 2029 3580 2147 3652; x_wconf 83' lang='lat' dir='ltr'><strong>ejus</strong></span> <span class='ocrx_word' id='word_1_646' title='bbox 2174 3579 2410 3636; x_wconf 87' lang='lat' dir='ltr'><strong>Ioannes</strong></span> <span class='ocrx_word' id='word_1_647' title='bbox 2437 3582 2798 3637; x_wconf 86' lang='lat' dir='ltr'><strong>sacerdotium</strong></span> <span class='ocrx_word' id='word_1_648' title='bbox 2828 3583 3058 3652; x_wconf 87' lang='lat' dir='ltr'><strong>accepit,</strong></span> <span class='ocrx_word' id='word_1_649' title='bbox 3094 3583 3197 3639; x_wconf 89' lang='lat' dir='ltr'><strong>sub</strong></span> <span class='ocrx_word' id='word_1_650' title='bbox 3224 3598 3332 3654; x_wconf 67' lang='lat' dir='ltr'><strong>quo</strong></span> <span class='ocrx_word' id='word_1_651' title='bbox 3360 3585 3617 3655; x_wconf 89' lang='lat' dir='ltr'><strong>templum</strong></span> 
     </span>
    </p>
   </div>
   <div class='ocr_carea' id='block_1_98' title="bbox 2030 3669 3615 3745">
    <p class='ocr_par' dir='ltr' id='par_1_98' title="bbox 2030 3669 3615 3745">
     <span class='ocr_line' id='line_1_98' title="bbox 2030 3669 3615 3745; baseline 0.005 -22"><span class='ocrx_word' id='word_1_652' title='bbox 2030 3669 2413 3724; x_wconf 75' lang='lat' dir='ltr'><strong>rea-diﬁcatum</strong></span> <span class='ocrx_word' id='word_1_653' title='bbox 2445 3679 2557 3735; x_wconf 90' lang='lat' dir='ltr'><strong>est;</strong></span> <span class='ocrx_word' id='word_1_654' title='bbox 2602 3679 2801 3741; x_wconf 88' lang='lat' dir='ltr'><strong>etpost</strong></span> <span class='ocrx_word' id='word_1_655' title='bbox 2825 3672 2969 3727; x_wconf 89' lang='lat' dir='ltr'><strong>hunc</strong></span> <span class='ocrx_word' id='word_1_656' title='bbox 3007 3672 3253 3728; x_wconf 89' lang='lat' dir='ltr'><strong>Ioachim</strong></span> <span class='ocrx_word' id='word_1_657' title='bbox 3297 3674 3439 3730; x_wconf 89' lang='lat' dir='ltr'><strong>ﬁlius</strong></span> <span class='ocrx_word' id='word_1_658' title='bbox 3478 3676 3615 3745; x_wconf 86' lang='lat' dir='ltr'><strong>ejus.</strong></span> 
     </span>
    </p>
   </div>
   <div class='ocr_carea' id='block_1_99' title="bbox 2032 3760 3617 3835">
    <p class='ocr_par' dir='ltr' id='par_1_99' title="bbox 2032 3760 3617 3835">
     <span class='ocr_line' id='line_1_99' title="bbox 2032 3760 3617 3835; baseline 0.006 -22"><span class='ocrx_word' id='word_1_659' title='bbox 2032 3760 2295 3815; x_wconf 78' lang='lat' dir='ltr'><strong>Defuncto</strong></span> <span class='ocrx_word' id='word_1_660' title='bbox 2323 3772 2502 3818; x_wconf 85' lang='lat' dir='ltr'><strong>autem</strong></span> <span class='ocrx_word' id='word_1_661' title='bbox 2539 3770 2594 3817; x_wconf 90' lang='lat' dir='ltr'><strong>et</strong></span> <span class='ocrx_word' id='word_1_662' title='bbox 2623 3763 2727 3817; x_wconf 86' lang='lat' dir='ltr'><strong>hoc</strong></span> <span class='ocrx_word' id='word_1_663' title='bbox 2763 3762 3000 3819; x_wconf 87' lang='lat' dir='ltr'><strong>Joannes</strong></span> <span class='ocrx_word' id='word_1_664' title='bbox 3039 3763 3180 3819; x_wconf 89' lang='lat' dir='ltr'><strong>ﬁlius</strong></span> <span class='ocrx_word' id='word_1_665' title='bbox 3214 3765 3332 3835; x_wconf 87' lang='lat' dir='ltr'><strong>ejus</strong></span> <span class='ocrx_word' id='word_1_666' title='bbox 3358 3768 3617 3824; x_wconf 90' lang='lat' dir='ltr'><strong>honorem</strong></span> 
     </span>
    </p>
   </div>
   <div class='ocr_carea' id='block_1_100' title="bbox 2030 3849 3618 3926">
    <p class='ocr_par' dir='ltr' id='par_1_100' title="bbox 2030 3849 3618 3926">
     <span class='ocr_line' id='line_1_100' title="bbox 2030 3849 3618 3926; baseline 0.006 -23"><span class='ocrx_word' id='word_1_667' title='bbox 2030 3849 2311 3918; x_wconf 82' lang='lat' dir='ltr'><strong>suscepit:</strong></span> <span class='ocrx_word' id='word_1_668' title='bbox 2346 3849 2564 3906; x_wconf 89' lang='lat' dir='ltr'><strong>ﬁnicnte</strong></span> <span class='ocrx_word' id='word_1_669' title='bbox 2607 3865 2736 3907; x_wconf 85' lang='lat' dir='ltr'><strong>vero</strong></span> <span class='ocrx_word' id='word_1_670' title='bbox 2761 3852 2927 3906; x_wconf 90' lang='lat' dir='ltr'><strong>vitam</strong></span> <span class='ocrx_word' id='word_1_671' title='bbox 2971 3849 3177 3908; x_wconf 88' lang='lat' dir='ltr'><strong>Ioanne</strong></span> <span class='ocrx_word' id='word_1_672' title='bbox 3222 3856 3463 3912; x_wconf 90' lang='lat' dir='ltr'><strong>succedit</strong></span> <span class='ocrx_word' id='word_1_673' title='bbox 3502 3858 3618 3926; x_wconf 91' lang='lat' dir='ltr'><strong>pri-</strong></span> 
     </span>
    </p>
   </div>
   <div class='ocr_carea' id='block_1_101' title="bbox 2032 3942 3615 4015">
    <p class='ocr_par' dir='ltr' id='par_1_101' title="bbox 2032 3942 3615 4015">
     <span class='ocr_line' id='line_1_101' title="bbox 2032 3942 3615 4015; baseline 0.004 -19"><span class='ocrx_word' id='word_1_674' title='bbox 2032 3942 2199 3996; x_wconf 72' lang='lat' dir='ltr'><strong>tuatui</strong></span> <span class='ocrx_word' id='word_1_675' title='bbox 2250 3943 2592 3998; x_wconf 84' lang='lat' dir='ltr'><strong>sacerdotum</strong></span> <span class='ocrx_word' id='word_1_676' title='bbox 2638 3942 2779 3998; x_wconf 88' lang='lat' dir='ltr'><strong>ﬁlius</strong></span> <span class='ocrx_word' id='word_1_677' title='bbox 2820 3942 2938 4012; x_wconf 88' lang='lat' dir='ltr'><strong>ejus</strong></span> <span class='ocrx_word' id='word_1_678' title='bbox 2973 3943 3210 4008; x_wconf 89' lang='lat' dir='ltr'><strong>Iaddus,</strong></span> <span class='ocrx_word' id='word_1_679' title='bbox 3241 3946 3342 4001; x_wconf 85' lang='lat' dir='ltr'><strong>sub</strong></span> <span class='ocrx_word' id='word_1_680' title='bbox 3369 3962 3477 4015; x_wconf 88' lang='lat' dir='ltr'><strong>quo</strong></span> <span class='ocrx_word' id='word_1_681' title='bbox 3522 3963 3615 4003; x_wconf 81' lang='lat' dir='ltr'><strong>rex</strong></span> 
     </span>
    </p>
   </div>
   <div class='ocr_carea' id='block_1_102' title="bbox 2030 4030 3610 4105">
    <p class='ocr_par' dir='ltr' id='par_1_102' title="bbox 2030 4030 3610 4105">
     <span class='ocr_line' id='line_1_102' title="bbox 2030 4030 3610 4105; baseline 0.002 -17"><span class='ocrx_word' id='word_1_682' title='bbox 2030 4033 2335 4088; x_wconf 81' lang='lat' dir='ltr'><strong>Alexander</strong></span> <span class='ocrx_word' id='word_1_683' title='bbox 2378 4032 2599 4089; x_wconf 85' lang='lat' dir='ltr'><strong>Macedo</strong></span> <span class='ocrx_word' id='word_1_684' title='bbox 2645 4030 3036 4105; x_wconf 82' lang='lat' dir='ltr'><strong>Ieresolymam</strong></span> <span class='ocrx_word' id='word_1_685' title='bbox 3077 4035 3244 4088; x_wconf 89' lang='lat' dir='ltr'><strong>venit.</strong></span> <span class='ocrx_word' id='word_1_686' title='bbox 3295 4034 3423 4091; x_wconf 92' lang='lat' dir='ltr'><strong>Post</strong></span> <span class='ocrx_word' id='word_1_687' title='bbox 3451 4054 3610 4105; x_wconf 87' lang='lat' dir='ltr'><strong>quem</strong></span> 
     </span>
    </p>
   </div>
   <div class='ocr_carea' id='block_1_103' title="bbox 2031 4122 3617 4194">
    <p class='ocr_par' dir='ltr' id='par_1_103' title="bbox 2031 4122 3617 4194">
     <span class='ocr_line' id='line_1_103' title="bbox 2031 4122 3617 4194; baseline 0.003 -16"><span class='ocrx_word' id='word_1_688' title='bbox 2031 4123 2198 4179; x_wconf 87' lang='lat' dir='ltr'><strong>Onias</strong></span> <span class='ocrx_word' id='word_1_689' title='bbox 2228 4122 2369 4179; x_wconf 87' lang='lat' dir='ltr'><strong>ﬁlius</strong></span> <span class='ocrx_word' id='word_1_690' title='bbox 2413 4124 2531 4194; x_wconf 86' lang='lat' dir='ltr'><strong>ejus</strong></span> <span class='ocrx_word' id='word_1_691' title='bbox 2572 4122 2753 4179; x_wconf 84' lang='lat' dir='ltr'><strong>clarus</strong></span> <span class='ocrx_word' id='word_1_692' title='bbox 2781 4125 3028 4179; x_wconf 86' lang='lat' dir='ltr'><strong>habetur.</strong></span> <span class='ocrx_word' id='word_1_693' title='bbox 3071 4122 3203 4180; x_wconf 90' lang='lat' dir='ltr'><strong>Post</strong></span> <span class='ocrx_word' id='word_1_694' title='bbox 3243 4125 3386 4181; x_wconf 90' lang='lat' dir='ltr'><strong>hunc</strong></span> <span class='ocrx_word' id='word_1_695' title='bbox 3431 4126 3617 4183; x_wconf 78' lang='lat' dir='ltr'><strong>Simon</strong></span> 
     </span>
    </p>
   </div>
   <div class='ocr_carea' id='block_1_104' title="bbox 2033 4213 3623 4292">
    <p class='ocr_par' dir='ltr' id='par_1_104' title="bbox 2033 4213 3623 4292">
     <span class='ocr_line' id='line_1_104' title="bbox 2033 4213 3623 4292; baseline 0.004 -24"><span class='ocrx_word' id='word_1_696' title='bbox 2033 4213 2176 4269; x_wconf 89' lang='lat' dir='ltr'><strong>ﬁlius</strong></span> <span class='ocrx_word' id='word_1_697' title='bbox 2214 4213 2357 4285; x_wconf 76' lang='lat' dir='ltr'><strong>ejus,</strong></span> <span class='ocrx_word' id='word_1_698' title='bbox 2409 4215 2495 4268; x_wconf 91' lang='lat' dir='ltr'><strong>cui</strong></span> <span class='ocrx_word' id='word_1_699' title='bbox 2542 4222 2958 4286; x_wconf 84' lang='lat' dir='ltr'><strong>cognomentum</strong></span> <span class='ocrx_word' id='word_1_700' title='bbox 3002 4214 3188 4281; x_wconf 88' lang='lat' dir='ltr'><strong>Iustus</strong></span> <span class='ocrx_word' id='word_1_701' title='bbox 3236 4215 3355 4282; x_wconf 87' lang='lat' dir='ltr'><strong>fuit,</strong></span> <span class='ocrx_word' id='word_1_702' title='bbox 3404 4227 3623 4292; x_wconf 82' lang='lat' dir='ltr'><strong>prepter</strong></span> 
     </span>
    </p>
   </div>
   <div class='ocr_carea' id='block_1_105' title="bbox 2033 4305 3620 4378">
    <p class='ocr_par' dir='ltr' id='par_1_105' title="bbox 2033 4305 3620 4378">
     <span class='ocr_line' id='line_1_105' title="bbox 2033 4305 3620 4378; baseline 0.003 -16"><span class='ocrx_word' id='word_1_703' title='bbox 2033 4306 2322 4362; x_wconf 87' lang='lat' dir='ltr'><strong>sollicitum</strong></span> <span class='ocrx_word' id='word_1_704' title='bbox 2346 4307 2401 4361; x_wconf 92' lang='lat' dir='ltr'><strong>in</strong></span> <span class='ocrx_word' id='word_1_705' title='bbox 2426 4305 2637 4362; x_wconf 89' lang='lat' dir='ltr'><strong>Domini</strong></span> <span class='ocrx_word' id='word_1_706' title='bbox 2675 4307 2987 4378; x_wconf 84' lang='lat' dir='ltr'><strong>religionem</strong></span> <span class='ocrx_word' id='word_1_707' title='bbox 3014 4309 3268 4371; x_wconf 82' lang='lat' dir='ltr'><strong>studium,</strong></span> <span class='ocrx_word' id='word_1_708' title='bbox 3311 4318 3367 4364; x_wconf 89' lang='lat' dir='ltr'><strong>et</strong></span> <span class='ocrx_word' id='word_1_709' title='bbox 3392 4310 3445 4363; x_wconf 92' lang='lat' dir='ltr'><strong>in</strong></span> <span class='ocrx_word' id='word_1_710' title='bbox 3474 4312 3620 4366; x_wconf 88' lang='lat' dir='ltr'><strong>cives</strong></span> 
     </span>
    </p>
   </div>
   <div class='ocr_carea' id='block_1_106' title="bbox 2036 4391 3623 4472">
    <p class='ocr_par' dir='ltr' id='par_1_106' title="bbox 2036 4391 3623 4472">
     <span class='ocr_line' id='line_1_106' title="bbox 2036 4391 3623 4472; baseline 0.001 -17"><span class='ocrx_word' id='word_1_711' title='bbox 2036 4414 2161 4455; x_wconf 87' lang='lat' dir='ltr'><strong>suos</strong></span> <span class='ocrx_word' id='word_1_712' title='bbox 2196 4414 2422 4468; x_wconf 88' lang='lat' dir='ltr'><strong>pronam</strong></span> <span class='ocrx_word' id='word_1_713' title='bbox 2446 4391 2817 4456; x_wconf 50' lang='lat' dir='ltr'><strong>clementiam:</strong></span> <span class='ocrx_word' id='word_1_714' title='bbox 2859 4401 3063 4457; x_wconf 79' lang='lat' dir='ltr'><strong>Deinde</strong></span> <span class='ocrx_word' id='word_1_715' title='bbox 3101 4399 3406 4457; x_wconf 72' lang='lat' dir='ltr'><strong>Iudaeorum</strong></span> <span class='ocrx_word' id='word_1_716' title='bbox 3444 4405 3623 4472; x_wconf 76' lang='lat' dir='ltr'><strong>ponti~</strong></span> 
     </span>
    </p>
   </div>
   <div class='ocr_carea' id='block_1_107' title="bbox 2034 4488 3619 4561">
    <p class='ocr_par' dir='ltr' id='par_1_107' title="bbox 2034 4488 3619 4561">
     <span class='ocr_line' id='line_1_107' title="bbox 2034 4488 3619 4561; baseline 0.002 -19"><span class='ocrx_word' id='word_1_717' title='bbox 2034 4488 2122 4543; x_wconf 85' lang='lat' dir='ltr'><strong>fex</strong></span> <span class='ocrx_word' id='word_1_718' title='bbox 2152 4488 2460 4554; x_wconf 85' lang='lat' dir='ltr'><strong>Eleazarus,</strong></span> <span class='ocrx_word' id='word_1_719' title='bbox 2510 4488 2677 4544; x_wconf 82' lang='lat' dir='ltr'><strong>frater</strong></span> <span class='ocrx_word' id='word_1_720' title='bbox 2704 4489 2969 4555; x_wconf 86' lang='lat' dir='ltr'><strong>Simonis,</strong></span> <span class='ocrx_word' id='word_1_721' title='bbox 3021 4490 3260 4559; x_wconf 89' lang='lat' dir='ltr'><strong>suscepit</strong></span> <span class='ocrx_word' id='word_1_722' title='bbox 3293 4491 3474 4561; x_wconf 85' lang='lat' dir='ltr'><strong>templi</strong></span> <span class='ocrx_word' id='word_1_723' title='bbox 3521 4493 3619 4546; x_wconf 80' lang='lat' dir='ltr'><strong>mi-</strong></span> 
     </span>
    </p>
   </div>
   <div class='ocr_carea' id='block_1_108' title="bbox 2031 4578 3621 4650">
    <p class='ocr_par' dir='ltr' id='par_1_108' title="bbox 2031 4578 3621 4650">
     <span class='ocr_line' id='line_1_108' title="bbox 2031 4578 3621 4650; baseline 0 -16"><span class='ocrx_word' id='word_1_724' title='bbox 2031 4579 2336 4644; x_wconf 89' lang='lat' dir='ltr'><strong>nisterium,</strong></span> <span class='ocrx_word' id='word_1_725' title='bbox 2367 4578 2477 4635; x_wconf 92' lang='lat' dir='ltr'><strong>ﬁlio</strong></span> <span class='ocrx_word' id='word_1_726' title='bbox 2506 4578 2743 4635; x_wconf 90' lang='lat' dir='ltr'><strong>Simonis</strong></span> <span class='ocrx_word' id='word_1_727' title='bbox 2788 4579 2923 4635; x_wconf 88' lang='lat' dir='ltr'><strong>Onia</strong></span> <span class='ocrx_word' id='word_1_728' title='bbox 2950 4595 3120 4650; x_wconf 87' lang='lat' dir='ltr'><strong>parvo</strong></span> <span class='ocrx_word' id='word_1_729' title='bbox 3150 4580 3435 4635; x_wconf 90' lang='lat' dir='ltr'><strong>admodum</strong></span> <span class='ocrx_word' id='word_1_730' title='bbox 3462 4581 3621 4635; x_wconf 80' lang='lat' dir='ltr'><strong>dere-</strong></span> 
     </span>
    </p>
   </div>
   <div class='ocr_carea' id='block_1_109' title="bbox 2034 4669 3621 4743">
    <p class='ocr_par' dir='ltr' id='par_1_109' title="bbox 2034 4669 3621 4743">
     <span class='ocr_line' id='line_1_109' title="bbox 2034 4669 3621 4743; baseline -0.001 -19"><span class='ocrx_word' id='word_1_731' title='bbox 2034 4670 2166 4727; x_wconf 90' lang='lat' dir='ltr'><strong>licto</strong></span> <span class='ocrx_word' id='word_1_732' title='bbox 2197 4689 2209 4724; x_wconf 91' lang='lat'><strong>:</strong></span> <span class='ocrx_word' id='word_1_733' title='bbox 2242 4671 2333 4743; x_wconf 81' lang='lat' dir='ltr'><strong>qui</strong></span> <span class='ocrx_word' id='word_1_734' title='bbox 2386 4670 2679 4735; x_wconf 75' lang='lat' dir='ltr'><strong>Eleazarus</strong></span> <span class='ocrx_word' id='word_1_735' title='bbox 2707 4712 2723 4739; x_wconf 93' lang='lat'><strong>,</strong></span> <span class='ocrx_word' id='word_1_736' title='bbox 2777 4670 3067 4726; x_wconf 79' lang='lat' dir='ltr'><strong>Ptolemaeo</strong></span> <span class='ocrx_word' id='word_1_737' title='bbox 3126 4669 3477 4741; x_wconf 88' lang='lat' dir='ltr'><strong>Philadelpho</strong></span> <span class='ocrx_word' id='word_1_738' title='bbox 3529 4685 3621 4740; x_wconf 55' lang='lat' dir='ltr'><strong>pc-</strong></span> 
     </span>
    </p>
   </div>
   <div class='ocr_carea' id='block_1_110' title="bbox 2038 4760 3621 4833">
    <p class='ocr_par' dir='ltr' id='par_1_110' title="bbox 2038 4760 3621 4833">
     <span class='ocr_line' id='line_1_110' title="bbox 2038 4760 3621 4833; baseline 0 -16"><span class='ocrx_word' id='word_1_739' title='bbox 2038 4770 2218 4827; x_wconf 87' lang='lat' dir='ltr'><strong>tente,</strong></span> <span class='ocrx_word' id='word_1_740' title='bbox 2261 4760 2404 4816; x_wconf 76' lang='lat' dir='ltr'><strong>LXX</strong></span> <span class='ocrx_word' id='word_1_741' title='bbox 2448 4763 2776 4833; x_wconf 87' lang='lat' dir='ltr'><strong>lnterpretcs</strong></span> <span class='ocrx_word' id='word_1_742' title='bbox 2824 4764 2889 4817; x_wconf 89' lang='lat' dir='ltr'><strong>ad</strong></span> <span class='ocrx_word' id='word_1_743' title='bbox 2938 4762 3398 4832; x_wconf 83' lang='lat' dir='ltr'><strong>interpretandum</strong></span> <span class='ocrx_word' id='word_1_744' title='bbox 3451 4762 3621 4832; x_wconf 83' lang='lat' dir='ltr'><strong>legem</strong></span> 
     </span>
    </p>
   </div>
   <div class='ocr_carea' id='block_1_111' title="bbox 2040 4850 3622 4911">
    <p class='ocr_par' dir='ltr' id='par_1_111' title="bbox 2040 4850 3622 4911">
     <span class='ocr_line' id='line_1_111' title="bbox 2040 4850 3622 4911; baseline -0.001 -6"><span class='ocrx_word' id='word_1_745' title='bbox 2040 4850 2278 4905; x_wconf 86' lang='lat' dir='ltr'><strong>divinam</strong></span> <span class='ocrx_word' id='word_1_746' title='bbox 2322 4852 2641 4907; x_wconf 88' lang='lat' dir='ltr'><strong>transmisit.</strong></span> <span class='ocrx_word' id='word_1_747' title='bbox 2672 4851 2802 4907; x_wconf 89' lang='lat' dir='ltr'><strong>Post</strong></span> <span class='ocrx_word' id='word_1_748' title='bbox 2828 4851 3142 4911; x_wconf 80' lang='lat' dir='ltr'><strong>Eleazarum</strong></span> <span class='ocrx_word' id='word_1_749' title='bbox 3173 4859 3356 4907; x_wconf 88' lang='lat' dir='ltr'><strong>autem</strong></span> <span class='ocrx_word' id='word_1_750' title='bbox 3383 4867 3622 4909; x_wconf 85' lang='lat' dir='ltr'><strong>avuncu-</strong></span> 
     </span>
    </p>
   </div>
   <div class='ocr_carea' id='block_1_112' title="bbox 2040 4938 3626 5012">
    <p class='ocr_par' dir='ltr' id='par_1_112' title="bbox 2040 4938 3626 5012">
     <span class='ocr_line' id='line_1_112' title="bbox 2040 4938 3626 5012; baseline 0.003 -21"><span class='ocrx_word' id='word_1_751' title='bbox 2040 4940 2122 4994; x_wconf 90' lang='lat' dir='ltr'><strong>lus</strong></span> <span class='ocrx_word' id='word_1_752' title='bbox 2150 4940 2268 5010; x_wconf 80' lang='lat' dir='ltr'><strong>ejus</strong></span> <span class='ocrx_word' id='word_1_753' title='bbox 2295 4939 2569 4997; x_wconf 83' lang='lat' dir='ltr'><strong>Manasses</strong></span> <span class='ocrx_word' id='word_1_754' title='bbox 2609 4941 2817 5012; x_wconf 86' lang='lat' dir='ltr'><strong>accepit</strong></span> <span class='ocrx_word' id='word_1_755' title='bbox 2847 4938 3227 4996; x_wconf 87' lang='lat' dir='ltr'><strong>sacerdotium.</strong></span> <span class='ocrx_word' id='word_1_756' title='bbox 3256 4939 3384 4996; x_wconf 90' lang='lat' dir='ltr'><strong>Post</strong></span> <span class='ocrx_word' id='word_1_757' title='bbox 3411 4940 3626 4995; x_wconf 66' lang='lat' dir='ltr'><strong>Manas-</strong></span> 
     </span>
    </p>
   </div>
   <div class='ocr_carea' id='block_1_113' title="bbox 2040 5029 3624 5102">
    <p class='ocr_par' dir='ltr' id='par_1_113' title="bbox 2040 5029 3624 5102">
     <span class='ocr_line' id='line_1_113' title="bbox 2040 5029 3624 5102; baseline 0.004 -19"><span class='ocrx_word' id='word_1_758' title='bbox 2040 5045 2137 5084; x_wconf 88' lang='lat' dir='ltr'><strong>sen</strong></span> <span class='ocrx_word' id='word_1_759' title='bbox 2164 5045 2297 5084; x_wconf 88' lang='lat' dir='ltr'><strong>vero</strong></span> <span class='ocrx_word' id='word_1_760' title='bbox 2332 5029 2642 5087; x_wconf 74' lang='lat' dir='ltr'><strong>Iudzeorum</strong></span> <span class='ocrx_word' id='word_1_761' title='bbox 2689 5030 2929 5102; x_wconf 79' lang='lat' dir='ltr'><strong>pontifex</strong></span> <span class='ocrx_word' id='word_1_762' title='bbox 2964 5032 3151 5098; x_wconf 90' lang='lat' dir='ltr'><strong>Onias,</strong></span> <span class='ocrx_word' id='word_1_763' title='bbox 3201 5032 3441 5090; x_wconf 90' lang='lat' dir='ltr'><strong>Simonis</strong></span> <span class='ocrx_word' id='word_1_764' title='bbox 3485 5032 3624 5089; x_wconf 82' lang='lat' dir='ltr'><strong>Iusti</strong></span> 
     </span>
    </p>
   </div>
   <div class='ocr_carea' id='block_1_114' title="bbox 2043 5119 3624 5193">
    <p class='ocr_par' dir='ltr' id='par_1_114' title="bbox 2043 5119 3624 5193">
     <span class='ocr_line' id='line_1_114' title="bbox 2043 5119 3624 5193; baseline 0.003 -21"><span class='ocrx_word' id='word_1_765' title='bbox 2043 5119 2204 5182; x_wconf 91' lang='lat' dir='ltr'><strong>ﬁlius,</strong></span> <span class='ocrx_word' id='word_1_766' title='bbox 2251 5120 2434 5175; x_wconf 88' lang='lat' dir='ltr'><strong>clarus</strong></span> <span class='ocrx_word' id='word_1_767' title='bbox 2478 5121 2748 5177; x_wconf 85' lang='lat' dir='ltr'><strong>habetur:</strong></span> <span class='ocrx_word' id='word_1_768' title='bbox 2778 5123 2867 5192; x_wconf 84' lang='lat' dir='ltr'><strong>qui</strong></span> <span class='ocrx_word' id='word_1_769' title='bbox 2896 5131 3150 5179; x_wconf 78' lang='lat' dir='ltr'><strong>consueta</strong></span> <span class='ocrx_word' id='word_1_770' title='bbox 3185 5123 3473 5181; x_wconf 60' lang='lat' dir='ltr'><strong>Ptolemaeo</strong></span> <span class='ocrx_word' id='word_1_771' title='bbox 3511 5126 3624 5193; x_wconf 85' lang='lat' dir='ltr'><strong>regi</strong></span> 
     </span>
    </p>
   </div>
   <div class='ocr_carea' id='block_1_115' title="bbox 2041 5214 3624 5288">
    <p class='ocr_par' dir='ltr' id='par_1_115' title="bbox 2041 5214 3624 5288">
     <span class='ocr_line' id='line_1_115' title="bbox 2041 5214 3624 5288; baseline -0.001 -19"><span class='ocrx_word' id='word_1_772' title='bbox 2041 5215 2240 5270; x_wconf 88' lang='lat' dir='ltr'><strong>tributa</strong></span> <span class='ocrx_word' id='word_1_773' title='bbox 2284 5229 2390 5269; x_wconf 90' lang='lat' dir='ltr'><strong>non</strong></span> <span class='ocrx_word' id='word_1_774' title='bbox 2432 5214 2666 5271; x_wconf 86' lang='lat' dir='ltr'><strong>reddens</strong></span> <span class='ocrx_word' id='word_1_775' title='bbox 2712 5216 2780 5270; x_wconf 89' lang='lat' dir='ltr'><strong>ad</strong></span> <span class='ocrx_word' id='word_1_776' title='bbox 2830 5216 2965 5272; x_wconf 85' lang='lat' dir='ltr'><strong>iram</strong></span> <span class='ocrx_word' id='word_1_777' title='bbox 2989 5231 3114 5279; x_wconf 83' lang='lat' dir='ltr'><strong>eum</strong></span> <span class='ocrx_word' id='word_1_778' title='bbox 3148 5217 3377 5288; x_wconf 88' lang='lat' dir='ltr'><strong>impulit.</strong></span> <span class='ocrx_word' id='word_1_779' title='bbox 3426 5215 3624 5271; x_wconf 83' lang='lat' dir='ltr'><strong>Verum</strong></span> 
     </span>
    </p>
   </div>
   <div class='ocr_carea' id='block_1_116' title="bbox 2044 5303 3623 5376">
    <p class='ocr_par' dir='ltr' id='par_1_116' title="bbox 2044 5303 3623 5376">
     <span class='ocr_line' id='line_1_116' title="bbox 2044 5303 3623 5376; baseline -0.003 -16"><span class='ocrx_word' id='word_1_780' title='bbox 2044 5303 2332 5375; x_wconf 83' lang='lat' dir='ltr'><strong>Iosephus,</strong></span> <span class='ocrx_word' id='word_1_781' title='bbox 2373 5304 2516 5359; x_wconf 88' lang='lat' dir='ltr'><strong>inter</strong></span> <span class='ocrx_word' id='word_1_782' title='bbox 2562 5320 2688 5360; x_wconf 86' lang='lat' dir='ltr'><strong>suos</strong></span> <span class='ocrx_word' id='word_1_783' title='bbox 2729 5305 2945 5371; x_wconf 82' lang='lat' dir='ltr'><strong>nobilis,</strong></span> <span class='ocrx_word' id='word_1_784' title='bbox 2995 5306 3203 5376; x_wconf 81' lang='lat' dir='ltr'><strong>legatus</strong></span> <span class='ocrx_word' id='word_1_785' title='bbox 3249 5321 3280 5360; x_wconf 89' lang='lat' dir='ltr'><strong>a</strong></span> <span class='ocrx_word' id='word_1_786' title='bbox 3314 5304 3515 5358; x_wconf 60' lang='lat' dir='ltr'><strong>Iudaeis</strong></span> <span class='ocrx_word' id='word_1_787' title='bbox 3554 5304 3623 5356; x_wconf 77' lang='lat' dir='ltr'><strong>a;l</strong></span> 
     </span>
    </p>
   </div>
   <div class='ocr_carea' id='block_1_117' title="bbox 2045 5395 3624 5476">
    <p class='ocr_par' dir='ltr' id='par_1_117' title="bbox 2045 5395 3624 5476">
     <span class='ocr_line' id='line_1_117' title="bbox 2045 5395 3624 5476; baseline 0 -27"><span class='ocrx_word' id='word_1_788' title='bbox 2045 5395 2389 5451; x_wconf 82' lang='lat' dir='ltr'><strong>Ptolemaeum</strong></span> <span class='ocrx_word' id='word_1_789' title='bbox 2444 5396 2644 5452; x_wconf 87' lang='lat' dir='ltr'><strong>missus</strong></span> <span class='ocrx_word' id='word_1_790' title='bbox 2705 5413 2829 5452; x_wconf 87' lang='lat' dir='ltr'><strong>cum</strong></span> <span class='ocrx_word' id='word_1_791' title='bbox 2891 5398 3312 5476; x_wconf 75' lang='lat' dir='ltr'><strong>familiaritatem</strong></span> <span class='ocrx_word' id='word_1_792' title='bbox 3372 5395 3513 5463; x_wconf 80' lang='lat' dir='ltr'><strong>regis</strong></span> <span class='ocrx_word' id='word_1_793' title='bbox 3553 5395 3624 5449; x_wconf 89' lang='lat' dir='ltr'><strong>ob</strong></span> 
     </span>
    </p>
   </div>
   <div class='ocr_carea' id='block_1_118' title="bbox 2044 5484 3625 5557">
    <p class='ocr_par' dir='ltr' id='par_1_118' title="bbox 2044 5484 3625 5557">
     <span class='ocr_line' id='line_1_118' title="bbox 2044 5484 3625 5557; baseline -0.001 -16"><span class='ocrx_word' id='word_1_794' title='bbox 2044 5486 2273 5557; x_wconf 88' lang='lat' dir='ltr'><strong>plurima</strong></span> <span class='ocrx_word' id='word_1_795' title='bbox 2317 5487 2606 5543; x_wconf 83' lang='lat' dir='ltr'><strong>meruisset</strong></span> <span class='ocrx_word' id='word_1_796' title='bbox 2657 5488 2714 5543; x_wconf 91' lang='lat' dir='ltr'><strong>in</strong></span> <span class='ocrx_word' id='word_1_797' title='bbox 2757 5504 2880 5543; x_wconf 88' lang='lat' dir='ltr'><strong>eum</strong></span> <span class='ocrx_word' id='word_1_798' title='bbox 2934 5487 3221 5555; x_wconf 85' lang='lat' dir='ltr'><strong>obsequia,</strong></span> <span class='ocrx_word' id='word_1_799' title='bbox 3278 5486 3383 5540; x_wconf 79' lang='lat' dir='ltr'><strong>dux</strong></span> <span class='ocrx_word' id='word_1_800' title='bbox 3426 5484 3625 5543; x_wconf 65' lang='lat' dir='ltr'><strong>Induere</strong></span> 
     </span>
    </p>
   </div>
   <div class='ocr_carea' id='block_1_119' title="bbox 2044 5573 3626 5648">
    <p class='ocr_par' dir='ltr' id='par_1_119' title="bbox 2044 5573 3626 5648">
     <span class='ocr_line' id='line_1_119' title="bbox 2044 5573 3626 5648; baseline -0.001 -18"><span class='ocrx_word' id='word_1_801' title='bbox 2044 5586 2099 5631; x_wconf 88' lang='lat' dir='ltr'><strong>et</strong></span> <span class='ocrx_word' id='word_1_802' title='bbox 2142 5578 2418 5648; x_wconf 84' lang='lat' dir='ltr'><strong>regionum</strong></span> <span class='ocrx_word' id='word_1_803' title='bbox 2462 5578 2812 5632; x_wconf 86' lang='lat' dir='ltr'><strong>ﬁnitimarum</strong></span> <span class='ocrx_word' id='word_1_804' title='bbox 2849 5577 3215 5632; x_wconf 87' lang='lat' dir='ltr'><strong>constituitur.</strong></span> <span class='ocrx_word' id='word_1_805' title='bbox 3264 5575 3393 5629; x_wconf 85' lang='lat' dir='ltr'><strong>Post</strong></span> <span class='ocrx_word' id='word_1_806' title='bbox 3430 5573 3626 5631; x_wconf 88' lang='lat' dir='ltr'><strong>Ouiam</strong></span> 
     </span>
    </p>
   </div>
   <div class='ocr_carea' id='block_1_120' title="bbox 2045 5666 3615 5736">
    <p class='ocr_par' dir='ltr' id='par_1_120' title="bbox 2045 5666 3615 5736">
     <span class='ocr_line' id='line_1_120' title="bbox 2045 5666 3615 5736; baseline -0.002 -14"><span class='ocrx_word' id='word_1_807' title='bbox 2045 5678 2224 5723; x_wconf 82' lang='lat' dir='ltr'><strong>autem</strong></span> <span class='ocrx_word' id='word_1_808' title='bbox 2248 5670 2456 5733; x_wconf 85' lang='lat' dir='ltr'><strong>Simon,</strong></span> <span class='ocrx_word' id='word_1_809' title='bbox 2500 5669 2650 5725; x_wconf 75' lang='lat' dir='ltr'><strong>Oniae</strong></span> <span class='ocrx_word' id='word_1_810' title='bbox 2684 5670 2844 5734; x_wconf 87' lang='lat' dir='ltr'><strong>ﬁlius,</strong></span> <span class='ocrx_word' id='word_1_811' title='bbox 2885 5668 3189 5724; x_wconf 72' lang='lat' dir='ltr'><strong>Iudaeorum</strong></span> <span class='ocrx_word' id='word_1_812' title='bbox 3223 5667 3465 5736; x_wconf 79' lang='lat' dir='ltr'><strong>pontifex</strong></span> <span class='ocrx_word' id='word_1_813' title='bbox 3509 5666 3615 5721; x_wconf 89' lang='lat' dir='ltr'><strong>cla-</strong></span> 
     </span>
    </p>
   </div>
   <div class='ocr_carea' id='block_1_121' title="bbox 3150 5757 3227 5817">
    <p class='ocr_par' dir='ltr' id='par_1_121' title="bbox 3150 5757 3227 5817">
     <span class='ocr_line' id='line_1_121' title="bbox 3150 5757 3227 5817; baseline 0.013 -1"><span class='ocrx_word' id='word_1_814' title='bbox 3150 5757 3227 5817; x_wconf 84' lang='lat'><strong>39</strong></span> 
     </span>
    </p>
   </div>
  </div>
