3934 6186
364 304 494 357 12ὲῖ

1029 298 1089 352 n.
1133 292 1385 351 uanam
1421 294 1638 351 usum
1677 274 1931 350 Aueiae

2036 296 2344 355 MOGUNT.
2386 297 2670 357 OPERUM
2708 300 2889 358 PARS
2926 301 2966 358 l.

3478 298 3624 356 £233

362 430 449 465 HJS
479 414 718 466 habetur.
752 410 863 465 Sub
891 423 997 477 quo
1026 405 1278 469 Joannes,
1322 403 1460 459 ﬁlius
1487 403 1678 459 Siracb
1709 402 1931 473 Sapieu-
1960 410 2007 467 Α
2035 402 2168 459 Onia
2206 416 2416 473 orante,
2466 409 2743 467 descendit
2777 428 2947 484 eques
3001 414 3279 478 terribilis,
3329 428 3483 470 arma
3522 414 3622 468 ba-

360 505 445 557 ti;e
491 504 684 557 librum
736 514 1081 569 componens,
1133 512 1291 566 quem
1344 497 1557 552 vocavit
1605 495 1927 561 Pahareton,

360 595 411 647 id
440 603 522 649 est
564 593 822 647 virtutum
861 589 1100 643 omnium
1132 602 1404 657 capacem,
1429 595 1485 640 et
1508 584 1744 639 Simonis
1786 584 1839 639 in
1868 600 1932 639 eo

359 687 488 741 fecit
514 684 861 739 mentionem.
909 679 1037 734 Post
1066 676 1340 734 Simonem
1367 685 1548 731 autem
1576 674 1763 739 Onias,
1794 672 1934 728 ﬁlius

356 772 597 842 ejusdem
646 769 903 833 Simonis,
945 768 1171 838 insignis
1202 768 1432 821 habetur
1455 784 1468 819 :
1489 766 1555 820 ad
1578 780 1738 835 quem
1767 764 1934 820 Lace-

356 865 744 920 daemoniorum
790 879 882 918 rex
934 862 1093 916 Arius
1140 860 1344 928 legatos
1377 859 1583 913 mittit:
1616 859 1805 913 habuit
1849 875 1933 914 rc-

355 961 554 1027 gnante
600 953 769 1025 Syriae
810 961 865 1007 et
908 952 1051 1007 Asia:
1096 949 1360 1005 Antiocho
1390 949 1578 1018 Magno
1622 956 1675 1005 et
1707 949 1933 1005 Seleuco

356 1045 700 1116 Phil0patore
738 1044 845 1099 ﬁlio
875 1042 992 1113 ejus
1028 1057 1194 1111 usque
1228 1043 1295 1095 ad
1338 1042 1663 1096 Antiochum
1701 1042 1935 1112 Epipha-

358 1148 514 1202 nem;
565 1136 666 1191 sub
694 1150 801 1205 quo
847 1133 1099 1205 pontiﬁce
1136 1131 1272 1188 Onia
1318 1132 1434 1186 iure
1460 1147 1577 1201 qua:
1605 1132 1672 1186 de
1712 1131 1933 1187 Simone

355 1224 644 1294 prarposito
688 1223 868 1293 templi
914 1229 1206 1275 narrantur
1234 1218 1373 1274 facta
1399 1229 1541 1281 sunt,
1580 1228 1838 1288 regnante
1877 1220 1931 1273 in

274 1320 285 1330 '
355 1316 510 1387 Syria
538 1323 594 1369 et
616 1314 745 1369 Asia
777 1313 1003 1368 Seleuco
1038 1311 1403 1381 Philopatore,
1435 1317 1557 1365 cum
1585 1311 1845 1365 successit
1877 1311 1930 1364 in

356 1421 577 1476 regnum
618 1404 918 1459 Antiochus
961 1403 1288 1473 Epiphanes.
1340 1401 1523 1456 Simon
1555 1410 1757 1467 autem,
1792 1416 1931 1470 prie-

354 1497 565 1563 positus
596 1494 778 1564 templi
801 1492 1282 1565 Jerosolymorum,
1309 1492 1374 1547 ad
1402 1491 1738 1562 Apollonium
1770 1492 1932 1546 Plue-

356 1586 496 1640 nieis
526 1586 715 1640 ducem
743 1583 1079 1655 confugiens,
1110 1583 1291 1638 multis
1311 1583 1359 1637 ei
1398 1583 1712 1638 muneribus
1748 1599 1931 1653 repro-

352 1675 555 1741 missis,
595 1674 958 1730 sacerdotium
1003 1674 1107 1729 sibi
1147 1674 1419 1728 vindicare
1467 1674 1650 1742 coepit.
1681 1673 1798 1739 Quo
1835 1673 1932 1726 Se-

2037 497 2169 551 bens
2190 513 2373 564 aurea,
2416 500 2506 554 illo
2539 502 2787 558 videlicet
2826 504 2892 558 de
2917 519 3026 573 quo
3061 504 3297 559 Joannes
3322 504 3375 558 in
3401 504 3623 573 Apoca-

2034 589 2170 661 lypsi
2196 605 2293 644 sua
2334 591 2572 661 scripsit,
2617 594 3027 667 dicens(Apoc.
3053 595 3225 663 XIX):
3268 594 3387 650 Vidi
3428 596 3621 650 coelum

2036 692 2292 752 apertum,
2324 692 2373 736 et
2412 701 2527 738 ecce
2572 678 2731 755 equus
2782 688 2954 753 albus,
2994 699 3042 743 et
3083 689 3172 759 qui
3210 687 3419 742 sedebat
3462 704 3626 757 super

2034 788 2150 825 eum
2172 772 2453 826 vocabatur
2471 774 2641 843 ﬁdelis
2663 787 2711 829 et
2737 794 2912 839 rerum,
2937 789 3124 831 etcum
3143 779 3353 847 justiria
3367 779 3583 847 judicat
3600 792 3621 828 :

2035 863 2172 916 oeuli
2196 862 2311 932 ejus
2331 865 2461 917 sicut
2489 867 2704 931 ﬂamma
2729 869 2884 937 ignis,
2913 871 2967 923 in
2991 872 3158 939 capite
3176 871 3290 940 ejus
3311 870 3621 931 diademata

2036 952 2226 1017 multa,
2266 953 2459 1008 habens
2495 971 2680 1009 nomen
2710 958 2959 1026 scriptum
2985 948 3128 1029 quod
3150 976 3301 1013 nemo
3338 960 3479 1013 norit
3516 959 3623 1011 nisi

2034 1041 2141 1110 ipse
2161 1057 2179 1095 :
2201 1051 2248 1095 et
2271 1044 2485 1097 vestitus
2510 1055 2619 1098 erat
2644 1057 2778 1099 veste
2812 1064 3023 1117 aspersa
3055 1050 3306 1119 sanguine
3332 1060 3377 1103 et
3404 1059 3624 1103 vocatur

2037 1150 2219 1187 nomen
2244 1135 2357 1203 ejus
2390 1134 2612 1188 Verbum
2643 1136 2762 1190 Dei.
2795 1136 3087 1194 Orantibus
3112 1141 3327 1208 quidem
3356 1140 3623 1194 membris

2034 1222 2234 1277 Christi
2277 1226 2544 1279 succurrit
2588 1226 2702 1294 ipse
2727 1228 2808 1281 eis
2840 1228 2891 1281 in
2933 1229 3212 1293 auxilium,
3263 1231 3357 1299 qui
3395 1239 3482 1284 cst
3504 1230 3619 1293 ein,

2035 1315 2220 1369 veritas
2245 1326 2291 1369 et
2318 1317 2424 1370 vita
2449 1315 2468 1387 (
2486 1315 2646 1370 Joan.
2679 1334 2763 1371 xxv
2784 1319 2838 1389 );
2870 1328 2921 1374 et
2956 1321 3022 1374 ad
3056 1320 3406 1376 debellandos
3434 1321 3617 1374 inimi—

2034 1420 2126 1460 cos
2166 1415 2221 1460 et
2266 1408 2544 1461 terrendus
2592 1423 2879 1476 pravorum
2929 1413 3393 1480 prmsumpziones.
3449 1410 3623 1481 Cujus

2033 1512 2205 1568 equus
2230 1499 2721 1568 erat-incorruptus
2752 1510 2806 1555 et
2833 1504 2997 1556 vestis
3025 1503 3456 1572 sanguinolenta,
3488 1503 3620 1571 quia

2033 1602 2181 1641 mors
2228 1588 2406 1642 carnis
2448 1589 2565 1658 ejus
2613 1598 2730 1644 erat
2772 1591 2989 1645 innoxia
3018 1610 3031 1621 '
3060 1593 3279 1661 ipseque
3327 1593 3616 1653 terribilis,

2030 1677 2161 1746 quia
2194 1678 2346 1732 valde
2389 1678 2673 1743 mirabilis,
2727 1688 2888 1749 atque
2924 1679 3092 1749 judex
3136 1681 3473 1751 iustissimus
3510 1688 3614 1735 est.

353 1764 534 1820 leucus
580 1764 765 1819 audito
798 1764 1143 1818 Heliodorum
1186 1763 1347 1816 mittit
1388 1763 1454 1817 ad
1494 1763 1764 1833 negotium
1804 1779 1926 1833 pro-
1959 1767 2000 1825 Β
2031 1768 2127 1822 llic
2156 1776 2273 1822 erat
2320 1768 2537 1838 nptimis
2573 1769 2923 1838 operimentis
2963 1771 3284 1834 adornatus,
3323 1771 3453 1838 quia
3497 1785 3618 1823 om-

350 1855 638 1909 videndum
670 1853 801 1923 :qui
843 1867 966 1907 eum
1012 1853 1065 1906 in
1099 1851 1334 1906 Juda-am
1374 1852 1707 1920 pervenisset
1747 1852 1930 1922 inique

351 1942 653 2011 dijudicans
682 1952 737 1998 et
768 1940 932 1996 multa
970 1955 1228 2011 prospera
1277 1956 1470 2011 gerens
1507 1941 1703 1996 divinis
1744 1943 1934 1997 adver.

353 2049 471 2087 sum
497 2030 556 2089 so
595 2031 763 2103 signis
791 2031 1113 2097 deterretur,
1142 2040 1196 2086 et
1220 2030 1285 2084 ad
1310 2031 1593 2087 Seleucum
1623 2033 1927 2087 revertitur.

352 2126 520 2181 Unias
549 2135 731 2181 autem
758 2126 1013 2180 sacerdos
1038 2135 1325 2180 curaverat
1355 2136 1415 2181 ut
1455 2126 1639 2183 Simon
1674 2127 1933 2200 profugus

351 2221 528 2287 lierpt,
558 2227 663 2273 etc.
712 2217 955 2286 Denique
981 2212 1380 2273 hrccdristoria
1423 2222 1717 2278 secundum
1754 2230 1932 2291 tropo—

348 2306 503 2379 legite
529 2307 791 2380 regulam,
819 2310 1056 2363 insinuat
1087 2310 1214 2380 quia
1248 2325 1436 2365 omnes
1474 2311 1565 2382 qui
1598 2311 1651 2366 in
1678 2314 1930 2382 superbia

352 2398 591 2469 instigati
620 2399 1099 2455 sanctiﬁcationem
1132 2401 1340 2455 Domini
1373 2403 1740 2457 contaminare
1770 2411 1931 2472 atque

353 2490 571 2560 pollutis
618 2491 866 2546 manibus
901 2492 1117 2564 indigne
1169 2501 1402 2547 tractare
1448 2501 1926 2563 przcsumpseruut,

350 2582 559 2637 caelesti
591 2580 797 2651 judicio
845 2593 971 2639 sunt
1005 2585 1282 2655 puniendi,
1328 2587 1476 2657 quia,
1517 2586 1756 2642 Veritate
1793 2595 1931 2642 atte-

354 2681 555 2737 stantc,
583 2672 770 2728 domus
805 2670 1058 2751 orationis
1087 2685 1162 2730 est
1192 2676 1391 2730 cunctis
1418 2677 1655 2746 gentibus
1698 2678 1925 2748 (Matth.

357 2777 468 2828 xm;
500 2760 759 2834 Isa.t.vt),
782 2778 883 2819 nec
918 2763 1043 2819 licet
1071 2780 1188 2820 eam
1218 2765 1466 2836 cuiquam
1493 2766 1671 2822 facere
1713 2769 1932 2838 spelun-

349 2868 468 2907 cam
498 2851 787 2909 latronum.
818 2852 955 2911 Hinc
973 2863 1028 2910 et
1065 2854 1349 2912 Psalmista
1376 2856 1451 2910 ait
1484 2875 1497 2910 :
1525 2856 1750 2911 Domum
1780 2868 1925 2913 tuam

348 2944 490 2997 deest
546 2943 871 3008 sanctitudo,
926 2944 1178 3011 Domine,
1231 2945 1286 2999 in
1345 2944 1667 3016 longitudine
1721 2947 1926 3002 dierum

352 3030 526 3103 (I’sal.
558 3034 711 3102 xcu).
740 3032 848 3088 Nec
875 3034 1001 3089 licet
1026 3034 1100 3090 ibi
1128 3034 1327 3106 aliquid
1354 3051 1541 3106 gerere
1563 3036 1643 3090 vel
1673 3038 1922 3103 condere,

2033 1859 2181 1912 nium
2200 1860 2457 1912 virtutum
2482 1859 2678 1914 decore
2702 1860 2956 1929 Splendor
2976 1861 3333 1916 clarissimus.
3362 1860 3462 1916 Cui
3488 1875 3613 1914 om-

2032 1950 2118 2003 nia
2166 1966 2319 2004 arma
2362 1963 2545 2014 aurea,
2593 1951 2719 2020 quia
2764 1966 2926 2020 opera
2965 1950 3083 2021 ejus
3130 1951 3359 2007 miriﬁca
3390 1966 3407 2005 :
3438 1952 3614 2021 ipsius

2030 2041 2173 2095 enim
2204 2042 2345 2096 dono
2376 2041 2614 2097 Ecclesia
2644 2059 2741 2097 sua
2764 2044 2929 2098 habet
2961 2054 3164 2098 scutum
3199 2043 3345 2112 ﬁdei,
3386 2042 3614 2096 loricam

2021 2132 2276 2201 justitiw,
2328 2131 2530 2202 galeam
2572 2131 2865 2198 salutis,“
2894 2132 3126 2203 gladium
3176 2132 3427 2203 Spiritus,
3473 2134 3620 2204 quod

2029 2231 2104 2275 est
2127 2220 2336 2275 verbum
2368 2220 2503 2286 Dei;
2527 2222 2725 2291 quibus
2763 2223 2929 2276 armis
2956 2222 3070 2291 ipse
3094 2223 3332 2291 quotidie
3356 2224 3410 2276 in
3446 2238 3622 2277 mem-

2030 2311 2144 2365 bris
2172 2310 2285 2365 suis
2329 2320 2527 2382 pugnat
2566 2319 2754 2366 contra
2804 2312 2986 2367 hostes
3028 2327 3177 2377 suos,
3230 2312 3481 2371 videlicet
3527 2314 3621 2367 hic

2029 2415 2194 2469 eques
2241 2416 2358 2454 cum
2401 2402 2595 2471 impetu
2650 2400 2932 2455 Heliodoro
2986 2404 3184 2472 priores
3232 2402 3400 2457 calces
3448 2404 3613 2467 elisit,

2029 2489 2156 2558 quia
2203 2490 2593 2545 incarnationis
2629 2500 3028 2545 sacramentum
3084 2508 3274 2547 omnes
3316 2497 3621 2562 prosternit

2032 2582 2235 2645 hostes,
2266 2581 2367 2635 hoc
2402 2588 2485 2635 est
2513 2579 2747 2647 Judzcos,
2788 2597 3026 2654 paganos
3050 2592 3105 2638 et
3128 2583 3436 2649 hereticos,
3483 2600 3620 2654 qua-

2033 2680 2187 2726 tenus
2241 2670 2446 2726 confusi
2496 2673 2564 2727 ab
2622 2675 2956 2729 immanitate
3005 2674 3269 2731 scelerum
3323 2677 3622 2747 aliquando

2031 2760 2313 2815 desistant.
2350 2760 2431 2816 llli
2470 2777 2598 2833 ergo
2640 2763 2746 2817 duo
2771 2762 2996 2832 juvenes
3018 2765 3107 2835 qui
3138 2781 3259 2820 cum
3285 2767 3403 2836 ipso
3434 2768 3620 2835 equite

2029 2860 2417 2922 apparuerunt,
2459 2853 2634 2907 decori
2669 2855 2874 2921 virtute,
2898 2858 3078 2927 Optimi
3103 2856 3271 2928 gloria
3297 2860 3621 2929 speciosigue

2030 2942 2244 3007 amictu,
2281 2943 2372 3013 qui
2413 2944 2860 2999 circumsteterunt
2887 2944 3075 3001 Oniam
3116 2964 3180 3002 ex
3221 2960 3446 3022 utraque
3470 2965 3623 3021 parte

2029 3040 2077 3084 et
2109 3030 2443 3101 ﬂagellabant
2475 3033 2586 3087 sine
2630 3035 3011 3091 intermissione
3049 3036 3398 3093 Heliodorum
3438 3042 3622 3095 multis

353 3122 454 3176 nisi
483 3120 651 3178 solius
689 3124 784 3178 Dei
810 3123 1057 3179 laudibus
1078 3132 1133 3179 et
1159 3125 1494 3182 orationibus
1529 3142 1742 3199 vacare.
1778 3127 1928 3185 Unde
1956 3108 1998 3168 (ἶ
2029 3122 2199 3194 μίαθῖε
2249 3124 2568 3179 verberantes
2590 3165 2605 3190 ν
2662 3127 2969 3197 Signiﬁcant
3025 3130 3272 3185 doctores
3334 3134 3620 3203 tutiusque

349 3220 402 3267 et
429 3214 541 3284 ipse
582 3214 841 3270 Dominus
880 3216 934 3269 in
972 3215 1301 3289 Evangelio(
1328 3217 1489 3272 Joan.
1521 3217 1604 3290 ιι)
1634 3219 1929 3275 eliminavit

351 3306 416 3359 de
456 3306 656 3375 templo
680 3307 972 3362 vendentes
1002 3317 1058 3363 et
1085 3318 1327 3365 ementes
1357 3310 1408 3363 in
1438 3310 1548 3376 illo,
1577 3320 1632 3366 et
1667 3327 1742 3367 ses
1777 3329 1931 3366 num-

356 3395 705 3449 mulariorum
732 3395 936 3462 ell'udit,
960 3407 1014 3452 et
1037 3399 1323 3455 cathedras
1350 3400 1692 3454 vendentium
1724 3400 1929 3456 colum-

350 3487 451 3540 ’bas
477 3487 693 3541 evertit.
728 3486 926 3556 Hisque
954 3491 1189 3559 peractis
1223 3498 1341 3543 erat
1375 3490 1615 3559 quotidie
1656 3491 1854 3546 docens
1878 3492 1931 3546 in

358 3576 578 3646 templo.
606 3574 766 3632 Juxta
805 3577 1112 3650 allegoriam
1143 3587 1324 3634 autem
1359 3580 1543 3645 Onias,
1565 3582 1816 3641 sacerdos
1838 3583 1933 3637 Dei

348 3680 583 3737 magnus
610 3678 664 3724 et
690 3669 931 3739 ﬁguralis
974 3670 1159 3740 templi
1193 3681 1399 3737 custos,
1452 3672 1720 3742 signiﬁcat
1744 3672 1931 3727 Domi-

358 3776 487 3815 num
512 3759 869 3828 Salvatorem,
894 3763 984 3831 qui
1012 3778 1043 3816 a
1076 3762 1183 3818 Deo
1222 3762 1383 3818 Patre
1404 3760 1644 3833 pontifex
1674 3761 1850 3819 factus
1879 3764 1932 3818 in

359 3861 618 3908 :ctet'num
666 3852 959 3907 secundum
1000 3854 1244 3908 ordinem
1295 3852 1681 3908 Melchisedech
1731 3850 1929 3924 (Psal.

356 3945 489 4015 cxx),
517 3943 627 3999 veri
651 3942 743 3998 Dei
769 3944 974 4014 templi,
1004 3945 1145 4014 quod
1165 3954 1248 3999 est
1270 3944 1532 4009 Ecclesia,
1564 3954 1744 4001 custos
1771 3952 1825 4000 et
1855 3946 1935 3998 in-

361 4035 631 4089 habitator
676 4044 758 4090 est
798 4053 810 4087 :
845 4033 987 4102 quod
1032 4050 1230 4091 nomen
1268 4035 1418 4092 Oniae
1458 4037 1590 4092 satis
1632 4037 1934 4108 exprimere

360 4127 591 4191 videtur,
619 4127 1001 4196 interpretatur
1030 4128 1176 4183 enim
1206 4127 1369 4184 Onias
1397 4128 1552 4182 dolor
1580 4128 1792 4183 Domini
1822 4129 1935 4184 sive

357 4215 554 4270 doloris
611 4215 866 4270 Dominus
899 4231 917 4269 :
947 4224 1003 4271 et
1047 4217 1169 4286 quis
1207 4216 1395 4273 dolens
1445 4218 1703 4272 Dominus
1747 4216 1936 4272 melius

358 4305 462 4359 dici
509 4314 689 4375 potest
731 4320 892 4376 quam
944 4305 1274 4377 Redemptor
1320 4317 1535 4375 noster,
1588 4310 1652 4364 de
1695 4326 1801 4380 quo
1840 4324 1937 4378 per

361 4396 551 4450 Isaiam
583 4396 778 4451 dicitur
809 4415 822 4450 :
854 4395 1095 4451 Vidimus
1131 4414 1269 4464 eum,
1314 4409 1363 4453 et
1392 4416 1494 4454 non
1520 4410 1632 4454 erat
1661 4411 1897 4470 aspectus
1918 4442 1933 4466 ,

338 4482 404 4541 'et
430 4488 837 4543 desiderauimus
871 4506 989 4543 eum
1022 4490 1317 4560 despectum
1355 4502 1403 4546 et
1440 4494 1773 4549 novissimum
1802 4495 1940 4549 viro-

335 4573 510 4642 rum,
564 4591 613 4633 et
663 4581 830 4634 cirum
873 4580 1116 4636 dolorum
1160 4592 1206 4636 et
1262 4585 1506 4638 scientem
1549 4585 1939 4654 inﬁrmitatem:

338 4664 476 4720 'eerc
516 4667 794 4739 languores
838 4680 1041 4726 nostros
1088 4671 1197 4742 ipse
1233 4671 1353 4727 tulit
1391 4684 1438 4727 et
1489 4675 1694 4731 dolores
1739 4685 1941 4731 nostros

334 4762 338 4768 ‘
362 4758 470 4825 ipse
487 4758 730 4827 portavit.

334 4846 337 4849 ’
435 4848 757 4907 Heliodorus
783 4861 987 4920 autem,
1018 4855 1236 4910 invasor
1264 4866 1320 4911 et
1342 4856 1599 4926 spoliator
1622 4857 1800 4912 mrarii
1844 4857 1942 4913 Do-

338 4934 345 4939 ’
367 4941 517 5008 mini,
547 4957 783 5012 paganos
803 4945 917 5000 sive
940 4943 1174 5013 Judaeos,
1197 4948 1311 5003 sive
1335 4958 1389 5004 et
1416 4949 1699 5006 haereticos
1738 4949 1941 5020 signiﬁ-

369 5037 475 5094 cat,
506 5030 595 5098 qui
633 5029 751 5087 sine
782 5035 1083 5089 reverentia
1121 5035 1216 5091 Dei
1245 5036 1401 5093 donis
1439 5038 1587 5093 abuti
1619 5046 1672 5093 et
1707 5038 1760 5092 in
1787 5037 1937 5092 uela-

294 5169 300 5174 .
370 5118 509 5171 rium
559 5125 738 5172 aetum
787 5135 851 5173 ea
898 5130 1212 5178 convertere
1248 5125 1436 5179 voluit.
1491 5125 1755 5180 Invadunt
1799 5126 1942 5181 enim

371 5209 560 5281 pagani
590 5208 903 5263 thesaurum
931 5210 1109 5280 templi
1134 5212 1228 5266 Dei
1260 5229 1381 5267 eum
1411 5214 1570 5269 ﬁdem
1597 5229 1660 5269 ac
1691 5217 1953 5279 meritum

369 5298 569 5354 Christi
612 5297 892 5354 destruere
935 5301 1485 5357 conanturJnvaduat
1525 5319 1647 5359 eum
1686 5314 1739 5359 et
1773 5304 1940 5361 Judazi

371 5407 492 5445 cum
531 5391 841 5463 religionem
870 5390 1237 5447 Christianam
1284 5393 1481 5448 veteris
1526 5395 1659 5467 legis
1688 5411 1934 5452 caeremo-

330 5472 475 5534 ‘niis
531 5478 860 5535 confundere
923 5480 1163 5550 cupiunt.
1234 5480 1497 5535 Invadunt
1559 5490 1617 5536 et
1678 5482 1937 5547 lueretiei,

371 5570 583 5637 quando
629 5571 909 5625 veritatem
964 5570 1235 5641 Evangelii
1284 5578 1339 5623 et
1391 5570 1756 5626 sinceritatem
1811 5575 1941 5643 legis

338 5661 465 5710 ’1)ςή
515 5660 661 5714 falsis
705 5662 1041 5733 dogmatibus
1095 5677 1436 5733 corrumpere
1486 5665 1738 5735 gestiunt.
1798 5668 1937 5731 Sed,

2033 3213 2381 3281 Testamenti,
2430 3217 2540 3287 qui,
2592 3218 3001 3277 circumstantes
3039 3219 3242 3277 Christi
3285 3224 3618 3280 incarnatio-

2032 3319 2154 3359 nem
2193 3306 2395 3360 virtute
2450 3307 2575 3362 ﬁdei
2619 3324 2683 3364 ac
2713 3310 2976 3365 bonorum
3001 3327 3225 3383 Operam
3254 3316 3462 3381 decori,
3500 3316 3617 3387 glo-

2033 3395 2111 3449 ria
2150 3396 2531 3453 miraculorum
2568 3400 2754 3469 optimi
2799 3410 2857 3456 et
2897 3402 3099 3458 amictu
3139 3415 3343 3461 sancta:
3377 3407 3621 3461 scientia:

2034 3496 2192 3555 atque
2217 3487 2495 3557 sapientia:
2533 3490 2913 3559 speciosissimi
2942 3493 3105 3546 variis
3131 3496 3469 3565 temporibus
3494 3498 3614 3549 exi-

2033 3585 2268 3644 stentes,
2316 3580 2790 3649 praedicationibus
2830 3583 2943 3639 suis
2984 3584 3273 3641 verberant
3323 3603 3617 3658 pravorum

2034 3666 2507 3726 insensibilitatem
2535 3682 2591 3728 et
2621 3674 2685 3728 ad
2718 3683 2920 3730 terram
2960 3676 3208 3732 decidere
3241 3681 3615 3749 compellunt:

2034 3759 2218 3827 sicque
2259 3760 2349 3814 ﬁet
2380 3770 2437 3815 ut
2476 3763 2578 3819 iste
2618 3765 2708 3833 qui
2743 3774 2867 3820 ante
2902 3765 3156 3836 templum
3201 3784 3493 3840 aggressus
3535 3782 3621 3824 est

2035 3851 2297 3920 superbus
2316 3893 2331 3918 ,
2356 3867 2454 3921 per
2488 3855 2883 3925 correptionem
2913 3857 3210 3928 disciplina:
3235 3870 3497 3931 appareat
3538 3862 3620 3914 in-

2034 3942 2241 3997 validus
2270 3962 2283 3997 :
2317 3945 2443 4014 quia
2472 3961 2573 3999 non
2607 3956 2680 4000 est
2721 3947 3011 4017 sapientia,
3052 3965 3156 4002 non
3195 3960 3270 4004 est
3303 3951 3613 4019 prudentia.

2035 4050 2139 4088 non
2186 4045 2260 4089 est
2314 4036 2590 4091 consilium
2642 4048 2822 4093 contra
2872 4039 3153 4094 Dominum
3197 4038 3401 4112 (Prov.
3448 4042 3615 4114 ut);

2034 4124 2159 4193 quia
2200 4126 2375 4180 omnia
2412 4143 2730 4198 quiscunque
2787 4128 2977 4194 voluit,
3032 4130 3158 4199 fecit
3203 4132 3257 4184 in
3302 4132 3430 4186 cado
3473 4142 3527 4186 et
3565 4134 3617 4185 in

2037 4222 2197 4278 terra,
2227 4215 2280 4268 in
2312 4217 2447 4270 mari
2482 4226 2527 4270 et
2555 4218 2609 4272 in
2644 4220 2883 4274 omnibus
2912 4220 3109 4293 abyssis
3138 4242 3156 4276 :
3184 4233 3234 4277 et
3274 4240 3377 4276 non
3413 4234 3492 4279 est
3529 4228 3620 4295 qui

2034 4305 2195 4373 possit
2238 4306 2472 4377 resistere
2506 4306 2763 4363 voluntati
2791 4310 2938 4379 ejus;
2968 4310 3224 4368 Dominus
3256 4316 3616 4370 universorum

2039 4395 2145 4463 ipse
2186 4393 2373 4467 (Psal.
2411 4398 2661 4470 cxxxrv).
2711 4399 2861 4468 Quod
2906 4411 3085 4457 autem
3134 4393 3334 4469 Onias,
3381 4405 3623 4464 oll‘ercns

2042 4487 2274 4570 hostiam
2318 4489 2605 4546 salutarem
2652 4509 2751 4565 pro
2801 4494 2972 4550 salute
3016 4496 3137 4561 viri,
3164 4497 3395 4554 salvavit
3443 4500 3619 4570 ipsum

2043 4565 2386 4634 Heliodorum
2427 4581 2595 4636 multa
2633 4583 2862 4655 caligine
2899 4585 3306 4653 circumfusum,
3343 4565 3619 4659 signiﬁcat

2042 4670 2185 4739 quod
2224 4671 2595 4727 misericordia
2626 4673 2999 4746 Redemptoris
3024 4679 3197 4733 nostri
3222 4695 3364 4750 sape
3389 4680 3620 4752 ingratis

2042 4771 2097 4818 et
2133 4764 2416 4819 immeritis
2449 4763 2659 4819 confert
2698 4766 3020 4823 beneﬁcium
3058 4770 3451 4835 conversionis,
3481 4787 3619 4840 qua-

2044 4861 2201 4906 tenus
2224 4865 2322 4921 per
2358 4852 2478 4922 ejus
2514 4854 2743 4924 gratiam
2779 4856 2872 4925 qui
2910 4857 3259 4927 semetipsum
3285 4858 3486 4913 obtulit
3522 4860 3618 4914 ho-

2042 4939 2201 4993 stiam
2244 4939 2533 4995 salutarem
2579 4958 2678 5012 pro
2711 4944 2896 4999 mundi
2938 4947 3207 5015 peccatis,
3249 4959 3524 5003 exuantur
3550 4952 3617 5004 ab

2041 5028 2317 5084 erroribus
2346 5030 2460 5087 suis
2494 5041 2546 5086 et
2566 5031 2862 5088 liberentur
2889 5050 2919 5090 a
2953 5044 3218 5106 potestate
3255 5036 3495 5105 Satante,
3524 5057 3617 5095 cu-

2037 5120 2127 5190 jus
2148 5124 2385 5193 nequitia
2412 5126 2681 5195 quondam
2721 5127 2919 5197 captivi
2944 5139 3099 5184 erant
3133 5132 3203 5186 ad
3227 5132 3401 5202 ipsius
3431 5134 3617 5189 volun-

2047 5223 2237 5283 tatem,
2281 5215 2515 5274 referant
2554 5221 2757 5290 gratias
2789 5221 3137 5293 Redemptori
3180 5240 3280 5281 suo
3318 5234 3377 5281 et
3404 5226 3613 5282 laudern

2047 5308 2165 5378 ejus
2192 5310 2482 5379 praedicent
2500 5311 2555 5367 in
2585 5313 2842 5369 universa
2869 5321 3032 5369 terra.

2714 5495 2953 5511 ψ
