3934 6186
414 370 552 430 {229
963 450 973 459 ε

1026 488 1348 547 CAPUT'IV

409 615 487 673 De
509 617 716 691 insidiis
755 618 987 675 Simonis
1024 622 1306 691 proditoris
1354 635 1535 679 contra
1567 625 1776 681 Oniam.
1814 627 1981 683 lason

477 688 776 771 muneribus
799 688 1081 771 corrumpit
1111 709 1278 771 regem
1305 695 1638 771 Antiochum.
1673 696 1983 771 Sacerdotes

477 758 748 834 (esuriant,
796 757 1046 834 neglectis
1095 757 1281 834 sacris,
1326 762 1426 834 ad_
1458 763 1641 817 ludum
1700 766 1978 834 palwstra’.

477 826 747 907 Menelqus
767 826 1031 907 .Jas'onem
1052 830 1282 885 excludit
1309 850 1343 886 a
1386 826 1715 907 Sacerdotio,
1742 837 1828 889 cui
1867 853 1984 889 suc-

476 898 625 951 cessit
653 896 1017 965 Lysimachus,
1047 908 1153 955 etc.

478 1030 581 1087 Sed
621 1041 736 1102 post
769 1031 976 1087 Seleuci
1023 1034 1142 1088 rita:
1182 1051 1472 1103 excessum,
1516 1054 1631 1091 cum
1678 1042 1982 1109 suscepisset

405 1136 619 1193 regnum
649 1122 956 1189 Antiochus,
997 1127 1086 1196 qui
1121 1125 1330 1182 Nobilis
1356 1128 1736 1199 appellabatur,
1774 1139 1881 1186 etc.
1906 1131 1983 1187 De

404 1215 508 1270 hoc
544 1214 811 1285 Iosephus
859 1217 933 1285 ita
971 1228 1157 1273 narrat
1186 1218 1382 1291 (Antiq.
1432 1221 1523 1275 lib.
1551 1239 1651 1288 xu,
1682 1240 1730 1278 c.
1759 1223 1813 1295 6)
1839 1242 1852 1277 :
1878 1224 1983 1279 Per

405 1304 544 1360 idem
588 1314 800 1376 tempus
840 1306 1093 1363 defuncto
1134 1307 1270 1364 Onia
1322 1311 1567 1382 principe
1614 1316 1978 1380 sacerdotum,

404 1395 557 1450 fratri
597 1394 714 1464 ejus
758 1397 1059 1454 Antiochus
1102 1402 1392 1456 sacerdotii
1437 1404 1664 1458 contulit
1703 1407 1978 1476 principa-

408 1495 547 1551 tum,
580 1500 705 1541 nam
739 1485 881 1542 illius
902 1502 1059 1557 quem
1088 1487 1255 1544 Onias
1276 1491 1570 1561 reliquerat
1596 1495 1772 1550 adhuc
1802 1495 1980 1551 infans

399 1587 538 1633 erat.
570 1578 1071 1635 Demonstrabimus
1103 1589 1286 1636 autem
1329 1583 1539 1655 singula
1588 1585 1640 1639 in
1689 1585 1807 1641 loco
1855 1602 1979 1656 pro-

398 1668 535 1738 prio,
553 1671 750 1741 quaead
767 1671 911 1728 hunc
921 1685 1149 1742 puerum
1176 1674 1448 1743 pertinere
1475 1676 1817 1733 videbuntur.
1848 1678 1976 1735 Jesu

399 1773 526 1813 vero
547 1768 694 1831 (nam
722 1760 810 1816 hic
841 1769 959 1816 erat
999 1761 1171 1818 frater
1204 1762 1375 1835 Onias)
1411 1765 1768 1837 principatum
1796 1784 1978 1824 sacer-

1114 379 1465 436 COMMENT.
1509 382 1576 437 IN
1614 382 1858 441 LIBROS
1898 386 2468 444 MACHABIEORUM.
2506 420 2575 431 —
2614 392 2683 447 IN
2721 393 2847 449 LIB.
2886 394 2948 449 ll.

3518 401 3538 451 1
3548 400 3652 456 230

2009 509 2056 563 Α
2089 510 2213 571 gant
2241 500 2367 572 (Tit.
2401 501 2473 574 l);
2503 518 2734 575 namque
2761 507 2902 561 victu
2928 516 2983 561 et
3010 512 3203 566 vestitu
3247 512 3523 567 moderato
3550 530 3653 567 non

2085 597 2212 643 sunt
2239 591 2498 655 contenti,
2545 594 2639 648 sed
2675 592 2896 648 volentes
2942 595 3123 649 divites
3155 596 3291 664 ﬁeri,
3336 595 3576 653 incidant
3600 602 3655 653 in

2084 679 2441 745 tentationem,
2460 689 2507 733 et
2531 682 2585 735 in
2614 680 2855 753 laqueum
2880 683 3096 749 diaboli,
3117 695 3165 738 et
3187 685 3378 740 deside;
3394 687 3445 740 ia
3468 687 3654 752 multa,

2083 782 2129 824 et
2152 771 2375 833 inutilia,
2401 781 2449 825 et
2484 775 2683 831 nociva.
2708 793 2825 845 qum
2856 776 3095 846 ingerunt
3127 778 3361 833 homines
3387 780 3439 833 in
3478 782 3656 836 interi-

2083 869 2193 913 tum
2214 869 2263 912 et
2291 861 2632 930 perditionem
2683 864 2857 919 Radix
2879 869 3014 921 enim
3042 868 3273 922 omnium
3300 870 3559 926 malorum
3582 883 3655 927 est

2081 951 2338 1014 avaritia;
2375 968 2532 1022 quam
2564 954 2770 1024 quidem
2813 966 3103 1025 appetentes
3136 968 3436 1014 erraverunt
3478 976 3509 1014 a
3550 960 3656 1031 [ide

2080 1046 2129 1093 et
2156 1039 2483 1094 inseruerunt
2511 1056 2567 1094 se
2588 1042 2857 1097 doloribus
2884 1045 3062 1099 multis
3088 1045 3139 1117 (I
3177 1047 3310 1101 ’l'im.
3343 1049 3441 1121 γι).

2149 1123 2282 1180 Cant
2321 1138 2492 1182 autent
2531 1130 2930 1201 quinquennalis
2966 1149 3100 1204 agon
3136 1133 3258 1204 Tyri
3288 1135 3650 1199 celebraretur,

2079 1225 2127 1271 et
2164 1232 2257 1271 rea:
2279 1233 2506 1287 prwsens
2549 1228 2703 1285 esset,
2755 1228 2861 1276 etc.
2917 1222 3194 1293 llegnante
3238 1226 3375 1294 apud
3414 1224 3653 1282 ιιιίίωειηι

2079 1304 2210 1363 Ozia
2232 1315 2288 1364 et
2313 1307 2510 1363 Azaria
2541 1325 2669 1383 rege
2693 1312 2927 1382 lcproso,
2971 1322 3026 1368 et
3055 1317 3197 1385 apud
3218 1316 3381 1371 lsrael
3419 1316 3652 1382 l’bacee,

2079 1397 2218 1467 apud
2254 1398 2611 1457 Athenienses
2635 1419 2849 1473 quoque
2876 1404 3156 1477 Aiscbylo,
3196 1414 3249 1463 et
3269 1410 3408 1478 apud
3433 1409 3654 1466 Latinos

2078 1488 2243 1557 nullo,
2287 1494 2524 1548 secundo
2549 1509 2692 1549 anno
2720 1494 2963 1566 Escbyli
2985 1498 3185 1567 judicis
3222 1497 3650 1568 Atheniensium,

2074 1578 2249 1648 prima
2281 1579 2554 1652 Olympias
2584 1592 2703 1638 acta
2734 1594 2837 1649 est,
2879 1586 2933 1640 in
2960 1604 3066 1657 qua
3095 1589 3402 1646 Choroebus
3436 1591 3653 1650 llelien—

2076 1669 2153 1723 sis
2179 1670 2353 1724 vietor
2391 1673 2622 1727 exstitit.
2656 1672 2790 1729 llelii
2835 1685 3001 1747 agunt
3039 1680 3438 1750 quinquennale
3472 1693 3652 1741 certa-

2077 1773 2222 1823 men,
2269 1769 2503 1829 quatuor
2544 1764 2702 1819 annis
2745 1765 2798 1819 in
2845 1768 3022 1822 medio
3066 1770 3314 1840 expletis,
3359 1773 3411 1827 in
3458 1775 3656 1845 quibus

394 1847 528 1902 dotii
563 1863 657 1904 rex
681 1848 905 1905 abstulit
933 1851 1130 1918 iratus,
1168 1865 1226 1908 ρι
1250 1854 1397 1909 dedit
1426 1868 1547 1909 eum
1584 1856 1778 1911 minori
1816 1857 1971 1913 fratri
2004 1847 2046 1905 Β
2074 1853 2346 1923 principes
2372 1857 2539 1909 annui
2574 1857 2979 1913 constituuntur
3003 1870 3267 1930 quatuor;
3293 1879 3457 1934 quam
3483 1867 3656 1938 olym-

395 1951 610 2015 eorum,
656 1938 873 1994 nomine
901 1938 1052 1996 Onite
1076 1958 1090 1995 :
1116 1940 1325 1999 Simoni
1356 1959 1590 2015 namque
1627 1954 1738 2002 tres
1769 1946 1866 2002 lilii
1916 1948 1971 2003 hi

396 2010 642 2093 fuerunt,
671 2028 740 2081 ad
773 2043 910 2097 (pios
938 2031 1279 2103 principatus
1320 2010 1631 2103 sacerdotii,
1663 2039 1803 2093 sicut
1829 2054 1970 2109 prte-

391 2115 648 2184 diximus,
678 2120 945 2186 pervenit,
975 2128 1031 2175 et
1065 2120 1223 2178 Iesus
1251 2124 1471 2194 quidem
1498 2125 1755 2184 Jasonem
1784 2144 1844 2185 se
1878 2145 1973 2184 no-

391 2207 639 2274 minavit,
664 2209 833 2265 Onias
860 2221 1041 2265 autem
1070 2211 1345 2269 Menelaus
1373 2224 1456 2271 est
1503 2218 1834 2276 nominatus.
1875 2221 1972 2277 Se-

391 2298 647 2354 ditionem
663 2299 847 2369 itaque
873 2302 1026 2371 prius
1052 2303 1306 2375 princeps
1327 2308 1669 2363 sacerdotum
1695 2308 1855 2366 Jesus
1877 2315 1969 2366 ad-

388 2403 578 2444 versus
609 2388 910 2445 Menelaum
938 2393 1253 2460 concitavit,
1302 2405 1356 2451 et
1393 2398 1565 2453 divisa
1595 2400 1648 2453 in
1676 2410 1970 2472 utrumque

386 2482 569 2550 populi
618 2482 979 2550 ninltitudine,
1030 2501 1132 2556 pro
1167 2496 1320 2557 parte
1363 2489 1589 2546 Menelai
1645 2492 1740 2546 lilii
1788 2492 1970 2551 Tohim

385 2570 775 2636 consistebant,
803 2573 988 2642 populi
1016 2589 1146 2630 vero
1170 2592 1300 2646 pars
1327 2577 1556 2648 plurima
1581 2569 1836 2638 Iasonem
1867 2584 1966 2639 ad-

380 2661 624 2731 juvabat.
658 2660 812 2718 Unde
842 2663 1147 2722 laborantes
1174 2667 1451 2726 Menelaus
1479 2680 1538 2727 et
1563 2671 1658 2728 ﬁlii
1691 2674 1874 2731 Tobia:
1899 2677 1967 2733 ad

384 2751 710 2809 Antiochum
738 2755 1124 2825 discesserunt,
1152 2762 1218 2816 ad
1254 2763 1504 2819 notitiam
1532 2766 1649 2838 ejus
1669 2770 1970 2839 producen-

384 2852 469 2899 tes
496 2845 641 2914 quod
664 2845 861 2903 vellent
885 2851 1090 2918 patrias
1117 2851 1424 2923 relinquere
1456 2855 1619 2928 leges,
1651 2867 1707 2913 et
1731 2873 1965 2916 conver-

383 2935 645 2991 sationem
664 2945 718 2992 et
739 2953 920 2995 mores
947 2939 1140 3015 [leges]
1170 2944 1463 3002 observare
1483 2946 1819 3005 Grzecorum.
1855 2950 1966 3008 Ro-

382 3035 643 3094 gaverunt
690 3044 822 3101 ergo
876 3046 1002 3086 eum
1053 3041 1115 3087 ut
1168 3036 1511 3105 permitteret
1563 3041 1644 3096 eis
1696 3041 1964 3098 aedificare

381 3119 720 3187 gymnasium
746 3119 1100 3194 Jerosolymis
1126 3144 1140 3179 :
1162 3141 1396 3197 eumque
1438 3132 1818 3200 concessisset,
1854 3134 1964 3189 cir—

2072 1941 2284 2011 piadem
2331 1943 2545 2012 lphicus
2585 1944 2730 2000 illius
2774 1946 3094 2006 Praxonidis
3123 1953 3236 2008 sive
3266 1952 3518 2011 Almonis
3544 1959 3657 2026 pri-

2074 2046 2194 2086 mus
2214 2032 2470 2087 instituit.
2507 2033 2593 2089 Ab
2626 2036 2727 2091 hoc
2750 2044 2987 2108 tempore
3015 2039 3202 2096 Graeca
3231 2044 3297 2097 de
3321 2048 3655 2115 temporibus

2072 2121 2299 2176 historia
2328 2139 2455 2179 vera
2494 2125 2769 2181 creditur:
2795 2144 2919 2183 nam
2954 2139 3083 2186 ante
3105 2133 3231 2199 hoc,
3264 2145 3322 2190 ut
3347 2138 3542 2208 cuique
3576 2141 3656 2194 vi-

2071 2226 2190 2266 sum
2213 2221 2316 2277 est,
2344 2214 2584 2270 diversas
2609 2219 2908 2275 sententias
2929 2222 3287 2291 protulerunt.
3334 2228 3488 2286 Hunc
3508 2233 3651 2287 enim

2069 2303 2523 2373 quinquennalem
2550 2319 2777 2374 agonem
2805 2317 2932 2366 tunc
2951 2311 3250 2372 Antiochus
3286 2323 3427 2390 apud
3449 2322 3652 2393 Tyrum

2070 2394 2369 2451 celebrasse
2399 2396 2738 2463 describitur,
2768 2408 2825 2455 et
2852 2416 2916 2457 ea
2942 2418 3062 2473 quae
3100 2406 3292 2463 deinde
3320 2425 3648 2469 commemo-

2070 2490 2260 2540 rantur
2276 2484 2346 2541 de
2372 2485 2570 2544 lasona
2596 2497 2651 2544 et
2680 2488 2921 2547 Menelao
2953 2504 3141 2565 postea
3163 2495 3304 2554 facta
3329 2510 3473 2556 sunt.

2138 2578 2307 2633 .lason
2353 2579 2586 2651 quidem,
2628 2582 2721 2654 qui
2763 2585 3034 2656 proprium
3100 2587 3340 2659 fratrem,
3394 2592 3499 2649 hoc
3543 2605 3647 2660 est,

2070 2666 2263 2724 Oniam
2310 2669 2602 2739 seniorem,
2655 2671 2896 2733 Simonis
2941 2675 3128 2745 filium,
3168 2683 3535 2753 captivaverat,
3582 2690 3652 2744 ab

2070 2760 2333 2829 Menelao,
2371 2764 2476 2822 hoc
2502 2775 2606 2834 est,
2653 2768 2864 2825 minore
2893 2770 3050 2839 Onia,
3075 2775 3166 2844 qui
3206 2776 3498 2835 binominis
3527 2780 3648 2848 fuit,

2067 2860 2355 2909 accusatus
2401 2857 2541 2927 apud
2591 2873 2775 2932 regem
2814 2875 2975 2931 atque
3016 2863 3259 2936 deceptus
3301 2869 3554 2941 profugus
3596 2873 3650 2928 in

2067 2947 2414 3005 Ammanitem
2440 2953 2688 3022 expulsus
2725 2965 2804 3010 est
2836 2959 3116 3028 regionem.
3147 2959 3418 3017 Menelaus
3437 2965 3649 3036 quidem

2064 3040 2416 3110 principatum
2452 3043 2696 3110 obtinuit,
2731 3045 2823 3100 sed
2850 3046 2915 3101 de
2944 3050 3178 3118 pecuniis
3218 3067 3313 3121 pro
3339 3052 3648 3124 pontiﬁcatu

2066 3130 2173 3200 regi
2200 3134 2471 3201 promissis
2496 3134 2630 3188 nihil
2673 3136 2878 3207 agebat,
2908 3139 2978 3195 ob
3003 3156 3165 3210 quam
3209 3157 3426 3199 causam
3457 3146 3647 3203 simili-

380 3209 766 3265 eumcisionem
799 3226 953 3268 suam
981 3214 1292 3272 velaverunt
1320 3226 1381 3280 ιιι
1410 3234 1517 3275 non
1555 3233 1881 3293 apparerent
1905 3225 1960 3280 in
1989 3198 2033 3261 (ἶ
2067 3230 2151 3275 ter
2169 3232 2224 3277 et
2246 3224 2363 3293 ipse
2390 3234 2631 3283 remotus
2660 3236 2746 3284 est
2772 3244 2805 3284 a
2840 3233 3163 3300 sacerdOtio,
3195 3239 3516 3295 succedente
3541 3240 3645 3296 sibi

376 3297 742 3356 denudatione
770 3301 972 3358 Graecis
999 3320 1119 3360 esse
1157 3306 1480 3377 dissimiles;
1513 3320 1818 3385 eteteraque
1846 3330 1962 3370 om-

379 3393 467 3445 nia
508 3391 873 3462 relinquentes
918 3411 1039 3466 qua:
1076 3397 1182 3454 illis
1219 3414 1337 3455 mos
1373 3402 1582 3471 patrius
1625 3404 1957 3475 imponebat,

378 3481 608 3536 aliarum
650 3482 791 3539 facta
847 3486 1088 3556 gentium
1132 3488 1374 3559 ritusque
1417 3492 1783 3549 sectabantur.
1834 3495 1960 3552 Haec

373 3572 662 3644 Josepbus.
708 3574 815 3632 Sed
865 3577 1034 3634 miror
1056 3580 1326 3649 quomodo
1371 3581 1487 3652 ipse
1526 3582 1661 3639 Onia
1702 3584 1958 3642 defuncto

376 3666 523 3721 dicat
545 3666 871 3724 Antiochum
911 3668 1069 3725 fratri
1115 3671 1333 3728 Jasonis
1363 3674 1725 3730 sacerdotium
1767 3685 1958 3733 contu-

376 3758 534 3824 lisse;
573 3773 696 3813 eum
722 3761 838 3816 hare
861 3762 1088 3817 historia
1120 3764 1247 3820 huic
1268 3767 1568 3823 narrationi
1599 3783 1704 3823 non
1731 3784 1955 3824 concor-

373 3848 484 3914 det,
527 3848 667 3904 sicut
714 3851 768 3904 in
810 3853 1160 3923 sequentibus
1199 3855 1678 3913 demonstrabitur.
1714 3861 1954 3932 Denique

372 3937 675 3994 Antiochus
724 3940 1033 4010 Epiphanes
1073 3959 1197 3998 cum
1258 3945 1324 3999 de
1370 3948 1590 4017 regione
1638 3947 1954 4006 Ptolemaeo-

375 4043 516 4094 rum,
547 4044 708 4098 quam
746 4029 924 4087 subito
968 4034 1267 4101 invaserat,
1296 4046 1514 4094 senatus
1552 4051 1822 4111 pneccpto
1862 4057 1950 4097 re-

368 4118 643 4185 cessisset,
669 4119 722 4173 in
750 4119 989 4176 Judmam
1031 4124 1207 4192 venit;
1240 4126 1421 4197 ibique
1443 4126 1589 4196 Jesu,
1617 4132 1708 4199 qui
1743 4140 1798 4186 et
1839 4131 1950 4186 fra-

372 4208 441 4261 tri
484 4207 657 4273 Oniae,
702 4211 1077 4279 pontiﬁcatum
1126 4215 1368 4270 tradidit.
1415 4217 1533 4285 Quo
1576 4221 1808 4291 denique
1850 4237 1947 4278 ex-

367 4299 549 4370 pulso,
579 4300 795 4367 Oniam,
830 4313 1189 4374 cognomento
1227 4305 1545 4375 Menelaum,
1577 4325 1946 4367 successorem

367 4392 419 4447 ci
447 4392 622 4458 dedit;
652 4393 841 4463 itaque
883 4397 953 4449 ob
984 4397 1275 4452 sacerdotii
1301 4399 1617 4469 dignitatem
1645 4412 1764 4456 orta
1802 4402 1946 4458 sedi-

368 4482 516 4537 tione
542 4484 685 4538 inter
719 4484 1009 4555 principes,
1038 4486 1334 4557 ingentium
1372 4490 1713 4545 miseriarum
1738 4493 1944 4547 semina

360 4577 782 4648 pullulaverunt.
833 4577 962 4632 time
1007 4592 1137 4649 ergo
1191 4578 1332 4634 facta
1376 4583 1731 4649 superborum
1783 4593 1947 4653 atque

361 4679 825 4741 transgressorum
854 4671 988 4742 legis
1013 4670 1112 4726 Dei
1141 4687 1248 4726 non
1277 4673 1587 4745 allegoriam
1613 4675 1851 4745 aliquam
1876 4677 1944 4731 ad

356 4760 772 4815 aedificationem
813 4761 999 4815 utilem
1051 4761 1207 4817 nobis
1251 4762 1465 4834 ingerit,
1516 4765 1629 4830 sed,
1674 4766 1810 4834 proh
1849 4767 1945 4822 do-

360 4854 472 4906 lor!
508 4853 614 4908 isto
643 4862 888 4922 tempore
910 4853 1212 4909 imitatores
1248 4854 1507 4908 facinoris
1535 4855 1616 4909 sui
1648 4855 1831 4924 plures
1863 4856 1944 4911 in-

359 4944 671 5008 veniuntur,
703 4945 755 4999 Ill
785 4946 875 5013 qui
916 4946 968 4999 in
997 4945 1239 5000 Ecclesia
1270 4947 1451 5016 populi
1477 4946 1571 5001 Dei
1597 4956 1653 5002 et
1681 4949 1942 5018 sanguine

353 5034 476 5103 ejus
508 5034 626 5089 Filii
672 5035 933 5106 unigeniti
982 5036 1254 5105 redempta
1294 5047 1694 5106 praeponuntur,
1728 5038 1940 5092 deserta

355 5127 630 5197 Evangelii
663 5128 906 5182 doctrina
937 5138 993 5183 et
1034 5146 1157 5184 vera
1211 5131 1487 5202 religione,
1531 5146 1559 5184 a
1608 5132 1754 5185 cultu
1783 5130 1941 5184 unius

348 5218 452 5271 Dei
481 5218 572 5286 qui
604 5218 676 5273 ibi
716 5219 1126 5272 commendatur
1152 5236 1217 5274 ac
1253 5220 1575 5285 insinuatur,
1605 5220 1787 5289 pravis
1817 5234 1937 5275 mo-

344 5309 508 5365 ribus
535 5311 601 5363 ad
641 5310 909 5365 occultam
937 5311 1239 5366 eonvolant
1262 5311 1642 5375 idololatrian),
1685 5325 1805 5364 cum
1840 5325 1938 5380 per

334 5400 702 5456 ambitionem
756 5401 1103 5470 pecuniarum
1141 5411 1197 5457 et
1238 5402 1457 5456 divitias
1494 5401 1774 5470 praesentis
1809 5401 1933 5454 vita:

327 5491 683 5547 luxuriosam
714 5492 879 5544 vitam
902 5500 958 5546 et
986 5492 1095 5548 Deo
1120 5491 1493 5547 detestabilem
1518 5491 1780 5555 ducendo,
1805 5489 1935 5545 adu—

319 5584 584 5638 latorum
609 5581 952 5637 attendentes
975 5582 1236 5648 favorem,
1270 5581 1467 5636 multos
1487 5596 1671 5636 secum
1710 5581 1932 5635 trahunt

313 5671 418 5731 ιιι
443 5670 821 5742 perditionem.
861 5672 955 5727 lsti
991 5672 1234 5742 profecto
1281 5671 1577 5727 secundum
1613 5669 1929 5735 Apostolum

315 5763 663 5831 conﬁtentur
685 5765 893 5822 quidem
923 5781 976 5819 se
1019 5782 1167 5819 nosse
1206 5765 1392 5825 Drum,
1429 5764 1583 5834 factis
1626 5774 1798 5819 autem
1841 5782 1929 5819 ne-

2063 3311 2420 3397 Lysimaeho:
2445 3331 2553 3386 quo
2576 3326 2792 3375 tenente
2821 3323 3182 3382 sacerdotium
3211 3325 3502 3397 Menelaus,
3530 3329 3644 3385 An-

2063 3407 2241 3462 tiocho
2289 3390 2515 3463 absente
2540 3450 2554 3475 ,
2606 3419 2831 3481 propter
2880 3418 3145 3471 secundos
3195 3390 3532 3477 Tharscnses
3590 3430 3645 3476 et

2061 3496 2329 3565 Mallotas,
2359 3508 2509 3554 ratus
2532 3514 2592 3555 se
2617 3502 2892 3572 accepisse
2916 3512 3130 3577 tempus
3144 3518 3526 3578 opportunum,
3552 3528 3648 3568 an-

2060 3602 2152 3642 rea
2180 3589 2426 3657 quaedam
2455 3604 2585 3645 vasa
2610 3592 2809 3662 templo
2834 3592 3065 3661 furatus,
3092 3596 3313 3654 donavit
3335 3600 3647 3657 Andronico

2057 3675 2261 3744 comiti,
2314 3697 2478 3750 quem
2526 3696 2620 3737 rex
2679 3684 2896 3754 reliquit
2928 3687 2997 3740 ad
3043 3689 3294 3743 tuendam
3344 3692 3639 3763 regionem.

2059 3767 2212 3824 Unde
2251 3780 2556 3826 commotus
2585 3772 2751 3828 Onias
2793 3775 2992 3841 senior,
3025 3775 3193 3832 frater
3216 3779 3332 3849 ejus
3371 3796 3529 3850 quem
3552 3781 3643 3836 Ja-

2055 3875 2151 3914 son
2186 3862 2574 3930 captivaverat,
2618 3864 2880 3935 arguebat
2915 3864 3211 3922 Menelaum
3242 3884 3339 3939 pro
3367 3870 3639 3940 impietate

2054 3962 2383 4022 perpetrata,
2411 3954 2525 4023 ipse
2554 3954 2608 4009 in
2634 3955 2756 4010 loco
2783 3964 2897 4011 tuto
2923 3972 2982 4012 se
3008 3959 3291 4013 continens
3315 3960 3632 4027 Antiochiae,

2053 4060 2208 4100 secus
2234 4046 2513 4116 Daphnen.
2548 4045 2702 4103 Unde
2724 4047 3016 4115 Menelaus,
3049 4052 3311 4105 accedens
3338 4052 3403 4105 ad
3430 4051 3637 4105 Andro-

2052 4139 2252 4204 nicum,
2282 4139 2491 4210 rogavit
2516 4149 2575 4194 ut
2598 4138 2788 4194 Oniam
2812 4140 3159 4196 interﬁceret.
3188 4142 3429 4209 Quicum
3456 4144 3636 4197 venis-

2052 4239 2129 4286 scl
2181 4231 2247 4286 ad
2287 4231 2501 4297 Oniam,
2544 4241 2597 4286 et
2642 4231 2784 4287 datis
2828 4232 3033 4287 dextris
3087 4248 3210 4287 cum
3259 4232 3633 4303 jurejurando,

2051 4322 2298 4392 quamvis
2336 4330 2480 4377 esset
2512 4322 2565 4376 ei
2604 4330 2906 4392 suspectus,
2960 4323 3009 4378 ei
3064 4323 3322 4378 suasisset
3374 4325 3440 4379 de
3479 4325 3631 4394 asylo

2048 4412 2594 4481 procedere,-statim
2632 4427 2756 4468 eum
2789 4413 3035 4482 peremit,
3076 4428 3182 4465 non
3233 4413 3435 4469 veritus
3474 4412 3635 4482 justi-

1973 4545 2026 4603 Β
2054 4503 2204 4568 tiam,
2252 4503 2321 4557 ob
2361 4518 2582 4558 causam
2622 4519 2784 4575 quam
2831 4506 3489 4564 nousolumludaeisedet
3507 4508 3627 4562 aliae

2051 4608 2265 4663 quoque
2293 4594 2540 4650 nationes
2578 4595 3018 4666 indignabantur,
3053 4605 3106 4650 et
3136 4597 3360 4651 moleste
3384 4597 3630 4653 ferebant

2048 4683 2115 4738 de
2154 4698 2285 4739 nece
2327 4687 2459 4739 tanti
2493 4685 2596 4739 viri
2633 4693 2690 4741 et
2732 4684 2949 4755 injusta.
2994 4686 3130 4740 llinc
3163 4686 3328 4743 Judmi
3362 4688 3522 4743 simul
3569 4700 3625 4743 et

2046 4772 2219 4829 (ἔτωοί
2263 4790 2569 4846 regressum
2615 4791 2793 4845 regem
2839 4776 2906 4831 de
2928 4775 3126 4831 Ciliciae
3174 4777 3306 4834 locis
3351 4780 3623 4843 adierunt,

2045 4866 2335 4934 prodentes
2372 4866 2514 4936 quod
2570 4865 2772 4921 factum
2817 4865 3014 4921 fuerat.
3057 4866 3134 4923 Ex
3178 4869 3278 4923 hoc
3321 4882 3625 4927 commotus

2047 4955 2345 5010 Antiochus
2384 4971 2554 5025 usque
2585 4958 2650 5009 ad
2678 4956 3037 5027 lacrymarum
3077 4956 3413 5027 effusionem,
3444 4976 3625 5015 recor-

2049 5043 2207 5098 datus
2233 5042 2468 5098 defuncti
2515 5044 2863 5099 sobrietatem
2888 5053 2944 5099 et
2979 5046 3316 5110 modestiam,
3349 5064 3627 5106 accensus-

2045 5144 2151 5199 que
2175 5131 2358 5185 animo
2379 5130 2749 5186 Andronicum
2773 5140 2993 5186 exutum
3022 5147 3256 5204 purpura
3293 5138 3623 5194 circumduci

2045 5237 2142 5292 per
2172 5231 2338 5277 totam
2361 5222 2634 5277 civitatem
2659 5221 2834 5291 jubet,
2863 5232 2917 5279 et
2960 5224 3016 5279 in
3054 5227 3244 5282 eodem
3287 5229 3404 5284 loco
3431 5243 3539 5299 quo
3567 5231 3620 5283 in

2044 5312 2236 5368 Oniam
2265 5306 2593 5382 impietatem
2622 5314 2985 5381 commiserat,
3012 5316 3335 5384 sacrilegum
3358 5318 3467 5372 vita
3506 5320 3620 5387 pri-

2044 5405 2178 5469 vari,
2210 5402 2439 5459 Domino
2464 5402 2541 5457 illi
2570 5403 2785 5473 dignam
2811 5417 3025 5473 plenam
3057 5405 3407 5460 retribuente.
3441 5405 3619 5462 Multis

2040 5496 2184 5550 enim
2227 5493 2528 5567 sacrilegiis
2570 5494 2623 5549 in
2670 5496 2872 5564 templo
2906 5512 2937 5551 a
2967 5495 3287 5566 Lysimacho
3316 5498 3621 5554 commissis

2041 5585 2267 5641 Menelai
2300 5586 2548 5651 consilio,
2579 5595 2633 5640 ct
2677 5586 2947 5657 divulgata
2976 5585 3136 5650 fama,
3169 5597 3492 5659 congregata
3537 5601 3622 5645 est

2041 5675 2324 5729 multitudo
2353 5675 2640 5730 adversum
2685 5674 3062 5744 Lysimachum
3092 5692 3105 5726 :
3130 5674 3223 5728 alii
3271 5674 3497 5747 lapides.
3528 5678 3619 5733 alii

2039 5780 2170 5819 vero
2194 5763 2365 5819 fustes
2400 5765 2604 5819 validos
2630 5781 2929 5833 ειιοιιψιιυτρ,
2966 5766 3054 5834 qui
3079 5766 3183 5819 lam
3221 5783 3350 5821 vero
3378 5768 3613 5824 cinerem
