3928 6168
319 363 445 419 1251

986 346 1048 399 Β.
1087 338 1341 398 RABANI
1380 335 1598 392 MAURI
1632 329 1952 388 ARCHIEP.
1994 326 2304 386 MOGUNT.
2346 323 2628 381 OPERUM
2673 319 2853 377 PARS
2890 318 2933 373 l.

3437 314 3587 369 1252

314 478 370 532 in
414 466 797 543 Lysimachum
823 460 1026 532 iecere,
1060 462 1118 510 et
1152 451 1307 507 multi
1346 447 1562 518 quidem
1590 440 1888 543 vulnerati,
1918 444 1967 505 Α
1994 440 2187 543 dentur
2228 436 2556 543 intellectum
2604 432 2806 497 animi;
2858 426 3146 533 manifeste
3180 426 3469 543 des-iqpept
3493 427 3591 499 ju-

316 533 537 638 qnidam
589 567 645 616 et
684 550 964 628 prostrati,
1013 560 1204 603 omnes
1247 557 1375 598 vero
1415 541 1467 595 in
1523 537 1703 608 fugam
1746 533 1893 638 versi

319 626 464 720 sunt,
493 626 756 723 ipsumet
782 642 1102 710 sacrilegum
1135 651 1291 693 secus
1331 633 1584 689 aerarium
1611 626 1897 685 interfectio

320 754 465 803 τιιιιι.

357 878 362 883 .
393 837 469 890 De
514 832 598 888 his
644 842 776 900 ergo
800 825 967 895 carpit
994 820 1258 892 judicium
1293 816 1550 870 adversus
1596 806 1897 864 Menelaum

324 922 550 997 agitari;
586 927 784 975 etcum
813 917 1052 970 venisset
1076 925 1174 965 rex
1204 907 1406 978 Tyrum
1432 902 1498 957 ad
1531 901 1706 997 ipsum
1736 910 1903 965 nego-

328 991 460 1070 tium
487 1010 795 1069 detulerunt
821 1004 922 1059 viri
950 1012 1081 1069 tres,
1112 998 1261 1055 missi
1287 1011 1318 1049 a
1349 991 1674 1053 senioribus,
1700 996 1756 1040 et
1779 999 1902 1038 eum

328 1112 675 1176 superaretur
725 1094 999 1153 Menelaus
1024 1132 1039 1157 ,
1080 1086 1332 1161 promisit
1372 1081 1666 1176 Ptolemteo
1704 1073 1906 1176 multas

327 1165 586 1268 pecunias
616 1190 683 1244 ad
728 1185 1064 1243 suadendum
1106 1177 1241 1249 regi.
1281 1176 1466 1243 Itaque
1494 1165 1908 1268 Ptolemaeus-in

329 1257 562 1356 quodam
617 1280 759 1336 atrio
797 1276 1052 1347 positum,
1103 1267 1260 1340 quasi
1304 1260 1660 1334 refrigerandi
1712 1257 1908 1326 gratia,

334 1350 514 1449 regem
544 1373 696 1437 adiit,
746 1378 803 1425 et
843 1385 873 1423 a
916 1362 1187 1422 sententia
1235 1357 1476 1421 deduxit,
1524 1361 1581 1410 et
1611 1350 1911 1407 Menelaum

333 1442 552 1540 quidem
578 1466 647 1519 ab
678 1459 945 1518 universis
975 1471 1157 1512 rerum
1187 1451 1504 1509 criminibus
1538 1445 1789 1502 absolvit.
1818 1442 1917 1496 Mi-

337 1539 489 1617 seros
535 1565 714 1612 antem
740 1552 973 1616 Judaeos,
1011 1549 1124 1618 qui,
1162 1547 1264 1603 etsi
1305 1543 1446 1615 apud
1493 1539 1756 1611 praesides
1782 1551 1916 1590 eau-

336 1669 452 1709 sam
493 1650 755 1707 dixissent
801 1654 858 1701 et
909 1644 1227 1699 innocentes
1282 1636 1687 1707 iudicarentur,
1742 1634 1921 1682 morte

339 1740 633 1798 damnavit.
682 1737 788 1793 Sed
824 1750 942 1790 cum
987 1731 1154 1802 falsus
1202 1743 1383 1782 rumor
1433 1724 1623 1780 exisset
1669 1731 1920 1791 tanquam

337 1834 444 1888 vita
472 1829 771 1885 excessisset

342 1940 440 1978 nus
462 1919 604 1975 mille
630 1914 772 1981 viris,
793 1923 997 1984 repente
1026 1924 1298 1981 aggressus
1320 1915 1394 1961 est
1417 1904 1695 1966 civitatem,
1723 1910 1772 1955 et
1800 1900 1927 1954 ciui-

345 2016 438 2068 bus
469 2009 538 2065 ad
584 2022 793 2062 murum
830 2000 1246 2064 convolantibus,
1287 1998 1356 2051 ad
1408 1994 1649 2048 ultimum
1699 2006 1931 2061 compree

346 2106 506 2159 hensa
538 2100 764 2162 civitate,
790 2091 1061 2150 Menelaus
1104 2089 1238 2159 fugit
1276 2088 1334 2141 in
1375 2100 1569 2139 arcem.
1599 2082 1765 2137 lason
1810 2093 1931 2134 vero

348 2212 453 2251 non
477 2190 716 2265 parcebat
747 2188 801 2241 in
829 2184 969 2240 ca’de
1002 2181 1197 2237 civibus
1238 2178 1370 2242 suis,
1402 2191 1494 2230 nec
1519 2171 1778 2244 cogitabat
1811 2185 1935 2241 pro-

351 2262 649 2356 speritatem
671 2276 948 2332 adversum
970 2280 1218 2343 cognatos
1239 2265 1440 2322 malum
1485 2279 1597 2319 esse
1618 2262 1931 2323 maximum,

350 2378 616 2434 arbitrans
649 2371 876 2427 hostimt
900 2375 947 2422 ct
979 2381 1082 2420 non
1109 2363 1300 2419 ciuium
1328 2376 1382 2414 se
1417 2367 1613 2428 tropma
1637 2363 1931 2425 capturum.

353 2465 423 2520 Et
446 2460 794 2535 principatum
814 2454 1021 2526 quidem
1050 2467 1153 2505 non
1184 2447 1403 2503 obtinuit
1427 2460 1444 2497 :
1464 2446 1618 2515 finem
1653 2458 1770 2497 vero
1803 2441 1935 2495 insi-

353 2532 564 2608 diarum
590 2562 808 2603 suarum
850 2541 1208 2611 confusionem
1276 2537 1427 2608 cepit,
1467 2545 1514 2588 et
1558 2532 1811 2604 profugus
1841 2532 1940 2584 ite-

355 2660 474 2698 rant
515 2641 643 2695 abiit
684 2639 740 2692 in
783 2632 1152 2690 Ammanizem.
1192 2628 1274 2684 Ad
1319 2625 1581 2690 ultimum,
1622 2622 1678 2678 in
1721 2620 1938 2676 exitium

355 2736 439 2791 sui
481 2729 754 2787 conclusus
785 2726 849 2780 ab
884 2727 1037 2779 Areta
1080 2721 1314 2776 Arabum
1360 2727 1599 2788 tyranno,
1628 2713 1834 2784 fugiens
1878 2709 1943 2764 de

358 2828 564 2883 civitate
590 2824 646 2877 in
679 2820 965 2882 civitatem,
997 2815 1237 2871 omnibus
1288 2811 1521 2874 odiosus,
1565 2816 1621 2862 ut
1647 2806 1831 2877 refuga
1865 2802 1942 2858 le-

359 2934 483 2990 gum
527 2924 575 2972 et
620 2909 977 2973 exsecrabilis,
1030 2916 1083 2961 ut
1134 2905 1320 2976 patria:
1349 2912 1397 2956 et
1442 2901 1633 2955 civium
1674 2896 1858 2961 hostis,
1889 2895 1947 2954 in

363 3010 654 3080 Eggptum
680 3001 930 3075 expulsus
956 3009 1067 3065 est;
1088 3007 1135 3053 et
1168 2997 1255 3069 qui
1277 2994 1468 3049 multos
1497 2994 1560 3046 de
1586 2990 1758 3063 patria
1779 3004 1946 3059 expu-

365 3103 520 3166 lerat,
543 3096 693 3155 exsnl
723 3094 884 3166 periit
913 3090 1329 3147 Laeedaemonas
1355 3085 1649 3158 prolectus.
1675 3082 1948 3139 Menelaus

1995 530 2291 587 stissimum
2320 526 2556 596 iudicem
2598 533 2762 594 atque
2787 520 3156 591 :equissimum
3194 518 3592 574 retributorem

1997 621 2240 694 singulis,
2267 627 2427 691 prout
2451 618 2628 674 debita
2673 630 2860 671 eorum
2906 610 3322 685 postulaverint,
3368 623 3593 666 merce.

2001 714 2122 769 dem
2160 712 2480 782 condignam
2527 696 2851 763 restituere:
2880 707 2983 762 hoc
3019 711 3126 769 est,
3168 704 3272 774 piis
3305 719 3371 759 ac
3416 703 3597 759 Deum

2002 802 2322 858 timentibus
2348 801 2570 871 przeniia
2605 808 2843 863 :eterna;
2872 797 3053 866 impiis
3084 804 3284 857 autem,
3315 802 3374 849 et
3397 809 3600 865 pecca-

2004 894 2232 957 toribus,
2260 902 2315 946 et
2359 890 2711 961 blasphemis,
2741 902 2957 958 ptenum
2998 886 3137 957 ignis
3160 886 3445 957 perpetui;
3491 902 3603 941 nec

2008 984 2148 1038 ullus
2194 983 2353 1038 debet
2391 982 2492 1036 sibi
2538 980 2768 1035 blandiri
2813 994 2913 1049 pro
2958 988 3171 1034 terrena
3223 977 3485 1033 felicitate
3534 994 3603 1033 ac

2007 1077 2291 1150 prmsentis
2338 1076 2463 1130 vitae
2508 1074 2888 1144 prosperitate,
2929 1073 2974 1127 si
3027 1072 3080 1126 in
3122 1071 3362 1142 peccatis
3401 1072 3607 1141 degere

2011 1169 2243 1225 voluerit
2279 1166 2573 1238 impurius;
2622 1180 2723 1220 nec
2762 1174 2818 1219 et
2842 1165 2977 1219 bene
3016 1178 3202 1235 agens,
3240 1179 3365 1218 cum
3404 1163 3608 1216 validis

2013 1260 2297 1317 tormentis
2321 1265 2414 1311 aut
2441 1257 2605 1310 variis
2638 1254 3076 1309 tribulationibus
3106 1254 3161 1308 in
3192 1254 3453 1324 przesenti
3486 1248 3608 1308 'vita

2016 1358 2423 1423 coangustatur,
2459 1347 2750 1417 desperare
2776 1360 2883 1400 non
2922 1346 3086 1400 debet
3111 1345 3177 1400 de
3200 1344 3383 1398 futura
3406 1343 3609 1407 salute,

2019 1442 2063 1499 si
2096 1443 2149 1496 in
2169 1439 2390 1512 justitia:
2430 1436 2859 1508 perseveraverit
2885 1436 3137 1501 tramite;
3176 1436 3303 1505 quia
3344 1436 3611 1505 scriptum

2020 1541 2106 1588 est
2131 1550 2144 1585 :
2169 1530 2223 1585 Μ
2229 1530 2351 1584 ultre
2379 1527 2743 1583 tribulationes
2762 1526 3050 1596 justorum,
3075 1535 3123 1580 et
3162 1526 3229 1580 de
3255 1524 3497 1579 omnibus
3526 1525 3615 1579 bis

2024 1622 2259 1677 liberauit
2282 1636 2370 1674 eos
2398 1618 2654 1673 Dominus
2682 1614 3080 1689 (Psalmutu);
3099 1615 3362 1671 eltdlulta
3396 1614 3614 1686 flagella

2024 1719 2355 1781 peccatorum
2380 1715 2679 1778 :sperantes
2711 1716 2885 1760 autem
2914 1707 2969 1758 in
2997 1705 3224 1759 Domino
3251 1704 3617 1759 misericordia

805 1794 1113 1885 Antiochus,
1154 1817 1435 1887 assumptis
1475 1815 1642 1868 lason
1672 1828 1777 1866 non
1827 1810 1926 1863 mi-
1954 1811 2001 1870 B
2028 1800 2390 1854 circumdabit.
2420 1796 2699 1851 La'tumini
2731 1796 2786 1850 in
2841 1796 3066 1849 Domina
3087 1806 3136 1849 et
3164 1795 3444 1861 exsultate,
3458 1794 3615 1864 justi.

2029 1904 2079 1948 et
2109 1891 2410 1963 gloriamini
2463 1906 2638 1946 omnes
2672 1889 2796 1944 recti
2816 1888 2972 1943 corde
2999 1887 3174 1959 (Psal.
3198 1888 3372 1957 xxxx).

2661 2020 2890 2078 CAPUT
2926 2020 2992 2075 V.

2032 2134 2112 2190 De
2151 2135 2312 2204 signis
2350 2133 2637 2188 caelestibus
2685 2133 2841 2204 factis
2886 2134 2943 2187 in
2986 2129 3305 2204 Jerusalem.
3339 2128 3413 2184 De
3455 2140 3627 2184 morte

2104 2202 2318 2259 .lasonis
2363 2206 2704 2275 persecutoris
2747 2202 3275 2275 civium._Antiocltus
3310 2216 3629 2275 persequens

2106 2274 2141 2329 ,Ι
2147 2277 2329 2339 udam,
2364 2271 2566 2344 populo
2596 2274 2790 2335 occiso,
2821 2271 3073 2344 templum
3110 2272 3383 2344 spoliavit,
3406 2271 3630 2328 ductore

2109 2341 2382 2399 Menelao.
2417 2341 2540 2398 Non
2577 2352 2786 2413 propter
2812 2342 2984 2413 locum
3023 2341 3253 2411 gentem,
3293 2341 3384 2395 sed
3418 2351 3632 2411 propter

2109 2425 2313 2486 gentem
2338 2414 2510 2468 locum
2538 2412 2793 2467 Dominus
2815 2412 2986 2482 elegit,
3019 2419 3126 2465 etc.

2112 2526 2314 2580 Eodem
2350 2535 2578 2595 tempore
2614 2522 2903 2577 Antiochus
2931 2522 3216 2577 secundam
3251 2522 3630 2594 profectionem

2038 2618 2243 2689 parauit
2276 2617 2329 2684 in
2373 2614 2685 2686 Algyptum,
2715 2621 2823 2669 etc.
2859 2612 3120 2668 Portenta
3162 2627 3293 2683 ergo
3340 2613 3635 2684 aliquando

2042 2708 2373 2778 portendunt
2419 2720 2710 2776 prospera,
2762 2703 3052 2773 aliquando
3096 2719 3228 2759 vero
3286 2704 3639 2776 prteligurant

2046 2797 2275 2852 adversa
2312 2815 2324 2850 ε
2352 2798 2445 2851 sed
2476 2811 2690 2866 semper
2709 2793 2868 2865 juxta
2900 2795 2953 2849 id
2988 2795 3133 2865 quod
3161 2810 3408 2850 summus
3432 2795 3639 2850 arbiter

2047 2887 2273 2959 singulis
2326 2888 2486 2942 rebus
2527 2902 2591 2942 ac
2635 2886 2969 2957 temporibus
3022 2887 3318 2942 convenire
3353 2883 3636 2955 diiudicat.

2047 2979 2161 3036 Nec
2184 2981 2381 3036 mirum
2403 2981 2544 3052 quod
2570 2980 2624 3034 in
2658 2980 3090 3035 Macbabteorum
3120 2980 3458 3050 temporibus
3488 2980 3639 3048 equi-

2050 3079 2150 3134 tes,
2202 3080 2421 3126 auratas
2458 3070 2623 3125 stolas
2663 3069 2949 3134 habentes,
2994 3078 3218 3124 armate
3256 3069 3510 3124 cohortes
3546 3084 3642 3138 per

367 3159 547 3248 autem
575 3204 697 3245 cum
727 3159 870 3256 apud
895 3182 1216 3238 Antiochum
1248 3180 1571 3249 Eupatorem
1598 3174 1764 3231 simili
1783 3173 1947 3229 modo
1975 3170 2020 3232 C
2050 3176 2232 3217 aerem
2262 3162 2569 3217 discurrere
2596 3160 2743 3235 visu),
2769 3174 2832 3215 ac
2855 3174 3131 3214 armorum
3155 3174 3448 3215 aureorum
3470 3159 3645 3229 splen-

368 3291 429 3338 ut
475 3292 632 3336 antea
678 3277 832 3332 dolos
873 3272 1248 3329 meditaretur.
1303 3266 1415 3320 Rea:
1463 3282 1639 3337 regum
1683 3264 1953 3318 suscitavit

369 3374 573 3428 animos
612 3364 854 3422 Antiochi
894 3364 949 3417 in
994 3367 1339 3431 peccatorem,
1375 3364 1422 3410 et
1452 3362 1757 3424 suggerente
1793 3352 1952 3422 Lysia

370 3466 509 3518 hunc
543 3474 653 3514 esse
694 3436 908 3510 causam
958 3451 1189 3505 omnium
1234 3445 1514 3509 malorum,
1557 3444 1736 3513 jussit,
1786 3453 1842 3497 ut
1883 3444 1957 3497 eis

373 3563 447 3608 est
503 3547 842 3612 consuetudo,
889 3528 1314 3613 comprehensum
1369 3538 1547 3593 eodem
1600 3536 1713 3590 loco
1758 3537 1953 3590 necari.

378 3643 506 3699 Erat
531 3649 704 3697 autem
726 3640 781 3693 in
803 3638 914 3706 ipso
938 3633 1052 3687 loco
1073 3632 1234 3685 turris
1259 3628 1637 3701 quinquaginta
1666 3625 1958 3680 cubitorum

270 3784 279 3799 κ
376 3743 644 3807 aggestum
667 3728 894 3799 undique
915 3724 1110 3779 habens
1133 3721 1357 3784 cineris;
1379 3719 1491 3773 haec
1511 3725 1837 3788 prospectum
1865 3716 1958 3769 lia-

379 3829 526 3885 bebat
550 3827 605 3880 in
653 3836 900 3894 praceps.
932 3814 1082 3871 Unde
1102 3817 1153 3870 in
1182 3815 1405 3869 cinerem
1432 3811 1589 3882 dejici
1608 3811 1769 3881 jussit
1795 3810 1963 3864 sacri-

379 3918 572 3988 legum,
605 3910 841 3967 omnibus
870 3923 986 3962 eum
1029 3900 1432 3976 propellentibus
1479 3901 1547 3955 ad
1584 3898 1883 3963 interitum;
1915 3907 1962 3951 et

381 4005 476 4061 tali
503 4005 613 4074 lege
636 3997 1091 4073 prevaricatorem
1119 3992 1246 4063 legis
1275 3990 1486 4061 contigit
1509 3988 1663 4055 mori,
1692 4003 1782 4041 nec
1812 3996 1965 4041 terra:

385 4100 504 4154 dari
552 4092 871 4154 Menelaum,
916 4088 1043 4159 quia
1083 4084 1250 4142 multa
1288 4100 1413 4155 erga
1464 4098 1613 4137 aram
1648 4082 1747 4136 Dei
1776 4081 1963 4136 delicta

386 4186 664 4251 commisit,
693 4183 844 4254 cujus
887 4179 1021 4250 ignis
1045 4185 1092 4231 et
1106 4176 1248 4241 ,cinis
1275 4184 1386 4231 erat
1415 4183 1647 4240 sanctus,
1670 4172 1778 4243 ipse
1809 4172 1865 4226 in
1894 4173 1968 4226 ci-

389 4280 527 4337 neris
552 4284 719 4333 morte
764 4273 1049 4327 damnatus
1095 4275 1193 4322 est.
1236 4265 1427 4321 Refert
1472 4274 1654 4319 autem
1681 4260 1966 4332 Josepbus,

390 4373 533 4429 sicut
563 4370 616 4424 in
651 4362 921 4436 superiori
949 4360 1085 4416 libro
1112 4357 1467 4423 ostendimus,
1492 4355 1636 4425 quod
1664 4354 1806 4408 ﬁlius
1824 4354 1971 4423 prin-

391 4464 528 4536 cipis
546 4459 889 4517 sacerdotum
908 4451 1063 4511 Onite
1089 4466 1211 4505 cum
1234 4448 1408 4504 adhuc
1434 4446 1692 4517 puerulus
1718 4444 1972 4500 defuncto

2057 3253 2157 3307 dor
2197 3251 2407 3323 fulgens
2449 3251 2836 3307 adversitatem
2865 3251 3231 3321 praenuntiare
3285 3250 3548 3319 futuram,
3588 3260 3645 3308 et

2058 3344 2265 3399 cladem
2306 3341 2505 3398 Judzeis
2542 3351 2848 3409 venturam,
2899 3358 3024 3398 cum
3063 3351 3189 3397 ante
3234 3343 3641 3401 subversionem

2057 3434 2538 3506 Jerosolymornm,
2582 3434 2816 3504 Josepho
2858 3444 3091 3491 testante
3121 3435 3260 3509 (Lib.
3283 3451 3357 3490 vn
3399 3436 3465 3489 de
3499 3435 3644 3490 Bello

2059 3524 2310 3589 Iudaico,
2337 3542 2452 3594 cap.
2484 3525 2593 3596 Η),
2644 3524 2902 3579 discimus
2950 3527 3094 3593 quod
3141 3526 3297 3581 stella
3322 3524 3647 3597 praefulgens

2062 3616 2241 3687 gladio
2282 3631 2378 3685 per
2406 3615 2585 3669 omnia
2617 3615 2900 3670 imminere
2939 3616 3169 3671 deserta:
3194 3617 3427 3683 civitati,
3473 3627 3527 3672 et
3555 3632 3648 3671 co-

2064 3715 2236 3761 metes
2259 3714 2517 3774 prazterea
2547 3704 2855 3760 exitialibus
2874 3703 3109 3760 ﬂammis
3138 3708 3330 3762 ardere
3355 3721 3458 3776 per
3479 3716 3648 3761 totum

2066 3796 2213 3850 visus
2244 3804 2328 3850 est
2367 3810 2587 3849 annum.
2631 3794 2738 3850 Sed
2769 3804 2895 3851 ante
2919 3798 3116 3853 excidii
3158 3807 3373 3869 tempus
3407 3813 3474 3853 ac
3504 3799 3647 3861 belli,

2064 3902 2188 3943 cum
2208 3888 2388 3958 populi
2416 3888 2482 3943 ad
2509 3888 2651 3943 diem
2678 3888 2873 3944 festum
2900 3890 3229 3959 Azymorum
3256 3900 3648 3955 convenerunt,

2065 3990 2258 4037 octava
2292 3980 2380 4037 die
2410 3982 2613 4038 mensis
2655 3983 2931 4049 Antiochi,
2957 3984 3050 4053 qui
3091 3992 3177 4041 est
3212 3984 3440 4055 Aprilis,
3478 3988 3651 4041 noctis

2069 4082 2333 4144 tempore.
2380 4075 2511 4130 hora
2557 4090 2716 4139 nona,
2769 4084 2957 4133 tantus
2999 4076 3221 4133 luminis
3272 4077 3451 4150 fulgor
3500 4093 3647 4133 aram

2071 4167 2435 4238 templumque
2477 4169 2848 4235 circumdedit,
2894 4179 2954 4226 ut
2986 4179 3240 4240 putarent
3281 4186 3472 4226 omnes
3508 4171 3648 4225 diem

2071 4257 2430 4314 clarissimum
2460 4258 2657 4315 factum
2683 4276 2696 4324 ;
2721 4268 2774 4316 et
2800 4262 3095 4331 permansit
3124 4262 3300 4331 spatio
3320 4261 3471 4317 borte
3490 4261 3648 4317 dimi-

2073 4347 2195 4414 diae,
2233 4348 2376 4419 quod
2406 4349 2670 4419 imperitis
2699 4350 2914 4419 quidem
2944 4359 2998 4406 et
3024 4352 3228 4422 ignaris
3254 4353 3454 4408 bonum
3488 4369 3652 4424 augu-

2074 4442 2215 4497 rium
2264 4456 2385 4498 esse
2445 4444 2771 4500 videbatur:
2817 4446 2910 4500 sed
2960 4446 3304 4517 legisperitos
3344 4458 3400 4504 et
3457 4450 3652 4520 probos

391 4520 547 4627 patre
574 4550 794 4607 relictus
818 4547 910 4611 sit,
932 4544 1122 4599 videns
1158 4540 1284 4612 quia
1311 4539 1633 4595 avunculum
1668 4554 1822 4594 suum
1855 4536 1969 4592 Me-
1997 4520 2048 4580 D
2075 4549 2315 4603 quosque
2344 4535 2594 4590 doctores
2639 4550 2744 4589 non
2775 4535 2932 4590 latuit
2971 4537 3190 4592 exitiale
3211 4548 3547 4608 portentum.
3598 4540 3650 4594 ln

394 4645 607 4701 nelaum
640 4656 734 4696 rex
780 4634 1141 4693 interfecisset
1182 4642 1237 4688 et
1278 4630 1637 4702 principatum
1682 4627 1969 4684 sacerdotii

394 4736 601 4792 Alcimo
625 4731 880 4794 dedisset,
913 4741 1024 4783 non
1069 4723 1321 4780 existenti
1370 4722 1437 4776 de
1483 4735 1681 4792 genere
1720 4719 1971 4776 sacerdo-

398 4838 545 4890 tum;
592 4821 686 4878 sed
715 4836 746 4875 a
779 4818 941 4890 Lysia
982 4814 1153 4871 ﬂexus
1185 4822 1246 4869 ut
1288 4819 1666 4882 transponeret
1710 4810 1971 4864 honorem

402 4918 469 4971 ab
487 4931 549 4969 ea
583 4912 783 4967 farnilia
820 4911 889 4966 ad
914 4909 1073 4963 aliam
1094 4906 1333 4971 domum,
1364 4902 1502 4972 fugit
1528 4901 1596 4957 ad
1624 4900 1971 4956 Ptolemaeum

403 5020 579 5075 regem
618 5000 839 5072 IEgypti
869 5007 926 5055 et
952 4999 1213 5053 honorem
1255 4994 1451 5048 meruit
1488 4992 1555 5057 ab
1583 4992 1699 5061 ipso
1722 4998 1777 5045 et
1804 5004 1977 5046 uxore

399 5095 518 5165 ejus
548 5092 830 5159 Cleopatra
878 5090 1164 5157 locumque
1198 5086 1352 5157 petiit
1382 5085 1434 5139 in
1462 5084 1679 5155 regione
1716 5083 1977 5152 Cleopali—

405 5201 544 5250 lana,
585 5183 676 5238 ubi
699 5181 972 5236 civitatem
1011 5178 1244 5233 nominis
1264 5178 1344 5232 sui
1374 5176 1612 5232 condidit
1642 5184 1696 5231 et
1722 5175 1977 5246 templum

402 5280 470 5335 ad
509 5272 918 5332 similitudinem
953 5269 1134 5339 templi
1178 5269 1347 5338 patris
1374 5269 1696 5324 construxit.
1738 5267 1978 5323 Alcimus

404 5383 553 5433 vero,
594 5366 879 5421 adversum
920 5359 1112 5415 Judam
1152 5358 1514 5414 Machameum
1558 5359 1866 5413 inimicitias
1892 5372 1981 5428 ge-

408 5444 550 5523 rens,
580 5467 700 5528 post
738 5469 847 5510 non
889 5451 1117 5507 multum
1147 5450 1401 5521 temporis
1440 5451 1520 5504 ira
1561 5450 1655 5504 Dei
1695 5465 1983 5519 percussus

407 5551 635 5615 interiit,
663 5564 728 5604 ac
750 5548 831 5603 sic
855 5560 980 5603 cum
1012 5543 1251 5600 omnium
1280 5541 1589 5599 Iudaeorum
1615 5539 1798 5596 favore
1833 5539 1983 5596 Judze

410 5640 715 5695 Machame
731 5638 1087 5693 sacerdotium
1114 5635 1442 5691 decernitur.
1465 5632 1593 5699 Qum
1617 5632 1834 5701 quidem
1862 5647 1983 5686 om-

413 5732 499 5783 nia
528 5732 700 5798 magis
734 5729 988 5783 moralem
1016 5743 1176 5796 quam
1222 5725 1570 5796 allegoricum
1618 5723 1886 5779 aediﬁcare
1908 5723 1986 5776 vi-

2076 4625 2264 4681 eadem
2289 4640 2502 4696 quoque
2528 4624 2819 4680 festivitate
2844 4626 3009 4681 vitula
3043 4627 3325 4684 sacriﬁciis
3357 4630 3575 4685 admota
3600 4639 3654 4686 et

2078 4718 2357 4783 assistens,
2392 4718 2532 4772 inter
2569 4718 2714 4789 ipsas
2744 4718 3113 4773 ministrorum
3156 4734 3349 4775 manus
3387 4721 3546 4775 enixa
3574 4729 3655 4777 est

2080 4823 2304 4877 aquam;
2331 4807 2425 4864 sed
2452 4815 2508 4862 et
2530 4806 2694 4876 janua
2744 4807 3022 4864 interioris
3063 4809 3215 4874 tedis,
3252 4825 3374 4879 qua:
3402 4810 3651 4882 respicie-

2080 4899 2174 4955 bat
2200 4899 2490 4964 orientem,
2532 4914 2654 4953 eum
2676 4907 2822 4954 esset
2844 4899 3018 4954 solido
3043 4915 3152 4956 tere
3191 4900 3375 4957 induta
3408 4903 3649 4959 immensi

2081 4990 2356 5058 ponderis,
2381 5006 2501 5060 qua:
2526 4992 2615 5045 vix
2642 4991 2832 5061 viginti
2859 4992 2992 5048 viris
3013 5008 3224 5049 summo
3246 5004 3445 5050 conatu
3472 4998 3655 5069 impel-

2085 5079 2318 5135 lentibus
2351 5080 2717 5148 clauderetur,
2760 5080 2952 5137 ferreis
2979 5099 3195 5153 quoque.
3227 5087 3475 5141 vectibus
3499 5098 3554 5143 et
3580 5103 3656 5144 se-

2085 5172 2164 5228 ris
2191 5173 2419 5239 munita,
2450 5182 2506 5229 et
2548 5174 2778 5244 pessulis
2806 5175 2858 5229 in
2906 5174 3071 5229 altum
3114 5176 3352 5233 dimissis
3388 5187 3656 5236 teneretur

2084 5265 2382 5330 obstructa,
2410 5273 2629 5335 repente
2658 5267 2790 5321 hora
2822 5267 2997 5322 noctis
3018 5276 3169 5322 sexta
3198 5272 3453 5340 apparuit
3472 5284 3657 5343 sponte

2083 5354 2390 5423 patefacta:
2416 5356 2508 5410 sed
2559 5364 2614 5410 et
2658 5364 2932 5411 transacto
2974 5357 3063 5412 die
3086 5357 3226 5414 festo
3269 5363 3411 5431 apud
3458 5364 3659 5434 aliquot

2085 5449 2222 5514 dies,
2254 5451 2427 5519 prima
2469 5458 2525 5503 et
2548 5450 2804 5505 vicesima
2848 5450 2935 5505 die
2974 5453 3175 5507 mensis
3218 5452 3546 5524 Artemisia,
3569 5473 3657 5528 qui

2089 5541 2261 5596 Maius
2291 5540 2429 5610 apud
2460 5556 2561 5596 nos
2584 5550 2829 5608 vocatur,
2858 5541 3205 5613 prodigiosos
3228 5546 3483 5614 apparuit
3515 5548 3659 5603 visus

2089 5643 2144 5688 et
2189 5634 2346 5688 fidem
2375 5648 2514 5703 pene
2554 5634 2839 5699 excedens,
2865 5634 3010 5703 quod
3046 5649 3178 5689 vere
3216 5633 3412 5690 falsum
3447 5648 3661 5708 putare-

2089 5733 2197 5791 tnr,
2222 5725 2323 5780 nisi
2363 5724 2695 5781 occultorum
2726 5723 2911 5796 [Forte
2938 5723 3299 5796 oculatorum]
3344 5726 3506 5783 ﬁdem
3528 5743 3659 5784 con—
