3934 6186
328 270 480 346 ’ίίὅὸ

1058 284 1410 343 conamur.
1448 284 1515 339 rs
1554 280 1797 339 uanos
1836 266 2410 338 MACHABEORUM.
2448 310 2520 320 —
2552 278 2620 336 1N
2659 279 2788 336 LIB.
2821 279 2888 337 II.

3460 288 3598 345 1254

338 398 609 457 firmasset
646 399 911 454 malorum
939 411 1126 455 eorum
1167 405 1458 454 consecuta
1494 396 1783 468 pernicies.
1821 394 1916 449 Et-
1943 401 1990 457 Α
2017 403 2247 449 serturos
2282 393 2519 459 Judwos,
2559 403 2665 450 etc.
2728 395 3023 464 Postquam
3070 396 3306 467 scriptor
3357 400 3599 458 historia

336 494 482 550 enim
522 506 690 562 prope
724 489 854 546 solis
893 505 1145 546 occasum
1172 490 1275 545 visi
1313 499 1438 545 sunt
1466 505 1660 546 currus
1686 497 1741 546 et
1771 503 1911 560 qua-

336 583 501 655 driga:
538 583 593 638 in
639 597 856 639 onmem
886 582 1161 652 regionem
1189 596 1287 655 per
1328 597 1511 637 aerem
1553 580 1708 648 ferri,
1739 589 1796 636 et
1825 596 1915 635 ar-

334 685 603 733 matorum
647 674 899 729 cohortes
944 681 1222 728 tranantes
1262 672 1466 738 nubila,
1510 680 1565 727 et
1605 670 1913 727 civitatibus

333 765 712 823 circumfundi.
1666 830 1671 835 η

402 857 459 912 In
485 856 591 912 alio
625 863 805 910 autem
842 852 980 910 festo
1009 854 1116 920 die,
1147 853 1240 924 qui
1286 853 1637 909 PcntecOstes
1678 852 1913 922 appella-

335 960 442 1016 tur,
473 957 633 1005 noctu
664 947 976 1003 sacerdotes
1005 946 1233 1018 ingressi
1278 946 1532 1017 templum
1558 947 1625 1000 ad
1669 944 1911 999 ministe—

334 1041 413 1095 ria
450 1056 517 1096 ex
550 1054 699 1095 more
724 1037 1064 1109 complenda,
1091 1037 1266 1106 primo
1290 1037 1507 1107 quidem
1540 1046 1720 1091 motus
1749 1050 1912 1106 quos-

294 1162 299 1163 ί
332 1134 453 1188 dam
488 1132 1193 1203 strepitusque,senserunt.
1239 1129 1441 1183 Deinde
1467 1143 1627 1183 voces
1666 1127 1910 1183 subditas

331 1222 556 1276 audiunt
590 1221 830 1277 dicentes
857 1238 870 1273 :
897 1219 1185 1290 Migremus
1219 1219 1360 1274 hinc.
1412 1218 1645 1273 Additur
1673 1227 1727 1273 et
1763 1218 1908 1273 aliud

333 1312 666 1368 terribilius:
691 1311 894 1367 etenim
929 1310 1146 1379 quidam
1177 1308 1333 1365 Jesus
1367 1309 1592 1364 Ananiae
1627 1309 1788 1374 ﬁlius,
1825 1310 1909 1393 vir

329 1405 568 1475 plebeius
589 1414 645 1461 et
670 1405 923 1468 rusticus,
953 1410 1077 1457 ante
1099 1410 1348 1473 quartum
1378 1401 1501 1456 belli
1529 1418 1749 1466 annum,
1782 1418 1904 1457 cum

326 1494 518 1548 civitas
546 1493 600 1547 in
635 1507 769 1562 pace
793 1498 850 1547 et
891 1490 1217 1545 abundantia
1246 1490 1588 1561 perduraret,
1631 1491 1685 1546 in
1718 1492 1802 1547 die
1828 1490 1908 1547 fe-

328 1592 413 1640 sto
438 1583 930 1639 Tabernaculorum
958 1591 1178 1654 repente
1198 1582 1432 1639 clamare
1460 1585 1625 1654 coepit
1651 1602 1665 1638 :
1693 1585 1810 1641 Vox
1837 1586 1906 1641 ab

326 1676 556 1741 oriente,
602 1690 709 1730 vox
755 1674 824 1729 ab
871 1673 1174 1740 occidente,
1216 1689 1319 1729 vox
1368 1690 1400 1728 a
1434 1684 1669 1745 quatuor
1705 1677 1901 1743 ventis,

2019 484 2259 540 narravit
2283 485 2349 540 de
2375 484 2684 557 Lysimachi
2710 494 2766 541 et
2785 484 3003 542 Iasonis
3031 487 3319 558 impiorum
3343 499 3401 544 et
3425 494 3593 547 sacri-

2015 568 2255 642 legorum
2303 573 2545 639 interitu,
2590 585 3013 631 commemorata
3057 577 3278 662 insuper
3323 580 3598 651 signorum

2015 668 2070 716 et
2114 663 2482 734 prodigiorum
2505 665 2710 719 visione
2740 666 2793 720 in
2821 680 2969 732 aere,
3002 668 3069 722 ad
3100 669 3428 725 narrationis
3455 670 3599 725 ordi-

2015 767 2141 807 nem
2184 754 2361 820 rediit,
2398 754 2502 809 hoc
2547 763 2650 822 est,
2684 757 2752 811 ad
2797 756 3050 813 Antiochi
3096 760 3392 831 Epiphanis
3419 762 3599 833 profe-

2015 841 2247 898 ctionem
2267 844 2332 899 de
2354 842 2609 916 Egypto,
2634 846 2723 916 qui
2744 847 2991 904 irritatus
3012 848 3158 916 inde,
3185 866 3250 907 eo
3269 853 3415 921 quod
3438 868 3601 908 sena-

2013 939 2099 986 tus
2122 943 2396 1004 prascepto
2422 936 2489 990 de
2535 937 2752 1007 regione
2780 937 3215 1009 Ptolemaeorum,
3245 958 3408 1012 quam
3447 945 3600 999 inva-

2012 1017 2177 1089 serat,
2220 1023 2405 1093 jussus
2449 1036 2532 1082 est
2585 1029 2861 1096 recedere,
2891 1030 3128 1088 elferatis
3174 1033 3370 1090 animis
3410 1036 3464 1090 in
3508 1034 3598 1091 Ju-

2011 1115 2182 1169 daeum
2211 1117 2378 1183 venit,
2404 1118 2543 1173 sicut
2571 1119 2625 1173 in
2653 1122 3022 1191 superioribus
3045 1123 3471 1181 demonstratum
3490 1138 3596 1194 εει,
3633 1132 3641 1140 “

2011 1212 2066 1260 et
2087 1205 2390 1262 Jerusalem
2419 1209 2589 1264 armis
2613 1211 2757 1281 cepit
2782 1219 3106 1283 gentemque
3133 1215 3438 1283 mulctavit,
3461 1226 3599 1272 tem-

2008 1295 2265 1366 plumque
2290 1297 2562 1367 spoliavit,
2599 1308 2655 1354 et
2682 1301 2848 1367 multa
2890 1302 3098 1357 nefaria
3126 1304 3179 1358 in
3213 1304 3329 1375 ipsa
3370 1308 3594 1362 commi-

2010 1388 2099 1442 sit.
2148 1388 2298 1455 Quod
2330 1398 2512 1445 autem
2551 1392 2849 1448 Antiochus
2885 1394 3052 1464 ipsius
3097 1394 3421 1451 Antichristi
3462 1396 3599 1467 ﬁgu-

2010 1497 2126 1536 ram
2148 1483 2402 1553 praeferat
2429 1492 2740 1539 sanctorum
2771 1486 3007 1554 primum
3038 1487 3331 1543 traditione
3360 1489 3594 1543 manife-

2007 1572 2307 1627 stissimum
2330 1581 2414 1628 est
2439 1574 2596 1644 :quia
2628 1575 2768 1631 sicut
2799 1574 3045 1631 Salvator
3067 1577 3329 1647 prtemisit
3352 1576 3595 1633 Salomo-

2009 1678 2132 1719 nem
2161 1672 2216 1718 et
2250 1671 2477 1719 caeteros
2511 1673 2731 1722 sanctos
2767 1666 2823 1721 in
2860 1675 3045 1737 typum
3076 1666 3339 1723 adventus
3368 1667 3474 1733 sui,
3516 1668 3595 1724 sic

316 1784 431 1824 vos
457 1783 619 1838 super
643 1765 1053 1838 Jerosolymam,
1078 1774 1133 1822 et
1153 1782 1255 1822 vox
1304 1783 1467 1837 super
1496 1767 1777 1839 templum,
1821 1784 1903 1823 su-

2008 1752 2372 1810 Antichristus
2398 1756 2691 1825 pessimum
2721 1772 2901 1828 regem
2937 1757 3292 1826 Antiochum,
3340 1759 3430 1828 qui
3460 1774 3592 1815 san—

327 1871 425 1926 per
470 1871 697 1927 Sponsos
745 1864 800 1910 et
846 1872 1009 1926 super
1047 1872 1297 1927 sponsas,
1339 1873 1445 1915 vox
1493 1874 1655 1928 super
1692 1873 1907 1913 omnem

326 1946 470 2000 lnmc
511 1945 787 2016 populum.
824 1944 1044 2014 Hocque
1080 1946 1446 2000 indesinenter
1480 1947 1569 2001 diu
1614 1955 1907 2017 noctuque,

324 2051 518 2091 omnes
557 2036 765 2106 plateas
788 2035 1134 2102 circumiens,
1160 2036 1453 2103 clamabat,
1483 2054 1761 2109 usquequo
1791 2039 1909 2108 qui-

324 2126 449 2183 dam
474 2127 739 2196 primores
765 2142 829 2182 ex
855 2127 1050 2198 populo
1077 2127 1205 2196 viri,
1247 2128 1391 2184 velut
1414 2144 1479 2184 ex
1511 2127 1749 2186 infausto
1768 2146 1909 2201 pra:-

323 2217 474 2289 sagio
525 2216 894 2288 indignatione
940 2217 1216 2283 commoti,
1269 2225 1576 2289 correptum
1632 2220 1907 2277 hominem

324 2306 507 2361 multis
531 2304 846 2361 verberibus
874 2304 1143 2374 alliciunt;
1174 2315 1230 2361 at
1251 2307 1337 2361 ille
1359 2323 1701 2379 nequaquam
1726 2326 1824 2380 pro
1849 2324 1909 2365 se

324 2396 527 2464 aliquid
555 2396 799 2466 loquens,
831 2398 927 2451 sed
958 2412 1057 2451 nec
1082 2413 1177 2452 eos
1215 2398 1431 2468 quidem
1462 2400 1553 2468 qui
1594 2400 1909 2456 circumste-

324 2494 501 2548 terant
527 2486 866 2556 deprecatus,
893 2502 987 2542 eas
1012 2488 1188 2542 denuo
1210 2503 1372 2544 voces
1401 2490 1520 2558 pari
1540 2486 1923 2547 obstinatione

321 2583 377 2630 ct
412 2575 651 2632 clamore
692 2577 988 2649 repetebat.
1029 2577 1182 2633 Tunc
1213 2579 1485 2651 principes
1523 2580 1903 2651 intelligentes,

323 2677 381 2722 ut
432 2684 518 2724 res
557 2679 695 2736 erat,
746 2670 919 2739 magis
953 2670 1192 2725 divinum
1241 2686 1360 2726 esse
1410 2674 1646 2729 hominis
1677 2684 1902 2740 motum,

321 2761 621 2829 perducunt
668 2775 789 2815 eum
832 2762 898 2816 ad
922 2762 1160 2832 judicem
1204 2763 1528 2829 Romanum,
1574 2768 1715 2836 apud
1743 2783 1904 2836 quem

322 2849 502 2921 ﬂagris
528 2851 593 2904 ad
624 2866 746 2905 ossa
771 2867 943 2921 usque
982 2851 1237 2919 laniatus,
1270 2869 1442 2923 neque
1471 2870 1682 2925 preces,
1729 2873 1904 2928 neque

233 2973 237 2976 -
319 2940 589 3010 lacrymas
620 2940 779 3007 fudit,
804 2942 896 2996 sed
939 2942 1187 2998 eamdem
1212 2957 1397 2997 vocem
1437 2945 1822 3002 miserabiliter
1849 2954 1905 3001 et

318 3045 443 3083 cum
483 3030 717 3099 quodam
766 3030 969 3084 ululatu
1017 3032 1303 3098 emittens,
1356 3050 1453 3103 per
1505 3034 1714 3107 singula
1762 3052 1901 3106 pene

2008 1852 2126 1899 ctos
2160 1854 2475 1914 persecutus
2517 1855 2600 1901 est
2631 1848 3000 1918 templumque
3028 1850 3271 1917 violavit,
3320 1860 3472 1908 recte
3513 1860 3593 1922 ty-

2006 1949 2134 2003 pum
2163 1935 2245 1988 Sui
2271 1935 2521 1989 habuisse
2553 1936 2853 1991 credendus
2876 1947 2978 1991 cst.
3354 1950 3359 1953 '

2079 2023 2209 2078 Cum
2253 2037 2427 2079 autent
2471 2029 2738 2096 appositus
2777 2038 2908 2082 esset
2941 2040 3125 2084 contra
3160 2030 3402 2098 Juda'os,
3453 2034 3592 2087 misit

2007 2117 2243 2169 odiosum
2269 2116 2552 2186 principem
2582 2118 2919 2187 Apollonium
2940 2136 3057 2174 cum
3087 2125 3319 2177 exercitu
3346 2124 3525 2195 viginti
3543 2134 3595 2179 et

2005 2207 2206 2261 duobus
2240 2208 2492 2273 millibus,
2523 2210 2830 2280 prtecipiens
2852 2211 2901 2264 ei
2940 2227 3119 2265 omnes
3147 2214 3393 2282 perfecta:
3418 2217 3590 2272 celatis

2008 2296 2317 2363 interﬁcere,
2377 2299 2638 2364 mulieres,
2697 2316 2758 2352 ac
2790 2300 3032 2370 juvenes,
3082 2318 3145 2355 ac
3184 2304 3406 2374 virgines
3464 2323 3588 2362 ven-

2004 2390 2149 2456 dere,
2181 2401 2285 2445 etc.
2318 2389 2489 2461 Hujus
2530 2391 2631 2446 Ieci
2669 2403 2724 2446 et
2761 2395 3009 2463 superior
3036 2395 3173 2449 liber
3199 2398 3466 2464 meminit,
3497 2400 3590 2454 ubi

2004 2487 2062 2535 et
2086 2476 2399 2536 Iudaeorum
2426 2481 2483 2536 in
2504 2481 2719 2538 sabbati
2747 2483 2930 2554 quiete
2954 2482 3264 2541 interfectio
3290 2493 3347 2541 et
3371 2487 3590 2558 Apollo-

2005 2572 2081 2625 nii
2105 2574 2343 2642 nequitia
2375 2573 2534 2628 simul
2560 2582 2616 2630 et
2639 2576 2892 2633 interitus
2917 2576 3033 2649 ejus
3060 2593 3160 2648 per
3179 2577 3423 2634 Iudaeam
3468 2597 3586 2635 nar-

2008 2671 2178 2717 ratur.
2226 2664 2379 2731 Quod
2433 2675 2611 2721 autent
2659 2668 2961 2725 Antiochus
3000 2672 3259 2740 praecepit
3308 2672 3590 2741 Apollonio

2006 2770 2181 2810 omnes
2204 2757 2449 2828 perfecta:
2472 2759 2643 2813 (etatis
2669 2761 2979 2830 interﬁcere,
3005 2762 3248 2818 mulieres
3289 2780 3353 2818 ac
3374 2764 3592 2834 juvenes

2006 2846 2242 2914 vendere,
2272 2848 2544 2920 significat
2574 2853 2716 2920 quod
2740 2852 3041 2909 Antiochus
3078 2855 3248 2910 hostis
3275 2870 3460 2910 eorum
3497 2872 3591 2911 ne-

2006 2951 2124 2991 cem
2154 2939 2391 2995 maxime
2431 2942 2725 2997 meditatur
2754 2958 2889 3012 quos
2928 2944 3199 3015 perfectos
3236 2946 3290 3000 in
3329 2946 3591 3019 religione

2005 3026 2311 3083 Christiana
2337 3044 2457 3085 esse
2480 3032 2797 3102 conspexit;
2827 3048 2923 3089 eos
2956 3042 3133 3089 autem
3162 3034 3254 3105 qui
3294 3035 3483 3092 molles
3507 3046 3591 3092 at-

318 3119 482 3173 νει-ιω
507 3119 838 3190 proferebat,
888 3121 1089 3177 addens
1117 3131 1174 3176 et
1219 3123 1320 3177 hoc
1346 3141 1359 3178 ε
1389 3124 1499 3190 Vae,
1528 3140 1607 3179 va;
1627 3123 1901 3199 Jemsoly-
1927 3111 1970 3173 C
2004 3130 2108 3186 que
2136 3118 2416 3175 instabiles
2446 3130 2594 3185 sunt,
2632 3124 2699 3178 de
2722 3123 2919 3193 quibus
2943 3125 3203 3195 scriptum
3228 3134 3312 3182 est
3339 3144 3352 3180 :
3380 3125 3588 3183 Stultus

320 3207 443 3262 tuis.
470 3207 611 3279 Ergo
633 3208 814 3262 omnia
834 3209 1078 3279 prodigia
1112 3209 1308 3265 misera
1340 3211 1533 3266 civitas
1563 3214 1754 3269 merito
1779 3230 1900 3284 per-

318 3315 477 3369 pessa
497 3310 601 3368 est,
628 3302 755 3372 quia
784 3317 1015 3373 semper,
1043 3305 1337 3359 secundum
1376 3304 1561 3361 latoris
1589 3307 1720 3378 legis
1747 3309 1897 3364 testi-

318 3390 583 3457 monium,
614 3393 935 3448 seditionem
978 3394 1086 3465 egit
1131 3405 1319 3450 contra
1365 3396 1670 3461 Dominum,
1722 3408 1776 3455 et
1818 3400 1891 3455 iu-

317 3491 475 3557 grata
498 3482 884 3539 beneficiorum
931 3485 1070 3555 ejus,
1118 3500 1305 3541 servos
1339 3488 1535 3542 summi
1566 3489 1897 3557 patrisfami-

318 3574 555 3645 lias,qui
585 3575 653 3629 ad
679 3590 800 3629 eam
842 3577 910 3629 ab
969 3575 1060 3631 illo
1102 3576 1252 3631 missi
1295 3586 1442 3644 sunt,
1484 3594 1608 3633 cum
1648 3580 1898 3637 irrisione

319 3664 628 3718 tractabant
701 3673 865 3734 atque
931 3665 1330 3722 interimehant.
1396 3668 1700 3726 Novissime
1770 3687 1899 3728 vero

318 3755 493 3824 ipsum
536 3755 920 3813 interlicientes
947 3756 1239 3826 lueredem,
1269 3769 1424 3815 extra
1450 3773 1628 3817 castra
1659 3763 1899 3834 proiece-

320 3853 463 3898 runt.
513 3842 667 3900 Unde
709 3846 826 3917 ipse
866 3836 1124 3902 Dominus
1155 3849 1209 3902 in
1255 3848 1564 3921 Evangelio,
1615 3853 1899 3925 increpans

319 3933 650 3989 incredulam
708 3936 1006 4003 civitatem,
1054 3939 1173 3993 ait:
1211 3938 1531 4008 Jerusalem,
1579 3943 1895 4013 Jerusalem,

306 4013 436 4095 qua:
474 4024 667 4080 occidis
705 4026 982 4097 prophetas
1017 4038 1064 4082 et
1105 4027 1309 4096 lapides
1337 4048 1422 4085 eos
1442 4033 1533 4103 qui
1572 4034 1643 4088 ad
1682 4044 1730 4089 te
1755 4037 1900 4090 missi

317 4125 439 4168 sunt
461 4115 483 4167 Ι
510 4113 722 4180 Quoties
743 4116 880 4170 volui
905 4132 1218 4189 congregare
1242 4120 1381 4188 ﬁlios
1419 4133 1536 4177 tuos
1564 4126 1902 4195 quemadmo-

316 4205 446 4259 dum
479 4204 677 4276 gallina
712 4220 987 4279 congregat
1028 4210 1198 4280 pullos
1234 4230 1358 4267 suos
1398 4215 1493 4269 sub
1532 4216 1647 4272 alas
1675 4236 1817 4287 suas,
1852 4231 1900 4276 et

319 4295 557 4350 noluisti.
597 4296 733 4351 Ecce
764 4298 1081 4370 relinquetur
1112 4303 1253 4357 vobis
1292 4305 1478 4361 domus
1502 4316 1669 4362 vestra
1698 4310 1902 4366 deserta

319 4375 538 4454 (ifattlt.
568 4387 746 4457 xxnt).
780 4386 893 4443 Hoc
926 4390 1069 4444 enim
1111 4396 1535 4466 prmsagiebatur
1557 4401 1854 4471 antiquitus
1884 4423 1896 4458 :

2002 3218 2056 3260 ut
2090 3208 2215 3262 luna
2239 3220 2473 3264 mutatur
2500 3212 2689 3283 (Eccli.
2720 3214 2915 3286 xxvn),
2946 3216 3091 3285 ipsos
3117 3217 3282 3272 variis
3309 3219 3588 3275 erroribus

2000 3300 2296 3371 implicitos‘
2319 3318 2415 3372 per
2447 3305 2659 3359 diversa
2689 3306 2819 3359 vitia
2866 3307 3177 3363 ventilando
3204 3308 3450 3367 deterra
3493 3311 3591 3366 Ec-

2000 3390 2178 3444 clesia:
2229 3407 2526 3462 separans,
2582 3394 2637 3448 in
2693 3395 3020 3465 profundum
3082 3396 3348 3455 scelerum
3399 3402 3587 3474 procul

1991 3480 2181 3550 jactat.
3226 3496 3231 3501 ‘

2068 3575 2247 3629 Judss
2285 3585 2455 3629 autem
2503 3576 2864 3645 Machameus,
2891 3579 2982 3649 qui
3013 3579 3245 3636 decimus
3274 3583 3470 3652 fuerat,
3502 3602 3582 3639 se-

1999 3672 2220 3716 cesserat
2245 3663 2298 3717 in
2324 3666 2607 3730 desertum,
2638 3675 2742 3721 ete.
2769 3668 3049 3735 Quomodo
3073 3680 3256 3726 autem
3301 3675 3450 3729 dicat
3490 3675 3582 3731 Ju-

1999 3757 2123 3810 dam
2153 3755 2516 3811 Machameum
2564 3773 2687 3814 esse
2721 3759 2986 3815 decimum
3038 3777 3145 3817 non
3196 3764 3432 3832 invenio,
3482 3767 3583 3822 nisi

1999 3848 2139 3904 forte
2166 3866 2263 3919 per
2297 3853 2757 3907 enumerationem
2788 3856 3100 3924 pontiﬁcum
3145 3858 3237 3926 qui
3284 3856 3504 3914 fuerunt
3532 3861 3584 3915 in

1998 3951 2158 4012 gente
2183 3940 2364 3997 Judaea
2391 3942 2720 4012 temporibus
2750 3946 2897 4016 regni
2923 3946 3230 4006 Cra-corum
3272 3949 3389 4007 haec
3420 3951 3587 4008 histo-

2000 4032 2080 4087 ria
2124 4032 2381 4101 compulit
2422 4046 2614 4098 aunos,
2641 4048 2871 4102 quorum
2902 4035 3110 4105 primus
3148 4039 3392 4108 pontifex
3419 4039 3584 4097 Onias

2000 4120 2156 4178 Jaddi
2186 4122 2361 4188 titius;
2402 4124 2690 4191 secundus,
2720 4124 2940 4180 Simeon
2974 4127 3123 4184 Onia:
3152 4129 3323 4198 filius;
3371 4131 3582 4198 tertius,

2001 4211 2224 4265 Eleazar
2265 4212 2433 4267 frater
2475 4213 2773 4283 Simeonis;
2818 4227 3062 4286 quartus,
3104 4220 3382 4278 Manasses
3413 4237 3587 4278 avun-

2002 4303 2155 4356 culus
2185 4303 2459 4371 Eleazari;
2506 4307 2742 4375 quintus,
2772 4309 2938 4365 Onias
2980 4310 3217 4369 Simonis
3242 4312 3380 4371 Justi
3407 4316 3584 4385 illius;

2005 4401 2208 4460 sextus,
2236 4393 2423 4449 Simon
2450 4394 2600 4453 Oniaa
2633 4398 2802 4468 filius;
2834 4403 3117 4473 septimus,
3152 4403 3318 4462 Onias
3348 4405 3589 4465 Simonis

318 4475 427 4528 hoc
456 4475 510 4529 in
539 4477 929 4545 posterioribus
972 4481 1254 4540 homicidae
1297 4465 1737 4548 truculentissimi
1770 4511 1901 4551 con-

2008 4484 2179 4553 lllius;
2209 4495 2455 4555 octavus,
2494 4489 2628 4544 alter
2660 4490 2843 4561 Onias,
2873 4495 2964 4565 qui
3000 4493 3161 4553 Jason
3187 4505 3271 4554 est
3308 4514 3581 4570 nuncupa-

318 4567 541 4635 diguam
579 4579 763 4624 reatus
810 4572 892 4626 sui
928 4586 1287 4646 perceperunt
1327 4583 1628 4639 mercedem
1672 4603 1686 4639 :
1721 4587 1795 4641 ita
1842 4596 1902 4643 ut

320 4660 519 4729 partim
546 4659 690 4719 fame
713 4674 1058 4731 necarentur,
1081 4670 1277 4739 partim
1309 4673 1618 4741 pestilentia
1641 4679 1896 4747 perirent,

318 4751 521 4820 partim
553 4752 717 4808 occisi
744 4763 801 4808 et
822 4757 1018 4826 captivi
1046 4759 1101 4813 in
1147 4761 1308 4817 totius
1328 4764 1476 4819 orbis
1494 4776 1678 4836 partes
1704 4770 1772 4824 ab
1808 4771 1904 4826 ho-

319 4841 495 4896 stibus
521 4843 879 4912 ducerentur;
912 4847 1097 4917 sicque
1132 4851 1409 4920 impletum
1439 4865 1522 4911 est
1548 4855 1797 4917 Jeremize
1840 4862 1903 4917 il-

318 4929 416 4986 lud
438 4932 579 5001 quod
606 4934 670 4988 de
697 4935 886 4990 eadem
921 4949 1079 5008 gente
1099 4948 1153 4995 et
1181 4941 1399 4998 civitate
1423 4948 1787 5017 prephetavit,
1822 4951 1897 5007 di-

316 5036 455 5078 cens
480 5040 494 5076 :
519 5021 763 5093 Migravit
786 5025 958 5081 ludas
984 5042 1196 5100 propter
1230 5034 1559 5104 afﬂictionem
1586 5050 1634 5093 et
1665 5043 1903 5105 multitu-

317 5112 500 5168 dinem
542 5116 1117 5175 servilutis:ltabitavit
1164 5123 1300 5177 inter
1332 5137 1529 5196 gentes,
1579 5147 1670 5184 nec
1710 5132 1903 5188 iurauit

318 5207 553 5278 requiem
589 5222 607 5259 :
645 5225 821 5267 omnes
873 5226 1225 5284 persecutqres
1281 5217 1394 5286 ejus
1454 5223 1901 5290 apprehenderunt

315 5315 442 5352 eum
478 5299 614 5352 inter
655 5302 945 5371 angustias.
989 5302 1099 5358 Vite
1144 5303 1274 5361 Sion
1317 5307 1513 5380 lugent,
1535 5328 1594 5366 eo
1615 5314 1755 5384 quod
1797 5333 1901 5371 non

335 5388 444 5442 sint
469 5389 559 5459 qui
598 5388 801 5444 veniant
845 5392 915 5445 ad
952 5392 1349 5451 solemnitatem.
1380 5397 1571 5455 Omnes
1591 5414 1756 5472 parta:
1786 5406 1902 5476 ejus

312 5478 622 5545 destructw,
648 5481 939 5536 sacerdotes
960 5483 1074 5554 ejus
1096 5496 1371 5555 gementes,
1400 5489 1620 5562 virgines
1645 5495 1900 5565 squalida:

315 5577 369 5620 et
400 5569 513 5633 ipsa
534 5585 779 5640 oppressu
800 5576 1152 5631 amaritudine
1180 5576 1396 5647 (Tltren.
1426 5581 1488 5653 ι).

398 5657 492 5713 llis
523 5661 699 5733 itaque
735 5666 893 5733 gestis
930 5667 1225 5736 suspicatus
1250 5681 1323 5726 est
1350 5689 1443 5728 rex
1470 5678 1767 5732 societatem
1801 5680 1891 5734 de-

2010 4587 2114 4645 tus,
2144 4578 2309 4635 frater
2334 4580 2483 4636 Onias
2510 4584 2734 4652 prioris;
2762 4601 2955 4655 nonus,
2988 4588 3276 4657 Menelaus,
3305 4592 3474 4650 frater
3497 4594 3588 4650 Ja-

2009 4669 2184 4734 sonis;
2213 4670 2473 4738 decimus,
2499 4670 2684 4739 Judas,
2711 4676 2804 4744 qui
2848 4676 3058 4734 Alcime
3092 4690 3330 4738 tentante
3375 4688 3587 4754 pontifi-

2008 4757 2226 4815 ficatum
2270 4759 2576 4818 Judaeorum
2619 4766 2893 4834 invadere,
2943 4770 3231 4842 divinoque
3258 4775 3462 4844 judicio
3490 4777 3584 4833 de-

2008 4856 2237 4915 structo,
2269 4852 2500 4908 mirabili
2531 4869 2795 4913 consensu
2837 4860 3074 4915 omnium
3107 4864 3266 4931 primi
3297 4869 3583 4924 sacerdotii

2007 4942 2217 5012 accepit
2257 4944 2591 5014 dignitatem.
2624 4946 2951 5019 Spiritaliter
2992 4962 3169 5008 autem
3197 4953 3363 5014 Judas
3391 4963 3584 5017 merito

2006 5034 2206 5089 dicitur
2231 5050 2353 5091 esse
2383 5039 2640 5105 decimus,
2671 5042 2797 5110 quia
2823 5042 3069 5118 Deealogi
3096 5062 3364 5123 pratcepta
3397 5055 3448 5109 in
3481 5056 3582 5111 fide

2004 5135 2059 5181 et
2089 5128 2371 5184 devotione
2414 5131 2652 5200 perfecta
2700 5135 2969 5192 invenitur
3006 5155 3267 5208 servasse,
3305 5146 3581 5218 ipsamque

2004 5218 2176 5290 legem
2208 5220 2430 5276 zelando
2451 5224 2519 5277 ab
2544 5224 2779 5280 hostium
2810 5229 3058 5287 manibus
3099 5236 3307 5303 primus
3335 5245 3456 5307 post
3486 5251 3580 5305 pa-

2006 5318 2145 5365 trem
2169 5311 2335 5367 armis
2362 5311 2682 5373 defendisse.
2713 5317 2816 5386 Qui
2842 5335 2969 5376 vere
2992 5323 3134 5377 inter
3161 5323 3303 5378 feras
3326 5324 3579 5379 scribitur

2006 5418 2130 5458 cum
2174 5405 2287 5460 suis
2323 5405 2377 5460 in
2424 5408 2696 5466 montibus
2735 5411 2903 5467 vitam
2950 5415 3184 5479 duxisse,
3218 5426 3273 5470 et
3312 5415 3415 5470 feni
3459 5416 3579 5472 cibo

2005 5497 2187 5553 vesci:
2218 5499 2345 5569 quia
2390 5514 2700 5559 sanctorum
2741 5506 2984 5575 exempla
3016 5515 3232 5560 secutus
3272 5507 3395 5577 (ipsi
3438 5510 3580 5563 enim

2004 5598 2129 5643 sunt
2154 5599 2362 5646 montes
2388 5591 2525 5661 Dei),
2549 5592 2803 5649 bcstiales
2826 5605 3233 5665 pet-secutorum
3255 5611 3436 5652 mores
3460 5612 3575 5653 cott-

2004 5682 2309 5746 temuendo,
2350 5683 2512 5737 vitam
2545 5683 2655 5739 Deo
2697 5683 2948 5752 placitam
2994 5684 3176 5756 elegit,
3224 5696 3279 5741 et
3322 5687 3577 5741 virtutum
