3934 6186
389 238 528 297 1255

1033 233 1093 288 Β.
1131 228 1385 287 RABANI
1423 227 1642 283 MAUN
1680 223 2000 282 ARCHIEP.
2041 222 2351 283 MOGUNT.
2391 222 2678 284 OPERUM
2715 222 2896 279 PARS
2936 222 2977 278 I.

3505 220 3650 277 {236

383 363 599 422 semper
619 344 813 403 virenti
834 344 1029 417 pabulo
1049 358 1109 399 sc
1126 343 1337 414 pavisse
1357 342 1617 411 optimum
1640 339 1810 404 duxit,
1833 353 1962 408 qua-
1988 345 2037 404 Α
2065 338 2424 395 crudelissimi
2467 338 2611 409 regis
2638 337 2887 407 impietas
2922 335 3200 407 porcinam
3228 348 3449 390 carnem
3476 333 3532 388 in
3563 349 3647 388 se-

383 447 544 494 teuus
585 431 912 490 indcﬁcienti
948 430 1147 486 animas
1167 430 1309 487 victu
1350 428 1585 485 nutritus
1613 427 1808 483 famem
1849 442 1956 483 non

384 529 613 586 sentiret
636 533 973 597 perpetuam.

455 618 621 674 Nobis
662 624 840 671 autem
880 613 1043 669 lectio
1080 620 1296 668 actuum
1338 610 1490 667 Iuda:
1518 611 1592 666 ita
1622 610 1960 666 solummodo

382 709 624 782 proﬁcit,
669 709 714 763 si
761 705 1077 762 constantite
1115 702 1231 771 ejus
1276 718 1339 757 ac
1383 702 1690 757 sobrietatis
1734 701 1963 755 virtutes

383 799 586 855 imitari
614 797 972 860 voluerimus;
1002 790 1103 850 nec
1128 794 1489 864 praeponimus
1515 791 1735 847 delicias
1775 791 1961 846 mundi

382 906 447 946 ac
475 904 724 961 pompam
754 886 914 957 hujus
934 886 1115 942 smculi
1138 886 1362 957 justitia:
1385 892 1440 938 et
1466 884 1680 938 veritati
1708 883 1820 945 Dei,
1850 898 1964 937 me-

383 996 564 1036 mores
592 993 803 1048 semper
831 978 972 1034 illius
998 978 1146 1033 vocis
1180 976 1471 1030 Dominicis
1511 989 1631 1042 qute
1675 974 1789 1026 ait:
1821 970 1961 1037 Quid

383 1074 519 1128 enim
545 1071 775 1141 proderit
798 1068 1020 1132 homini,
1040 1067 1086 1121 si
1112 1066 1409 1120 uniuersum
1434 1062 1687 1116 mundum
1710 1060 1961 1141 lucretur,

384 1139 575 1218 anima:
600 1178 722 1217 vero
748 1177 859 1216 sua:
888 1159 1256 1214 detrimentum
1294 1156 1528 1227 patiatur
1569 1152 1782 1224 (Matth.
1812 1139 1963 1222 xvi)?

386 1256 452 1310 Et
491 1255 685 1310 iterum
712 1272 726 1307 :
758 1251 863 1319 Qui
887 1259 1029 1305 amat
1057 1250 1290 1305 animam
1322 1264 1475 1302 suam
1499 1246 1676 1316 perdet
1706 1262 1845 1310 eam,
1873 1246 1964 1316 qui

384 1347 494 1400 odit
522 1345 754 1399 animam
778 1359 930 1397 suam
965 1342 1022 1395 in
1066 1339 1202 1394 hunc
1245 1337 1499 1393 mundum
1533 1336 1589 1390 in
1628 1336 1785 1390 vitam
1813 1343 1966 1389 ater-

386 1454 506 1491 nam
536 1436 760 1491 custodit
785 1451 902 1489 eam
930 1433 1112 1507 (Joan.
1137 1430 1258 1504 ιιι).

1014 1563 1243 1620 CAPUT
1282 1562 1367 1618 Vl.

388 1656 536 1711 Misit
560 1675 651 1711 rea:
676 1666 730 1710 ut
761 1656 940 1711 Iudaei
966 1653 1393 1721 compellerentur
1417 1671 1449 1707 a
1478 1653 1587 1724 lege
1620 1652 1814 1724 Dei,get
1844 1668 1967 1707 can-

457 1705 727 1781 {satis};
743 1705 1015 1796 estita;
1032 1705 1231 1796 suis;
1247 1705 1357 1777 “int
1372 1705 1377 1707 ⁷
1395 1705 1657 1796 scenici;
1674 1705 1964 1796 intota...
1993 1705 2042 1765 Β

454 1805 730 1867 coguntur.
759 1792 1105 1867 De_'passione
1142 1794 1371 1848 duarum
1411 1793 1690 1849 mulierum
1731 1809 1850 1847 cum
1885 1792 1967 1846 in-

456 1864 710 1935 fantibus,
735 1874 783 1920 et
810 1864 1089 1929 Eleazari,

457 1974 560 2031 Sed
605 1991 709 2029 non
762 1982 878 2044 post
935 1972 1159 2027 multum
1210 1974 1452 2042 temporis
1466 1972 1603 2027 misit
1656 1988 1749 2027 rea:
1796 1987 1968 2026 senem

384 2064 661 2140 quemdam
687 2063 1088 2126 Antiochenam,
1115 2063 1206 2133 qui
1236 2060 1561 2132 compelleret
1591 2060 1809 2116 Juda'os
1832 2069 1889 2115 ut
1914 2076 1969 2115 se

383 2153 726 2224 transferrent
754 2170 787 2206 a
815 2152 1002 2223 patriis
1026 2160 1074 2206 et
1105 2150 1201 2204 Dei
1230 2150 1449 2221 legibus,
1478 2158 1584 2205 etc.
1619 2147 1745 2205 Htec
1780 2150 1967 2204 eadem

385 2245 441 2300 in
484 2243 624 2300 libro
676 2242 942 2313 superiori
994 2240 1324 2306 referuntur,
1354 2242 1497 2310 quod
1530 2239 1830 2295 Antiochus
1874 2254 1972 2308 per

384 2337 589 2408 legatos
611 2350 740 2392 suos
781 2332 1229 2389 contaminaverit
1258 2333 1534 2403 templum,
1565 2330 1880 2387 aediﬁcando
1914 2330 1971 2384 in

378 2429 480 2484 illo
512 2427 712 2484 idolum
746 2425 1094 2482 desolationis
1125 2438 1287 2495 super
1314 2423 1488 2479 altare
1522 2422 1651 2489 Dei;
1684 2421 1839 2493 cujus
1865 2419 1974 2478 loci

386 2518 692 2590 allegoriam
722 2517 920 2572 ibidem
946 2516 1244 2586 posuimus.

458 2608 570 2663 Nec
598 2607 904 2678 simpliciter
928 2606 1182 2661 Iuda-um
1210 2623 1264 2661 se
1290 2624 1401 2662 esse
1437 2607 1714 2677 quisquam
1758 2605 1974 2674 conﬁte—

386 2700 563 2757 batur.
597 2696 937 2753 Ducebantur
975 2707 1149 2751 autem
1189 2714 1308 2752 cum
1349 2714 1536 2751 amara
1570 2696 1872 2751 necessitate
1916 2697 1973 2750 in

386 2795 470 2845 die
499 2788 691 2844 natalis
735 2789 870 2860 regis
896 2788 966 2843 ad
993 2788 1256 2858 sacri/icio
1274 2829 1289 2854 ,
1330 2796 1437 2843 etc.
1468 2786 1723 2841 Liberum
1754 2784 1973 2841 Patrem

386 2881 662 2937 dominum
711 2878 825 2934 vini
872 2878 1103 2951 gentiles
1148 2893 1270 2934 esse
1314 2877 1589 2941 dixerunt,
1619 2873 1770 2944 cujus
1817 2888 1973 2929 sacra

386 2974 685 3031 Antiochus
714 2973 768 3029 in
794 2972 961 3029 natali
1003 2988 1101 3028 suo
1139 2972 1373 3027 maxime
1415 2970 1675 3027 celebrari
1696 2967 1878 3037 jussit,
1907 2982 1973 3023 eo

2062 438 2281 487 nectute
2308 445 2407 485 sua
2433 431 2594 484 edere
2635 427 2879 499 cogebat,
2913 425 3182 497 signiﬁcat
3210 424 3465 495 populum
3493 422 3648 480 Chri-

2062 522 2324 586 stianum,
2351 536 2513 592 quem
2541 519 2861 575 Antichristi
2887 517 3093 573 Srevitia
3118 525 3248 592 ante
3266 516 3427 570 ﬁnem
3459 516 3653 570 mundi

2062 615 2128 669 ad
2155 613 2512 669 idololatriam
2537 621 2697 685 atque
2723 610 3036 681 Spurcitiam
3066 608 3191 663 vitae
3217 584 3539 663 convertere
3566 622 3652 660 sa-

2067 714 2226 776 taget.
2258 706 2649 776 Interpretatur
2682 713 2863 758 autem
2895 702 3186 757 Eleazarus
3214 700 3352 755 Deus
3382 717 3526 755 meus
3557 700 3656 752 ad-

2054 799 2228 868 jutor,
2256 796 2398 869 quod
2442 812 2637 853 nomen
2664 797 2943 866 aptissime
2985 794 3239 865 convenit
3288 793 3526 849 ﬁdelium
3560 808 3657 863 po-

2064 888 2209 958 pulo,
2243 889 2334 957 qui
2360 903 2480 942 eum
2520 886 2803 941 Psalmista
2842 885 3069 940 Domino
3095 885 3276 939 dicere
3324 884 3516 939 novit:
3543 882 3659 935 Ad-

2056 977 2210 1047 jutor
2238 994 2383 1032 meus
2412 994 2465 1031 es
2494 987 2574 1035 tu.
2604 994 2664 1031 ne
2689 975 3018 1046 derelinquas
3046 992 3126 1029 me
3156 973 3328 1046 (Psal.
3354 990 3486 1029 xx"
3514 974 3568 1045 );
3606 982 3661 1028 et

2067 1082 2305 1131 rursum,
2337 1066 2603 1121 Liberator
2629 1082 2794 1131 meus,
2827 1063 2967 1118 Deus
2996 1081 3158 1129 meus,
3187 1063 3405 1134 sperabo
3436 1064 3492 1117 in
3534 1080 3659 1116 cum

2070 1156 2237 1229 (Psal.
2276 1158 2443 1223 xvnl;
2484 1159 2579 1213 sed
2625 1158 2766 1213 sicut
2798 1157 3116 1227 nequissimi
3155 1156 3300 1227 regis
3348 1156 3666 1210 immanitas

2068 1251 2383 1307 Eleazarum
2425 1252 2493 1306 ad
2521 1266 2673 1305 csum
2718 1250 2954 1319 porcina:
2991 1248 3173 1302 carnis
3210 1247 3535 1319 compellere
3562 1262 3665 1301 ne-

2068 1343 2274 1413 quivit,
2303 1342 2378 1396 ita
2418 1356 2518 1395 nec
2542 1340 2837 1395 electorum
2864 1349 3065 1393 emtum
3109 1336 3423 1392 Antichristi
3456 1338 3665 1392 crude-

2070 1431 2195 1488 litas
2220 1431 2590 1487 contaminare
2632 1428 2815 1500 aliqua
2842 1427 3184 1484 immunditia
3213 1426 3322 1481 ullo
3356 1427 3521 1482 modo
3563 1441 3666 1496 po-

2073 1521 2219 1578 terit.

2680 1609 2907 1669 CAPUT
2946 1609 3054 1665 VII.

2186 1705 2263 1759 De
2289 1704 2529 1773 passione
2555 1713 2747 1773 septem
2776 1703 3004 1772 fratrum
3032 1709 3079 1754 et
3110 1702 3291 1754 matris
3321 1717 3528 1755 eorum.

2140 1791 2368 1864 Contigit
2402 1802 2576 1847 autem
2621 1802 2815 1862 septem
2842 1791 3032 1861 fratres
3072 1808 3189 1845 cum
3222 1801 3387 1844 matre
3422 1809 3523 1845 sua
3565 1810 3665 1861 ap-

2068 1883 2345 1954 prehensos
2375 1880 2612 1951 compelli
2642 1899 2673 1934 a
2696 1898 2811 1950 rege
2846 1880 2997 1934 edere
3024 1890 3206 1935 contra
3229 1881 3311 1951 fas
3334 1876 3518 1936 carnes
3534 1898 3664 1952 por-

2069 1975 2435 2045 cinas,ﬂagris
2458 1983 2505 2028 et
2536 1974 2731 2027 laureis
2753 1974 3035 2038 cruciatos,
3060 1980 3168 2027 etc.
3208 1972 3346 2039 Quid
3378 1989 3475 2042 per
3514 1975 3666 2030 hanc

2070 2072 2298 2119 matrem
2336 2072 2539 2133 septem
2592 2061 2843 2130 ﬁliorum,
2875 2063 2980 2118 nisi
3029 2064 3218 2118 matris
3269 2063 3531 2120 Ecclesia:
3577 2064 3666 2120 fe-

2070 2152 2340 2218 cunditas,
2366 2167 2486 2223 qua:
2510 2167 2608 2221 per
2649 2151 2981 2223 septiformis
3009 2150 3244 2223 Spiritus
3271 2155 3502 2224 gratiam
3529 2156 3667 2209 ado-

2070 2245 2247 2314 ptivos
2291 2245 2401 2301 Deo
2440 2244 2585 2298 Patri
2634 2243 2774 2298 ﬁlios
2821 2252 3079 2314 generat,
3123 2243 3470 2315 designatur?
3515 2244 3668 2312 Quos

2070 2331 2322 2391 Antiochi
2360 2334 2544 2407 typici,
2584 2335 2688 2389 hoc
2714 2342 2797 2390 est
2832 2334 3190 2399 Antichristi,
3219 2336 3502 2399 atrocitas,
3537 2336 3670 2391 licet

2061 2434 2285 2495 patrum
2320 2441 2418 2496 per
2444 2426 2723 2499 ministros
2756 2440 2892 2480 suos
2911 2433 3127 2495 partum
3159 2441 3259 2497 per
3303 2426 3664 2495 semetipsum

2074 2528 2100 2557 ι
2135 2517 2291 2572 simul
2333 2533 2457 2573 cum
2497 2527 2675 2573 matre
2717 2515 2948 2572 diversis
2989 2516 3324 2573 cruciatibus
3357 2517 3559 2580 laniet,
3597 2518 3669 2573 ad

2074 2608 2465 2679 blasphemiam
2494 2617 2674 2662 tamen
2712 2622 2806 2662 eos
2835 2622 3177 2678 nequaquam
3222 2609 3545 2680 pertrahere
3575 2626 3671 2664 va-

2075 2702 2166 2757 let.
2183 2702 2311 2773 Quae
2326 2714 2506 2759 autem
2522 2706 2662 2761 hanc
2683 2701 2961 2757 mulierem
2984 2708 3037 2750 et
3059 2700 3196 2751 ltlios
3212 2700 3329 2766 ejus
3344 2714 3439 2765 pro
3459 2700 3646 2751 labore

2068 2806 2231 2863 quem
2258 2796 2311 2847 in
2338 2798 2590 2864 praesenti
2618 2796 2727 2846 vita
2756 2789 3001 2862 perpessi
3025 2797 3153 2842 sunt
3176 2805 3387 2843 titerces
3421 2800 3643 2844 maneat

2074 2878 2129 2937 in
2158 2877 2358 2943 futura,
2382 2877 2549 2934 Isaias
2574 2878 2831 2943 ostendit,
2847 2878 3059 2932 dicens:
3081 2876 3289 2941 Lauda,
3313 2877 3533 2940 sterilis,
3549 2895 3670 2947 qua:

2077 2988 2180 3025 non
2222 2971 2397 3040 paris;
2431 2969 2653 3024 decanto
2691 2968 2902 3025 laudem
2929 2978 2979 3023 et
3009 2969 3259 3039 hymnum
3301 2967 3523 3043 [hinni],
3548 2986 3670 3039 qm:

386 3065 529 3135 quod
567 3065 716 3120 illum
744 3063 913 3119 natali
958 3078 1056 3119 suo
1098 3062 1277 3118 lavere
1326 3060 1603 3116 credebat.
1648 3056 1783 3113 Nam
1808 3056 1968 3111 Libe-
1998 3056 2043 3117 C
2075 3078 2177 3118 non
2232 3060 2475 3131 pariebas
2507 3073 2525 3111 :
2561 3059 2808 3131 quoniam
2853 3058 2986 3113 nulli
3034 3056 3232 3132 [multi]
3276 3058 3378 3127 ﬁlii
3422 3060 3670 3127 desertre,

386 3170 507 3212 rum
551 3170 581 3210 a
625 3155 796 3213 libera
831 3162 1011 3213 mente
1047 3150 1303 3222 appellari
1353 3150 1573 3215 volunt,
1621 3148 1764 3219 quod
1812 3147 1969 3217 quasi

389 3261 569 3301 mares
598 3246 651 3301 in
682 3245 926 3300 coeundo
954 3258 1052 3314 per
1084 3241 1201 3309 ejus
1224 3239 1543 3295 beneﬁcium
1570 3238 1786 3293 emissis
1812 3236 1973 3292 semi—

388 3337 548 3391 nibus
576 3335 894 3398 liberentur,
931 3340 1149 3402 propter
1187 3329 1328 3399 quod
1360 3328 1498 3381 idem
1524 3326 1686 3381 Liber
1726 3324 1972 3380 muliebri

386 3436 443 3483 et
486 3427 715 3481 delicato
744 3438 970 3495 corpore
1006 3422 1262 3493 pingitur.
1307 3419 1501 3473 Dicunt
1529 3417 1674 3472 enim
1721 3415 1974 3472 mulieres

387 3518 437 3572 ei
482 3515 791 3581 attributas,
820 3521 879 3571 et
905 3512 1108 3575 vinum,
1144 3517 1363 3582 propter
1402 3508 1749 3564 excitandam
1792 3506 1971 3562 libidi-

389 3624 533 3669 nem.
560 3607 711 3666 Unde
735 3617 791 3664 et
817 3606 969 3662 frons
990 3604 1108 3676 ejus
1137 3604 1388 3675 pampino
1422 3601 1679 3672 cingitur,
1705 3598 1801 3654 sed
1828 3595 1973 3653 facto

389 3700 579 3777 [Forte
599 3698 800 3773 capite]
827 3713 1086 3755 coronam
1126 3696 1322 3751 viteam
1358 3702 1413 3749 et
1438 3707 1607 3748 cornu
1631 3690 1814 3755 habet,
1845 3688 1971 3759 quia

389 3809 512 3849 cum
543 3806 717 3864 grtecc
751 3788 961 3866 [parce]
1003 3797 1060 3845 et
1096 3788 1373 3844 moderate
1416 3785 1600 3839 vinum
1628 3781 1850 3845 bibitur,
1876 3779 1973 3835 la:—

390 3884 564 3941 titiam
597 3890 849 3954 praestat,
896 3896 1020 3938 cum
1067 3878 1208 3937 ultra
1239 3876 1491 3939 modum,
1521 3873 1725 3929 excitat
1771 3870 1893 3925 lites
1920 3877 1974 3925 et

391 3973 546 4046 quasi
572 3988 774 4031 cornua
801 3973 912 4029 dat.
938 3971 1082 4028 Idem
1110 3978 1287 4025 autem
1317 3975 1372 4022 et
1399 3965 1589 4039 Lyaeus
1613 3979 1644 4019 a
1671 3971 1799 4035 potu
1833 3960 1968 4033 lytei,

392 4067 536 4138 quod
565 4065 735 4121 multo
767 4065 896 4120 vino
940 4061 1182 4121 membra
1233 4059 1528 4114 solvantur.
1556 4054 1661 4109 Iste
1688 4064 1742 4109 et
1787 4051 1974 4108 Graece

392 4156 681 4228 Dyonisius
707 4170 739 4209 a
770 4161 956 4209 monte
1000 4150 1149 4214 Niso,
1181 4147 1271 4203 ubi
1309 4148 1505 4203 dicitur
1549 4159 1669 4201 esse
1718 4142 1971 4199 nutritus.

393 4247 660 4306 Ctetcrum
688 4252 773 4303 est
800 4253 855 4299 et
884 4242 1013 4302 Nisa
1045 4241 1236 4299 civitas
1261 4240 1317 4293 in
1348 4254 1453 4308 qua
1480 4236 1675 4291 colitur
1706 4234 1845 4289 idem
1885 4233 1976 4288 Li-

392 4337 505 4402 ber,
535 4336 676 4395 unde
706 4334 898 4390 Niseus
925 4334 1099 4389 dictus
1125 4338 1227 4386 est.
1256 4330 1420 4386 Sacra
1447 4328 1627 4383 Liberi
1661 4326 1840 4383 Patris
1867 4327 1975 4396 pri-

2073 3153 2238 3224 magis
2283 3170 2440 3225 quam
2471 3153 2585 3224 ejus
2616 3169 2732 3225 qua:
2778 3151 2931 3209 habet
2968 3151 3166 3214 virum,
3206 3150 3336 3204 dicit
3380 3149 3664 3206 Dominus.

2073 3245 2251 3300 Dilata
2291 3244 2463 3298 locum
2501 3243 2710 3297 tentorii
2760 3244 2837 3297 tui
2851 3282 2869 3310 ι
2897 3252 2945 3297 et
2992 3241 3151 3312 pelles
3200 3241 3666 3295 tabernaculorum

2072 3342 2281 3388 tuorum
2308 3332 2545 3399 extende,
2574 3350 2638 3387 ne
2662 3349 2849 3404 parcas
2872 3346 2889 3382 :
2913 3329 3092 3401 longos
3122 3330 3208 3400 fac
3233 3331 3502 3400 funiculos
3525 3343 3668 3395 tuos.

2071 3434 2119 3478 et
2154 3421 2325 3477 clavos
2363 3433 2481 3477 tuos
2529 3420 2819 3477 consolida.
2848 3421 2928 3474 Ad
2957 3421 3229 3478 dexteram
3276 3431 3325 3475 et
3366 3423 3439 3475 ad
3473 3421 3663 3476 liceant

2071 3511 2384 3581 penetrabis,
2416 3523 2463 3566 et
2507 3529 2680 3566 semen
2721 3521 2868 3565 tuum
2906 3520 3078 3581 gentes
3121 3511 3478 3569 Iuvreditabit.
3531 3512 3658 3567 Noli

2073 3603 2272 3669 timere,
2308 3604 2436 3674 quia
2482 3620 2586 3658 non
2618 3602 2956 3674 confunderis
3004 3618 3166 3673 neque
3202 3603 3497 3659 erubesces.
3544 3603 3670 3661 Non

2072 3694 2208 3748 enim
2252 3703 2302 3747 te
2336 3693 2545 3764 pudebit
2574 3693 2697 3765 quia
2745 3692 3069 3762 confusionis
3124 3691 3494 3747 adolescentia:
3544 3704 3652 3746 ιιι-ε

2074 3783 2405 3848 Oblivisceris,
2438 3792 2487 3837 et
2517 3781 2779 3853 opprobrii
2809 3782 3077 3836 viduitatis
3110 3791 3217 3837 tua:
3264 3800 3369 3838 non
3411 3786 3659 3839 recorda-

2068 3871 2208 3926 beris
2239 3872 2483 3943 amplius.
2515 3871 2653 3937 Quia
2680 3872 3037 3927 dominabitur
3064 3874 3141 3926 tui
3167 3874 3258 3942 qui
3296 3873 3422 3943 fecit
3462 3884 3534 3939 te,
3566 3874 3671 3927 Do-

2075 3967 2247 4021 minus
2271 3968 2594 4021 exercituum
2620 3963 2970 4034 nomemejus,
2992 3973 3040 4017 et
3072 3965 3367 4037 redemptor
3391 3976 3517 4020 tuus
3550 3984 3672 4020 san-

2075 4071 2185 4114 ctus
2220 4058 2390 4115 Israel
2413 4076 2432 4114 :
2456 4058 2598 4116 Deus
2623 4061 2790 4114 omnis
2816 4070 2970 4117 terra:
3002 4060 3287 4126 vocabitur,
3317 4060 3443 4132 quia
3467 4071 3525 4113 ut
3555 4078 3674 4114 τηεμ

2075 4148 2255 4205 lierem
2281 4150 2604 4217 derelictam,
2631 4162 2678 4206 et
2703 4164 2999 4210 maerentem
3024 4153 3213 4222 spiritu
3246 4152 3444 4205 vocarit
3479 4161 3529 4205 te
3565 4151 3672 4206 Do-

2076 4242 2280 4306 minus,
2327 4251 2375 4295 et
2426 4258 2643 4297 uxorem
2687 4243 2750 4297 ab
2802 4242 3150 4300 adolescentia
3193 4241 3488 4310 abjectam,
3539 4241 3670 4296 dixit

2078 4332 2219 4387 Deus
2279 4344 2420 4389 tuus.
2455 4334 2537 4388 Ad
2575 4346 2822 4405 punctum
2858 4337 2914 4389 in
2958 4335 3161 4390 modico
3211 4331 3469 4404 dereliqui
3515 4342 3590 4396 te,
3624 4342 3669 4385 et

395 4442 517 4482 mus
541 4425 789 4497 Orpheus
818 4423 1029 4479 induxit
1054 4422 1107 4479 in
1137 4420 1373 4485 Gnaeos,
1405 4420 1717 4492 primusque
1747 4419 1981 4475 celebra—
2005 4416 2055 4475 D
2082 4426 2136 4477 in
2171 4424 2588 4479 miserationibus
2624 4426 2826 4496 magnis
2855 4423 3173 4495 congregabo
3204 4432 3271 4476 te.
3303 4420 3371 4477 In
3410 4430 3669 4477 momento

394 4517 473 4569 vit
501 4516 554 4570 in
584 4523 766 4569 monte
791 4512 1011 4568 Bmticae
1036 4527 1099 4566 ac
1126 4510 1345 4576 Thebis,
1372 4509 1463 4564 ubi
1491 4508 1653 4563 Liber
1681 4517 1838 4564 natus
1875 4518 1975 4575 est,

396 4609 641 4680 proximo
674 4623 689 4662 :
721 4606 811 4677 qui
842 4621 964 4665 cum
1006 4603 1316 4675 frequenter
1344 4604 1566 4658 cithara:
1600 4610 1759 4658 cantu
1788 4616 1979 4673 perso-

396 4711 573 4765 naret,
599 4698 856 4755 Citbcron
902 4695 1202 4771 appellatus
1233 4702 1349 4760 est;
1399 4702 1454 4748 et
1490 4708 1643 4748 sacra
1687 4709 1832 4749 nunc
1873 4692 1978 4749 Or-

396 4789 554 4860 phica
577 4788 944 4852 nominantur,
974 4785 1028 4840 in
1054 4784 1249 4856 quibus
1279 4784 1391 4855 ipse
1418 4782 1762 4848 dilaceratus,
1792 4790 1978 4853 postea

394 4887 451 4932 et
479 4887 668 4947 captus
703 4876 806 4932 fuit
846 4891 943 4947 per
967 4875 1155 4931 eadem
1201 4872 1316 4931 lere
1347 4882 1589 4947 tempora
1615 4872 1810 4941 quibus
1841 4869 1978 4925 Fau-

399 4984 519 5025 nus.
552 4969 658 5023 Sed
686 4971 811 5040 quis
838 4976 997 5024 aetate
1039 4966 1345 5041 prmcessit,
1374 4964 1606 5020 dubitari
1657 4971 1869 5039 potest,
1901 4964 1978 5018 si-

397 5058 614 5131 quidem
642 5075 738 5130 pcr
760 5061 977 5115 eosdem
1016 5074 1187 5115 annos
1227 5059 1449 5113 Latinus
1495 5056 1850 5126 Priamusque
1894 5071 1978 5110 re-

397 5158 717 5222 gnaverunt.
750 5148 882 5206 Item
928 5159 1110 5220 patres
1150 5166 1335 5205 eorum
1366 5150 1524 5205 Picus
1551 5157 1606 5204 et
1648 5149 1976 5220 Laempdon,

398 5257 508 5313 quo
538 5249 794 5312 regnante
818 5237 1066 5308 Orpheus
1095 5254 1215 5294 cum
1248 5238 1574 5315 Argonautis
1600 5238 1665 5293 ad
1692 5238 1983 5299 Athenien-

399 5332 540 5386 sium
570 5332 719 5388 littus
744 5330 992 5387 accessit.

472 5421 645 5493 Igitur
667 5424 979 5488 Eleazarus,
1016 5439 1150 5477 unus
1178 5422 1243 5476 de
1271 5420 1533 5492 prioribus
1560 5420 1872 5488 scribarum,
1905 5423 1983 5476 rir

401 5520 553 5565 atate
580 5523 867 5579 provectus,
900 5522 1004 5569 etc.
1054 5512 1344 5566 Eleazarus
1382 5511 1488 5574 hic,
1539 5525 1699 5580 quem
1728 5509 1981 5565 Antiochi

2082 4517 2455 4587 indignationis
2479 4517 2725 4571 abscondi
2752 4517 2942 4587 faciem
2972 4532 3139 4571 meam
3166 4530 3451 4585 parumper
3471 4530 3503 4566 α
3525 4524 3596 4574 te,
3621 4523 3668 4565 et

2083 4608 2137 4660 in
2186 4607 2543 4662 misericordia
2584 4608 2897 4678 sempiterna
2925 4608 3167 4660 misertus
3212 4622 3328 4660 sum
3378 4605 3492 4670 tui,
3536 4605 3668 4657 dixit

2085 4697 2377 4767 redemptor
2423 4705 2543 4751 tuus
2612 4695 2890 4750 Dominus.
2944 4693 3308 4766 Paupercula,
3369 4693 3671 4765 tempestate

2084 4786 2349 4852 convulsa,
2377 4786 2569 4858 absque
2599 4786 2709 4840 ulla
2739 4786 3113 4842 consolatione.
3143 4785 3278 4839 Ecce
3312 4803 3405 4855 ego
3439 4797 3665 4839 sternant

2083 4894 2173 4944 per
2201 4876 2432 4931 ordinem
2465 4875 2663 4948 lapides
2701 4887 2838 4941 tuos,
2869 4885 2917 4928 et
2953 4875 3185 4946 fundabo
3217 4883 3264 4928 te
3293 4874 3346 4927 in
3382 4876 3664 4943 sappltiris.

2085 4965 2149 5019 Et
2179 4984 2369 5036 ponam
2404 4966 2667 5039 jaspidem
2694 4966 3088 5037 propugnacula
3117 4976 3232 5031 tua,
3255 4976 3303 5019 et
3338 4977 3523 5035 portas
3554 4978 3666 5018 tuas

2082 5060 2135 5111 in
2171 5058 2370 5129 lapides
2396 5058 2643 5130 scalptos,
2676 5069 2725 5114 et
2752 5077 2929 5115 omnes
2957 5061 3203 5115 terminos
3232 5070 3346 5115 tttos
3383 5061 3439 5113 in
3474 5060 3666 5130 lapidcs

2084 5148 2452 5203 desiderabiles
2474 5163 2493 5201 :
2522 5152 2787 5203 universos
2820 5149 2961 5218 ﬁlios
2998 5161 3113 5204 tuos
3138 5149 3319 5210 doctos
3344 5168 3377 5202 ο
3421 5150 3663 5211 Domino,

2082 5247 2129 5291 et
2162 5236 2547 5296 multitudinem
2577 5239 2720 5307 pacis
2746 5238 2872 5308 [iliis
2898 5241 3022 5293 tuis.
3057 5239 3124 5293 Et
3163 5241 3217 5294 in
3235 5239 3454 5312 justitia
3481 5241 3654 5309 funde

2084 5329 2237 5384 beris.
2285 5328 2479 5382 Recede
2541 5327 2724 5399 procul
2768 5347 2800 5382 a
2848 5329 3115 5384 calumnia
3163 5329 3307 5403 (lsa.
3335 5331 3473 5404 Liv}.
3519 5330 3660 5398 Quod

2085 5427 2262 5472 autem
2289 5429 2411 5488 post
2440 5418 2575 5472 ﬁlios
2595 5429 2647 5473 et
2676 5427 2850 5472 mater
2868 5429 3184 5490 consumpta
3208 5428 3311 5483 est,
3335 5424 3664 5476 demonstrat

2086 5509 2227 5579 quod
2265 5518 2385 5580 post
2432 5511 2735 5583 triumphos
2776 5511 3111 5582 singulorum
3144 5511 3379 5573 ﬁliorum
3424 5511 3663 5573 Ecclesia

475 5633 499 5664 ⁸
532 5622 686 5693 Leg.,
723 5623 857 5677 Licet
883 5632 1090 5693 partum
1119 5640 1209 5695 per
1251 5623 1514 5678 ministros
1541 5641 1661 5679 suos
1687 5635 1732 5679 et
1767 5640 1859 5695 per
1896 5624 2245 5694 semetipsum,
2273 5631 2378 5678 clc.
