3934 6186
319 327 338 384 l
348 327 451 384 237

1016 274 1369 380 COMMENT.
1410 319 1478 375 1N
1512 318 1757 375 LIBROS
1794 314 2363 375 MACIIABAEORUM.
2405 347 2474 357 —
2511 315 2576 370 ΙΝ
2613 315 2742 371 LIB.
2782 316 2851 372 ll.

3436 323 3571 379 1258

313 437 508 508 quibus
537 434 723 488 hostes
755 430 1036 486 vincentes
1061 426 1381 500 [vicerunt],
1404 427 1589 484 liberis
1615 427 1897 481 animabus
1927 432 1975 490 Α
1999 423 2203 478 Christi
2232 421 2395 484 Deus,
2422 421 2514 491 qui
2556 430 2717 492 caput
2759 422 2999 477 laniabat
3026 424 3079 477 in
3123 434 3380 497 martyre,
3410 428 3577 484 Deum

316 525 555 594 requiem
582 519 858 574 intrabunt
885 527 1162 571 aeternam.
1205 514 1506 570 Novissime
1552 516 1666 585 ipsa
1716 523 1888 568 mater

317 613 549 669 ﬁdelium
594 608 832 664 omnium
872 608 925 661 in
958 606 1063 660 fine
1106 607 1290 660 mundi
1324 606 1806 669 consummabitur,
1833 612 1890 658 et

316 714 574 772 tropaeum
619 698 803 769 gloriae
846 696 913 751 de
957 694 1208 749 omnibus
1250 695 1485 749 inimicis
1528 694 1641 749 suis
1671 694 1891 763 capiens

317 810 536 867 regnum
564 791 861 862 possidebit
889 797 1229 859 perpetuum.

386 884 627 953 Qualiter
651 889 832 936 autem
857 880 1198 935 beatissimus
1226 888 1433 950 martyr
1457 886 1513 934 et
1540 880 1894 934 suavissimus

318 980 508 1031 doctor
533 971 833 1042 Cyprianus
877 967 944 1025 de
974 970 1176 1025 eisdem
1219 976 1429 1038 septem
1459 967 1716 1024 fratribus
1761 968 1896 1025 scri-

318 1066 451 1120 bens
475 1064 544 1118 ad
589 1059 945 1115 Fortunatam
986 1072 1139 1113 more
1182 1060 1458 1113 rhetorum
1507 1058 1740 1115 facundo
1783 1075 1897 1115 ser-

320 1170 478 1211 mone
523 1155 835 1213 dissereret,
881 1152 983 1206 hoc
1026 1151 1145 1205 loco
1182 1150 1524 1206 inserendum
1569 1151 1895 1219 censuimus,

320 1250 409 1319 qui
454 1249 598 1302 inter
641 1252 837 1299 cmtera
867 1244 946 1298 sic
973 1243 1050 1297 ait
1090 1240 1271 1309 :Quid
1309 1257 1439 1297 vero
1471 1242 1526 1297 in
1556 1242 1898 1308 Macbabaeis,

320 1347 524 1407 septem
551 1335 748 1390 fratres
774 1342 828 1389 et
861 1332 1120 1387 natalium
1155 1332 1356 1400 pariter
1380 1339 1434 1386 et
1473 1331 1730 1386 virtutum
1756 1339 1902 1387 sorte

322 1425 646 1489 consimiles,
680 1422 1017 1493 signiﬁcent,
1060 1420 1163 1475 nisi
1209 1419 1571 1488 septenarium
1619 1434 1901 1473 numerum

323 1521 662 1572 sacramento
690 1511 948 1582 perfectae
974 1510 1450 1566 consummationis
1479 1508 1789 1578 impletum?
1815 1508 1905 1563 Sic
1944 1565 1948 1568 ,

321 1606 465 1661 enim
515 1612 722 1673 septem
779 1601 975 1654 fratres
1026 1600 1078 1652 in
1128 1598 1389 1668 martyrio
1438 1597 1807 1663 cohaerentes,
1851 1605 1909 1652 ut

322 1692 479 1764 primi
514 1691 731 1745 fuerunt
755 1690 809 1744 in
836 1687 1192 1758 dispositione
1216 1687 1393 1742 divina
1425 1695 1630 1756 septem
1661 1687 1775 1741 dies
1816 1702 1911 1740 an-

1986 524 2043 570 et
2066 514 2343 569 Christum
2369 514 2794 583 persequebatur
2837 513 2890 566 in
2921 514 3114 584 capite.
3148 514 3216 569 At
3244 516 3331 571 ille
3360 518 3412 571 in
3442 535 3581 573 mar-

1990 606 2127 677 tyrio
2150 620 2247 660 suo
2295 602 2484 668 fidens,
2528 610 2585 658 et
2621 605 3034 660 resurrectionis
3069 605 3169 661 sibi
3200 608 3479 675 praemium
3511 608 3575 661 de

1990 693 2085 749 Dei
2121 693 2555 748 remuneratione
2594 693 2933 762 promittens,
2962 696 3283 751 exclamavit
3310 708 3366 751 et
3399 698 3573 753 dixit:

1993 784 2071 841 Tu
2084 784 2289 858 quidem
2304 785 2559 855 impotens
2579 784 2751 838 exhac
2772 787 3012 855 prazsenti
3034 787 3139 840 vita
3162 803 3254 840 nos
3273 789 3477 858 perdis;
3494 790 3582 842 sed

1991 875 2175 930 mundi
2207 890 2300 929 rea:
2322 873 2594 943 defunctos
2623 890 2716 927 nos
2744 890 2837 943 pro
2864 876 2972 928 suis
3004 874 3200 945 legibus
3238 879 3293 930 in
3335 888 3581 931 a'ternam

1989 965 2110 1020 vitae
2146 963 2575 1019 resurrectionem
2617 963 2905 1017 suscitabit.
2937 963 3154 1019 Tertius
3202 964 3436 1034 linguam
3484 983 3580 1035 pn-

1996 1054 2224 1110 stulatus
2246 1053 2355 1108 cito
2382 1052 2604 1122 protulit
2629 1070 2642 1106 :
2670 1068 2794 1106 nam
2816 1066 3031 1121 poenam
3054 1054 3249 1125 lingua:
3270 1056 3585 1111 exsccandae

1990 1144 2105 1217 jam
2143 1145 2404 1200 didicerat
2444 1158 2475 1199 a
2499 1142 2677 1217 fratre
2729 1153 3101 1208 contemnere;
3135 1160 3327 1201 manus
3371 1162 3585 1217 quoque

1999 1214 2355 1304 amputandae
2394 1214 2707 1288 constanter
2732 1234 2992 1299 extendit,
3024 1234 3249 1288 multum
3280 1214 3469 1291 beatus
3496 1214 3588 1306 gc-

2001 1336 2135 1377 nere
2176 1322 2282 1377 isto
2310 1320 2589 1391 supplicii,
2615 1322 2704 1383 cui
2733 1322 2961 1392 contigit
2999 1324 3239 1378 extensis
3267 1324 3334 1377 ad
3373 1339 3587 1394 pmnam

2004 1412 2252 1467 manibus
2273 1413 2544 1482 passionis
2568 1412 2865 1467 Dominicm
2891 1413 3066 1467 instar
3092 1414 3308 1467 imitari.
3335 1413 3444 1475 Nec
3478 1431 3583 1470 non

2005 1513 2062 1557 et
2094 1500 2337 1571 quartus,
2368 1502 2485 1571 pari
2507 1502 2708 1556 virtute
2740 1510 3009 1555 tormenta
3038 1511 3404 1569 contemnens,
3442 1513 3496 1559 et
3523 1504 3589 1559 ad

2009 1593 2401 1649 retundendam
2426 1607 2605 1664 regem
2630 1593 2834 1648 caelesti
2860 1607 2993 1648 voce
3025 1593 3376 1662 respondens,
3410 1595 3591 1650 excla-

2012 1685 2178 1737 mavit
2213 1691 2269 1737 et
2297 1683 2471 1737 dixit:
2505 1681 2687 1736 Potius
2715 1692 2788 1736 est
2825 1683 2890 1736 ab
2921 1683 3216 1737 hominibus
3259 1685 3415 1738 morti
3442 1687 3591 1740 datos

325 1796 517 1836 norum
548 1786 755 1849 septem
790 1778 957 1832 millia
986 1778 1343 1831 continentes.
1369 1784 1429 1830 ut
1455 1785 1660 1845 septem
1688 1776 1908 1845 spiritus
1935 1774 1982 1831 Β
2009 1782 2305 1842 exspectare
2328 1789 2470 1842 spem
2497 1789 2529 1825 a
2562 1772 2691 1837 Deo,
2720 1774 2905 1826 iterum
2933 1774 2997 1827 ab
3026 1790 3085 1828 eo
3119 1776 3504 1830 resuscitandas
3538 1777 3591 1829 in

327 1880 381 1926 et
408 1868 581 1938 angeli
612 1876 816 1936 septem
846 1867 940 1936 qui
973 1866 1235 1921 assistunt
1264 1873 1319 1919 et
1366 1873 1753 1918 conversantur
1783 1873 1909 1918 ante

326 1959 520 2014 faciem
568 1957 813 2022 Domini,
840 1965 895 2011 et
921 1956 1142 2011 lucerna
1185 1953 1517 2025 septiformis
1560 1954 1613 2007 in
1664 1955 1910 2009 taberna-

327 2047 450 2102 culo
496 2046 761 2116 martyrii,
806 2046 947 2099 etin
986 2044 1305 2115 Apocalypsi
1354 2052 1558 2112 septem
1587 2043 1908 2098 candelabra

328 2151 494 2191 aurea
523 2135 704 2207 (Apoc.
734 2133 797 2204 ι),
845 2142 902 2188 et
942 2135 1083 2204 apud
1127 2132 1472 2188 Salomonem
1512 2132 1774 2187 columna:
1822 2146 1909 2186 sc-

328 2236 504 2297 ptem,
561 2239 725 2295 super
778 2238 914 2293 quas
990 2222 1276 2278 aedificavit
1345 2223 1561 2277 domum
1640 2220 1911 2291 Sapientia

332 2315 513 2385 (Prov.
539 2314 616 2386 ix)
658 2332 673 2368 :
717 2314 792 2368 ita
835 2321 891 2369 et
924 2314 1046 2368 istic
1092 2322 1296 2383 septem
1360 2312 1585 2366 fratrum
1634 2325 1910 2377 numerus,

332 2407 693 2463 Ecclesiarum
731 2414 937 2474 septem
980 2419 1263 2459 numerum
1298 2403 1381 2458 sui
1420 2403 1722 2473 quantitate
1763 2416 1914 2456 com-

331 2501 539 2569 plexus,
583 2498 879 2553 secundum
922 2497 1066 2566 quod
1109 2496 1165 2550 in
1210 2496 1387 2566 primo
1425 2495 1565 2550 libro
1606 2495 1914 2565 Regnorum

336 2590 492 2661 (Cap.
518 2588 580 2661 ιι)
607 2589 858 2658 legimus,
883 2587 1119 2643 sterilem
1143 2594 1349 2656 septem
1374 2586 1665 2655 peperisse.
1687 2584 1755 2637 Et
1775 2584 1916 2653 apud

334 2679 527 2733 lanam
562 2686 769 2748 septem
811 2676 1065 2731 mulieres
1108 2690 1274 2730 unum
1319 2675 1592 2730 hominem
1620 2675 1918 2745 apprehen-

334 2769 489 2833 dunt,
517 2767 671 2835 cujus
701 2766 939 2825 invocari
969 2780 1130 2838 super
1153 2781 1213 2821 se
1236 2750 1428 2820 nomen
1454 2772 1752 2834 exposcunt
1781 2764 1914 2835 (Isa.

336 2859 434 2931 tv).
468 2861 533 2913 Et
573 2858 849 2928 apostolus
874 2857 1090 2921 Paulus,
1122 2857 1214 2925 qui
1244 2855 1402 2925 hujus
1430 2856 1643 2910 numeri
1693 2855 1915 2926 legitimi

334 2959 391 3004 ct
415 2950 546 3005 certi
578 2949 848 3012 ineminit,
878 2948 944 3001 ad
981 2955 1188 3017 septem
1227 2945 1497 3002 Ecclesias
1525 2945 1733 3000 scribit.
1764 2946 1830 2998 Et
1862 2945 1918 2999 in

336 3041 659 3112 Apocalypsi
689 3041 870 3112 (Apoc.
899 3040 937 3110 ι)
968 3039 1226 3093 Dominus
1255 3037 1508 3092 mandata
1531 3051 1629 3091 sua
1656 3037 1833 3091 divina
1863 3044 1917 3089 et

2012 1865 2164 1917 vitam
2205 1874 2452 1916 a-ternam
2476 1877 2495 1915 :
2526 1861 2620 1914 tibi
2664 1864 2801 1915 enim
2839 1865 3148 1918 resurrectio
3188 1864 3256 1918 ad
3287 1866 3447 1919 vitam
3490 1882 3593 1920 non
3644 1876 3649 1887 '

2011 1955 2127 2006 erit.
2144 1952 2393 2019 Quintus,
2409 1958 2605 2021 praeter
2618 1951 2761 2021 quod
2791 1951 3161 2007 carnificinam
3190 1955 3333 2025 regis
3355 1963 3411 2011 ct
3433 1956 3595 2011 duros

2011 2042 2299 2112 variosque
2339 2041 2615 2095 cruciatus
2644 2042 2767 2096 fidei
2818 2043 3003 2111 vigore
3031 2024 3302 2112 calcabat,
3350 2052 3416 2101 ad
3463 2063 3596 2116 prte-
3660 2024 3667 2035 ‘

2012 2132 2293 2185 scientiam
2323 2146 2540 2201 quoque
2566 2138 2621 2186 et
2650 2133 2897 2187 notitiam
2927 2132 3239 2189 futurorum
3285 2136 3473 2206 spiritu
3519 2139 3597 2192 di-

1958 2298 1961 2301 _
2012 2222 2255 2277 vinitatis
2276 2222 2566 2286 animatus,
2594 2221 2938 2292 prophetarit
2962 2224 3075 2293 regi
3096 2231 3152 2278 et
3174 2224 3597 2296 indignationem

2014 2313 2108 2368 Dei
2136 2322 2190 2368 et
2214 2312 2470 2368 ultionem
2492 2313 2754 2368 velociter
2780 2321 3223 2383 prosecuturam:
3253 2316 3591 2381 Poteslatcm,

2016 2403 2209 2472 inquit,
2247 2403 2383 2457 inter
2418 2403 2652 2457 homines
2696 2404 2914 2469 habens,
2947 2422 3064 2458 cum
3108 2407 3181 2460 sis
3222 2408 3596 2478 corruptibilis,

2015 2494 2147 2565 facis
2175 2496 2314 2566 quod
2354 2496 2449 2549 vis.
2494 2495 2621 2548 Noli
2657 2507 2831 2550 autem
2865 2507 3049 2568 putare
3083 2516 3245 2571 genus
3284 2510 3514 2555 nostrum
3564 2518 3595 2553 η

2016 2584 2125 2638 Deo
2148 2585 2452 2639 derelictum
2483 2603 2612 2641 esse.
2641 2584 2852 2643 Sustine
2886 2600 2931 2643 et
2961 2591 3074 2644 vide
3107 2608 3351 2662 magnam
3375 2603 3599 2663 potesta-

2016 2683 2119 2727 tem
2141 2675 2274 2745 ejus,
2306 2675 2532 2746 qualiter
2571 2686 2621 2730 te
2652 2687 2699 2731 et
2730 2695 2904 2733 semen
2952 2690 3100 2735 tuum
3137 2683 3410 2754 torquebit.
3436 2685 3601 2751 Quale

2018 2764 2147 2819 illud
2204 2765 2570 2820 levamentum
2627 2770 2853 2838 martyri
2918 2769 3056 2836 fuit,
3098 2787 3260 2841 quam
3311 2788 3598 2844 magnum,

2017 2871 2176 2927 quam
2206 2858 2408 2927 grande
2447 2857 2698 2913 solatium
2742 2859 2795 2913 in
2824 2861 3156 2917 cruciatibus
3180 2863 3293 2919 suis
3337 2879 3441 2919 non
3488 2873 3597 2919 tor-

2018 2955 2198 3001 menta
2240 2947 2459 3017 propria
2499 2949 2770 3019 cogitare,
2803 2951 2899 3005 sed
2946 2953 3163 3009 tortoris
3214 2953 3296 3009 sui
3342 2954 3597 3025 supplicia

2017 3037 2343 3107 pratdicare?
2379 3037 2437 3091 ln
2469 3045 2626 3092 sexto
2669 3053 2798 3094 vero
2846 3055 2952 3094 non
2998 3042 3172 3097 virtus
3221 3042 3359 3108 sola,
3398 3044 3492 3098 sed
3541 3054 3597 3098 ct

338 3139 601 3202 praecepta
629 3130 870 3185 caelestia
896 3130 963 3184 ad
996 3136 1200 3199 septem
1228 3128 1523 3191 Ecclesias.
1547 3135 1602 3182 et
1625 3127 1693 3181 ad
1725 3140 1911 3180 earum
1941 3122 1986 3183 C
2018 3131 2295 3187 humilitas
2323 3132 2664 3201 praedicanda
2701 3142 2813 3199 est;
2849 3132 2982 3187 nihil
3019 3132 3120 3187 sibi
3153 3141 3444 3204 martyrem
3486 3134 3602 3188 vin-

342 3224 562 3292 angelos
597 3221 798 3292 dirigit,
830 3221 919 3290 qui
949 3234 1092 3274 nunc
1116 3219 1219 3274 iste
1263 3219 1318 3271 in
1365 3216 1623 3271 fratribus
1661 3229 1921 3271 numerus

339 3312 634 3376 invenitur,
656 3318 715 3363 ut
736 3308 1131 3364 consummatio
1152 3307 1389 3379 legitima
1412 3304 1763 3375 compleatur.
1784 3302 1917 3358 Cum

340 3410 545 3471 septem
572 3400 758 3455 liberis
785 3399 943 3470 plane
967 3399 1245 3469 copulatur
1269 3406 1324 3453 ct
1353 3405 1525 3451 mater
1550 3397 1705 3466 origo
1738 3404 1794 3451 et
1834 3410 1920 3449 ra-

340 3492 466 3556 dix;
492 3506 611 3561 quae
639 3490 1151 3560 Ecclesiasseptcm
1171 3489 1509 3559 postmodum
1542 3487 1771 3558 peperit,
1804 3489 1920 3556 ipsa

341 3582 518 3653 prima
547 3589 602 3636 et
646 3596 753 3635 una
798 3594 959 3649 super
989 3587 1196 3649 petram
1242 3577 1453 3632 Domini
1499 3591 1632 3630 voce
1675 3576 1915 3631 fundata.

342 3672 457 3729 Nec
481 3681 639 3727 vacat
670 3673 812 3743 quod
844 3673 896 3726 in
930 3671 1270 3741 passionihus
1295 3669 1409 3725 sola
1440 3684 1563 3723 cum
1592 3668 1777 3723 liberis
1807 3684 1921 3722 ma-

344 3774 430 3821 ter
455 3773 574 3820 est:
605 3775 870 3836 martyres
903 3767 1072 3831 enim,
1096 3764 1187 3833 qui
1213 3779 1271 3819 se
1297 3762 1390 3817 Dei
1425 3763 1569 3817 filios.
1588 3763 1642 3817 in
1673 3764 1922 3833 passione

345 3864 634 3919 testantur,
662 3855 775 3925 jam
809 3870 916 3909 non
946 3854 1047 3910 nisi
1089 3854 1199 3909 Deo
1227 3852 1390 3908 Patre
1430 3861 1739 3919 censentur,
1783 3854 1926 3908 sicut

347 3945 403 3998 in
429 3942 716 4015 Evangelia
746 3944 1007 4000 Dominus
1039 3945 1214 4010 docet,
1246 3945 1466 4000 dicens:
1501 3944 1584 3999 Ne
1622 3943 1922 3998 vocaverilis

349 4034 487 4088 vobis
523 4034 736 4088 Patrem
770 4050 925 4106 super
951 4045 1164 4099 terram,
1196 4051 1331 4089 unus
1358 4043 1433 4089 est
1472 4034 1607 4089 enim
1652 4033 1810 4088 Pater
1847 4050 1927 4088 ve-

288 4191 309 4209 \
344 4136 454 4178 ster
484 4125 573 4196 qui
600 4125 653 4178 in
691 4124 828 4179 caelis
855 4132 930 4178 est
968 4123 1182 4195 (Matth.
1216 4124 1394 4194 xmt).
1422 4123 1550 4190 Quae
1584 4139 1709 4179 vero
1746 4122 1927 4177 edide-

348 4224 478 4271 runt
500 4216 897 4273 confessionem
924 4217 1216 4287 praeconia,
1259 4230 1420 4285 quam
1450 4214 1728 4284 praeclara,
1760 4228 1923 4283 quam

348 4320 542 4377 magna
577 4307 898 4363 documenta
927 4306 1050 4361 fidei
1081 4306 1455 4376 praebuerunt!
1486 4304 1599 4358 Rex
1629 4302 1927 4357 Antiochus

349 4397 598 4463 infestus,
644 4398 754 4454 imo
796 4398 851 4452 in
899 4396 1167 4453 Antiocho
1212 4396 1576 4451 Antichristus
1619 4407 1922 4465 expressus,

2022 3221 2249 3283 dicasse,
2278 3237 2381 3278 nec
2407 3221 2761 3277 confessionis
2800 3238 2911 3277 suae
2944 3223 3201 3278 honorem
3232 3222 3480 3293 superbis
3512 3239 3601 3279 vo-

2021 3315 2174 3370 cibus
2220 3315 2540 3379 ventilasse,
2595 3315 2834 3384 peccatis
2885 3317 2998 3370 suis
3048 3315 3225 3385 potius
3282 3317 3597 3387 ascripsisse

2020 3405 2161 3473 quod
2176 3404 2618 3474 persecutionem
2652 3420 2684 3458 a
2720 3419 2845 3475 rege
2873 3413 3184 3474 pateretur:
3217 3405 3328 3460 Deo
3352 3420 3481 3460 vero
3510 3406 3601 3460 dc—

2019 3492 2166 3549 disse
2210 3495 2353 3564 quod
2399 3495 2741 3564 postmodum
2801 3495 3183 3550 vindicaretur.
3236 3495 3426 3551 Docuit
3479 3512 3599 3551 esse

2023 3591 2290 3653 martyres
2317 3584 2669 3645 verecundos,
2712 3584 2779 3637 de
2821 3583 3024 3639 ultione
3069 3584 3248 3648 fidere,
3282 3594 3338 3641 et
3377 3587 3511 3641 nihil
3549 3588 3598 3641 in

2020 3675 2270 3742 passione
2303 3673 2530 3742 jactare.
2577 3671 2734 3757 Noli,
2767 3674 2970 3742 inquit,
3007 3674 3205 3743 [rustra
3240 3692 3418 3731 errare
3452 3691 3469 3727 :
3509 3694 3600 3730 nos

2020 3764 2157 3816 enim
2196 3771 2404 3833 propter
2433 3760 2772 3831 nosmetipsos
2810 3762 2921 3815 Itwc
2948 3763 3200 3831 patimur,
3241 3772 3510 3830 peccantes
3548 3763 3599 3816 in

2022 3853 2187 3908 Deum
2221 3864 2451 3908 nostrum
2471 3868 2489 3905 :
2514 3865 2570 3909 tu
2596 3864 2791 3919 autem,
2816 3871 2881 3909 ne
2914 3864 2962 3908 te
2991 3856 3254 3909 existimes
3288 3856 3604 3926 impunitum

2022 3942 2294 4012 futurum,
2334 3961 2607 4015 aggressus
2645 3960 2877 4015 pugnare
2916 3958 3035 3997 cum
3079 3944 3204 3999 Deo.
3251 3944 3600 4000 Admirabilis

2024 4049 2236 4105 quoque
2280 4042 2473 4101 mater,
2510 4052 2632 4107 qua:
2681 4052 2780 4091 nec
2828 4048 2988 4091 sexus
3047 4036 3359 4090 inﬁrmitate
3403 4034 3598 4095 fracta,

2025 4139 2125 4180 nec
2169 4124 2448 4194 multiplici
2473 4127 2716 4182 orbitate
2735 4134 3024 4189 commota,
3066 4109 3359 4179 morientes
3401 4124 3600 4179 liberos

2025 4217 2302 4286 spectabat
2349 4216 2595 4283 libenter,
2636 4231 2737 4271 nec
2782 4231 2971 4286 pmnas
3014 4215 3134 4271 illas
3165 4215 3473 4286 pignorum,
3508 4216 3604 4270 sed

2026 4308 2226 4378 glorias
2275 4309 2640 4378 computavit,
2696 4318 2805 4363 tam
2854 4307 3056 4378 grande
3124 4307 3442 4378 martyrium
3490 4306 3601 4361 Deo

2027 4399 2273 4467 praebens
2319 4389 2517 4453 virtute
2551 4398 2830 4454 oculorum
2877 4413 3118 4464 suorum,
3159 4412 3322 4468 quam
3355 4398 3601 4468 praebue-

346 4503 442 4541 ura
474 4495 770 4557 martyrum
797 4487 1031 4557 gloriosa
1058 4494 1114 4542 et
1149 4486 1340 4555 spiritu
1367 4482 1925 4551 eonfessionisjuncta
1953 4475 2003 4534 D
2032 4497 2150 4542 mm
2175 4486 2270 4542 fuit
2293 4489 2410 4559 ejus
2432 4489 2710 4544 tormentis
2726 4497 2785 4543 et
2807 4489 3052 4558 passione
3077 4489 3459 4544 membrorum.

349 4577 598 4650 [invicta]
642 4578 891 4648 contagio
920 4578 1091 4633 suilla:
1116 4576 1393 4646 quaerebat
1423 4575 1606 4631 carnis
1635 4572 1921 4639 maculare,

348 4680 405 4725 et
438 4685 561 4724 cum
605 4668 828 4740 flagellis
864 4670 1104 4739 graviter
1140 4668 1498 4731 verberasset,
1529 4681 1594 4720 ac
1637 4665 1772 4720 nihil
1800 4680 1927 4733 pro-

350 4773 568 4813 movere
605 4759 899 4829 potuisset,
942 4756 1452 4828 sartagines-jussit
1496 4753 1696 4826 igniri:
1732 4754 1927 4823 quibus

350 4846 537 4916 ignitis
585 4856 641 4901 et
682 4848 929 4902 accensis
968 4862 1093 4902 eum
1148 4847 1242 4915 qui
1302 4846 1508 4915 primus
1554 4844 1764 4899 locutus
1814 4841 1930 4897 fue-

351 4944 457 5001 rat,
486 4945 544 4991 et
590 4937 762 5006 magis
806 4938 942 4991 iram
986 4937 1130 5007 regis
1175 4936 1389 4991 virtutis
1417 4949 1481 4989 ac
1509 4934 1631 4988 fidei
1677 4940 1931 4988 constan-

353 5028 426 5081 tia
458 5035 867 5097 provocavcrat,
906 5027 1179 5083 admoveri
1227 5025 1498 5095 praeepit,
1528 5031 1584 5079 et
1628 5021 1772 5093 frigi,
1805 5037 1930 5091 pro-

351 5117 517 5172 ducta
540 5126 596 5173 et
623 5126 865 5173 extracta
916 5116 1178 5190 [exsecta]
1217 5117 1373 5186 prius
1410 5116 1612 5185 lingua,
1642 5126 1762 5183 qua:
1800 5128 1930 5168 con—

353 5209 494 5263 fessa
524 5209 697 5265 Deum
720 5208 898 5265 fuerat
935 5208 1119 5278 :quod
1163 5207 1389 5277 martyri
1430 5205 1716 5277 gloriosius
1758 5205 1927 5259 conti-

352 5298 463 5366 git;
496 5298 678 5369 lingua
716 5298 858 5353 enim
881 5297 1125 5353 confessa
1152 5312 1346 5351 nomen
1376 5294 1490 5360 Dei,
1527 5295 1676 5364 prior
1704 5294 1819 5364 ipsa
1861 5293 1929 5348 ad

2101 4576 2233 4634 Cum
2264 4594 2358 4634 sex
2384 4580 2579 4635 occisis
2600 4587 2657 4635 et
2683 4580 2886 4649 punitis
2905 4588 3212 4648 superesset
3238 4595 3379 4636 unus
3402 4594 3470 4637 ex
3494 4578 3602 4636 fra-

2032 4667 2223 4733 tribus,
2258 4668 2341 4722 cui
2375 4682 2468 4723 rex
2503 4669 2736 4734 divitias,
2771 4676 2826 4723 et
2859 4676 3185 4738 polentatus,
3213 4677 3269 4724 et
3296 4669 3461 4725 multa
3490 4670 3605 4740 pol-

2032 4754 2310 4823 licebatur,
2336 4766 2396 4812 ut
2422 4758 2713 4814 crudelitas
2741 4758 2858 4828 ejus
2881 4773 2944 4812 ac
2977 4756 3164 4814 feritas
3185 4757 3270 4814 vel
3296 4759 3453 4815 unius
3478 4760 3606 4816 sub-

2033 4846 2142 4901 acti
2188 4847 2377 4902 solatio
2408 4845 2698 4913 foveretur,
2725 4856 2780 4903 et
2820 4854 3027 4917 peteret
3070 4855 3129 4902 ut
3166 4849 3234 4902 ad
3279 4847 3448 4903 filium
3474 4847 3606 4919 deji-

2032 4936 2279 4991 ciendum
2322 4952 2505 4992 secum
2549 4938 2932 5006 deprecaretur
2977 4945 3031 4989 et
3079 4944 3284 5002 mater;
3318 4937 3605 5008 deprecata

2030 5034 2113 5079 est
2143 5025 2230 5078 illa
2258 5025 2448 5089 filium,
2474 5026 2566 5080 sed
2595 5033 2655 5079 ut
2677 5023 2902 5080 decebat
2932 5032 3231 5095 martyrum
3262 5033 3507 5090 matrem,
3545 5035 3602 5081 ut

2031 5113 2255 5170 decebat
2280 5113 2411 5184 legis
2433 5122 2489 5168 et
2515 5113 2608 5169 Dei
2634 5128 2951 5179 memorem,
2978 5123 3037 5169 ut
3058 5114 3281 5171 decebat
3308 5115 3445 5171 filios
3471 5130 3607 5171 suos

2035 5218 2140 5259 non
2184 5203 2413 5258 delicate
2455 5203 2550 5257 sed
2589 5202 2799 5259 fortiter
2824 5203 3152 5275 diligentem.
3199 5204 3490 5274 Deprecata
3517 5212 3603 5257 est

2037 5292 2200 5358 enim,
2242 5292 2335 5348 sed
2380 5300 2437 5347 ut
2467 5294 2752 5349 Dominum
2779 5292 3161 5351 confiteretur:
3194 5293 3478 5361 deprecata
3518 5299 3603 5346 cst

355 5391 526 5444 Deum
551 5390 737 5445 debuit
763 5390 1051 5460 proficisci.
1085 5389 1212 5444 Post
1254 5389 1307 5443 in
1352 5388 1587 5442 secundo
1614 5386 1941 5457 cxcogitatis
2039 5402 2105 5440 ne
2132 5401 2162 5438 a
2206 5385 2463 5441 fratribus
2485 5387 2599 5441 suis
2626 5385 2794 5441 frater
2831 5387 2882 5440 in
2911 5384 3179 5442 consortio
3209 5382 3380 5436 laudis
3408 5391 3462 5436 et
3493 5382 3604 5451 gio—

353 5483 654 5538 acrioribus
682 5482 890 5553 poenis;
919 5490 1206 5552 antequam
1231 5489 1425 5536 caetera
1453 5481 1694 5536 membra
1718 5489 1929 5549 torque-

356 5583 458 5638 ret,
486 5584 665 5629 cutem
700 5574 892 5644 capitis
918 5589 1039 5628 cmn
1066 5573 1272 5643 capillis
1297 5572 1548 5637 detraxit,
1575 5572 1698 5627 odio
1726 5571 1934 5626 scilicet

355 5675 526 5720 certo.
565 5663 850 5722 Nauteam
896 5665 995 5719 viri
1037 5674 1197 5734 caput
1242 5663 1487 5719 Christus
1527 5662 1627 5726 sit,
1673 5670 1726 5716 et
1771 5670 1929 5729 caput

987 5810 996 5843 l

2036 5476 2130 5529 rite
2154 5485 2531 5546 separaretur:
2566 5484 2690 5531 tunc
2710 5491 2771 5531 se
2797 5484 2998 5546 septem
3029 5473 3257 5528 filiorum
3286 5481 3607 5543 computans

2040 5576 2286 5633 matrem,
2322 5569 2365 5624 si
2393 5569 2493 5625 sibi
2536 5568 2872 5637 contingeret
2901 5566 3037 5621 filios
3071 5571 3276 5633 septem
3303 5563 3411 5619 Deo
3441 5578 3603 5634 pepe-

2040 5659 2195 5723 risse,
2229 5674 2332 5715 non
2364 5658 2578 5716 smculo.
2605 5658 2836 5712 Armans
2856 5656 3060 5735 itaque
3099 5667 3220 5708 cum
3260 5661 3314 5708 ct
3344 5654 3603 5711 corrobo-
