3928 6168
282 287 417 342 1:239

946 281 1004 335 Β.
1044 276 1296 333 RABANI
1335 274 1555 332 MAURI
1586 275 1905 333 ARCHIEP.
1950 275 2257 335 MOGUNT.
2295 276 2580 334 OPERUM
2619 269 2801 327 PARS
2838 269 2858 323 l

3413 275 3547 329 lilii

273 421 425 469 rans,
451 412 507 459 et
535 401 760 458 feliciori
796 408 920 453 tunc
965 404 1121 467 partu
1161 394 1329 449 lilium
1371 408 1634 465 generans
1656 412 1673 447 -.
1712 390 1851 457 Fili,
1883 396 1936 454 Α
1959 407 2135 457 suum,
2166 401 2223 448 et
2256 392 2405 449 dedit
2426 393 2477 447 ei
2521 392 2790 457 diadema,
2827 398 2883 447 et
2912 390 3130 456 stolam,
3160 398 3217 445 et
3261 389 3549 458 annulum,

275 497 472 566 inquit,
498 493 740 547 miserere
767 489 889 551 mei,
912 503 1029 557 qua:
1051 488 1104 540 in
1129 494 1277 538 utero
1300 493 1348 537 te
1377 498 1558 538 novem
1591 482 1851 537 mensibus

271 586 491 659 portasi,
516 593 564 639 et
595 583 679 636 lac
717 579 941 635 triennio
976 576 1120 639 dedi,
1145 584 1191 630 et
1218 575 1351 640 alui,
1377 585 1423 628 et
1463 574 1519 628 in
1545 581 1753 629 aetatem
1782 573 1854 627 is-

272 690 379 732 tum
404 674 645 747 perduxi.
670 670 799 735 Oro,
846 669 945 736 ﬁli,
973 669 1199 739 aspicias
1230 668 1286 721 in
1325 666 1509 721 caelum
1536 675 1586 719 et
1624 674 1851 741 terram;

270 778 315 821 et
338 763 573 820 erunibus
594 780 711 833 quae
740 763 793 815 in
821 777 896 814 eis
922 768 1043 814 sunt
1076 759 1322 828 aspectis,
1353 755 1614 827 intelligas
1637 758 1763 827 quia
1788 774 1855 811 ea:

270 855 434 910 nihilo
460 854 579 924 fecit
614 853 706 907 illa
738 852 882 907 Deus
902 862 952 906 et
990 852 1261 905 hominum
1288 866 1472 920 genus.
1514 849 1721 920 Itaque,
1750 849 1850 919 fili,

269 965 332 1003 ne
357 949 539 1002 timeas
579 947 875 1015 carniﬁcem
919 948 1101 1011 istum,
1129 948 1219 1000 sed
1262 945 1451 1016 dignus
1492 945 1746 1015 fratribus
1777 944 1855 1013 ef-

268 1044 458 1112 fectus,
484 1040 712 1109 excipias
757 1050 1008 1103 mortem,
1036 1046 1089 1091 ut
1128 1037 1181 1091 in
1229 1035 1321 1090 illa
1364 1036 1697 1090 miseratione
1732 1050 1852 1089 cum

266 1132 521 1205 fratribus
570 1120 675 1184 tuis
726 1139 775 1182 te
821 1128 1088 1197 recipiam.
1145 1126 1336 1196 Magna
1390 1126 1507 1180 laus
1559 1124 1751 1179 matris
1797 1125 1851 1178 in

265 1222 643 1281 exhortatione
675 1220 913 1284 virtutis,
945 1219 1039 1274 sed
1068 1216 1240 1286 major
1269 1218 1321 1272 in
1354 1208 1449 1272 D'ei
1482 1218 1675 1272 timore
1704 1225 1762 1271 et
1798 1216 1851 1270 in

266 1316 390 1371 ﬁdei
419 1314 665 1377 veritate,
698 1312 843 1382 quod
872 1309 1006 1364 nihil
1034 1309 1135 1364 sibi
1162 1316 1255 1365 aut
1286 1308 1397 1364 ﬁlio
1427 1308 1492 1362 de
1520 1322 1615 1361 sex
1644 1316 1855 1377 marty-

266 1421 386 1461 rum
415 1404 629 1459 lionorc
656 1400 929 1471 promisit,
958 1413 1059 1454 nec
1105 1397 1333 1452 fratrum
1363 1411 1581 1467 precem
1609 1394 1854 1466 profutu-

266 1511 381 1551 ram
415 1494 647 1550 credidit
684 1492 750 1547 ad
781 1490 1029 1562 negantis
1076 1489 1304 1545 salutem
1336 1505 1347 1541 :
1374 1487 1647 1557 persuasit
1676 1486 1855 1555 potius

265 1584 533 1654 passionis
566 1582 880 1652 participem
912 1578 1062 1645 ﬁeri,
1108 1587 1167 1633 ut
1207 1578 1260 1632 in
1304 1577 1494 1649 judicii
1538 1577 1627 1632 die
1670 1584 1856 1646 posset

263 1690 386 1729 cum
416 1673 672 1728 fratribus
702 1671 951 1726 inveniri.
980 1670 1111 1725 Post
1142 1670 1259 1725 haec
1286 1676 1467 1723 autem
1510 1668 1698 1722 liberis
1740 1666 1854 1722 suis

1956 491 2016 538 ut
2035 483 2293 539 educaret
2311 482 2634 538 Antiochum
2660 482 2828 536 ﬁlium
2852 495 3033 544 suum,
3054 487 3111 534 et
3137 479 3372 534 nutriret
3393 494 3545 545 eum,

1954 582 2012 630 et
2058 582 2362 646 regnaret:
2406 589 2568 645 quem
2618 572 2909 642 praedictus
2972 570 3163 641 Lysias
3210 570 3369 625 simul
3419 586 3545 627 cum

1953 664 2221 720 Antiocho
2258 661 2476 733 juniore
2517 669 2794 717 revertens
2842 658 3219 723 Antiochiam,
3266 659 3553 713 inveniens

1954 753 2320 809 dominantem
2347 751 2558 808 civitati
2579 750 2925 821 expugnavit.
2954 747 3109 804 Unde
3130 750 3394 818 qmeritur
3418 749 3553 818 quid

1956 842 2170 898 dicatur
2202 840 2484 912 Philippus
2514 838 2772 895 ordinare
2815 836 3090 893 Ptolemari
3139 837 3430 892 transitum
3457 835 3551 891 Ni-

1955 932 2169 989 canoris
2197 941 2252 988 et
2278 931 2513 1002 Gorgiae,
2560 930 2627 984 ad
2660 927 2927 995 Iudaeam,
2969 943 3095 983 cum
3140 928 3294 997 prior
3322 928 3550 982 historia

1955 1031 2161 1088 narret,
2190 1031 2433 1077 morante
2472 1019 2737 1075 Antiocho
2772 1019 2991 1074 seniore
3014 1018 3068 1072 in
3097 1016 3344 1081 Perside,
3390 1032 3547 1071 eum-

1955 1113 2075 1168 dem
2104 1127 2170 1167 ac
2195 1110 2452 1182 Gorgiam
2480 1108 2672 1165 ducem
2703 1108 2895 1173 simul,
2927 1116 2984 1163 et
3026 1107 3241 1178 Lysiam
3271 1107 3554 1163 ordinato-

1954 1199 2334 1265 rem,aJuda:is
2380 1216 2502 1257 esse
2543 1208 2826 1270 superatos
2872 1205 3035 1267 atque
3083 1196 3320 1268 fugatos,
3336 1192 3402 1252 et
3446 1195 3551 1250 hoc

1954 1293 2258 1348 innotuisse
2300 1291 2565 1346 Antiocho
2623 1288 2949 1355 revertenti,
2996 1288 3281 1359 ipsumque
3330 1288 3400 1341 ob
3444 1287 3552 1340 hoc

1956 1385 2211 1441 incidisse
2256 1384 2309 1439 in
2342 1383 2656 1453 languorem
2695 1396 2807 1451 pra:
2852 1380 3096 1444 tristitia,
3140 1379 3266 1449 quia
3315 1392 3424 1431 non
3466 1386 3558 1432 est

1954 1474 2157 1531 factum
2194 1473 2263 1529 de
2305 1472 2507 1529 Judmis
2547 1472 2688 1528 sicut
2732 1472 3006 1543 cogitabat
3040 1488 3052 1524 :
3088 1471 3224 1532 hoc,
3265 1469 3321 1524 ni
3366 1468 3552 1533 fallor,

1955 1567 2101 1622 haud
2137 1566 2295 1621 aliter
2322 1565 2572 1630 solvitur,
2617 1564 2722 1620 nisi
2753 1572 2813 1620 ut
2838 1563 3140 1633 Philippus,
3171 1562 3557 1618 commendato

1955 1659 2059 1715 sibi
2098 1646 2353 1729 imperio,
2381 1658 2484 1715 hoc
2515 1658 2656 1714 idem
2702 1664 2968 1713 statutum
2999 1654 3282 1724 rescripsit
3324 1654 3559 1708 ducibus

263 1762 619 1818 commoritur
660 1769 716 1817 et
747 1771 953 1826 mater;
1001 1774 1177 1829 neque
1228 1758 1373 1813 enim
1419 1756 1564 1812 aliud
1602 1757 1718 1828 jam
1764 1756 1858 1811 de-
1885 1760 1932 1820 B
1961 1748 2133 1820 Syria:
2161 1747 2464 1804 faciendum
2497 1748 2642 1817 quod
2678 1745 2870 1817 Lysias
2897 1751 3059 1799 antea
3080 1743 3193 1814 jam
3222 1740 3405 1797 facere
3431 1756 3557 1795 mo-

264 1854 607 1922 cebat,quam
620 1860 805 1921 utquae
834 1859 1102 1921 martyres
1126 1856 1411 1918 pepererat
1448 1855 1503 1902 et
1535 1845 1757 1912 fecerat,
1795 1847 1850 1901 in

265 1941 541 1998 consortio
581 1940 690 1996 illis
717 1940 904 2011 gloria:
939 1937 1290 2022 iungeretur;
1331 1945 1386 1993 et
1415 1951 1556 2008 quos
1584 1936 1652 1992 ad
1680 1936 1850 1991 Deum

266 2033 625 2105 praemiserat,
654 2032 768 2102 ipsa
790 2044 1003 2102 quoque
1029 2035 1368 2098 sequeretur.

868 2136 1096 2194 CAPUT
1135 2137 1266 2193 VH1.

264 2233 345 2288 De
373 2231 520 2286 Iuda
556 2230 882 2285 Machaba'o.
916 2229 1147 2301 Mittitur
1177 2228 1416 2301 Nicanor
1441 2230 1630 2301 impius
1664 2231 1720 2285 in
1754 2228 1855 2284 Ju-

335 2302 543 2367 dazam;
573 2301 813 2355 hortatur
835 2317 959 2353 suos
987 2299 1023 2353 J
1030 2299 1160 2353 udas
1182 2300 1251 2353 ad
1280 2299 1649 2367 constantiam,
1674 2310 1778 2357 etc.

341 2392 512 2447 ludas
543 2407 659 2446 vero
703 2388 1039 2444 illac/taberna
1075 2399 1123 2444 et
1158 2390 1250 2460 qui
1298 2406 1417 2444 cum
1445 2389 1537 2444 illo
1581 2401 1729 2445 erant
1778 2392 1857 2446 in-

264 2482 491 2537 troibant
544 2480 764 2535 latenter
793 2480 846 2532 in
874 2478 1085 2533 castella
1106 2520 1120 2544 ,
1157 2489 1265 2535 etc.
1306 2480 1372 2534 Et
1405 2496 1526 2550 qua:
1559 2481 1627 2535 de
1656 2480 1856 2536 Mattia-

266 2573 398 2638 tliia,
433 2580 585 2643 patre
618 2570 911 2625 Machabiei
940 2578 996 2625 et
1042 2568 1272 2624 fratrum
1316 2568 1454 2638 ejus,
1489 2570 1688 2640 prioris
1732 2572 1857 2628 libri

267 2672 455 2719 narrat
485 2663 730 2727 historia,
759 2661 994 2732 scriptor
1022 2662 1306 2731 prmsentis
1334 2662 1478 2727 libri,
1509 2670 1565 2717 et
1605 2663 1857 2718 brevitati

266 2754 533 2810 studendo
555 2753 833 2819 omittens,
861 2753 928 2807 ad
950 2751 1101 2807 Iudae
1132 2751 1275 2807 facta
1304 2762 1359 2806 et
1378 2752 1561 2821 praelia
1588 2751 1859 2807 narranda

263 2860 323 2900 se
351 2842 599 2909 contulit,
624 2842 803 2914 aliqua
830 2844 896 2899 de
923 2842 1003 2897 eis
1030 2858 1282 2908 narrans,
1308 2842 1403 2897 sed
1436 2842 1671 2913 plurima
1700 2857 1855 2899 more

264 2952 361 2991 sun
386 2936 663 2993 amittens.
705 2935 813 2991 Sed
841 2936 968 3007 quia
989 2934 1106 3004 jam
1134 2935 1451 3003 allegoriam
1499 2934 1669 3006 ipsius
1694 2950 1857 3006 supra

265 3026 492 3095 plurima
538 3040 608 3080 ex
653 3033 812 3095 parte
843 3024 1209 3094 exposuimus,
1256 3025 1400 3103 quod
1443 3025 1611 3081 semel
1656 3026 1859 3082 dictum

1955 1839 2135 1894 liendo
2156 1837 2485 1908 suscipiebat
2513 1833 2909 1908 [susceperat],
2947 1832 3042 1889 sed
3074 1846 3181 1887 non
3212 1829 3550 1908 perﬁciebat.

1955 1941 2130 1997 neque
2172 1926 2246 1981 ita
2295 1906 2356 1981 ut
2403 1906 2670 1996 disposuit
2717 1925 2831 1994 ipse
2878 1938 2976 1994 per
3024 1936 3180 1977 suam
3237 1906 3552 1975 missionem

1954 2016 2153 2073 ludat-is
2195 2014 2407 2072 edicere
2459 2014 2712 2080 valebat,
2763 2022 2823 2069 ut
2877 2027 3114 2084 sequens
3168 2009 3399 2066 historia
3446 2009 3548 2064 de-

1956 2115 2242 2162 monstrat.
2816 2148 2840 2162 .

1982 2228 1987 2239 ι
2027 2196 2308 2254 Constituit
2356 2206 2532 2253 autem
2563 2196 2803 2251 Nicanor
2851 2193 2960 2264 regi
3005 2194 3063 2248 in
3104 2192 3376 2255 tributum,
3397 2192 3551 2262 quod

1962 2287 2213 2345 Romanis
2234 2298 2343 2344 erat
2357 2286 2740 2353 dandum,duo
2764 2283 2934 2340 millia
2955 2283 3294 2348 talentorum,
3309 2290 3416 2338 etc.
3432 2280 3558 2337 Hoc

1958 2382 2015 2436 in
2042 2379 2309 2450 superiori
2341 2379 2480 2435 libro
2509 2376 2750 2433 breviter
2776 2380 3269 2431 commemoratum
3293 2380 3410 2428 est:
3440 2372 3554 2427 sci-

1956 2472 2085 2530 licet
2106 2471 2247 2542 quod
2283 2477 2617 2526 mercatores
2644 2472 3019 2524 convenerunt
3043 2478 3169 2519 cum
3197 2478 3334 2518 auro
3358 2468 3418 2516 et
3460 2476 3553 2514 ar-

1958 2573 2121 2636 gento
2160 2571 2221 2619 ut
2268 2568 2581 2618 coemerent
2615 2560 2756 2616 ﬁlios
2792 2556 2959 2613 Israel
2987 2556 3093 2611 sibi
3121 2556 3175 2610 in
3204 2568 3426 2611 servits:
3456 2554 3549 2608 hic

1960 2662 2142 2710 autem
2169 2651 2512 2709 manifestius
2541 2659 2798 2706 narratur
2824 2649 2970 2719 quod
3008 2647 3077 2701 ab
3118 2645 3408 2707 Nicanore,
3453 2643 3551 2712 qui

1960 2748 2075 2819 regi
2096 2745 2347 2816 promisit
2370 2744 2438 2799 dc
2461 2741 2746 2812 mancipiis
2762 2738 3074 2796 Judaeorum
3104 2736 3359 2807 supplere
3383 2733 3552 2788 tribw

1959 2850 2075 2897 tum
2096 2837 2354 2895 Romanis
2400 2837 2658 2902 dandum,
2689 2832 2902 2889 invitati
2926 2838 3053 2887 sunt
3080 2828 3181 2899 ipsi
3211 2833 3551 2883 mercatores

1960 2933 2028 2988 ad
2055 2930 2451 3001 coemptionem
2470 2925 2818 2982 Judaicorum
2842 2920 3258 2992 mancipiorum.

2030 3022 2205 3078 Iudas
2234 3030 2407 3076 autem
2453 3019 2544 3073 ubi
2579 3017 2851 3089 comperit,
2876 3013 3127 3070 indicavit
3154 3011 3239 3065 his
3258 3010 3349 3079 qui
3373 3025 3551 3063 secum

266 3125 476 3172 estnon
505 3131 731 3173 necesse
756 3118 1027 3173 credimus
1053 3117 1260 3172 iterari.
1291 3098 1348 3173 Si
1370 3118 1492 3188 quis
1515 3128 1696 3175 autem
1717 3136 1859 3190 qum-
1886 3122 1933 3185 ε
1963 3124 2114 3170 erant
2139 3112 2345 3168 Iudicis
2369 3110 2656 3165 Nicanoris
2682 3108 2979 3170 adventum,
3009 3112 3116 3160 etc.
3146 3103 3224 3158 De
3256 3102 3364 3157 isto
3385 3098 3554 3154 Nica-

271 3208 424 3263 sierit
446 3209 576 3278 quid
608 3222 705 3264 sex
741 3207 909 3263 millia
937 3208 1177 3263 virorum
1201 3209 1291 3278 qui
1321 3207 1472 3263 Iuda:
1498 3211 1553 3264 in
1595 3211 1861 3281 principio

272 3302 525 3358 associati
572 3309 732 3367 sunt,
774 3301 1111 3371 signiﬁcent,
1140 3309 1400 3370 agnoscat
1443 3317 1541 3371 per
1574 3304 1775 3358 senarii
1805 3312 1860 3360 et

266 3395 556 3452 millenarii
604 3395 816 3449 numeri
860 3392 1248 3464 perfectionem
1297 3394 1527 3449 militum
1555 3396 1760 3451 Christi
1806 3397 1858 3451 in

268 3487 372 3543 ﬁde
414 3487 783 3545 sinceritatem
830 3487 1129 3557 perfectam
1176 3487 1444 3558 designari
1489 3488 1856 3551 devotionem.

270 3577 425 3633 Unde
449 3576 504 3632 in
532 3575 761 3632 Actibus
793 3575 1159 3646 apostolorum
1193 3576 1262 3631 de
1305 3574 1582 3645 primitiva
1611 3576 1860 3633 Ecclesia

266 3666 466 3723 Iudaeis
490 3668 749 3737 scriptum
778 3676 901 3723 est:
932 3665 1294 3721 Multitudinis
1325 3678 1503 3721 autem
1535 3669 1860 3723 credentium

266 3770 381 3817 erat
406 3777 498 3815 σον
539 3776 701 3814 unum
744 3768 792 3814 et
837 3758 1015 3813 anima
1045 3775 1176 3825 una,
1221 3775 1316 3813 nec
1361 3760 1637 3832 quisquam
1679 3777 1862 3814 eorum

267 3868 387 3924 qua:
426 3849 722 3923 poisidebat
757 3849 958 3922 aliquid
987 3867 1098 3904 esse
1122 3867 1278 3904 suum
1314 3850 1539 3917 dicebat,
1584 3850 1676 3906 sed
1711 3860 1860 3905 erant

268 3942 374 3997 illis
420 3942 598 3996 omnia
633 3942 953 3996 communia.
983 3939 1055 3993 Et
1105 3941 1291 3994 virtute
1333 3956 1525 4011 magna
1575 3939 1861 3995 reddebant

278 4031 506 4104 apostoli
541 4032 893 4086 testimonium
929 4030 1319 4085 resurrectionis
1351 4029 1483 4086 Iesu
1522 4029 1718 4085 Christi
1759 4030 1864 4085 Do-

274 4123 405 4177 mini
446 4122 644 4184 nostri.
683 4129 731 4176 et
774 4121 946 4191 gratia
990 4136 1183 4192 magna
1223 4130 1335 4175 erat
1381 4121 1440 4174 in
1477 4121 1718 4175 omnibus
1757 4119 1863 4176 illis

274 4216 412 4287 (Act.
438 4213 537 4287 iv).

355 4306 546 4363 Videris
589 4317 762 4361 autem
802 4305 1079 4378 Philippus
1120 4305 1377 4378 paulatim
1416 4306 1583 4361 virum
1620 4307 1691 4360 ad
1737 4322 1863 4378 pro-

274 4400 467 4469 fectum
492 4398 684 4464 venire,
706 4406 813 4453 etc.
852 4396 912 4451 In
942 4397 1106 4468 priori
1156 4396 1292 4452 libro
1319 4398 1579 4468 scriptum
1609 4407 1693 4453 est
1719 4400 1862 4465 quod

275 4491 594 4558 Antiochus,
620 4465 965 4560 profecturus
991 4490 1045 4544 in
1074 4489 1375 4554 Persidem,
1413 4465 1691 4559 reliquerit
1717 4490 1859 4545 intra
1891 4465 1938 4524 D

272 4601 498 4656 regnum
521 4584 762 4656 Lysiam,
794 4584 1066 4640 hominem
1094 4584 1327 4639 nobilem
1354 4584 1421 4639 de
1445 4599 1641 4654 genere
1671 4586 1859 4655 regali,

275 4693 437 4748 super
460 4677 677 4749 negotia
709 4676 878 4747 regia,
909 4684 964 4731 et
991 4682 1052 4730 ut
1079 4676 1312 4730 nutriret
1336 4674 1660 4729 Antiochum
1691 4674 1860 4729 ﬁlium

275 4789 467 4839 suum,
510 4782 565 4829 et
591 4771 736 4842 quod
767 4771 881 4841 ipse
919 4767 1109 4841 Lysias
1137 4767 1365 4839 elegerit
1407 4766 1754 4822 Ptolemamm
1801 4765 1863 4820 fl-

276 4865 407 4918 linm
431 4863 708 4934 Dorymini
735 4869 791 4920 et
824 4858 1148 4915 Nicanorem
1179 4867 1233 4913 et
1260 4857 1545 4927 Gorgiam,
1592 4856 1737 4911 viros
1767 4870 1863 4926 po-

276 4962 452 5010 tentes
475 4967 544 5009 ex
573 4952 763 5007 amicis
802 4950 966 5022 regis,
1008 4957 1058 5004 et
1093 4947 1303 5003 miserit
1341 4961 1435 5002 eos
1463 4962 1586 5002 cum
1628 4946 1866 5021 quadra-

279 5049 428 5119 ginta
457 5043 694 5099 millibus
717 5044 983 5116 virorum,
1024 5050 1083 5097 ut
1109 5038 1488 5111 disperderent
1527 5037 1744 5096 Iudaeos
1786 5053 1868 5095 sc-

278 5137 514 5193 cundum
556 5135 780 5189 verbum
829 5133 990 5204 regis.
1046 5132 1201 5187 Nunc
1230 5141 1410 5186 autem
1452 5130 1685 5186 refertur
1724 5130 1866 5200 quod

282 5230 559 5301 Philippus
601 5224 880 5296 scripserit
904 5225 973 5280 ad
1001 5223 1346 5279 Ptolemzeum
1382 5223 1598 5288 ducem,
1623 5231 1684 5277 ut
1711 5221 1866 5276 auxi-

281 5322 412 5375 lium
449 5319 615 5375 ferret
663 5315 807 5388 regis
848 5312 1100 5386 negotiis,
1143 5313 1364 5384 ipseque
1396 5311 1606 5368 miserit
1650 5311 1716 5367 ad
1762 5311 1866 5368 hoc

279 5413 642 5476 Nicanorem,
684 5408 827 5466 datis
870 5409 918 5464 ei
977 5406 1167 5477 viginti
1219 5404 1456 5461 millibus
1501 5412 1867 5469 armatorum,

277 5505 472 5576 iuncto
494 5504 543 5560 ei
570 5510 627 5558 ct
658 5500 856 5573 Gorgia
881 5498 1000 5554 viro
1033 5495 1272 5553 militari.
1304 5494 1458 5551 Hunc
1488 5494 1630 5550 enim
1665 5491 1869 5563 Philip—

282 5578 407 5669 pum
437 5600 769 5651 memoratus
795 5608 886 5648 rex
912 5590 1230 5656 Antiochus,
1254 5597 1530 5643 revertens
1560 5586 1625 5641 de
1647 5585 1868 5641 Perside

284 5693 344 5747 in
374 5689 720 5761 Babylonem,
757 5688 1045 5757 pmposuit
1090 5700 1254 5756 super
1297 5683 1608 5738 universum
1639 5692 1865 5750 regnum

1963 3205 2115 3262 noris
2146 3205 2382 3259 adventu
2419 3203 2471 3256 in
2496 3200 2761 3264 Indicam,
2797 3198 2889 3268 qui
2932 3197 3034 3252 sub
3060 3193 3331 3250 Antiocho
3375 3191 3556 3246 factus

1960 3305 2064 3362 est,
2092 3296 2243 3366 prior
2264 3294 2403 3349 liber
2426 3290 2713 3347 manifeste
2740 3304 2847 3345 non
2881 3287 3043 3343 dicit:
3089 3295 3271 3341 tamen
3319 3298 3555 3338 narrans

1960 3404 2061 3460 per
2082 3387 2300 3461 Lysiam
2332 3401 2455 3441 eum
2476 3384 2707 3440 electum
2735 3395 2879 3447 esse,
2915 3378 3076 3435 simul
3102 3392 3228 3432 cum
3256 3373 3555 3429 Ptolemaeo

1960 3490 2016 3536 et
2035 3478 2254 3549 Gorgia,
2278 3476 2412 3531 viris
2436 3473 2768 3546 potentibus,
2794 3469 3047 3540 adjuncta
3090 3466 3252 3524 simul
3276 3464 3549 3521 comitum

1962 3571 2141 3633 turba,
2169 3576 2228 3622 ut
2261 3566 2584 3622 invaderent
2605 3573 2662 3620 et
2682 3563 3064 3633 disperderent
3093 3558 3340 3615 Judieam
3367 3574 3384 3623 ;
3445 3556 3555 3611 sub

1961 3659 2234 3717 Demetrio
2252 3666 2432 3712 autem
2454 3670 2580 3711 eum
2608 3655 2737 3709 illuc
2761 3668 2883 3709 esse
2909 3654 3137 3708 missum
3164 3648 3366 3705 asserit
3378 3656 3436 3702 et
3451 3662 3557 3717 per

1962 3752 2144 3808 dolum
2170 3750 2309 3806 velle
2330 3763 2547 3819 capere,
2563 3755 2727 3817 atque
2750 3742 3261 3801 invadereJudzeam
3286 3759 3301 3795 :
3326 3741 3425 3796 sed
3446 3754 3557 3794 non

1961 3846 2252 3917 prievalere
2300 3844 2496 3916 potuit.
2553 3838 2709 3908 Quod
2739 3850 2922 3897 autem
2961 3840 3077 3910 ipse
3104 3836 3346 3892 Nicanor
3377 3833 3555 3905 hypo-

1962 3938 2244 4002 critarum,
2277 3935 2370 4005 qui
2400 3932 2583 3988 omnia
2613 3931 2738 3987 ﬁcte
2764 3930 2987 3994 faciunt,
3019 3937 3207 3999 typum
3233 3931 3419 3979 teneat
3435 3922 3554 3991 jam

1963 4026 2212 4098 superius
2237 4024 2441 4079 dictum
2471 4030 2574 4078 est.
2606 4022 2715 4078 Sed
2739 4019 2909 4076 ludas
2923 4033 3046 4075 cum
3077 4026 3286 4087 septem
3310 4013 3560 4069 millibus

1963 4126 2152 4175 contra
2182 4115 2508 4171 Nicanorem
2551 4123 2610 4169 et
2647 4113 2826 4169 socios
2847 4110 2967 4180 ejus
3010 4106 3252 4178 conﬂigit
3275 4120 3341 4159 ac
3362 4102 3556 4164 vincit,

1963 4210 2087 4280 quia
2113 4224 2210 4280 per
2234 4206 2569 4279 scptiformis
2596 4206 2825 4278 gratiam
2851 4203 3090 4274 Spiritus
3112 4198 3349 4272 populus
3366 4193 3561 4250 Ecde-

1964 4303 2057 4358 siae
2086 4316 2208 4358 cum
2231 4299 2534 4356 rectoribus
2557 4299 2673 4354 suis
2697 4296 2864 4352 vincit
2890 4296 3079 4350 hostes
3101 4292 3419 4352 universos;
3450 4300 3559 4339 nec

1964 4396 2032 4449 de
2052 4409 2118 4451 eo
2142 4406 2379 4462 unquam
2407 4390 2688 4445 victoriam
2720 4387 2866 4457 capit
2887 4384 3126 4448 Jndmus,
3139 4381 3257 4436 sive
3279 4389 3553 4448 paganus,

1965 4496 2057 4538 seu
2084 4480 2392 4546 hmreticus,
2412 4478 2495 4534 vel
2521 4477 2922 4541 schismaticus,
2953 4474 3069 4529 sive
3115 4471 3258 4527 ullus
3292 4465 3560 4538 hypocri-

1965 4580 2140 4627 tarum
2171 4577 2265 4624 aut
2299 4581 2560 4639 nequam:
2590 4567 2702 4621 imo
2730 4565 2845 4635 ipse
2869 4576 2993 4618 eum
3021 4573 3151 4629 rege
3173 4572 3275 4612 suo
3297 4554 3557 4609 vincente

1965 4671 2224 4731 tropaeum
2251 4657 2436 4730 gloriae
2462 4654 2761 4728 possidebit
2780 4654 2833 4708 in
2854 4660 3140 4707 aeternum.

2040 4752 2105 4806 Et
2137 4768 2255 4806 cum
2281 4750 2510 4821 epicinia
2542 4756 2760 4818 agerent
2803 4745 2859 4799 in
2901 4740 3274 4810 Jemsolymis,
3302 4752 3423 4792 etim
3464 4734 3560 4804 qui

1964 4856 2146 4899 sacras
2164 4841 2367 4911 januas
2388 4835 2718 4901 incenderat,
2750 4833 2806 4888 id
2836 4841 2912 4887 est
2939 4828 3335 4889 Callisthenem,
3362 4840 3484 4879 cum
3498 4823 3560 4874 iu

1968 4931 2235 5007 quoddam
2256 4926 2581 5005 domicilium
2613 4924 2885 4996 refugith
2906 4920 3274 4982 incenderunt,
3447 4912 3561 4967 Pro

1966 5005 2215 5093 epiciniis
2244 5018 2349 5090 legi
2374 5018 2429 5071 in
2451 5016 2554 5071 alia
2589 5015 2852 5077 editione,
2882 5012 2993 5067 dies
3027 5009 3281 5066 victoriae.
3318 5005 3558 5076 Supera-

1969 5116 2040 5170 tis
2066 5129 2197 5185 ergo
2232 5111 2480 5168 hostibus
2515 5109 2684 5166 Judas
2706 5108 2908 5162 festum
2939 5103 3199 5168 celebrat,
3258 5100 3388 5170 quia
3430 5113 3555 5153 cum

1970 5205 2176 5264 sanctis
2199 5203 2425 5274 quilibet
2450 5215 2547 5272 per
2570 5200 2803 5271 gratiam
2827 5197 3029 5254 Christi
3057 5196 3127 5251 de
3148 5196 3306 5251 hoste
3328 5191 3559 5260 antiquo

1971 5294 2290 5365 triumphat,
2329 5290 2524 5363 gaudio
2557 5289 2787 5360 spiritali
2838 5288 3076 5361 repletus
3125 5283 3316 5340 laudes
3369 5280 3557 5337 condi-
3628 5342 3633 5345 1

1969 5400 2105 5458 gnas
2123 5394 2338 5446 cavere,
2366 5395 2431 5437 ac
2448 5388 2631 5452 grates
2658 5378 2986 5450 multiplices
3010 5374 3223 5432 auctori
3258 5387 3359 5429 suo
3397 5369 3560 5426 debet

1972 5475 2214 5540 referre;
2266 5487 2367 5528 nec
2399 5472 2555 5528 decet
2607 5470 2726 5525 ﬁeri
2763 5470 3060 5542 ingratum,
3088 5467 3181 5539 qui
3210 5480 3272 5523 se
3306 5460 3558 5520 meminit

1971 5565 2153 5622 divino
2182 5577 2344 5633 opere
2364 5576 2483 5618 esse
2510 5558 2771 5629 adiutum.
