3928 6168
324 303 451 359 l2“

934 405 1161 461 CAPUT
1216 406 1306 460 IX.

325 520 610 578 Antiochus
639 517 780 586 apud
817 515 1135 586 Persepolim
1162 517 1324 571 uictus
1349 528 1444 570 est.
1490 516 1757 570 Percussit
1794 516 1903 570 Do-

394 593 567 672 minus
606 585 922 672 {latice-hum
944 585 1134 655 plaga;
1160 587 1248 656 qui
1270 588 1322 642 in
1343 588 1506 655 paruis
1528 587 1631 656 egit
1652 588 1903 656 paeniten-

393 667 542 724 tiam,
577 668 624 712 et
647 667 872 710 moritur

396 771 595 825 Eodem
617 779 845 838 tempore
872 767 1159 821 Antiochus
1184 767 1452 822 inhoneste
1480 768 1828 822 revertebatur
1841 769 1904 820 de

326 860 564 924 Perside,
592 866 700 914 etc.
731 856 861 924 Qua:
888 857 942 910 in
966 857 1229 926 superiori
1252 857 1388 912 libro
1410 858 1476 913 de
1505 858 1610 912 ﬁne
1653 857 1905 913 Antiochi

321 955 563 1010 breviter
587 952 844 1006 adnotata
867 956 1011 1014 sunt,
1041 949 1095 1002 in
1132 951 1234 1004 hoc
1278 949 1489 1019 plenius
1543 950 1899 1019 explicantur.

322 1047 550 1120 Mystice
573 1053 751 1099 autem
781 1042 1016 1096 ostendit
1064 1042 1207 1110 quod
1235 1050 1616 1110 persecutores
1650 1041 1908 1096 Christia-

324 1155 520 1204 norum
541 1153 638 1208 pro
667 1133 970 1190 malefactis
992 1133 1105 1187 suis
1127 1141 1291 1202 atque
1331 1130 1609 1201 injustitiaa
1653 1129 1908 1198 operibus

321 1245 445 1301 qua:
467 1233 766 1299 gesserant,
803 1223 858 1277 in
889 1221 1070 1276 futuro
1091 1220 1296 1290 justam
1314 1220 1590 1275 aDomino
1617 1233 1905 1289 poenarum

325 1315 594 1386 recepturi
625 1315 732 1369 sint
753 1311 1201 1376 retributionem;
1233 1319 1289 1364 et
1331 1309 1422 1378 qui
1453 1309 1542 1364 hic
1581 1309 1909 1364 conturbare

325 1409 564 1464 ﬁdelium
591 1405 755 1460 corda
782 1419 888 1458 non
919 1401 1217 1465 metuebat,
1244 1401 1297 1454 in
1325 1409 1569 1454 extrema
1599 1399 1802 1452 ultione
1826 1397 1910 1450 in-

325 1497 500 1554 ternis
533 1495 810 1550 doloribus
832 1508 954 1547 sera
983 1491 1305 1562 paenitentia
1333 1489 1588 1546 cruciari.
1619 1488 1694 1544 De
1716 1504 1824 1559 quo
1854 1489 1907 1544 in

327 1585 622 1658 Sapientia:
645 1582 783 1637 libro
813 1581 1076 1649 scriptum
1107 1587 1225 1634 est:
1261 1577 1406 1632 Tunc
1431 1577 1641 1632 stabunt
1669 1577 1806 1646 justi
1855 1577 1911 1630 in

325 1693 516 1746 magna
545 1672 842 1729 constantia
878 1671 1126 1724 adversus
1155 1685 1241 1722 eos
1277 1669 1367 1738 qui
1394 1684 1448 1722 se
1478 1667 1911 1738 angustiaverunt

327 1777 376 1822 et
415 1745 505 1837 qui
536 1761 862 1818 abstulerunt
885 1760 1088 1814 labores
1113 1775 1314 1813 eorum.
1348 1755 1593 1812 Videntes
1619 1756 1908 1811 turbabun-
1938 1745 1982 1804 Β

327 1873 417 1916 tur
443 1859 629 1913 timore
650 1854 911 1920 horribili,
934 1864 982 1907 et
1005 1852 1342 1906 mirabuntur
1367 1853 1423 1906 in
1471 1850 1788 1905 subitatione
1828 1850 1910 1903 in-

326 1961 551 2024 sperata:
565 1947 770 2004 salutis.
801 1943 1072 2000 Gementes
1091 1959 1201 2014 pne
1223 1942 1465 2013 angustia
1487 1941 1723 2012 spiritus,
1740 1941 1910 1995 dicent

327 2044 470 2096 intra
501 2057 556 2095 se
581 2037 933 2109 paenitentiam
955 2043 1200 2106 agentes:
1230 2032 1303 2087 lli
1325 2042 1446 2086 sunt
1473 2048 1602 2102 quos
1626 2029 1910 2101 aliquando

327 2131 608 2185 habuimus
631 2129 683 2181 in
706 2127 937 2181 derisum
957 2135 1004 2180 et
1036 2125 1094 2178 in
1137 2122 1534 2178 similitudinem
1586 2119 1906 2190 improperii.

332 2219 446 2274 Nos
477 2217 727 2272 insensati
753 2215 914 2269 vitam
940 2212 1153 2267 illorum
1188 2209 1576 2266 testintabamus
1625 2209 1907 2273 insaniam,

327 2319 378 2364 et
404 2308 561 2377 finem
591 2306 800 2361 illorum
839 2304 951 2358 sine
993 2304 1206 2357 honore.
1238 2301 1371 2354 Ecce
1398 2297 1657 2371 quomodo
1692 2313 1908 2366 compu-

335 2399 432 2451 tati
473 2406 594 2451 sunt
622 2396 760 2449 inter
787 2393 928 2463 ﬁlios
957 2391 1073 2456 Dei,
1097 2400 1146 2444 et
1166 2391 1301 2443 inter
1325 2397 1533 2442 sanctos
1559 2403 1673 2439 sors
1699 2384 1909 2438 illorum

329 2498 424 2543 est.
455 2487 596 2557 Ergo
617 2485 905 2540 erravimus
952 2500 984 2536 a
1021 2483 1102 2536 via
1141 2479 1395 2545 veritatis,
1419 2486 1465 2531 et
1483 2475 1708 2546 justitia:
1737 2474 1912 2528 lumen

333 2597 436 2634 non
469 2577 642 2632 illuxit
669 2577 836 2640 nobis,
859 2583 907 2628 et
935 2572 1014 2628 sol
1040 2569 1390 2640 intelligentia:
1416 2585 1521 2622 non
1551 2575 1625 2621 est
1654 2577 1797 2620 ortus
1821 2582 1914 2618 no-

332 2673 429 2726 bis.
454 2670 664 2724 Lassati
695 2684 875 2722 sumus
899 2667 952 2720 in
978 2665 1061 2720 via
1085 2662 1376 2734 iniquitatis
1405 2669 1454 2714 et
1479 2659 1809 2730 perditionis,
1864 2667 1911 2711 et

329 2760 714 2814 ambulavimus
740 2759 848 2812 vias
871 2754 1128 2828 difﬁciles,
1159 2754 1293 2808 viam
1324 2763 1497 2806 autem
1524 2751 1736 2805 Domini
1767 2749 1914 2820 igno-

332 2853 585 2906 ravimus.
614 2849 752 2916 Quid
777 2847 975 2918 profuit
1008 2845 1154 2900 nobis
1181 2842 1424 2913 superbia
1446 2852 1644 2906 nostra,
1671 2849 1761 2893 aut
1785 2838 1915 2895 divi-

332 2947 526 2999 tiarum
551 2942 816 3013 jactantia
839 2940 964 3010 quid
995 2937 1114 2991 tulit
1146 2935 1334 2990 nobis?
1362 2933 1708 2988 Transierunt
1735 2931 1911 2985 omnia

334 3033 426 3088 illa
455 3033 591 3088 velut
620 3031 827 3096 umbra,
853 3043 957 3084 etc.
989 3026 1142 3098 (Sap.
1166 3025 1244 3098 v.)

953 3134 1179 3191 CAPUT
1226 3133 1294 3188 Χ.

332 3253 502 3308 ludas
539 3251 875 3306 Machabtcus
905 3247 1154 3319 templum
1171 3246 1442 3319 recepitet
1470 3242 1788 3298 Jerusalem.
1825 3239 1916 3319 pe

403 3323 728 3377 solemnitate
752 3311 1028 3375 celebrata.
1056 3311 1308 3371 Antiochi
1335 3314 1478 3384 ﬁlius
1524 3329 1740 3384 regnum
1783 3311 1918 3384 o_bti—

407 3395 517 3447 nuit
538 3403 834 3462 paternum.
870 3388 1182 3443 Ptolemaeus
1211 3380 1402 3440 veneno
1423 3384 1539 3452 ﬁnit
1566 3380 1747 3436 uitam.
1782 3380 1915 3434 Gor-

404 3465 517 3534 gias
533 3461 581 3517 et
607 3461 697 3516 alii
720 3469 1052 3531 superantur.

407 3577 527 3642 Qua
567 3573 650 3628 die
691 3580 865 3625 autem
906 3567 1154 3638 templum
1201 3565 1264 3621 ab
1309 3562 1615 3633 alienigenis
1659 3558 1916 3630 pollutum

333 3670 532 3737 fuerat,
565 3675 670 3722 etc.
711 3664 861 3718 llanc
889 3662 1239 3718 festivitatem
1271 3672 1392 3728 quae
1419 3655 1680 3710 'vicesimo
1729 3651 1918 3722 quinto

335 3759 538 3814 mensis
563 3756 774 3819 Casleu,
800 3755 892 3825 qui
923 3753 1067 3823 apud
1095 3751 1319 3807 Latinos
1345 3755 1572 3803 vocatbr
1593 3745 1914 3809 December,

334 3850 530 3920 legitur
552 3847 847 3911 celebrata,
871 3843 1034 3899 simili
1067 3842 1225 3897 modo
1248 3840 1378 3894 etin
1405 3837 1574 3909 priori
1600 3836 1738 3890 libro
1771 3850 1920 3890 com-

335 3944 670 3992 inemoratur
685 3935 856 4005 ;'quod
869 3943 1048 3988 autem
1061 3929 1557 3986 Tabernaeulorum
1571 3926 1917 3982 festivitatem

335 4046 430 4086 eos
454 4037 579 4084 ante
603 4030 656 4082 in
690 4027 966 4081 montibus
994 4033 1048 4079 et
1076 4025 1131 4078 in
1168 4022 1440 4094 speluncis
1479 4020 1655 4091 egisse
1708 4027 1916 4084 narrat,

333 4133 541 4194 propter
558 4122 701 4194 quod
728 4121 955 4191 thyrsos,
984 4129 1031 4174 et
1057 4135 1231 4173 ramos
1254 4118 1464 4183 virides,
1489 4125 1537 4170 et
1557 4113 1763 4186 palmas
1783 4131 1920 4185 pra:-

335 4217 568 4288 ferebant
613 4216 662 4270 ei
706 4215 796 4286 qui
841 4213 1160 4285 prosperavit
1213 4211 1459 4266 mundari
1503 4209 1676 4263 locum
1725 4223 1918 4272 suum,

331 4307 571 4362 ostendit
595 4322 695 4361 nos
716 4306 770 4360 in
801 4304 1053 4376 przesenti
1077 4303 1189 4357 vita
1205 4341 1222 4368 ,
1252 4302 1342 4357 ubi
1365 4299 1729 4355 tribulationis
1745 4307 1801 4354 et
1821 4297 1917 4352 do-

335 4396 462 4450 loris
485 4396 636 4451 locus
659 4407 763 4461 est,
790 4394 1108 4465 peregrinos
1128 4392 1487 4462 nosmetipsos
1511 4405 1808 4462 agnoscere
1826 4389 1918 4443 de-

335 4489 502 4554 bere;
559 4495 616 4542 et
655 4496 715 4542 ut
757 4487 830 4544 ibi
861 4494 1131 4542 certemus
1159 4484 1320 4540 ﬂores
1345 4483 1613 4539 virtutum
1654 4491 1709 4537 et
1738 4495 1918 4535 ramos

337 4579 602 4634 bonorum
628 4593 854 4648 operum
882 4592 1096 4647 semper
1120 4576 1355 4630 virentes
1393 4575 1502 4629 Deo
1545 4589 1647 4642 pro
1701 4581 1918 4626 atterna:

340 4668 462 4722 vitae
487 4668 772 4737 adeptione
793 4677 846 4722 et
876 4666 1115 4722 ccelestis
1188 4662 1644 4722 remunerationis
1668 4661 1921 4716 mercede

337 4760 552 4815 oll‘erre.
582 4759 822 4831 Thyrsus
847 4760 990 4815 enim
1006 4757 1333 4828 generaliter
1355 4755 1694 4812 estomnium
1720 4754 1918 4808 herba-

340 4868 458 4908 rum
512 4851 595 4906 vel
650 4851 855 4907 olerum
904 4850 1114 4905 medius
1157 4847 1358 4913 frutex,
1410 4847 1588 4900 dictus
1628 4860 1695 4900 eo
1722 4844 1920 4914 quoda

341 4953 484 4997 terra
509 4957 726 4997 sursum
748 4941 1094 5008 conscendit;
1120 4941 1201 4995 sic
1227 4949 1283 4994 et
1303 4954 1365 4993 ex
1397 4945 1542 4991 terra
1573 4943 1760 4990 nostra
1799 4947 1919 4986 ma-

341 5036 474 5090 teria
497 5049 718 5106 germen
745 5033 876 5089 utile
905 5032 1066 5088 debet
1103 5030 1416 5095 ascendere,
1444 5026 1715 5082 utcultori
1739 5023 1921 5080 cordis

341 5127 534 5192 nostri,
557 5127 650 5197 qui
678 5140 775 5196 per
802 5124 1036 5194 Spiritus
1057 5121 1140 5177 sui
1166 5122 1364 5176 donum
1389 5133 1489 5174 nos
1509 5118 1655 5181 colit,
1682 5117 1920 5171 lructum

337 5219 726 5291 acceptabilem
759 5233 972 5288 semper
997 5215 1306 5271 reddamus.
1873 5201 1904 5235 ‘

412 5312 480 5365 Et
505 5311 747 5365 Antiochi
775 5309 1005 5381 quidem,
1028 5308 1119 5379 qui
1146 5305 1436 5378 appellatus
1466 5315 1542 5360 est
1574 5302 1802 5367 Nobilis,
1847 5302 1921 5356 vi-

341 5413 408 5456 ιιο
432 5420 673 5458 excessus
699 5404 772 5456 ita
801 5419 856 5458 se
883 5393 1084 5467 habuit,
1117 5408 1224 5455 etc.
1265 5398 1471 5454 Prioris
1522 5397 1645 5451 libri
1690 5393 1924 5451 historia

342 5498 530 5546 narrat
550 5493 693 5562 quod
722 5491 1022 5548 Antiochus
1047 5489 1273 5555 Nobilis,
1300 5487 1644 5559 profecturus
1668 5487 1720 5540 in
1749 5485 1918 5540 Persi-

343 5585 484 5649 dena,
516 5584 860 5638 constituerit
889 5583 1104 5654 Lysiam
1127 5596 1290 5651 super
1312 5579 1526 5648 negotia
1551 5578 1718 5648 regia,
1758 5591 1788 5629 a
1823 5574 1920 5628 llu-

344 5680 486 5733 minc
517 5678 786 5747 Euphrate
840 5678 906 5732 ad
959 5677 1156 5732 llumcn
1197 5673 1440 5745 Egypti,
1470 5681 1524 5725 et
1575 5681 1630 5725 ut
1689 5671 1922 5724 nutriret

1029 294 1379 352 COMMENT.
1420 295 1487 350 IN
1530 295 1775 352 LIBROS
1816 289 2387 350 MACIIABJEORUM.
2425 324 2498 334 -
2530 292 2600 348 IN
2638 293 2765 348 LIB.
2806 291 2870 347 II.

3440 293 3462 348 l
3472 292 3580 348 242

1936 408 1986 466 Α
2009 409 2334 463 Antiochum
2361 409 2531 463 ﬁlium
2558 423 2738 473 suum,
2761 407 2934 461 donec
2966 405 3185 460 rediret.
3220 401 3375 462 Nune
3400 415 3580 462 autem

2003 511 2256 556 narratur
2285 502 2458 569 ipsum
2480 500 2829 563 Antiochum,
2864 498 3034 552 ﬁlium
3062 497 3316 554 Antiochi
3348 497 3582 565 Nobilis,

2001 594 2104 647 hoc
2128 601 2211 645 est
2238 592 2582 661 Eupatorem,
2607 590 2858 643 eumdem
2898 587 3116 658 Lysiam
3147 602 3310 656 super
3365 588 3583 656 negotia

2001 682 2154 751 regia
2184 679 2532 735 constituere.
2556 677 2663 732 Sed
2687 678 2814 748 quia
2839 677 2976 732 dicit
2995 692 3054 732 se
3073 678 3350 732 breviasse
3379 677 3433 748 in
3459 691 3585 732 nar~

2003 770 2213 824 ratione
2239 769 2406 824 multa
2436 783 2554 837 quae
2581 768 2634 822 in
2659 767 2817 822 bellis
2843 777 2996 837 gesta
3021 773 3170 830 sunt,
3203 782 3268 820 ea
3310 781 3430 835 quae
3470 767 3583 820 An-

2005 861 2216 915 tiochus
2263 860 2440 914 minor
2478 859 2614 914 bella
2661 874 2758 927 per
2817 859 3167 926 semetipsum
3192 858 3358 927 gessit
3383 867 3571 912 contra

2002 951 2234 1016 Iudaeos,
2250 951 2465 1020 quando
2481 966 2600 1005 cum
2620 949 2920 1018 elephantis
2937 959 2993 1005 et
3011 948 3354 1003 multitudine
3368 964 3584 1018 magna,

2005 1050 2115 1099 tam
2142 1045 2209 1098 de
2234 1044 2348 1098 suis
2373 1057 2537 1112 quam
2559 1043 2624 1097 de
2645 1041 2767 1096 aliis
2781 1041 3110 1105 nationibus,
3135 1048 3459 1110 congregata
3485 1039 3586 1094 ibi-

2005 1136 2127 1190 dem
2156 1135 2336 1199 venit;
2385 1132 2599 1202 quando
2622 1132 2852 1186 Eleazar
2892 1130 3036 1185 ﬁlius
3069 1129 3240 1185 Sacra
3291 1130 3588 1184 maximum

2005 1229 2416 1298 elephantorum
2439 1225 2730 1290 interfecit,
2767 1225 3065 1279 arbitratus
3093 1224 3146 1277 in
3167 1236 3234 1277 eo
3263 1237 3442 1292 regem
3460 1237 3588 1278 con—

2007 1320 2232 1383 sistere;
2267 1317 2505 1374 ostendit
2527 1332 2586 1372 se
2626 1317 2682 1370 in
2721 1315 2912 1371 ordine
2954 1315 3196 1370 historia:
3241 1313 3586 1384 prteteriisse.

2081 1407 2302 1478 Gorgias
2327 1416 2497 1462 autem
2537 1424 2655 1461 cum
2683 1416 2815 1461 esset
2853 1407 2964 1460 dua:
3005 1405 3261 1470 locorum,
3297 1405 3583 1472 assumptis

2009 1498 2241 1562 advenis,
2291 1497 2588 1566 frequenter
2647 1495 2864 1550 Judwos
2913 1493 3222 1556 debellabat,
3271 1501 3376 1548 etc.
3435 1493 3590 1547 Hunc

2009 1587 2286 1657 Gorgiam,
2309 1595 2370 1641 ut
2390 1586 2505 1656 jam
2527 1601 2688 1657 supra
2715 1585 3075 1651 ostendimus,
3113 1586 3264 1654 prior
3293 1585 3429 1640 liber
3463 1601 3589 1640 nar-

2013 1685 2118 1744 rat,
2151 1677 2370 1748 Lysiam
2396 1675 2557 1732 simul
2578 1691 2704 1730 cum
2725 1674 3016 1730 Ptolemaeo
3039 1683 3094 1728 et
3117 1674 3385 1730 Nicanore
3412 1676 3590 1746 egisse

2013 1766 2081 1820 ad
2106 1765 2530 1835 impugnandum
2557 1763 2818 1828 Judteam,
2849 1763 3005 1831 cujus
3037 1765 3370 1834 impugnatio
3406 1765 3583 1835 qualis

2012 1856 2176 1911 fuerit
2206 1856 2260 1909 in
2291 1855 2460 1925 priori
2498 1863 2556 1910 et
2581 1857 2832 1924 pmsenti
2857 1855 2995 1909 libro
3023 1854 3279 1922 refertur,
3303 1856 3397 1910 sed
3421 1857 3587 1911 vieto-

2013 1948 2093 2002 ria
2119 1962 2150 2001 a
2177 1944 2378 2001 ludatis
2395 1946 2616 2000 stetisse
2641 1945 2969 2000 declaratur.

2081 2035 2216 2092 Nam
2237 2037 2381 2105 quod
2408 2037 2522 2106 ipse
2546 2035 2799 2108 Gorgias,
2831 2038 3088 2108 quoniam
3115 2047 3305 2109 gentes
3345 2038 3594 2094 diversas

2012 2125 2343 2196 provocabat
2371 2128 2439 2181 ad
2468 2126 2779 2182 bellandum
2807 2137 2996 2182 contra
3025 2127 3259 2193 Judaeos,
3295 2129 3493 2184 diaboli
3512 2137 3594 2199 ty-

2013 2232 2141 2287 pum
2165 2225 2364 2282 teneat,
2392 2217 2640 2286 superius
2658 2216 2774 2286 jam
2797 2218 3005 2272 dictum
3028 2227 3130 2282 est,
3162 2219 3252 2286 qui
3287 2219 3481 2274 incitat
3505 2220 3592 2274 in-

2013 2308 2195 2364 ﬁdeles
2220 2315 2409 2363 cont-ra
2434 2307 2730 2364 Ecclesium
2752 2307 2976 2373 Christi,
3007 2317 3062 2362 et
3101 2317 3278 2363 movet
3300 2308 3497 2365 bellum
3523 2309 3584 2363 ﬁ-

2013 2399 2219 2454 delibus
2237 2395 2384 2465 ejus;
2431 2398 2526 2452 sed
2567 2399 2694 2467 quia
2749 2398 2823 2453 ibi
2884 2405 3088 2468 septem
3134 2399 3300 2453 millia
3352 2400 3590 2454 virorum

2013 2489 2267 2560 Gorgiam
2319 2489 2546 2560 elegisse
2584 2489 2636 2544 in
2690 2490 2937 2558 praelium
2976 2491 3253 2556 scribitur,
3288 2498 3336 2546 et
3370 2489 3478 2555 hic,
3508 2508 3593 2546 se-

2013 2581 2245 2637 cundum
2274 2580 2513 2650 quinarii
2545 2579 2760 2636 numeri
2865 2580 2920 2634 in
2950 2582 3240 2651 semetipso
3271 2580 3596 2650 multiplica-

2017 2671 2242 2736 tionem,
2268 2671 2460 2741 viginti
2491 2679 2696 2740 septem
2741 2671 2908 2726 millia
2952 2671 3215 2724 trucidata
3262 2668 3595 2734 referuntur,

2013 2764 2287 2834 signiﬁcat
2312 2764 2457 2834 quod
2479 2778 2670 2819 omnes
2698 2764 2792 2832 qui
2821 2773 3027 2832 septem
3071 2763 3319 2817 sensibus
3347 2760 3592 2832 corporis

2011 2869 2109 2925 per
2134 2852 2371 2909 carnalia
2397 2852 2666 2908 desideria
2688 2851 2903 2908 diabolo
2933 2852 3189 2918 militant,
3214 2859 3388 2908 morte
3413 2851 3594 2906 condi-

2014 2958 2115 3013 gna
2170 2941 2515 2998 mulctentur.

2089 3032 2317 3098 Quidam
2341 3042 2516 3086 autem
2546 3049 2664 3086 cum
2696 3032 3050 3104 confugissent
3068 3034 3122 3088 in
3143 3033 3277 3088 duas
3297 3043 3468 3088 turres
3490 3033 3599 3088 val-

1941 3095 1984 3156 C
2015 3127 2080 3180 de
2104 3127 2353 3190 munitas,
2377 3134 2480 3180 etc.
2509 3095 2816 3182 Machabteo
2853 3095 3084 3195 spiritali
3109 3126 3422 3191 dimicante,
3449 3139 3599 3180 com-

2011 3214 2153 3284 pulsi
2179 3215 2364 3270 hostes
2392 3215 2445 3268 in
2474 3215 2608 3270 duas
2636 3223 2815 3270 turres
2840 3215 3180 3286 confugiunt,
3229 3229 3350 3269 eum
3402 3215 3459 3269 hi
3502 3214 3596 3284 qui

2015 3304 2217 3360 Christi
2237 3305 2536 3359 exercitum
2569 3319 2879 3374 expugnare
2912 3306 3242 3368 nitebantur,
3271 3304 3396 3358 licet
3447 3303 3594 3357 nullo

2015 3395 2176 3450 modo
2197 3395 2412 3449 veritati
2446 3394 2725 3465 Evangelii
2749 3396 3002 3450 resistere
3028 3395 3288 3460 valentes,
3313 3403 3492 3449 tamen
3515 3410 3600 3447 sa-

2017 3484 2245 3539 lubriter
2272 3485 2559 3541 credentes
2589 3487 2901 3551 nesciendo,
2954 3503 3054 3540 nec
3090 3485 3355 3554 judicium
3391 3485 3602 3539 Domini

2016 3573 2256 3630 futurum
2288 3575 2740 3644 pertimescendo,
2769 3576 2941 3645 magis
2975 3575 3182 3644 eligunt
3228 3574 3282 3627 in
3328 3573 3598 3642 superbiae

2015 3675 2180 3736 atque
2218 3666 2532 3720 idololatriae
2562 3676 2740 3722 turres
2767 3666 3022 3738 ellugere,
3054 3681 3219 3734 quam
3265 3664 3596 3733 paenitentiae

2017 3756 2290 3812 doloribus
2317 3756 2625 3824 compuncti
2647 3771 2863 3811 errores
2891 3770 3018 3811 suos
3040 3755 3379 3823 relinquere;
3409 3764 3599 3807 contra

2021 3861 2156 3916 quos
2175 3845 2343 3902 ludas
2365 3858 2492 3901 cum
2531 3844 2750 3900 Simone
2793 3852 2849 3900 et
2876 3843 3111 3914 Josepho
3155 3842 3354 3896 milites
3396 3841 3600 3908 mittit;

2018 3940 2111 3995 sed
2145 3939 2498 4009 pecuniarum
2521 3951 2710 3992 amore
2735 3937 2901 4007 aliqui
2930 3950 3120 3994 eorum
3147 3934 3597 4005 decepti,belluai

2021 4031 2372 4086 commissum
2391 4044 2656 4102 peragere
2683 4029 3056 4102 neglexerunt,
3101 4028 3228 4098 quia
3277 4041 3419 4096 saepe
3470 4039 3602 4080 con-

2021 4121 2178 4193 tingit
2196 4130 2256 4176 ut
2292 4121 2346 4176 hi
2367 4123 2566 4193 quibus
2591 4119 2945 4176 sacerdotalis
2965 4118 3201 4189 dignitas
3239 4133 3302 4171 ac
3340 4114 3602 4186 spiritalis

2020 4213 2206 4284 agonis
2237 4214 2429 4268 militia
2451 4215 2739 4269 commissa
2769 4221 2873 4278 est,
2896 4227 2996 4282 per
3023 4211 3370 4281 cupiditatem
3429 4217 3603 4262 terre-

2021 4317 2146 4357 nam
2181 4303 2410 4373 decepti,
2442 4304 2616 4374 magis
2658 4301 2904 4358 avaritia:
2957 4315 3070 4356 suae
3098 4297 3416 4355 satisfacere
3441 4294 3606 4350 velint

2020 4409 2206 4465 quam,
2233 4395 2557 4465 contemptis
2584 4393 2815 4448 terrenis
2840 4391 3162 4456 commodis,
3192 4387 3393 4445 Christi
3408 4385 3600 4441 volun-

2023 4496 2188 4541 tatem
2219 4486 2456 4555 legitime
2479 4485 2768 4557 pugnando
2797 4483 3073 4540 extollere.
3108 4481 3216 4537 Sed
3253 4479 3389 4534 tales
3416 4491 3609 4547 pateas

2022 4577 2245 4632 meritas
2292 4591 2399 4631 non
2431 4575 2691 4637 evadent;
2723 4575 2856 4643 quin
2890 4573 3068 4642 potius
3100 4587 3222 4628 cum
3257 4569 3370 4623 veri
3411 4567 3602 4621 docto-

2024 4686 2132 4735 res,
2158 4669 2366 4739 Spiritu
2414 4668 2507 4722 Dei
2545 4665 2858 4729 confortati,
2887 4666 3073 4721 hostes
3106 4659 3398 4733 pmliando
3423 4670 3488 4712 ac
3509 4671 3606 4710 su-

2018 4758 2258 4828 perando
2313 4757 2707 4820 exstinxerunt,
2751 4755 2854 4824 ipsi
2909 4753 2978 4808 ab
3021 4752 3100 4806 eis
3138 4747 3499 4804 anathematis
3527 4744 3602 4800 ul-
3693 4779 3708 4794 .

2024 4852 2170 4906 tione
2194 4851 2340 4921 juste
2360 4848 2677 4920 punientur.

2095 4943 2161 4996 At
2177 4941 2495 5005 Timotheus,
2518 4939 2608 5009 qui
2634 4939 2782 5008 prius
2815 4935 2988 5005 fuerat
3024 4951 3056 4987 a
3079 4932 3283 4988 Iudaeis
3306 4937 3605 5000 superatus,

2027 5044 2308 5090 convocato
2363 5032 2601 5087 exercitu
2641 5029 2926 5100 peregrina:
2956 5025 3330 5089 multitudinis,
3370 5031 3472 5078 etc.
3510 5020 3599 5075 Ti-

2029 5124 2280 5179 motheus
2299 5122 2400 5176 iste
2428 5129 2579 5176 tenet
2612 5129 2796 5189 typum
2827 5117 3231 5180 haereticorum,
3259 5115 3401 5169 sicut
3429 5111 3482 5165 in
3507 5125 3601 5163 su-

2027 5211 2230 5283 periori
2266 5211 2404 5266 libro
2428 5209 2942 5272 demonstravimus,
2966 5206 3058 5276 qui
3082 5213 3190 5262 tam
3223 5219 3320 5274 per
3347 5216 3404 5257 se
3440 5212 3600 5268 quam

2027 5319 2125 5374 per
2150 5302 2375 5358 aliorum
2399 5299 2660 5355 auxilium
2705 5307 2763 5354 et
2793 5297 3072 5366 suffragia,
3110 5295 3269 5349 ﬁdem
3297 5285 3495 5344 Christi
3537 5298 3602 5374 ac

2025 5370 2310 5449 veritatem
2343 5389 2619 5462 Evangelii
2651 5388 2930 5444 destruere
2959 5385 3206 5439 nituntur
3226 5389 3478 5446 semper;

2025 5469 2212 5540 contra
2243 5483 2467 5537 istorum
2490 5461 2786 5549 nequitiam
2808 5476 3058 5531 doctores
3083 5468 3255 5526 sancti
3293 5483 3323 5520 a
3377 5461 3603 5518 Domino

2026 5575 2283 5630 auxilium
2306 5579 2515 5643 petunt,
2540 5570 2746 5640 ipsique
2792 5573 2937 5620 certa
2971 5576 3067 5631 spe
3099 5561 3166 5613 de
3193 5555 3396 5612 cmlcsti
3428 5549 3602 5606 conﬁ«-

2025 5669 2212 5724 dentes
2262 5662 2570 5733 .adjutorio,
2622 5667 2806 5713 contra
2856 5656 3039 5709 hostes
3079 5647 3292 5704 fortiter
3338 5648 3596 5714 pugnant.
