3928 6168
341 288 482 347 ηις

988 284 1050 338 Β.
1090 280 1343 337 RABANI
1379 277 1598 334 MAURI
1638 275 1953 332 ARClllEl’.
1988 272 2298 330 MOGUNT.
2338 270 2620 329 OPERUM
2658 268 2837 326 PARS
2877 267 2918 325 l.

3458 268 3602 325 12H

342 403 563 473 Equites
598 406 778 455 autem
816 396 1076 467 quinque,
1116 393 1207 463 qui
1247 394 1300 446 in
1349 389 1505 460 equis
1547 393 1913 458 apparuerunt
1940 389 1989 447 Α
2021 385 2236 439 tandem
2264 398 2360 438 sua
2392 380 2706 437 confusione
2726 387 2968 443 coactus,
3001 394 3064 434 ac
3088 377 3319 449 Philippi
3343 380 3607 450 irruptio-

342 510 465 550 cum
493 491 661 547 frenis
689 488 868 543 aureis
895 485 1095 549 decori,
1120 499 1184 537 ac
1206 482 1406 538 Judmis
1422 482 1673 535 ducatum
1697 485 1915 547 praesta-

342 583 493 646 bant,
525 581 759 650 quinque
793 577 959 632 libros
984 576 1116 643 legis
1146 572 1473 645 significant,
1496 571 1692 640 quibus
1723 570 1789 623 ad
1812 568 1917 636 spi-

349 674 556 728 ritalem
586 669 863 725 scientiam
888 666 1123 722 redactis
1147 679 1211 719 ac
1240 665 1306 718 de
1334 663 1516 734 typico
1538 660 1804 715 velamine
1830 658 1918 713 lit-

348 773 474 817 terae
501 760 567 814 ad
592 774 807 814 sensum
841 756 1114 826 Evangelii
1155 753 1381 824 spiritali
1402 752 1627 807 scientia
1643 750 1914 814 retractis,

343 858 702 921 opportunum
750 846 998 901 solatium
1041 844 1155 898 suis
1189 845 1435 913 prmbent
1486 841 1914 904 exsecutoribus,

346 957 410 995 ac
445 954 607 994 veros
627 936 967 992 confessores
988 934 1192 989 Christi
1233 948 1331 1003 per
1365 932 1471 987 duo
1493 940 1760 1001 praecepta
1785 930 1917 985 cha-

345 1030 524 1086 ritatis
553 1028 742 1082 dextra
770 1026 1009 1094 lzevaque
1032 1030 1270 1085 tuentes,
1297 1022 1352 1075 in
1380 1020 1723 1075 adversarios
1749 1016 1915 1088 ignita

344 1120 730 1177 sententiarum
772 1116 873 1171 tela
895 1116 1122 1186 jactant,
1154 1128 1185 1168 e
1215 1112 1411 1182 quibus
1437 1110 1679 1165 carcitate
1719 1107 1923 1162 mentis

344 1210 574 1276 confusi,
599 1208 787 1279 repleti
822 1204 1227 1277 perturbatione
1256 1217 1447 1257 sensus
1478 1201 1697 1254 cadunt.
1732 1199 1809 1251 Ex
1833 1198 1919 1253 his

345 1310 527 1357 autem
552 1298 740 1370 viginti
770 1297 934 1351 millia
962 1303 1016 1351 et
1036 1293 1314 1364 quingenti
1338 1298 1772 1362 prosternuntur,
1796 1302 1917 1343 cum

344 1407 534 1449 omnes
559 1391 651 1460 qui
673 1388 953 1445 catholicae
976 1382 1256 1450 doctrinae,
1277 1398 1398 1452 qua:
1426 1383 1480 1436 in
1509 1382 1719 1436 duobus
1737 1378 1923 1434 Testa-

346 1482 544 1537 mentis
583 1488 682 1542 est,
732 1487 790 1533 et
829 1476 1063 1547 Spiritus
1092 1473 1266 1529 sancti
1303 1472 1492 1545 gratia:
1526 1470 1802 1526 contraria
1833 1484 1923 1523 sa-

344 1574 519 1644 piunt,
544 1570 770 1626 veritate
797 1569 1070 1634 vincente,
1108 1572 1433 1636 superantur
1465 1571 1629 1633 atque
1655 1562 1923 1632 dejicien-

347 1672 465 1728 tur;
512 1661 760 1717 similiter
788 1666 843 1715 et
886 1658 1094 1728 equites
1119 1657 1361 1712 sexcenti
1387 1663 1763 1718 conteruntur,
1798 1667 1921 1707 cum

2018 488 2087 529 ne
2123 474 2179 527 in
2208 486 2433 542 regnum
2459 470 2806 541 perterritus,
2838 470 2980 523 sicut
3003 466 3135 523 alibi
3165 468 3605 523 demonstratum

2017 569 2119 623 est.
2140 561 2414 631 persuasit
2431 561 2547 626 regi
2574 573 2765 629 pacem
2793 557 2973 613 faccre
2997 571 3121 613 cum
3144 556 3402 622 Hebraeis,
3432 573 3600 626 quam

2019 659 2200 705 tamen
2229 665 2336 706 non
2365 648 2625 705 servavit.

2618 779 2846 837 CAPUT
2894 779 2983 834 XI.

2019 894 2254 950 Conatur
2290 894 2489 966 Lysias
2517 889 3088 966 expugnarejudaeos
3124 899 3190 966 _et
3249 889 3604 966 sacerdotium

2091 959 2590 1020 vendere.'Mittitur'
2621 959 2790 1017 a'Deo
2817 961 3021 1016 Iudicis
3055 959 3325 1030 episwpus
3367 960 3422 1012 in
3465 970 3604 1013 veste

2092 1035 2318 1089 candida
2334 1034 2387 1087 in
2404 1032 2685 1096 auxilium,
2706 1039 2810 1085 etc.

2094 1123 2160 1176 Et
2190 1122 2501 1194 appropians
2525 1120 2819 1183 Bel/rsum,
2855 1133 2974 1188 quae
3015 1125 3127 1170 erat
3156 1118 3212 1170 in
3241 1126 3465 1186 angusto
3488 1116 3603 1169 loco

2022 1215 2086 1269 ab
2134 1212 2481 1284 Jerosolyma,
2532 1202 2806 1265 interuallo
2847 1209 3073 1280 quinque
3112 1207 3432 1272 stadiorum,
3464 1206 3601 1260 illud

2021 1304 2322 1376 praesidium
2370 1302 2719 1373 expugnabat.
2778 1299 3041 1354 Bcthsura
3085 1298 3278 1353 civitas
3337 1298 3390 1351 in
3451 1297 3594 1350 tribu

2022 1392 2173 1449 Iudae
2195 1407 2290 1448 seu
2316 1376 2757 1460 Benjamin‘fuit,
2796 1398 2852 1444 et
2898 1403 3069 1457 usque
3113 1388 3276 1442 hodie
3328 1386 3601 1441 Bethsura

2024 1486 2239 1539 videtur
2265 1482 2516 1539 euntibus
2546 1482 2699 1538 nobis
2729 1482 2796 1536 ab
2817 1480 2961 1535 IElia
2986 1479 3051 1534 ad
3083 1479 3298 1534 liebron
3340 1479 3607 1534 vicesimo

2025 1576 2232 1645 lapide;
2261 1573 2415 1645 juxta
2450 1590 2609 1645 quam
2649 1571 2786 1637 fons,
2832 1570 2899 1625 ad
2939 1571 3173 1625 radicem
3224 1569 3423 1625 montis
3455 1569 3605 1624 ebul-

2026 1665 2182 1733 liens,
2215 1667 2282 1721 ab
2320 1665 2507 1720 eadem
2534 1664 2586 1719 in
2615 1680 2719 1734 qua
2750 1662 2986 1734 gignitur
3018 1662 3265 1716 sorbetur
3297 1660 3496 1726 humo;
3549 1669 3608 1714 ct

346 1751 600 1822 superbia
622 1749 824 1805 mentis
845 1763 1057 1813 eorum,
1088 1762 1193 1816 qua
1221 1760 1365 1815 saepe
1399 1743 1698 1814 praevalere
1734 1743 1927 1797 catho-

2040 1758 2396 1829 apostolorum
2435 1756 2601 1812 Actus
2638 1755 2878 1810 referunt
2915 1754 3218 1809 eunuchum
3243 1752 3509 1808 Candacis
3528 1769 3611 1808 rc-

347 1843 465 1898 licis
487 1844 802 1912 sperabant,
827 1854 1059 1909 superno
1083 1846 1214 1892 nutu
1236 1835 1475 1906 perfecte
1503 1836 1880 1889 destruantur.

420 1932 718 1986 Timotheus
753 1938 927 1983 autem
956 1928 1189 1997 confugit
1218 1928 1273 1979 in
1300 1923 1588 1986 Gazaram,
1610 1922 1918 1992 prwsidium

347 2021 625 2080 munitum.
651 2021 735 2074 cui
760 2029 983 2089 prmerat
1011 2016 1275 2072 Chaereas.
1302 2014 1639 2069 Machabazus
1664 2022 1839 2067 autem
1873 2021 1921 2067 et

347 2113 438 2182 qui
461 2128 579 2166 cum
606 2128 665 2166 eo
704 2120 852 2165 erant
879 2110 1115 2164 lmtantes
1139 2109 1450 2162 obsederunt
1475 2106 1779 2177 praesidium
1808 2105 1923 2159 die-

348 2202 443 2256 bus
466 2210 714 2272 quatuor,
741 2208 847 2255 etc.
874 2199 1012 2267 Quid
1062 2206 1147 2254 est
1198 2198 1341 2268 quod
1392 2197 1709 2251 Timotheus
1733 2210 1765 2250 a
1786 2195 1925 2250 Juda

347 2290 702 2359 superatusjn
730 2289 953 2345 Gazarat
987 2289 1298 2359 praesidium
1346 2286 1618 2343 munitum
1655 2302 1779 2343 eum
1813 2287 1927 2343 suis

362 2380 698 2452 confugiens,
729 2381 851 2437 inde
880 2381 1304 2444 maledictiones,
1332 2379 1569 2434 conlisus
1613 2378 1716 2434 loci
1758 2377 1929 2432 ﬁrmi—

354 2481 486 2539 tate,
532 2471 771 2540 iactabat
821 2473 875 2527 in
924 2470 1214 2541 populum?
1246 2470 1350 2524 nisi
1400 2469 1543 2537 quod
1587 2467 1829 2522 haeretici
1858 2468 1927 2523 ab

352 2563 559 2619 unitate
586 2570 750 2619 recta:
772 2562 897 2617 fidei
927 2561 1082 2616 divisi
1129 2574 1194 2613 ac
1239 2559 1498 2629 superati,
1527 2572 1775 2612 errorum
1802 2570 1928 2611 suo-

352 2669 472 2708 rum
502 2653 741 2708 latibulis
772 2667 831 2707 se
856 2652 1282 2715 committentes,
1322 2650 1643 2705 conﬁdendo
1673 2649 1926 2704 versutia:

350 2759 463 2798 sua:
494 2744 814 2808 munimine,
859 2740 1256 2796 maledictionis
1301 2740 1467 2795 verba
1492 2738 1701 2808 jactant
1737 2745 1928 2792 contra

354 2834 668 2890 catholicos.
697 2833 1093 2904 Interpretatur
1139 2832 1284 2887 enim
1320 2831 1637 2886 Timotheus
1667 2828 1928 2898 beneﬁcus

351 2928 467 2983 sive
504 2927 676 2998 magis
700 2925 979 2994 veneﬁcus,
998 2932 1051 2978 et
1072 2924 1299 2987 Gazara,
1332 2922 1515 2976 divisio
1531 2922 1645 2977 sive
1667 2921 1926 2992 prmlium.

353 3016 461 3073 Sed
489 3016 657 3073 Judas
683 3031 808 3073 cum
829 3016 994 3073 sociis
1019 3023 1251 3086 quatuor
1274 3014 1463 3070 diebus
1489 3014 1798 3083 praesidium
1827 3013 1927 3069 ob-

352 3111 560 3176 sidens,
599 3114 811 3166 tandem
838 3124 936 3180 per
961 3109 1151 3179 viginti
1173 3107 1422 3177 juvenes,
1453 3121 1716 3162 accensos
1736 3105 1933 3160 animis
1960 3086 2006 3150 Ο

353 3209 579 3271 propter
604 3200 1015 3270 blasphemiam,
1041 3199 1397 3253 munitionem
1414 3196 1629 3267 irrupit,
1648 3204 1932 3264 turresque

355 3299 415 3345 et
443 3298 627 3362 portas
657 3289 1290 3358 succendit,atqueipsos
1313 3287 1603 3341 maledicos
1620 3287 1770 3342 vivos
1806 3301 1933 3340 con-

356 3381 653 3446 cremavit;
682 3395 805 3434 cum
843 3380 1092 3434 doctores
1121 3379 1293 3434 sancti
1319 3386 1553 3448 quatuor
1565 3377 1844 3448 Evangelii
1866 3376 1933 3430 li-

360 3471 474 3525 bris
497 3471 679 3526 hostes
699 3469 934 3539 undique
964 3469 1323 3534 obcludendo,
1374 3483 1473 3538 per
1516 3483 1611 3523 eos
1654 3467 1745 3536 qui
1796 3467 1933 3537 legis

359 3559 613 3613 mandata
641 3573 739 3628 per
759 3558 866 3613 duo
887 3567 1156 3628 praecepta
1177 3556 1461 3611 charitatis
1505 3555 1840 3622 custodiunt,
1869 3554 1938 3609 il-

358 3648 534 3706 lorum
562 3649 840 3704 machinas
871 3648 1196 3713 destruunt,
1276 3655 1439 3716 atque
1470 3646 1618 3717 ipsos
1642 3647 1767 3717 igne
1788 3645 1938 3702 dolo-

358 3743 434 3798 ris
481 3758 547 3798 ac
589 3742 921 3813 paenitentiae
962 3740 1115 3797 vivos
1139 3740 1498 3796 comburunt:
1534 3739 1720 3809 sicque
1745 3738 1928 3804 biduo,

361 3834 591 3893 duorum
617 3832 1091 3889 Testamentorum
1135 3829 1305 3903 [ope],
1358 3829 1667 3900 przesidium
1713 3837 1938 3884 cuncto-

361 3939 483 3980 rum
510 3939 759 3979 crrorum
801 3924 1168 3987 devastantes,
1212 3936 1400 3976 verum
1441 3919 1805 3982 Timotheum,
1833 3918 1937 3973 hoc

359 4024 445 4070 est
476 4014 766 4079 diabolum,
798 4021 961 4084 caput
1009 4011 1184 4068 omnis
1215 4008 1419 4066 erroris
1465 4016 1628 4078 atque
1656 4014 1935 4062 auctorem

360 4105 531 4160 totius
561 4104 710 4171 mali,
751 4105 807 4159 in
838 4119 936 4159 sua
972 4103 1213 4173 nequitia
1240 4100 1461 4156 latitare
1482 4098 1776 4164 volentem,
1815 4096 1933 4168 gla-

363 4196 453 4253 dio
480 4196 574 4251 Dei
601 4198 752 4251 verbi
773 4195 1126 4251 interficiunt.

432 4288 634 4354 Quibus
661 4289 818 4359 gestis
838 4289 897 4343 in
918 4288 1126 4358 hymnis
1157 4297 1205 4342 et
1234 4287 1647 4358 confessionibus
1669 4286 1941 4340 benedice-

363 4380 484 4435 bant
512 4378 812 4445 Dominum,
853 4381 943 4451 qui
976 4395 1167 4450 magna
1195 4378 1316 4450 fecit
1347 4379 1404 4432 in
1452 4377 1647 4443 Israel,
1685 4386 1735 4431 et
1778 4377 1942 4431 uicto-

2023 1850 2160 1921 ginae
2185 1851 2235 1904 in
2254 1851 2357 1905 hoc
2372 1864 2490 1904 esse
2510 1864 2539 1902 a
2558 1847 2803 1917 Philippo
2820 1847 3170 1917 baptizatum.
3187 1844 3322 1917 (Act.
3343 1846 3484 1914 vni.)

2096 1937 2163 1993 Ut
2195 1948 2370 1993 autem
2394 1937 2754 2002 Machabwus,
2782 1946 2831 1991 et
2850 1938 2940 2004 qui
2965 1953 3082 1990 cum
3105 1954 3163 1990 eo
3197 1944 3370 2001 erant,
3414 1952 3607 2005 cogno-

2022 2037 2203 2083 verunt
2228 2029 2522 2098 expugnari
2554 2028 2822 2097 prtrsidia,
2856 2043 2972 2080 cum
3005 2026 3131 2095 ﬂetu
3152 2034 3197 2079 et
3227 2024 3475 2095 lacrymis
3516 2042 3600 2078 ro-

2022 2119 2213 2191 gabant
2247 2119 2554 2184 Dominum,
2598 2125 2703 2173 etc.
2748 2117 2898 2184 Quod
2924 2116 3114 2188 Lysias
3150 2114 3451 2171 Iudaeorum
3511 2115 3612 2170 ho-

2024 2211 2124 2267 stis
2152 2211 2506 2277 smvissimus,
2556 2210 2649 2280 qui
2684 2198 3016 2282 paganorum
3051 2215 3197 2263 tenet
3226 2208 3613 2278 principatum,

2026 2303 2164 2377 [eos]
2205 2305 2295 2374 qui
2327 2302 2622 2359 Ecclesiam
2650 2302 2745 2357 Dei
2775 2301 3111 2373 gravissimis
3134 2298 3396 2355 infestant
3422 2314 3610 2369 perse—

2027 2393 2353 2459 cutionibus,
2386 2392 2675 2465 signiﬁcet,
2699 2390 2815 2461 jam
2847 2392 3047 2447 dictum
3073 2398 3176 2445 est.
3204 2389 3255 2445 is
3273 2405 3398 2444 cum
3424 2388 3615 2443 docto-

2028 2501 2117 2541 res
2139 2494 2194 2540 et
2227 2482 2571 2539 confessores
2606 2481 2806 2537 Christi
2838 2479 3173 2552 gravissimis
3202 2478 3474 2534 scandalis
3497 2495 3612 2547 per-

2030 2570 2299 2647 sequitur,
2351 2590 2417 2631 ac
2471 2573 2612 2629 fastu
2666 2572 2930 2643 superbire
2982 2587 3093 2626 sua:
3157 2570 3415 2633 innitens,
3469 2570 3611 2624 inani

2030 2665 2217 2723 favore
2265 2666 2366 2720 sibi
2430 2662 2875 2734 subsequentium
2905 2660 3202 2726 extollitur,
3241 2661 3611 2716 sanctum-ium

2030 2757 2340 2829 profanare,
2373 2764 2428 2811 et
2461 2755 2636 2826 legem
2669 2754 2764 2810 Dei
2796 2754 3119 2809 conculcare
3148 2753 3312 2809 corde
3350 2751 3570 2805 molitur
3597 2767 3613 2803 :

2034 2850 2127 2905 sed
2175 2849 2228 2903 in
2272 2847 2482 2902 actibus
2530 2846 2642 2901 suis
2689 2844 2982 2900 secundum
3015 2843 3335 2913 dispositam
3368 2840 3619 2896 fraudem

2034 2956 2138 2995 non
2162 2946 2532 3011 prosperatur,
2587 2937 2714 3008 quin
2762 2936 2940 3006 potius
2988 2950 3019 2988 a
3076 2933 3341 2988 militibus
3389 2931 3623 2991 Christi,

2035 3031 2127 3102 qui
2156 3020 2469 3086 humillimis
2495 3021 2747 3100 precibus
2761 3042 3053 3098 supernum
3069 3034 3317 3096 quaerunt
3331 3024 3618 3085 auxilium,

2046 3117 2262 3192 fugatur
2287 3128 2448 3191 atque
2475 3118 2859 3191 prosternitur.
2905 3117 3109 3185 Quibus
3140 3118 3336 3172 ductor
3366 3131 3536 3186 eques
3565 3115 3618 3169 in

2035 3218 2188 3268 veste
2224 3211 2453 3267 candida
2479 3218 2536 3266 et
2562 3210 2730 3265 armis
2758 3209 2938 3265 aureis
2976 3209 3031 3263 in
3062 3207 3324 3263 auxilium
3359 3207 3617 3272 mittitur,

2033 3305 2159 3375 quia
2192 3304 2322 3373 ipsis
2350 3302 2709 3358 mundissima
2754 3301 2849 3357 Dei
2892 3310 2948 3357 et
2990 3300 3269 3356 hominum
3309 3298 3615 3353 iucarnatiu

2037 3395 2105 3451 ad
2130 3393 2515 3450 conterendam
2543 3393 2922 3449 universorum
2946 3392 3185 3447 hostium
3211 3390 3616 3445 contumaciam

2037 3485 2386 3551 conceditur;
2418 3483 2571 3555 cujus
2602 3500 2751 3540 arma
2777 3500 2961 3550 aurea,
2987 3486 3089 3540 hoc
3107 3483 3348 3539 estdicta
3366 3491 3421 3537 ct
3438 3496 3619 3536 exem-

2035 3576 2144 3649 pla,
2176 3576 2478 3631 clarissima
2508 3583 2670 3647 atque
2701 3575 2945 3648 speciosa
2976 3583 3143 3641 sunt;
3197 3588 3296 3629 nec
3345 3581 3434 3629 est
3472 3583 3621 3642 pote«

2038 3675 2152 3723 stas
2184 3668 2237 3722 in
2267 3667 2427 3734 creto,
2460 3682 2636 3739 neque
2673 3667 2728 3723 in
2765 3675 2931 3735 terra,
2959 3681 3135 3738 neque
3161 3665 3354 3722 subtus
3392 3676 3621 3728 terram,

2040 3772 2160 3828 qua:
2191 3757 2316 3813 huic
2344 3757 2519 3829 possit
2552 3758 2827 3813 resistere.

2113 3847 2220 3903 Sed
2246 3848 2387 3903 sicut
2422 3847 2475 3902 in
2509 3847 2732 3904 Daniele
2752 3846 3066 3918 prophetica
3098 3845 3302 3901 visione
3322 3846 3621 3915 praesigne-

2040 3950 2153 3996 tum
2184 3949 2267 3996 est
2296 3940 2457 4010 (Dan.
2493 3940 2579 4014 ιι),
2635 3941 2774 4012 lapis
2794 3942 2860 3997 de
2890 3949 3071 3996 monte
3092 3942 3364 4012 pretiosus
3393 3940 3622 4014 [abscis-

2041 4030 2157 4104 sus]
2188 4032 2302 4087 sine
2329 4032 2599 4095 manihus,
2626 4031 2947 4087 comminuit
2966 4039 3629 4102 aurum,argentum,:es,

2040 4121 2266 4187 ferrum,
2309 4130 2363 4177 ct
2388 4120 2565 4177 factus
2602 4129 2867 4178 estmons
2903 4137 3128 4193 magnus
3161 4121 3252 4191 qui
3284 4121 3471 4191 implet
3498 4122 3629 4177 uni-

2046 4225 2256 4267 versam
2286 4220 2509 4279 terram,
2546 4212 2699 4283 cujus
2731 4227 2957 4284 regnum
2988 4214 3040 4267 in
3072 4220 3333 4267 aeternum
3361 4228 3469 4267 non
3506 4212 3625 4270 dis-

2044 4301 2328 4373 sipabitur,
2361 4310 2414 4357 et
2442 4318 2664 4372 regnum
2709 4304 2827 4374 ejus
2878 4303 3076 4374 populo
3110 4303 3265 4359 alteri
3300 4319 3406 4358 non
3441 4305 3629 4361 trade-

2045 4400 2151 4459 tur,
2184 4393 2515 4448 comminuet
2560 4402 2614 4448 ct
2645 4403 2930 4449 consumet
2962 4395 3214 4451 universa
3259 4410 3425 4466 regna
3467 4395 3628 4451 Chri-

364 4470 497 4524 riam
534 4470 676 4524 dedit
730 4470 857 4536 illis,
890 4478 995 4525 etc.
1039 4469 1096 4523 ln
1126 4470 1310 4539 priore
1340 4468 1499 4538 hujus
1535 4468 1773 4523 historize
1800 4467 1928 4523 libro

2042 4455 2179 4546 stus,
2202 4491 2255 4536 et
2280 4481 2443 4536 stabit
2472 4482 2524 4535 in
2544 4490 2827 4536 alternum.
2850 4481 3161 4552 Suscipient
3182 4455 3365 4539 autem
3388 4499 3627 4556 regnum

361 4561 620 4632 scriptum
645 4570 729 4617 est
753 4563 895 4632 quod
920 4562 1128 4633 Lysias,
1155 4563 1534 4618 commendato
1576 4562 1676 4618 sibi
1722 4562 1790 4616 ab
1827 4562 1938 4616 An-

365 4655 563 4720 tiocho,
588 4656 678 4725 qui
701 4655 1111 4726 cognominatus
1133 4662 1217 4709 est
1241 4655 1546 4725 Epiphanes
1568 4655 1683 4708 sive
1705 4652 1935 4719 Nobilis,

292 4775 304 4789 ο
364 4751 578 4819 negotio
610 4750 779 4820 regni,
808 4749 1149 4803 dimicaverit
1176 4757 1364 4803 contra
1410 4747 1644 4812 Judzeos,
1672 4748 1760 4802 ubi
1789 4762 1937 4802 com-

366 4841 531 4894 misso
560 4840 741 4909 prtelio
769 4839 1051 4896 interfecta
1071 4849 1201 4895 sunt
1228 4840 1280 4894 in
1308 4840 1551 4894 exercitu
1578 4838 1749 4909 Lysia)
1779 4839 1937 4908 quin-

366 4945 470 4998 que
487 4930 653 4984 millia
673 4932 943 4997 virorum;
969 4931 1262 5002 vidensque
1290 4930 1480 5001 Lysias
1508 4944 1726 4985 suorum
1750 4927 1934 5000 fugam

363 5031 419 5077 et
445 5020 751 5077 Judaeorum
779 5022 1083 5087 audaciam,
1109 5022 1240 5076 abiit
1285 5021 1338 5076 in
1378 5019 1722 5075 Antiochiam
1751 5027 1809 5073 ut
1834 5019 1936 5073 ite-

367 5128 487 5171 rum
519 5118 870 5182 congregaret
902 5114 1086 5181 copias
1122 5112 1420 5177 exercitus,
1453 5111 1795 5181 profecturus
1819 5125 1938 5163 rur-

366 5221 487 5262 sum
513 5202 849 5260 in-Judazam.
873 5203 1025 5259 Nunc
1048 5213 1228 5259 autem
1259 5205 1385 5275 quia
1412 5203 1649 5259 refertur
1670 5203 1813 5272 quod
1843 5203 1938 5256 ite-

366 5312 487 5350 rum
514 5295 616 5351 sub
642 5292 907 5349 Antiocho
939 5294 1206 5364 Eupatore
1253 5296 1461 5349 venerit
1502 5296 1553 5348 in
1593 5293 1853 5356 Jndteam,
1882 5301 1939 5347 et

368 5387 440 5442 ibi
481 5387 619 5443 bello
654 5385 945 5442 infeliciter
972 5392 1124 5456 gesto
1158 5386 1372 5458 fugiens
1415 5387 1645 5456 turpiter
1681 5386 1937 5449 evaserit,

369 5486 594 5547 apparet
615 5477 759 5547 quod
786 5477 929 5534 idem
959 5476 1149 5548 Lysias
1185 5478 1284 5531 sub
1307 5485 1536 5546 utroque
1586 5490 1713 5547 rege
1753 5475 1943 5529 Antio-

369 5569 495 5631 eho,
526 5568 626 5622 hoc
648 5573 755 5633 est,
784 5577 936 5638 patre
972 5577 1027 5624 et
1058 5567 1188 5633 filio,
1212 5576 1399 5641 contra
1427 5567 1643 5622 Judmos
1672 5578 1942 5637 pugnave-

375 5657 465 5720 t'it.
490 5665 540 5710 et
569 5657 621 5711 in
654 5666 883 5728 utraque
914 5674 1093 5732 pugna
1121 5674 1152 5714 a
1179 5657 1378 5715 Judmis
1408 5659 1583 5714 victus
1621 5657 1815 5725 fuerit;
1848 5659 1940 5714 sed

2039 4572 2209 4626 sancti
2248 4572 2346 4625 Dei
2371 4570 2640 4636 altissimi,
2662 4579 2718 4625 et
2744 4571 3063 4627 obtinebunt
3091 4572 3220 4627 illud
3244 4588 3418 4644 usque
3440 4574 3494 4628 in
3517 4589 3623 4628 sa:-

2055 4662 2259 4727 culum,
2276 4662 2367 4717 sed
2391 4662 2643 4717 saeculum
2673 4663 3012 4718 saeculorum.

2110 4753 2258 4807 Anno
2285 4752 2557 4807 centesimo
2577 4754 2974 4824 quadragesimo
2997 4766 3196 4821 octavo,
3220 4755 3461 4814 υἱοποιτὶ
3480 4778 3625 4815 men-

2035 4844 2107 4898 sis
2136 4843 2219 4925 die
2248 4843 2485 4897 vicesima
2506 4852 2712 4915 quarta.
2744 4842 2892 4914 Regis
2924 4844 3140 4915 epistola
3171 4846 3273 4899 ista
3299 4849 3624 4902 continebat:

2042 4930 2155 4986 Rex
2185 4932 2469 4986 Antiochus
2496 4931 2664 5003 Lysim
2694 4932 2848 5001 fratri
2877 4932 3120 4987 salutem.
3158 4933 3316 4989 Patre
3346 4947 3525 4991 nostro
3548 4939 3628 4991 in-

2040 5031 2118 5076 ter
2147 5022 2268 5076 deos
2305 5021 2577 5087 translato,
2621 5038 2713 5075 nos
2758 5010 2977 5076 volentes
3007 5039 3092 5077 eos
3119 5023 3209 5091 qui
3236 5033 3355 5077 sunt
3386 5025 3441 5077 in
3472 5042 3635 5097 regno

2041 5119 2218 5167 nostro
2245 5113 2357 5166 sine
2390 5112 2616 5166 tumultu
2655 5129 2824 5182 agere,
2863 5121 2910 5167 et
2936 5113 3084 5167 rebus
3113 5114 3222 5167 suis
3260 5113 3506 5170 adhibere
3540 5113 3626 5170 die

2040 5203 2326 5273 ligentiam,
2370 5204 2665 5257 audivimus
2708 5202 2926 5258 Judwos
2961 5220 3063 5257 non
3119 5205 3439 5258 consensisse
3482 5207 3625 5276 patri

2040 5310 2174 5359 meo,
2211 5304 2316 5349 etc.
2350 5293 2548 5349 Mensis
2582 5295 2687 5359 ille,
2729 5295 2821 5365 qui
2848 5294 2989 5365 apud
3021 5292 3239 5350 Grtucos
3267 5293 3466 5349 dicitur
3501 5297 3629 5350 1)ιο-

2043 5402 2230 5442 scorus
2252 5429 2267 5453 ,
2306 5387 2448 5441 idem
2494 5396 2576 5442 est
2616 5389 2707 5456 qui
2736 5396 2792 5443 et
2839 5382 2985 5457 apud
3013 5385 3234 5441 Latinos
3268 5395 3489 5441 vocatur
3526 5385 3622 5440 Ju-

2044 5477 2185 5531 nius.
2228 5476 2364 5531 Huic
2391 5492 2520 5547 ergo
2562 5477 2732 5533 mensi
2767 5475 3119 5532 Geminorum
3152 5475 3304 5546 signa
3344 5474 3622 5530 ascribun-

2043 5577 2151 5623 tur.
2198 5565 2334 5621 Nam
2377 5564 2608 5633 Gemini,
2660 5567 2711 5623 id
2749 5576 2833 5622 est
2868 5566 3063 5622 Castor
3092 5574 3147 5620 ct
3190 5563 3403 5631 Pollux,
3444 5565 3622 5619 Gnecc

2047 5656 2287 5714 Dioscuri
2330 5666 2606 5713 vocantur.
2651 5658 2815 5730 Cujus
2854 5658 2933 5713 rei
2982 5656 3139 5712 testis
3176 5665 3259 5712 est
3293 5657 3423 5711 urbs
3456 5654 3620 5712 Collu-
