3928 6168
359 295 500 352 19.45
570 322 575 329 τ

1069 302 1419 361 COMMENT.
1459 303 1526 360 ΙΝ
1563 303 1807 361 LIBROS
1845 305 2422 372 HACHAILEORUM.
2462 346 2534 361 --
2566 319 2635 375 IN
2671 322 2799 377 LIB.
2839 323 2903 380 ll.

3477 338 3615 394 1241⁸

349 422 474 464 rum
524 408 663 483 (sic),
711 422 831 478 qua:
869 413 938 467 ab
973 412 1204 483 Amphio
1232 425 1289 469 et
1332 414 1532 482 Cireio,
1585 414 1933 472 Geminorum
1961 426 2007 483 Α
2037 417 2181 472 niam
2207 459 2223 483 ,
2280 437 2403 490 quae
2456 424 2839 496 interpretatur
2904 447 3087 497 mare,
3147 435 3615 497 schismaticormn

346 499 555 570 aurigis
588 499 782 563 fracta.
818 510 873 556 et
910 518 1096 557 eorum
1128 508 1345 562 nomine
1380 507 1620 562 Dioscori
1657 507 1935 577 cognomi-

349 600 476 646 nata
514 600 618 646 est.
662 593 798 648 Nam
845 595 1086 650 Dioscori
1128 597 1399 668 plerisque
1431 600 1632 670 auriga:
1667 599 1935 668 interpre-

348 693 560 749 tantur;
612 695 739 740 sunt
770 695 947 743 autem
981 689 1214 754 Gemini,
1239 699 1298 745 ut
1345 692 1597 754 diximus,
1647 691 1840 745 Castor
1882 700 1937 744 et

346 773 554 829 Pollux.
591 775 744 842 Quod
767 786 942 831 autem
982 778 1201 850 Lysias,
1244 781 1437 834 timore
1477 779 1779 859 Judazorum
1806 794 1936 833 con-

2039 508 2454 566 conciliabulum
2479 552 2495 578 ,
2530 516 2621 584 qui
2651 531 2863 587 semper
2901 520 2959 574 in
3002 529 3323 593 tempestate
3351 537 3499 594 sunt,
3541 534 3617 586 iu-

2038 601 2201 669 telligi
2245 606 2461 672 poterit.
2512 605 2760 664 Schisma
2793 625 2922 682 ergo
2947 652 2961 679 ,
3010 623 3071 669 ut
3119 617 3337 685 quidam
3392 621 3614 688 volunt,

2037 691 2340 749 abseissura
2373 704 2458 751 est
2471 711 2959 771 morum-vocatum
2987 722 3000 759 :
3030 707 3219 764 eodem
3264 711 3414 775 enim
3443 716 3615 781 cultu,

2033 783 2222 873 eodem
2278 786 2400 873 ritu.
2433 787 2621 853 credit,
2654 790 2721 846 de
2779 802 2998 860 caetero,
3035 798 3150 853 solo
3179 805 3641 873 congregationis‘

343 865 557 931 lhtctus,
604 866 870 922 Antiocho
898 871 1162 937 persuasit
1186 886 1305 924 cum
1344 869 1544 925 Judzeis
1568 879 1784 939 pactum
1826 869 1932 923 iui-
1964 865 2011 877 ”“
2034 868 2331 926 delectatur
2364 862 2586 932 dissidio
2614 894 2628 930 :
2659 876 2721 933 ﬁt
2758 889 2939 937 autem
2977 886 3213 942 sebisma
3254 862 3409 945 cum“
3425 862 3615 951 dicunt.

341 971 423 1020 re,
474 957 812 1013 demonstrat
858 959 1041 1014 hostes
1088 961 1340 1015 Ecclesite
1380 961 1584 1015 virtute
1626 960 1806 1014 divina
1832 975 1930 1014 sa:-

337 1062 407 1117 pe
445 1057 746 1118 superatos,
791 1056 846 1102 et
870 1048 998 1104 licet
1034 1064 1139 1103 non
1183 1050 1474 1115 voluntate,
1514 1058 1696 1103 tamen
1744 1064 1931 1104 neces-

337 1138 503 1192 sitate
537 1138 610 1192 illi
657 1138 871 1205 cedere,
918 1154 1039 1194 cum
1085 1140 1138 1195 id
1178 1141 1319 1210 quod
1359 1140 1547 1196 volunt
1572 1139 1641 1194 ad
1677 1138 1927 1195 allectum

336 1229 634 1298 perducere
676 1245 786 1284 non
829 1239 1074 1299 possunt.

411 1321 565 1376 Anno
583 1324 862 1378 centesimo
881 1324 1278 1394 quadragesimo
1299 1335 1500 1391 octavo,
1530 1323 1756 1380 Pandici
1782 1341 1926 1380 men-

332 1412 408 1468 sis
435 1413 668 1483 septimo,
702 1415 951 1468 miserunt
978 1423 1027 1467 et
1056 1413 1281 1469 Romani
1308 1415 1597 1486 epistolam,
1625 1424 1731 1471 etc.
1778 1414 1926 1470 Men-

332 1504 412 1560 sis
453 1503 722 1559 Pandicus
760 1505 900 1574 apud
944 1505 1303 1562 Athenienses
1351 1507 1463 1576 ipse
1509 1515 1593 1561 est
1641 1506 1733 1575 qui
1785 1505 1922 1574 apud

332 1612 434 1653 nos
460 1597 658 1667 Aprilis
678 1606 1020 1668 nuncupatur
1043 1605 1100 1652 et
1123 1597 1266 1667 apud
1294 1597 1546 1652 Hebraeos
1567 1595 1749 1662 Nisan,
1780 1594 1923 1663 apud

332 1701 501 1758 quos,
538 1687 692 1756 juxta
727 1688 860 1759 legis
895 1696 1253 1758 praeceptum,
1295 1687 1435 1741 idem
1472 1686 1673 1741 mensis
1710 1685 1921 1756 primus

2030 976 2217 1018 omnes
2244 980 2345 1019 nos
2367 967 2766 1027 sanetilieamus
2807 973 3139 1043 immundos,
3175 987 3231 1034 et
3258 981 3347 1036 his
3389 984 3607 1041 similia.

2029 1050 2317 1123 Cognoscit
2343 1064 2522 1112 autem
2543 1056 2709 1115 Iudas
2741 1060 3006 1119 Jamnitas
3020 1067 3135 1135 pari
3166 1070 3326 1125 modo
3353 1070 3533 1129 facere
3550 1085 3611 1130 ut
3706 1068 3715 1077 ’

2026 1140 2273 1212 Joppitze,
2298 1146 2595 1204 machinari
2630 1150 2852 1209 insidias
2874 1152 3074 1212 Judaeis
3106 1173 3286 1214 secum
3314 1163 3607 1219 habitanti—

2025 1234 2159 1301 bus,
2210 1252 2334 1291 eum
2392 1240 2644 1297 doctores
2684 1246 2855 1300 sancti
2903 1247 3084 1302 dolum
3131 1251 3604 1309 schismaticorum

2024 1325 2200 1382 fraudi
2226 1328 2600 1386 hmreticorum
2632 1334 2861 1390 similem
2888 1339 3300 1408 comperientes,
3332 1343 3606 1413 deceptio-

2023 1435 2147 1474 nem
2183 1420 2253 1473 ab
2294 1421 2374 1475 eis
2414 1431 2660 1479 metuunt
2703 1427 2937 1481 ﬁdelium
2969 1446 2982 1480 :
3012 1438 3200 1485 contra
3237 1448 3374 1501 quos
3403 1434 3602 1491 bellum

2021 1520 2261 1577 movent,
2278 1511 2410 1566 etin
2441 1513 2678 1569 tenebris
2699 1518 3099 1585 superstitionis
3120 1536 3215 1576 eos
3245 1522 3602 1586 invenientes.

2021 1604 2179 1659 simul
2201 1620 2325 1660 eum
2350 1608 2619 1664 machinis
2645 1625 2832 1665 eorum
2887 1627 2985 1680 per
3026 1615 3200 1683 ignem
3235 1618 3604 1674 excommuni-

2020 1696 2250 1753 cationis
2280 1707 2546 1765 exurunt;
2576 1700 2648 1754 ita
2686 1708 2743 1754 ut
2772 1702 3078 1756 incendium
3107 1719 3293 1759 eorum
3347 1717 3605 1776 appareat

331 1787 420 1835 est
461 1780 516 1835 in
559 1780 835 1836 mensibus
879 1780 1028 1835 anni.
1076 1781 1132 1835 in
1186 1794 1285 1835 tuo
1325 1779 1487 1834 etiam
1534 1778 1742 1835 Pascha
1781 1780 1922 1837 cele-
1948 1772 1995 1829 Β
2021 1782 2394 1855 Jcrosolymis,
2421 1788 2473 1841 id
2502 1796 2622 1853 est,
2659 1797 2720 1842 ut
2756 1804 2945 1844 eorum
2976 1794 3178 1847 erroris
3229 1772 3604 1852 manilestetur

330 1871 515 1926 brant.

940 1959 1168 2037 CAPUT
1205 1959 1318 2014 xu.

325 2072 558 2143 fappita:
584 2071 1029 2143 dalogocciderunt
1059 2071 1275 2143 Judteos
1297 2070 1564 2143 ducentos,
1602 2082 1657 2143 et
1686 2072 1780 2126 hos
1808 2074 1921 2127 vin-

400 2140 591 2197 dicavit
619 2141 811 2195 ludas.
846 2140 923 2194 De
944 2140 1177 2194 Arabum
1220 2141 1344 2194 viris
1372 2141 1582 2195 devictis
1615 2141 1916 2197 Timotheus

398 2231 432 2267 a
450 2211 485 2266 Ι
490 2211 594 2265 uda
618 2220 962 2281 expugnatur.
991 2210 1067 2264 De
1094 2210 1367 2279 sacriﬁciis
1394 2227 1487 2281 pro
1508 2211 1788 2280 defunctis,
1807 2220 1914 2267 etc.

397 2320 624 2392 Jappitie
643 2336 764 2374 vero
785 2319 888 2373 tale
905 2319 1168 2390 quoddam
1189 2319 1448 2390 ﬂagitium
1471 2331 1914 2391 perpetraverunt:

329 2420 638 2483 rogaverunt
686 2409 903 2465 Iudicas
935 2426 1053 2463 cum
1086 2408 1271 2480 quibus
1302 2409 1606 2463 habitabant
1639 2410 1916 2466 ascendere

325 2500 567 2571 scaphas,
588 2516 718 2570 quas
748 2508 1079 2570 paraverant,
1117 2516 1236 2561 cum
1260 2499 1509 2554 uxoribus
1529 2510 1579 2554 et
1604 2499 1753 2568 ﬁliis,
1785 2517 1917 2572 qua-

327 2592 373 2646 si
393 2589 551 2645 nullis
580 2589 866 2644 inimicitiis
896 2590 1031 2642 inter
1061 2605 1145 2643 eos
1166 2589 1573 2658 subiacentibus.
1614 2588 1914 2645 Secundum

327 2695 596 2734 commune
621 2679 794 2749 itaque
813 2677 1071 2732 decretum
1092 2677 1332 2741 civitatis,
1355 2687 1402 2731 et
1426 2679 1550 2748 ipsis
1582 2679 1913 2749 acquiescen-

326 2770 462 2824 tibus
483 2767 725 2839 pacisque
752 2783 913 2820 causa
953 2766 1080 2818 nihil
1115 2776 1405 2836 suspectum
1429 2767 1734 2821 habentibus
1753 2808 1768 2832 ,
1797 2785 1915 2821 cum

327 2865 383 2919 in
411 2863 577 2917 altum
596 2861 960 2932 processissent
981 2861 1365 2915 submerserunt
1391 2879 1493 2916 non
1523 2864 1694 2918 minus
1717 2864 1913 2920 ducen-

326 2964 427 3020 tos,
449 2963 555 3010 etc.
580 2952 804 3025 Joppitse
824 2968 950 3007 vero
973 2952 1081 3017 isti,
1106 2953 1171 3007 de
1191 2954 1385 3022 quibus
1403 2964 1590 3008 narrat
1613 2955 1912 3026 Scriptura,

326 3045 654 3103 habitatores
703 3043 922 3098 fuerunt
960 3044 1139 3114 oppidi
1189 3042 1485 3100 Palaestina:
1531 3047 1671 3114 quod
1718 3047 1915 3102 dicitur

324 3136 516 3207 Joppe,
544 3145 601 3192 et
625 3146 710 3192 est
741 3135 1073 3207 maritimum
1109 3134 1163 3188 in
1194 3135 1334 3189 tribu
1372 3136 1487 3190 Dan
1516 3138 1864 3193 constitutum
1892 3156 1905 3192 :
1937 3119 1982 3182 (ἶ

326 3237 379 3283 et
424 3236 484 3282 ut
523 3228 591 3283 de
625 3227 902 3299 gentilium
934 3225 1131 3281 fabulis
1165 3226 1367 3295 aliquid
1392 3228 1748 3298 perstringam
1769 3270 1784 3296 ,
1836 3229 1910 3284 ibi

327 3334 496 3389 usque
519 3320 681 3376 hodie
694 3334 821 3374 saxa
845 3326 1149 3373 monstrant
1167 3317 1441 3388 pmecelsa,
1470 3318 1523 3372 in
1546 3318 1725 3374 littore
1746 3319 1911 3374 maris

324 3414 449 3477 sita,
489 3412 541 3467 in
569 3412 764 3483 quibus
792 3410 1133 3466 Andromeda
1173 3410 1415 3480 religata,
1455 3425 1486 3463 a
1511 3409 1711 3464 Perseo
1740 3425 1911 3479 quon-

325 3504 450 3559 dam
478 3501 649 3558 fertur
687 3501 910 3556 liherata
939 3499 1124 3554 fuisse.
1165 3498 1469 3553 Secundum
1504 3506 1683 3552 autem
1728 3499 1911 3568 mysti-

326 3612 448 3653 cum
488 3610 739 3659 sensum,
782 3593 944 3649 iidem
989 3591 1213 3664 Joppitm
1248 3593 1373 3662 qui,
1417 3591 1720 3647 habitantes
1755 3591 1912 3660 juxta

326 3700 496 3749 mare,
531 3681 727 3738 Judaris
773 3682 1082 3737 scandalum
1111 3680 1373 3746 fecerant,
1404 3680 1707 3752 signiﬁcant
1735 3681 1909 3734 hatre-

328 3773 464 3829 ticos
498 3784 663 3841 prope
689 3767 880 3823 ﬂuetus
917 3769 1209 3823 turbulenti
1244 3768 1427 3827 seaculi
1463 3768 1789 3834 habitantes,
1818 3768 1911 3837 qui

327 3859 546 3924 iudicis,
600 3859 702 3915 hoc
727 3866 811 3912 est
837 3858 982 3913 veris
1008 3857 1412 3914 eunfessoribus
1444 3856 1669 3924 Christi,
1700 3872 1914 3926 semper

328 3949 670 4015 insidiantur,
701 3956 754 4002 et
779 3962 1123 4018 quoscunque
1153 3959 1396 4022 possunt,
1424 3950 1489 4005 de
1514 3964 1702 4005 eorum
1725 3965 1911 4004 nume-

328 4053 390 4094 ro
422 4039 474 4092 in
501 4037 703 4093 erroris
735 4038 817 4092 sui
848 4037 1055 4093 foveam
1091 4041 1405 4111 pertrahere
1449 4048 1719 4113 satagunt.
1749 4041 1914 4109 Quasi

326 4129 555 4198 scaphas
582 4143 711 4200 ergo
743 4126 969 4200 Joppitae
999 4130 1349 4195 constituunt,
1381 4131 1433 4184 in
1460 4133 1653 4201 quibus
1680 4128 1911 4198 Judzeos,

324 4233 355 4276 ει
397 4218 575 4273 littore
622 4219 900 4287 abductos,
929 4221 982 4273 in
1022 4218 1346 4291 profundum
1392 4221 1739 4295 demergunt,
1792 4238 1916 4278 cum

326 4310 583 4375 haeretici,
605 4310 853 4383 dogmata
879 4312 1059 4381 iniQua
1081 4314 1393 4377 candentes,
1416 4314 1642 4382 pulchro
1666 4330 1916 4371 sermone

323 4415 387 4457 ea
436 4402 700 4457 adornant
739 4420 754 4457 :
800 4404 942 4472 quod
985 4403 1121 4459 bene
1166 4404 1469 4475 signiﬁcare
1512 4415 1692 4477 potest
1734 4406 1917 4478 Joppi-

2018 1870 2292 1927 damnatio
2329 1876 2577 1930 omnibus
2603 1876 2899 1932 cultoribus
2929 1894 3074 1934 verre
3115 1882 3410 1952 religionis.
3448 1885 3604 1942 Unde

2018 1971 2075 2017 et
2098 1962 2297 2018 Paulus
2320 1964 2561 2020 scribens
2589 1965 2657 2020 ad
2682 1965 3023 2023 Timotheum
3049 1969 3412 2039 insipientium
3455 1989 3605 2030 erro-

2020 2069 2106 2109 res
2148 2054 2540 2110 manil‘estando
2567 2056 2643 2110 ait
2672 2075 2684 2109 :
2718 2057 2804 2128 (II
2853 2058 2988 2113 Tim.
3020 2060 3125 2131 nt.)
3157 2061 3275 2116 Hoc
3301 2073 3475 2118 autem
3497 2066 3603 2119 sci—

2016 2153 2120 2198 tote
2145 2145 2286 2214 quod
2325 2146 2382 2199 in
2419 2146 2712 2200 novissimis
2748 2146 2930 2202 diebus
2959 2149 3227 2204 instabunt
3253 2160 3485 2220 tempora
3511 2170 3602 2223 pe-

2018 2232 2267 2299 riculosa,
2316 2244 2367 2288 et
2409 2245 2561 2289 erunt
2605 2236 2837 2290 homines
2871 2237 3065 2305 seipsos
3095 2248 3358 2301 amantes,
3398 2241 3597 2308 cupidi,

2014 2327 2158 2392 elati,
2187 2328 2414 2398 superbi,
2442 2328 2758 2399 blasphemi,
2788 2329 3087 2399 parentibus
3116 2328 3488 2395 inobedientcs,
3514 2330 3597 2385 in-

2014 2416 2173 2486 grati,
2193 2416 2416 2482 scelesti,
2446 2418 2559 2472 sine
2586 2417 2883 2486 a/fectione,
2907 2419 3018 2471 sine
3038 2433 3185 2486 pace,
3214 2417 3590 2480 criminatores,

2013 2505 2408 2570 incontinentes,
2448 2506 2704 2571 immites,
2733 2506 2845 2559 sine
2868 2507 3181 2577 benignitate
3207 2516 3255 2560 et
3283 2507 3591 2576 proditores,

2012 2599 2274 2667 protervi,
2307 2598 2533 2661 tumidi,
2573 2596 2895 2667 voluptatum
2936 2608 3196 2651 amatores
3242 2599 3408 2667 magis
3435 2615 3594 2669 quam

2016 2685 2142 2750 Dei;
2179 2685 2424 2740 habentes
2461 2685 2671 2755 quidem
2702 2686 2921 2754 speciem
2956 2686 3193 2753 pietatis,
3234 2686 3471 2740 virtutem
3498 2704 3597 2740 au-

2014 2782 2115 2828 tem
2137 2774 2250 2843 ejus
2276 2775 2606 2843 abnegantes.
2638 2774 2705 2827 Et
2734 2776 2826 2828 hos
2867 2775 3035 2829 devita
3060 2792 3079 2829 :
3105 2792 3169 2829 ea:
3190 2777 3272 2829 his
3302 2777 3436 2831 enim
3471 2788 3592 2831 sunt

2011 2864 2101 2934 qui
2135 2874 2401 2933 penetrant
2430 2865 2610 2919 domos
2630 2904 2645 2929 ,
2673 2874 2721 2918 et
2748 2866 2977 2935 captivas
3013 2866 3210 2921 ducunt
3255 2867 3593 2923 mulierculas

2014 2965 2260 3010 oneratas
2280 2954 2524 3025 peccatis,
2547 2972 2664 3026 qua:
2684 2956 2950 3009 ducuntur
2968 2958 3125 3011 variis
3147 2959 3416 3013 desideriis
3429 2974 3448 3010 :
3464 2976 3595 3014 sem-

2013 3061 2105 3114 per
2126 3044 2380 3099 discentes
2407 3054 2453 3098 et
2478 3062 2742 3116 nunquam
2772 3045 2841 3099 ad
2866 3046 3137 3101 scientiam
3160 3048 3394 3103 veritatis
3416 3066 3595 3120 pervc-

2014 3137 2231 3191 nientes.
2272 3136 2724 3202 Quemadmodum
2763 3148 2938 3191 autem
2981 3137 3200 3193 Jamnes
3242 3150 3289 3193 et
3331 3139 3592 3196 Mambres

2013 3228 2311 3283 restiterunt
2338 3226 2530 3298 Moysi,
2560 3228 2634 3281 ita
2656 3237 2704 3282 et
2726 3227 2813 3282 isti
2837 3227 3083 3281 resistunt
3109 3229 3594 3287 veritati:homines

2014 3321 2278 3391 corrupti,
2314 3330 2481 3375 mente
2520 3322 2722 3391 reprobi
2759 3322 2898 3375 circa
2943 3321 3121 3382 Iidem.
3171 3321 3277 3377 Sed
3310 3322 3448 3376 ultra
3489 3339 3595 3377 non

2012 3411 2284 3481 proficient
2314 3428 2333 3464 :
2359 3410 2658 3479 insipientia
2696 3410 2836 3464 enim
2885 3426 3067 3463 eorum
3111 3410 3446 3479 manifestata
3495 3410 3593 3464 erit

2014 3500 2282 3565 omnibus,
2316 3500 2451 3553 sicut
2491 3509 2538 3553 et
2566 3498 2778 3554 illorum
2802 3499 2923 3570 fuit.
2970 3499 3231 3555 Similiter
3262 3508 3317 3555 et
3346 3501 3598 3570 princeps

2013 3588 2401 3656 apostolorum,
2426 3603 2777 3643 commonens
2815 3588 2995 3643 dolum
3028 3587 3380 3643 nefandorum
3421 3590 3596 3644 homi-

2013 3691 2141 3729 num
2175 3677 2583 3746 przecavendum
2610 3716 2625 3743 ,
2650 3668 2725 3730 ad
2766 3676 2949 3732 ﬁdeles
2991 3676 3067 3729 ait
3117 3676 3214 3747 (ΙΙ
3259 3675 3404 3731 Petr.
3458 3680 3585 3750 ut):

2021 3764 2125 3819 Vos
2149 3781 2292 3835 ergo,
2326 3765 2536 3834 fratres,
2569 3767 2896 3835 prwscientes
2934 3766 3218 3831 custodite,
3249 3783 3311 3820 ne
3349 3768 3596 3837 insipien-

2013 3855 2143 3909 tium
2164 3840 2340 3908 errore
2359 3854 2588 3908 traducti
2612 3854 2865 3909 excidatis
2890 3873 2921 3908 a
2940 3855 3153 3925 propria
3178 3854 3445 3923 ﬁrmitate.
3465 3854 3592 3913 Cre-

2014 3944 2140 3999 scite
2165 3961 2283 4000 vero
2321 3944 2379 3998 in
2418 3945 2590 4014 gratia
2622 3952 2669 3998 et
2699 3945 2989 4013 cognitione
3017 3944 3229 3999 Domini
3255 3945 3439 3999 nostri.
3482 3944 3593 4016 Ipsi

2015 4033 2183 4105 gloria
2207 4042 2254 4088 et
2278 4050 2414 4088 nunc
2439 4042 2487 4087 et
2517 4034 2571 4087 in
2596 4032 2679 4087 die
2701 4033 3027 4087 teternitatis.
3054 4033 3238 4088 Amen.

2090 4135 2238 4191 Unde
2262 4150 2380 4190 cum
2397 4135 2512 4205 jam
2538 4135 2784 4188 abiissent
2808 4149 2982 4188 novem
3005 4132 3211 4197 stadiis,
3243 4142 3292 4186 et
3326 4134 3426 4186 iter
3448 4132 3594 4202 face-

2018 4238 2129 4282 rent
2155 4228 2223 4281 ad
2258 4226 2609 4291 Timotheum,
2633 4235 2739 4281 etc.
2766 4224 3003 4289 Arabes,
3037 4227 3128 4295 qui
3167 4225 3595 4295 interpretantur

2016 4316 2236 4370 humiles
2262 4315 2380 4370 sive
2405 4314 2768 4376 occidentales,
2798 4322 3029 4383 possunt
3053 4327 3147 4368 eos
3171 4313 3479 4384 signiﬁcare
3498 4313 3593 4381 qui

2021 4406 2348 4460 mundanam
2397 4413 2559 4473 atque
2603 4402 2912 4458 szeeularem
2963 4403 3282 4472 sapientiam
3323 4402 3591 4472 diligunt;

325 4503 502 4552 tarum
531 4509 757 4561 nomen,
794 4495 1180 4565 interpretatur
1208 4498 1350 4553 enim
1380 4498 1747 4566 pulchritudo;
1784 4516 1919 4571 qna-
1947 4491 1996 4549 D
2022 4511 2140 4566 qua:
2170 4495 2364 4550 merito
2390 4493 2609 4549 humilis
2629 4501 2685 4548 et
2709 4492 3058 4548 occidentalis
3082 4492 3314 4557 dicitur,
3350 4492 3475 4562 quia
3504 4505 3593 4545 ve-

323 4595 481 4643 tenns
521 4583 733 4640 facilius
770 4586 1038 4655 simplices
1064 4603 1307 4658 quosque
1342 4588 1535 4659 lingua:
1576 4590 1910 4646 volubilitate

320 4674 612 4745 decipiant,
653 4690 787 4745 quos
813 4691 933 4729 cum
965 4692 996 4730 a
1024 4677 1317 4734 stabilitate
1353 4688 1515 4734 reetze
1552 4679 1677 4735 ﬁdei
1704 4682 1912 4737 abstra-

319 4767 512 4837 hentes
548 4765 651 4820 sibi
689 4765 1088 4831 eoadunarunt,
1137 4768 1190 4821 in
1240 4767 1555 4838 perditionis
1598 4770 1910 4825 barathrum

318 4858 567 4913 incautos
603 4857 957 4928 praecipitant.
1007 4858 1113 4912 Sed
1156 4857 1324 4914 Judas
1371 4860 1584 4930 typicus
1626 4861 1730 4916 hoc
1773 4861 1912 4914 mul-

318 4958 433 5002 tum
465 4946 582 5002 fore
611 4962 715 5002 non
745 4948 873 5002 sinit
899 4962 912 5000 :
941 4946 1068 5015 quin
1097 4948 1275 5017 potius
1304 4948 1599 5003 homicidas
1628 4949 1680 5003 in
1711 4951 1912 5005 erroris

316 5039 400 5093 sui
434 5036 673 5093 tenebris
712 5037 986 5092 latitantes
1026 5038 1322 5108 reperiens,
1375 5036 1535 5105 justa'
1565 5038 1785 5092 ultionis
1811 5053 1907 5091 es-

314 5128 528 5185 cruciat
551 5128 813 5194 vindicta,
836 5142 1132 5197 eorumque
1160 5126 1376 5181 lraudes
1396 5137 1656 5197 perpetuo
1674 5128 1790 5198 igni
1817 5128 1911 5181 de-

314 5219 459 5273 bitas
495 5216 876 5283 manifestans,
916 5232 1036 5272 cum
1068 5216 1199 5286 ipsis
1231 5215 1540 5271 auctoribus
1578 5216 1904 5285 praevarica-

317 5311 483 5367 tionis
519 5310 876 5365 auathematis
908 5308 1085 5378 gladio
1105 5315 1255 5364 recte
1281 5308 1530 5379 percutit,
1575 5322 1675 5362 nec
1718 5322 1905 5363 eorum

316 5400 537 5455 malitia:
574 5400 723 5453 virus
750 5398 975 5454 ulterius
1013 5399 1282 5455 occultum
1320 5397 1488 5453 latere
1531 5399 1814 5467 permittit.

388 5488 496 5546 Sed
519 5506 640 5545 cum
669 5492 985 5562 cognovisset
1014 5500 1063 5545 et
1097 5508 1184 5546 eos
1209 5492 1299 5563 qui
1343 5500 1491 5544 erant
1518 5488 1750 5545 Jamniie
1778 5490 1906 5545 velle

318 5584 435 5653 pari
463 5583 617 5637 modo
642 5582 816 5653 facere
838 5583 1247 5639 inhabitantibus
1280 5597 1455 5638 secum
1491 5581 1729 5647 Judazis,
1752 5581 1903 5635 Jam-

320 5673 463 5733 tiiant
485 5684 533 5729 et
559 5683 767 5744 portum
789 5690 907 5731 cum
929 5674 1141 5730 navibus
1161 5673 1457 5740 succendit,
1484 5679 1589 5727 etc.
1616 5671 1721 5728 Per
1748 5671 1902 5727 Jam-

2010 4602 2128 4642 ram
2167 4584 2522 4654 sapientiam,
2560 4597 2680 4652 qua:
2708 4582 2777 4637 de
2821 4580 3132 4637 cmlestibus
3169 4580 3347 4645 venit,
3392 4578 3591 4634 imitari

2011 4678 2201 4733 nescit.
2225 4677 2367 4748 Ergo
2389 4675 2579 4731 intenti
2605 4683 2794 4729 contra
2816 4672 3006 4728 Judam
3026 4682 3081 4729 et
3105 4674 3281 4729 socios
3305 4672 3443 4741 ejus,
3465 4688 3589 4727 cum

2011 4768 2251 4838 quinque
2277 4766 2514 4821 millibus
2540 4764 2806 4828 virorum,
2850 4770 2902 4817 et
2944 4762 3215 4830 equitibus
3260 4760 3588 4830 quingentis,

2012 4856 2303 4926 conﬂigunt
2327 4873 2341 4910 :
2374 4855 2498 4925 quia
2531 4854 2711 4908 carnis
2739 4852 2987 4908 sensibus
3010 4867 3074 4906 ac
3102 4849 3297 4905 studiis
3323 4848 3589 4918 impliciti,

2011 4962 2171 5001 omne
2199 4946 2342 5016 quod
2367 4960 2465 5015 per
2492 4947 2741 5001 doctores
2769 4952 2984 4999 sanctos
3007 4943 3088 4997 eis
3116 4941 3374 5011 spiritalis
3402 4955 3592 4997 sensus

2014 5039 2304 5109 ingeritur,
2335 5038 2488 5107 quasi
2519 5036 2853 5092 contrarium
2889 5050 2954 5090 ac
2986 5034 3269 5105 profanum
3296 5045 3418 5087 esse
3446 5031 3591 5086 vide-

2010 5139 2118 5184 tur.
2166 5128 2319 5184 Unde
2357 5134 2413 5182 et
2453 5126 2714 5182 rebellare
2759 5126 2839 5183 eis
2883 5123 3266 5180 contendunt:
3298 5123 3392 5178 sed
3431 5122 3591 5176 dure-

2008 5225 2190 5273 scente
2208 5217 2432 5272 veritate
2450 5216 2682 5281 devicti,
2708 5229 2774 5269 ac
2800 5215 3099 5270 constantia
3121 5222 3429 5269 sanctorum
3452 5226 3589 5282 prae-

2010 5310 2311 5364 dicatorum
2334 5306 2604 5376 superati,
2639 5306 2861 5361 dextras
2884 5306 2985 5360 sibi
3014 5312 3205 5376 petunt
3237 5302 3388 5367 dari;
3421 5301 3493 5355 ita
3529 5308 3589 5355 ut

2008 5413 2225 5453 errores
2271 5412 2399 5452 suos
2435 5396 2866 5468 derelinquentes
2892 5396 3169 5452 catholica:
3192 5394 3315 5449 ﬁdei
3338 5394 3587 5447 virtutem

2010 5496 2292 5560 appetant,
2341 5502 2506 5558 seque
2534 5486 2935 5543 conlessoribus
2966 5484 3167 5539 Christi
3197 5482 3466 5537 associare
3492 5481 3588 5535 de-

2009 5582 2266 5638 siderent.
2296 5578 2503 5646 Quibus
2523 5578 2781 5650 spiritalis
2808 5577 2994 5641 ludas,
3016 5572 3217 5629 Judmis
3247 5588 3342 5630 eos
3368 5574 3421 5627 in
3449 5565 3582 5628 mulo

2009 5671 2080 5726 tis
2122 5669 2280 5726 utiles
2310 5669 2424 5723 ﬁeri
2464 5682 2621 5740 posse
2660 5663 3034 5739 [arbitratus],
3081 5664 3347 5737 promittit
3372 5677 3586 5733 pacein,
