  <div class='ocr_page' id='page_1' title='image "/cluster/home/n/w/nwhite01/storage/ocr_20150623/109/hvd.32044054759741/629.png"; bbox 0 0 3928 6168; ppageno 0'>
   <div class='ocr_carea' id='block_1_1' title="bbox 295 301 432 357">
    <p class='ocr_par' dir='ltr' id='par_1_1' title="bbox 295 301 432 357">
     <span class='ocr_line' id='line_1_1' title="bbox 295 301 432 357; baseline -0.022 0"><span class='ocrx_word' id='word_1_1' title='bbox 295 303 318 357; x_wconf 71' lang='grc' dir='ltr'><strong>Ι</strong></span> <span class='ocrx_word' id='word_1_2' title='bbox 329 301 432 356; x_wconf 64' lang='grc'><strong>⁸247</strong></span> 
     </span>
    </p>
   </div>
   <div class='ocr_carea' id='block_1_2' title="bbox 934 265 2856 349">
    <p class='ocr_par' dir='ltr' id='par_1_2' title="bbox 934 265 2856 349">
     <span class='ocr_line' id='line_1_2' title="bbox 934 265 2856 349; baseline -0.017 0"><span class='ocrx_word' id='word_1_3' title='bbox 934 296 994 349; x_wconf 88' lang='grc' dir='ltr'><strong>Β.</strong></span> <span class='ocrx_word' id='word_1_4' title='bbox 1035 289 1287 346; x_wconf 77' lang='lat' dir='ltr'><strong>RABANI</strong></span> <span class='ocrx_word' id='word_1_5' title='bbox 1325 284 1544 342; x_wconf 74' lang='lat' dir='ltr'><strong>MAURI</strong></span> <span class='ocrx_word' id='word_1_6' title='bbox 1579 280 1893 337; x_wconf 78' lang='lat' dir='ltr'><strong>ARClllEP;</strong></span> <span class='ocrx_word' id='word_1_7' title='bbox 1932 274 2238 332; x_wconf 77' lang='lat' dir='ltr'><strong>MOGUNT.</strong></span> <span class='ocrx_word' id='word_1_8' title='bbox 2280 269 2559 328; x_wconf 76' lang='lat' dir='ltr'><strong>OPERUM</strong></span> <span class='ocrx_word' id='word_1_9' title='bbox 2601 265 2782 322; x_wconf 76' lang='lat' dir='ltr'><strong>PARS</strong></span> <span class='ocrx_word' id='word_1_10' title='bbox 2816 265 2856 319; x_wconf 86' lang='grc' dir='ltr'><strong>ι.</strong></span> 
     </span>
    </p>
   </div>
   <div class='ocr_carea' id='block_1_3' title="bbox 3407 251 3546 307">
    <p class='ocr_par' dir='ltr' id='par_1_3' title="bbox 3407 251 3546 307">
     <span class='ocr_line' id='line_1_3' title="bbox 3407 251 3546 307; baseline -0.014 0"><span class='ocrx_word' id='word_1_11' title='bbox 3407 251 3546 307; x_wconf 55' lang='grc' dir='ltr'><strong>ηδε</strong></span> 
     </span>
    </p>
   </div>
   <div class='ocr_carea' id='block_1_4' title="bbox 295 366 3552 473">
    <p class='ocr_par' dir='ltr' id='par_1_4' title="bbox 295 366 3552 473">
     <span class='ocr_line' id='line_1_4' title="bbox 295 366 3552 473; baseline -0.016 -3"><span class='ocrx_word' id='word_1_12' title='bbox 295 415 389 470; x_wconf 88' lang='lat' dir='ltr'><strong>dat</strong></span> <span class='ocrx_word' id='word_1_13' title='bbox 415 413 636 467; x_wconf 85' lang='lat' dir='ltr'><strong>dextras</strong></span> <span class='ocrx_word' id='word_1_14' title='bbox 659 415 712 463; x_wconf 90' lang='lat' dir='ltr'><strong>et</strong></span> <span class='ocrx_word' id='word_1_15' title='bbox 735 407 927 460; x_wconf 67' lang='lat' dir='ltr'><strong>illaesos</strong></span> <span class='ocrx_word' id='word_1_16' title='bbox 954 401 1217 473; x_wconf 80' lang='lat' dir='ltr'><strong>permittit</strong></span> <span class='ocrx_word' id='word_1_17' title='bbox 1250 399 1440 452; x_wconf 86' lang='lat' dir='ltr'><strong>abire:</strong></span> <span class='ocrx_word' id='word_1_18' title='bbox 1475 394 1598 463; x_wconf 83' lang='lat' dir='ltr'><strong>quia</strong></span> <span class='ocrx_word' id='word_1_19' title='bbox 1630 405 1769 460; x_wconf 73' lang='lat' dir='ltr'><strong>smpe</strong></span> <span class='ocrx_word' id='word_1_20' title='bbox 1793 399 1867 443; x_wconf 91' lang='lat' dir='ltr'><strong>ta-</strong></span> <span class='ocrx_word' id='word_1_21' title='bbox 1895 396 1944 451; x_wconf 77' lang='grc' dir='ltr'>Α</span> <span class='ocrx_word' id='word_1_22' title='bbox 1974 389 2028 443; x_wconf 87' lang='lat' dir='ltr'>id</span> <span class='ocrx_word' id='word_1_23' title='bbox 2058 385 2198 455; x_wconf 90' lang='lat' dir='ltr'><strong>quod</strong></span> <span class='ocrx_word' id='word_1_24' title='bbox 2238 383 2352 452; x_wconf 84' lang='lat' dir='ltr'><strong>ipse</strong></span> <span class='ocrx_word' id='word_1_25' title='bbox 2385 389 2502 438; x_wconf 87' lang='lat' dir='ltr'><strong>erat</strong></span> <span class='ocrx_word' id='word_1_26' title='bbox 2534 376 2900 448; x_wconf 66' lang='lat' dir='ltr'><strong>praecipiebat.</strong></span> <span class='ocrx_word' id='word_1_27' title='bbox 2939 371 3040 439; x_wconf 84' lang='lat' dir='ltr'><strong>Qui</strong></span> <span class='ocrx_word' id='word_1_28' title='bbox 3073 366 3552 470; x_wconf 46' lang='lat' dir='ltr'><strong>enimumanducat</strong></span> 
     </span>
    </p>
   </div>
   <div class='ocr_carea' id='block_1_5' title="bbox 297 480 1865 571">
    <p class='ocr_par' dir='ltr' id='par_1_5' title="bbox 297 480 1865 571">
     <span class='ocr_line' id='line_1_5' title="bbox 297 480 1865 571; baseline -0.016 -13"><span class='ocrx_word' id='word_1_29' title='bbox 297 505 396 568; x_wconf 87' lang='lat' dir='ltr'><strong>les,</strong></span> <span class='ocrx_word' id='word_1_30' title='bbox 424 501 515 571; x_wconf 86' lang='lat' dir='ltr'><strong>qui</strong></span> <span class='ocrx_word' id='word_1_31' title='bbox 545 497 873 570; x_wconf 75' lang='lat' dir='ltr'><strong>phiIOSOpbia</strong></span> <span class='ocrx_word' id='word_1_32' title='bbox 905 492 1089 547; x_wconf 87' lang='lat' dir='ltr'><strong>mundi</strong></span> <span class='ocrx_word' id='word_1_33' title='bbox 1131 488 1320 544; x_wconf 92' lang='lat' dir='ltr'><strong>imbuti</strong></span> <span class='ocrx_word' id='word_1_34' title='bbox 1359 486 1602 548; x_wconf 81' lang='lat' dir='ltr'><strong>fuerant,</strong></span> <span class='ocrx_word' id='word_1_35' title='bbox 1642 497 1765 536; x_wconf 91' lang='lat' dir='ltr'><strong>cum</strong></span> <span class='ocrx_word' id='word_1_36' title='bbox 1797 480 1865 534; x_wconf 84' lang='lat' dir='ltr'><strong>ad</strong></span> 
     </span>
    </p>
   </div>
   <div class='ocr_carea' id='block_1_6' title="bbox 299 569 1866 648">
    <p class='ocr_par' dir='ltr' id='par_1_6' title="bbox 299 569 1866 648">
     <span class='ocr_line' id='line_1_6' title="bbox 299 569 1866 648; baseline -0.017 0"><span class='ocrx_word' id='word_1_37' title='bbox 299 569 456 648; x_wconf 84' lang='lat' dir='ltr'><strong>ﬁdem</strong></span> <span class='ocrx_word' id='word_1_38' title='bbox 483 569 679 645; x_wconf 85' lang='lat' dir='ltr'><strong>Christi</strong></span> <span class='ocrx_word' id='word_1_39' title='bbox 705 591 1108 644; x_wconf 84' lang='lat' dir='ltr'><strong>convertuntur,</strong></span> <span class='ocrx_word' id='word_1_40' title='bbox 1156 580 1223 633; x_wconf 88' lang='lat' dir='ltr'><strong>ad</strong></span> <span class='ocrx_word' id='word_1_41' title='bbox 1263 574 1643 631; x_wconf 72' lang='lat' dir='ltr'><strong>destruendam</strong></span> <span class='ocrx_word' id='word_1_42' title='bbox 1687 569 1866 624; x_wconf 82' lang='lat' dir='ltr'><strong>stulti-</strong></span> 
     </span>
    </p>
   </div>
   <div class='ocr_carea' id='block_1_7' title="bbox 301 658 1870 750">
    <p class='ocr_par' dir='ltr' id='par_1_7' title="bbox 301 658 1870 750">
     <span class='ocr_line' id='line_1_7' title="bbox 301 658 1870 750; baseline -0.017 -12"><span class='ocrx_word' id='word_1_43' title='bbox 301 686 426 740; x_wconf 85' lang='lat' dir='ltr'><strong>tiam</strong></span> <span class='ocrx_word' id='word_1_44' title='bbox 455 692 613 750; x_wconf 89' lang='lat' dir='ltr'><strong>atque</strong></span> <span class='ocrx_word' id='word_1_45' title='bbox 639 690 881 732; x_wconf 87' lang='lat' dir='ltr'><strong>errorem</strong></span> <span class='ocrx_word' id='word_1_46' title='bbox 919 672 1198 743; x_wconf 70' lang='lat' dir='ltr'><strong>gentilium</strong></span> <span class='ocrx_word' id='word_1_47' title='bbox 1236 668 1470 736; x_wconf 90' lang='lat' dir='ltr'><strong>aptiores</strong></span> <span class='ocrx_word' id='word_1_48' title='bbox 1514 672 1675 730; x_wconf 90' lang='lat' dir='ltr'><strong>atque</strong></span> <span class='ocrx_word' id='word_1_49' title='bbox 1718 658 1870 714; x_wconf 86' lang='lat' dir='ltr'><strong>habi-</strong></span> 
     </span>
    </p>
   </div>
   <div class='ocr_carea' id='block_1_8' title="bbox 298 751 1867 832">
    <p class='ocr_par' dir='ltr' id='par_1_8' title="bbox 298 751 1867 832">
     <span class='ocr_line' id='line_1_8' title="bbox 298 751 1867 832; baseline -0.016 -4"><span class='ocrx_word' id='word_1_50' title='bbox 298 776 458 829; x_wconf 89' lang='lat' dir='ltr'><strong>liores</strong></span> <span class='ocrx_word' id='word_1_51' title='bbox 493 771 658 832; x_wconf 88' lang='lat' dir='ltr'><strong>ﬁunt;</strong></span> <span class='ocrx_word' id='word_1_52' title='bbox 692 780 744 823; x_wconf 88' lang='lat' dir='ltr'><strong>et</strong></span> <span class='ocrx_word' id='word_1_53' title='bbox 771 781 892 822; x_wconf 87' lang='lat' dir='ltr'><strong>cum</strong></span> <span class='ocrx_word' id='word_1_54' title='bbox 916 766 995 818; x_wconf 81' lang='lat' dir='ltr'><strong>eis</strong></span> <span class='ocrx_word' id='word_1_55' title='bbox 1024 764 1244 816; x_wconf 54' lang='lat' dir='ltr'><strong>veritum</strong></span> <span class='ocrx_word' id='word_1_56' title='bbox 1271 758 1392 812; x_wconf 87' lang='lat' dir='ltr'><strong>ﬁdei</strong></span> <span class='ocrx_word' id='word_1_57' title='bbox 1420 755 1644 826; x_wconf 88' lang='lat' dir='ltr'><strong>pleniter</strong></span> <span class='ocrx_word' id='word_1_58' title='bbox 1672 751 1867 820; x_wconf 67' lang='lat' dir='ltr'><strong>praedi-</strong></span> 
     </span>
    </p>
   </div>
   <div class='ocr_carea' id='block_1_9' title="bbox 298 845 1872 925">
    <p class='ocr_par' dir='ltr' id='par_1_9' title="bbox 298 845 1872 925">
     <span class='ocr_line' id='line_1_9' title="bbox 298 845 1872 925; baseline -0.016 -8"><span class='ocrx_word' id='word_1_59' title='bbox 298 873 476 918; x_wconf 86' lang='lat' dir='ltr'><strong>catum</strong></span> <span class='ocrx_word' id='word_1_60' title='bbox 504 860 682 922; x_wconf 85' lang='lat' dir='ltr'><strong>fuerit,</strong></span> <span class='ocrx_word' id='word_1_61' title='bbox 714 867 943 925; x_wconf 83' lang='lat' dir='ltr'><strong>utraque</strong></span> <span class='ocrx_word' id='word_1_62' title='bbox 966 862 1235 906; x_wconf 80' lang='lat' dir='ltr'><strong>armatura</strong></span> <span class='ocrx_word' id='word_1_63' title='bbox 1261 845 1509 901; x_wconf 85' lang='lat' dir='ltr'><strong>instructi</strong></span> <span class='ocrx_word' id='word_1_64' title='bbox 1537 852 1724 897; x_wconf 90' lang='lat' dir='ltr'><strong>contra</strong></span> <span class='ocrx_word' id='word_1_65' title='bbox 1751 855 1872 910; x_wconf 87' lang='lat' dir='ltr'><strong>per-</strong></span> 
     </span>
    </p>
   </div>
   <div class='ocr_carea' id='block_1_10' title="bbox 297 931 1871 1017">
    <p class='ocr_par' dir='ltr' id='par_1_10' title="bbox 297 931 1871 1017">
     <span class='ocr_line' id='line_1_10' title="bbox 297 931 1871 1017; baseline -0.015 -11"><span class='ocrx_word' id='word_1_66' title='bbox 297 951 477 1006; x_wconf 79' lang='lat' dir='ltr'><strong>ﬁdiam</strong></span> <span class='ocrx_word' id='word_1_67' title='bbox 504 950 700 1004; x_wconf 84' lang='lat' dir='ltr'><strong>fortius</strong></span> <span class='ocrx_word' id='word_1_68' title='bbox 723 954 982 1017; x_wconf 84' lang='lat' dir='ltr'><strong>pugnant.</strong></span> <span class='ocrx_word' id='word_1_69' title='bbox 1015 941 1150 996; x_wconf 81' lang='lat' dir='ltr'><strong>Hinc</strong></span> <span class='ocrx_word' id='word_1_70' title='bbox 1183 939 1438 994; x_wconf 86' lang='lat' dir='ltr'><strong>Salomon</strong></span> <span class='ocrx_word' id='word_1_71' title='bbox 1478 935 1532 988; x_wconf 90' lang='lat' dir='ltr'><strong>in</strong></span> <span class='ocrx_word' id='word_1_72' title='bbox 1562 931 1871 987; x_wconf 69' lang='lat' dir='ltr'><strong>mdiﬁcatio-</strong></span> 
     </span>
    </p>
   </div>
   <div class='ocr_carea' id='block_1_11' title="bbox 203 1024 1870 1118">
    <p class='ocr_par' dir='ltr' id='par_1_11' title="bbox 203 1024 1870 1118">
     <span class='ocr_line' id='line_1_11' title="bbox 203 1024 1870 1118; baseline -0.015 -15"><span class='ocrx_word' id='word_1_73' title='bbox 203 1024 214 1036; x_wconf 49' lang='grc'><strong><em>⁸</em></strong></span> <span class='ocrx_word' id='word_1_74' title='bbox 295 1061 419 1101; x_wconf 86' lang='lat' dir='ltr'><strong>nem</strong></span> <span class='ocrx_word' id='word_1_75' title='bbox 449 1042 679 1118; x_wconf 86' lang='lat' dir='ltr'><strong>[templi]</strong></span> <span class='ocrx_word' id='word_1_76' title='bbox 703 1042 899 1113; x_wconf 73' lang='lat' dir='ltr'><strong>Hyl-am</strong></span> <span class='ocrx_word' id='word_1_77' title='bbox 929 1079 943 1103; x_wconf 92' lang='lat'><strong>,</strong></span> <span class='ocrx_word' id='word_1_78' title='bbox 977 1039 1117 1107; x_wconf 81' lang='lat' dir='ltr'><strong>regis</strong></span> <span class='ocrx_word' id='word_1_79' title='bbox 1139 1034 1264 1104; x_wconf 80' lang='lat' dir='ltr'><strong>Tyri</strong></span> <span class='ocrx_word' id='word_1_80' title='bbox 1292 1073 1306 1098; x_wconf 92' lang='lat'><strong>,</strong></span> <span class='ocrx_word' id='word_1_81' title='bbox 1341 1031 1408 1085; x_wconf 90' lang='lat' dir='ltr'><strong>ad</strong></span> <span class='ocrx_word' id='word_1_82' title='bbox 1445 1028 1694 1084; x_wconf 64' lang='lat' dir='ltr'><strong>medenda</strong></span> <span class='ocrx_word' id='word_1_83' title='bbox 1728 1027 1870 1096; x_wconf 89' lang='lat' dir='ltr'><strong>ligna</strong></span> 
     </span>
    </p>
   </div>
   <div class='ocr_carea' id='block_1_12' title="bbox 296 1118 1872 1198">
    <p class='ocr_par' dir='ltr' id='par_1_12' title="bbox 296 1118 1872 1198">
     <span class='ocr_line' id='line_1_12' title="bbox 296 1118 1872 1198; baseline -0.014 -7"><span class='ocrx_word' id='word_1_84' title='bbox 296 1137 364 1191; x_wconf 92' lang='lat' dir='ltr'><strong>de</strong></span> <span class='ocrx_word' id='word_1_85' title='bbox 391 1135 597 1189; x_wconf 86' lang='lat' dir='ltr'><strong>Libano</strong></span> <span class='ocrx_word' id='word_1_86' title='bbox 626 1133 883 1186; x_wconf 79' lang='lat' dir='ltr'><strong>auxilium</strong></span> <span class='ocrx_word' id='word_1_87' title='bbox 916 1129 1068 1198; x_wconf 86' lang='lat' dir='ltr'><strong>petit,</strong></span> <span class='ocrx_word' id='word_1_88' title='bbox 1095 1126 1219 1194; x_wconf 78' lang='lat' dir='ltr'><strong>quia</strong></span> <span class='ocrx_word' id='word_1_89' title='bbox 1245 1125 1297 1177; x_wconf 90' lang='lat' dir='ltr'><strong>in</strong></span> <span class='ocrx_word' id='word_1_90' title='bbox 1325 1123 1573 1181; x_wconf 82' lang='lat' dir='ltr'><strong>hac,arte</strong></span> <span class='ocrx_word' id='word_1_91' title='bbox 1604 1118 1872 1172; x_wconf 86' lang='lat' dir='ltr'><strong>doctiores</strong></span> 
     </span>
    </p>
   </div>
   <div class='ocr_carea' id='block_1_13' title="bbox 295 1207 1870 1292">
    <p class='ocr_par' dir='ltr' id='par_1_13' title="bbox 295 1207 1870 1292">
     <span class='ocr_line' id='line_1_13' title="bbox 295 1207 1870 1292; baseline -0.013 -12"><span class='ocrx_word' id='word_1_92' title='bbox 295 1234 452 1280; x_wconf 89' lang='lat' dir='ltr'><strong>erant</strong></span> <span class='ocrx_word' id='word_1_93' title='bbox 481 1223 620 1279; x_wconf 87' lang='lat' dir='ltr'><strong>servi</strong></span> <span class='ocrx_word' id='word_1_94' title='bbox 649 1223 848 1292; x_wconf 77' lang='lat' dir='ltr'><strong>Hyram‘</strong></span> <span class='ocrx_word' id='word_1_95' title='bbox 887 1220 1059 1274; x_wconf 82' lang='lat' dir='ltr'><strong>servis</strong></span> <span class='ocrx_word' id='word_1_96' title='bbox 1095 1217 1236 1280; x_wconf 89' lang='lat' dir='ltr'><strong>suis;</strong></span> <span class='ocrx_word' id='word_1_97' title='bbox 1279 1214 1375 1269; x_wconf 88' lang='lat' dir='ltr'><strong>sed</strong></span> <span class='ocrx_word' id='word_1_98' title='bbox 1419 1228 1525 1266; x_wconf 91' lang='lat' dir='ltr'><strong>non</strong></span> <span class='ocrx_word' id='word_1_99' title='bbox 1564 1225 1662 1280; x_wconf 89' lang='lat' dir='ltr'><strong>per</strong></span> <span class='ocrx_word' id='word_1_100' title='bbox 1687 1223 1744 1262; x_wconf 90' lang='lat' dir='ltr'><strong>se</strong></span> <span class='ocrx_word' id='word_1_101' title='bbox 1772 1207 1870 1262; x_wconf 88' lang='lat' dir='ltr'><strong>soli</strong></span> 
     </span>
    </p>
   </div>
   <div class='ocr_carea' id='block_1_14' title="bbox 296 1298 1872 1384">
    <p class='ocr_par' dir='ltr' id='par_1_14' title="bbox 296 1298 1872 1384">
     <span class='ocr_line' id='line_1_14' title="bbox 296 1298 1872 1384; baseline -0.01 -16"><span class='ocrx_word' id='word_1_102' title='bbox 296 1315 422 1369; x_wconf 87' lang='lat' dir='ltr'><strong>huic</strong></span> <span class='ocrx_word' id='word_1_103' title='bbox 452 1314 552 1384; x_wconf 85' lang='lat' dir='ltr'><strong>ipsi</strong></span> <span class='ocrx_word' id='word_1_104' title='bbox 576 1313 723 1384; x_wconf 88' lang='lat' dir='ltr'><strong>operi</strong></span> <span class='ocrx_word' id='word_1_105' title='bbox 749 1310 1051 1372; x_wconf 87' lang='lat' dir='ltr'><strong>instabant,</strong></span> <span class='ocrx_word' id='word_1_106' title='bbox 1095 1307 1309 1376; x_wconf 89' lang='lat' dir='ltr'><strong>quando</strong></span> <span class='ocrx_word' id='word_1_107' title='bbox 1337 1313 1391 1359; x_wconf 89' lang='lat' dir='ltr'><strong>ct</strong></span> <span class='ocrx_word' id='word_1_108' title='bbox 1419 1301 1672 1358; x_wconf 87' lang='lat' dir='ltr'><strong>associati</strong></span> <span class='ocrx_word' id='word_1_109' title='bbox 1700 1298 1872 1354; x_wconf 87' lang='lat' dir='ltr'><strong>servis</strong></span> 
     </span>
    </p>
   </div>
   <div class='ocr_carea' id='block_1_15' title="bbox 298 1390 1869 1462">
    <p class='ocr_par' dir='ltr' id='par_1_15' title="bbox 298 1390 1869 1462">
     <span class='ocr_line' id='line_1_15' title="bbox 298 1390 1869 1462; baseline -0.012 -3"><span class='ocrx_word' id='word_1_110' title='bbox 298 1404 602 1459; x_wconf 81' lang='lat' dir='ltr'><strong>Salomonis</strong></span> <span class='ocrx_word' id='word_1_111' title='bbox 648 1403 885 1457; x_wconf 84' lang='lat' dir='ltr'><strong>solemne</strong></span> <span class='ocrx_word' id='word_1_112' title='bbox 925 1415 988 1453; x_wconf 87' lang='lat' dir='ltr'><strong>ac</strong></span> <span class='ocrx_word' id='word_1_113' title='bbox 1030 1400 1282 1453; x_wconf 86' lang='lat' dir='ltr'><strong>decenter</strong></span> <span class='ocrx_word' id='word_1_114' title='bbox 1323 1393 1451 1449; x_wconf 89' lang='lat' dir='ltr'><strong>illud</strong></span> <span class='ocrx_word' id='word_1_115' title='bbox 1485 1390 1869 1462; x_wconf 88' lang='lat' dir='ltr'><strong>perliciebant;</strong></span> 
     </span>
    </p>
   </div>
   <div class='ocr_carea' id='block_1_16' title="bbox 296 1479 1873 1562">
    <p class='ocr_par' dir='ltr' id='par_1_16' title="bbox 296 1479 1873 1562">
     <span class='ocr_line' id='line_1_16' title="bbox 296 1479 1873 1562; baseline -0.01 -14"><span class='ocrx_word' id='word_1_116' title='bbox 296 1493 449 1562; x_wconf 88' lang='lat' dir='ltr'><strong>cujus</strong></span> <span class='ocrx_word' id='word_1_117' title='bbox 472 1494 549 1547; x_wconf 88' lang='lat' dir='ltr'><strong>rei</strong></span> <span class='ocrx_word' id='word_1_118' title='bbox 570 1508 734 1548; x_wconf 88' lang='lat' dir='ltr'><strong>causa</strong></span> <span class='ocrx_word' id='word_1_119' title='bbox 754 1492 806 1545; x_wconf 90' lang='lat' dir='ltr'><strong>in</strong></span> <span class='ocrx_word' id='word_1_120' title='bbox 826 1499 1075 1559; x_wconf 89' lang='lat' dir='ltr'><strong>promptu</strong></span> <span class='ocrx_word' id='word_1_121' title='bbox 1098 1497 1199 1551; x_wconf 92' lang='lat' dir='ltr'><strong>est,</strong></span> <span class='ocrx_word' id='word_1_122' title='bbox 1217 1487 1342 1556; x_wconf 88' lang='lat' dir='ltr'><strong>quia</strong></span> <span class='ocrx_word' id='word_1_123' title='bbox 1361 1484 1615 1538; x_wconf 88' lang='lat' dir='ltr'><strong>nimirum</strong></span> <span class='ocrx_word' id='word_1_124' title='bbox 1643 1479 1873 1550; x_wconf 83' lang='lat' dir='ltr'><strong>apostoli</strong></span> 
     </span>
    </p>
   </div>
   <div class='ocr_carea' id='block_1_17' title="bbox 297 1572 1874 1648">
    <p class='ocr_par' dir='ltr' id='par_1_17' title="bbox 297 1572 1874 1648">
     <span class='ocr_line' id='line_1_17' title="bbox 297 1572 1874 1648; baseline -0.011 -10"><span class='ocrx_word' id='word_1_125' title='bbox 297 1584 500 1639; x_wconf 83' lang='lat' dir='ltr'><strong>certius</strong></span> <span class='ocrx_word' id='word_1_126' title='bbox 527 1584 752 1638; x_wconf 80' lang='lat' dir='ltr'><strong>verbum</strong></span> <span class='ocrx_word' id='word_1_127' title='bbox 778 1580 874 1636; x_wconf 90' lang='lat' dir='ltr'><strong>Dei</strong></span> <span class='ocrx_word' id='word_1_128' title='bbox 897 1593 922 1620; x_wconf 80' lang='grc' dir='ltr'>α</span> <span class='ocrx_word' id='word_1_129' title='bbox 951 1576 1226 1648; x_wconf 76' lang='lat' dir='ltr'><strong>Evangelii</strong></span> <span class='ocrx_word' id='word_1_130' title='bbox 1268 1575 1412 1645; x_wconf 87' lang='lat' dir='ltr'><strong>quod</strong></span> <span class='ocrx_word' id='word_1_131' title='bbox 1446 1589 1477 1627; x_wconf 91' lang='lat' dir='ltr'><strong>a</strong></span> <span class='ocrx_word' id='word_1_132' title='bbox 1517 1572 1744 1626; x_wconf 91' lang='lat' dir='ltr'><strong>Domino</strong></span> <span class='ocrx_word' id='word_1_133' title='bbox 1781 1584 1874 1622; x_wconf 90' lang='lat' dir='ltr'><strong>au-</strong></span> 
     </span>
    </p>
   </div>
   <div class='ocr_carea' id='block_1_18' title="bbox 297 1663 1876 1740">
    <p class='ocr_par' dir='ltr' id='par_1_18' title="bbox 297 1663 1876 1740">
     <span class='ocr_line' id='line_1_18' title="bbox 297 1663 1876 1740; baseline -0.008 -13"><span class='ocrx_word' id='word_1_134' title='bbox 297 1673 415 1727; x_wconf 81' lang='lat' dir='ltr'><strong>dire</strong></span> <span class='ocrx_word' id='word_1_135' title='bbox 440 1680 732 1738; x_wconf 86' lang='lat' dir='ltr'><strong>noverunt;</strong></span> <span class='ocrx_word' id='word_1_136' title='bbox 758 1672 849 1726; x_wconf 86' lang='lat' dir='ltr'><strong>sed</strong></span> <span class='ocrx_word' id='word_1_137' title='bbox 872 1671 1101 1740; x_wconf 77' lang='lat' dir='ltr'><strong>gentiles</strong></span> <span class='ocrx_word' id='word_1_138' title='bbox 1127 1669 1194 1723; x_wconf 86' lang='lat' dir='ltr'><strong>ab</strong></span> <span class='ocrx_word' id='word_1_139' title='bbox 1214 1679 1400 1722; x_wconf 86' lang='lat' dir='ltr'><strong>errore</strong></span> <span class='ocrx_word' id='word_1_140' title='bbox 1421 1663 1688 1729; x_wconf 87' lang='lat' dir='ltr'><strong>conversi,</strong></span> <span class='ocrx_word' id='word_1_141' title='bbox 1713 1669 1876 1731; x_wconf 88' lang='lat' dir='ltr'><strong>atque</strong></span> 
     </span>
    </p>
   </div>
   <div class='ocr_carea' id='block_1_19' title="bbox 296 1739 1950 1831">
    <p class='ocr_par' dir='ltr' id='par_1_19' title="bbox 296 1739 1950 1831">
     <span class='ocr_line' id='line_1_19' title="bbox 296 1739 1950 1831; baseline -0.011 -15"><span class='ocrx_word' id='word_1_142' title='bbox 296 1762 366 1816; x_wconf 85' lang='lat' dir='ltr'><strong>ad</strong></span> <span class='ocrx_word' id='word_1_143' title='bbox 383 1763 660 1817; x_wconf 86' lang='lat' dir='ltr'><strong>veritatem</strong></span> <span class='ocrx_word' id='word_1_144' title='bbox 683 1739 957 1831; x_wconf 77' lang='lat' dir='ltr'><strong>Evangelii</strong></span> <span class='ocrx_word' id='word_1_145' title='bbox 980 1775 1074 1829; x_wconf 89' lang='lat' dir='ltr'><strong>per</strong></span> <span class='ocrx_word' id='word_1_146' title='bbox 1091 1758 1305 1811; x_wconf 89' lang='lat' dir='ltr'><strong>eosdem</strong></span> <span class='ocrx_word' id='word_1_147' title='bbox 1326 1754 1599 1824; x_wconf 84' lang='lat' dir='ltr'><strong>apostolos</strong></span> <span class='ocrx_word' id='word_1_148' title='bbox 1618 1750 1876 1806; x_wconf 79' lang='lat' dir='ltr'><strong>transfor-</strong></span> <span class='ocrx_word' id='word_1_149' title='bbox 1905 1739 1950 1798; x_wconf 89' lang='grc' dir='ltr'><strong>Β</strong></span> 
     </span>
    </p>
   </div>
   <div class='ocr_carea' id='block_1_20' title="bbox 298 1848 1876 1922">
    <p class='ocr_par' dir='ltr' id='par_1_20' title="bbox 298 1848 1876 1922">
     <span class='ocr_line' id='line_1_20' title="bbox 298 1848 1876 1922; baseline -0.007 -16"><span class='ocrx_word' id='word_1_150' title='bbox 298 1854 461 1918; x_wconf 88' lang='lat' dir='ltr'><strong>mati,</strong></span> <span class='ocrx_word' id='word_1_151' title='bbox 505 1853 696 1907; x_wconf 89' lang='lat' dir='ltr'><strong>melius</strong></span> <span class='ocrx_word' id='word_1_152' title='bbox 737 1854 881 1922; x_wconf 87' lang='lat' dir='ltr'><strong>ipsos</strong></span> <span class='ocrx_word' id='word_1_153' title='bbox 921 1851 1156 1921; x_wconf 55' lang='lat' dir='ltr'><strong>gentium</strong></span> <span class='ocrx_word' id='word_1_154' title='bbox 1205 1861 1419 1902; x_wconf 87' lang='lat' dir='ltr'><strong>errores</strong></span> <span class='ocrx_word' id='word_1_155' title='bbox 1466 1851 1733 1899; x_wconf 89' lang='lat' dir='ltr'><strong>noverunt</strong></span> <span class='ocrx_word' id='word_1_156' title='bbox 1771 1857 1785 1895; x_wconf 90' lang='lat'><strong>:</strong></span> <span class='ocrx_word' id='word_1_157' title='bbox 1821 1848 1876 1896; x_wconf 90' lang='lat' dir='ltr'><strong>et</strong></span> 
     </span>
    </p>
   </div>
   <div class='ocr_carea' id='block_1_21' title="bbox 298 1937 1876 2011">
    <p class='ocr_par' dir='ltr' id='par_1_21' title="bbox 298 1937 1876 2011">
     <span class='ocr_line' id='line_1_21' title="bbox 298 1937 1876 2011; baseline -0.006 -15"><span class='ocrx_word' id='word_1_158' title='bbox 298 1957 406 2011; x_wconf 90' lang='lat' dir='ltr'><strong>quo</strong></span> <span class='ocrx_word' id='word_1_159' title='bbox 458 1944 662 1998; x_wconf 88' lang='lat' dir='ltr'><strong>certius</strong></span> <span class='ocrx_word' id='word_1_160' title='bbox 715 1949 1018 2005; x_wconf 87' lang='lat' dir='ltr'><strong>noverunt,</strong></span> <span class='ocrx_word' id='word_1_161' title='bbox 1070 1952 1135 1994; x_wconf 89' lang='lat' dir='ltr'><strong>eo</strong></span> <span class='ocrx_word' id='word_1_162' title='bbox 1181 1937 1527 1992; x_wconf 88' lang='lat' dir='ltr'><strong>artiﬁciosius</strong></span> <span class='ocrx_word' id='word_1_163' title='bbox 1571 1948 1876 2005; x_wconf 75' lang='lat' dir='ltr'><strong>expugnare</strong></span> 
     </span>
    </p>
   </div>
   <div class='ocr_carea' id='block_1_22' title="bbox 300 2030 1101 2102">
    <p class='ocr_par' dir='ltr' id='par_1_22' title="bbox 300 2030 1101 2102">
     <span class='ocr_line' id='line_1_22' title="bbox 300 2030 1101 2102; baseline -0.002 -18"><span class='ocrx_word' id='word_1_164' title='bbox 300 2040 464 2102; x_wconf 86' lang='lat' dir='ltr'><strong>atque</strong></span> <span class='ocrx_word' id='word_1_165' title='bbox 491 2045 758 2086; x_wconf 89' lang='lat' dir='ltr'><strong>evacuare</strong></span> <span class='ocrx_word' id='word_1_166' title='bbox 777 2030 1101 2085; x_wconf 86' lang='lat' dir='ltr'><strong>didicerunt.</strong></span> 
     </span>
    </p>
   </div>
   <div class='ocr_carea' id='block_1_23' title="bbox 368 2117 1872 2192">
    <p class='ocr_par' dir='ltr' id='par_1_23' title="bbox 368 2117 1872 2192">
     <span class='ocr_line' id='line_1_23' title="bbox 368 2117 1872 2192; baseline -0.004 -17"><span class='ocrx_word' id='word_1_167' title='bbox 368 2123 652 2192; x_wconf 78' lang='lat' dir='ltr'><strong>Aggressus</strong></span> <span class='ocrx_word' id='word_1_168' title='bbox 681 2132 755 2176; x_wconf 85' lang='lat' dir='ltr'><strong>est</strong></span> <span class='ocrx_word' id='word_1_169' title='bbox 784 2132 957 2174; x_wconf 81' lang='lat' dir='ltr'><strong>autent</strong></span> <span class='ocrx_word' id='word_1_170' title='bbox 979 2131 1026 2174; x_wconf 87' lang='lat' dir='ltr'><strong>et</strong></span> <span class='ocrx_word' id='word_1_171' title='bbox 1056 2122 1315 2174; x_wconf 84' lang='lat' dir='ltr'><strong>civitatem</strong></span> <span class='ocrx_word' id='word_1_172' title='bbox 1335 2118 1616 2187; x_wconf 82' lang='lat' dir='ltr'><strong>quamdam</strong></span> <span class='ocrx_word' id='word_1_173' title='bbox 1641 2117 1872 2186; x_wconf 82' lang='lat' dir='ltr'><strong>ﬁrmam,</strong></span> 
     </span>
    </p>
   </div>
   <div class='ocr_carea' id='block_1_24' title="bbox 298 2205 1877 2282">
    <p class='ocr_par' dir='ltr' id='par_1_24' title="bbox 298 2205 1877 2282">
     <span class='ocr_line' id='line_1_24' title="bbox 298 2205 1877 2282; baseline -0.004 -17"><span class='ocrx_word' id='word_1_174' title='bbox 298 2211 540 2282; x_wconf 75' lang='lat' dir='ltr'><strong>pontibus</strong></span> <span class='ocrx_word' id='word_1_175' title='bbox 564 2220 612 2264; x_wconf 88' lang='lat' dir='ltr'><strong>et</strong></span> <span class='ocrx_word' id='word_1_176' title='bbox 639 2211 802 2264; x_wconf 84' lang='lat' dir='ltr'><strong>muris</strong></span> <span class='ocrx_word' id='word_1_177' title='bbox 829 2211 1245 2280; x_wconf 84' lang='lat' dir='ltr'><strong>circumseptam,</strong></span> <span class='ocrx_word' id='word_1_178' title='bbox 1271 2225 1387 2279; x_wconf 60' lang='lat' dir='ltr'><strong>qua!</strong></span> <span class='ocrx_word' id='word_1_179' title='bbox 1417 2224 1449 2260; x_wconf 93' lang='lat' dir='ltr'><strong>a</strong></span> <span class='ocrx_word' id='word_1_180' title='bbox 1477 2207 1640 2260; x_wconf 78' lang='lat' dir='ltr'><strong>turbis</strong></span> <span class='ocrx_word' id='word_1_181' title='bbox 1669 2205 1877 2259; x_wconf 87' lang='lat' dir='ltr'><strong>habita-</strong></span> 
     </span>
    </p>
   </div>
   <div class='ocr_carea' id='block_1_25' title="bbox 299 2295 1876 2370">
    <p class='ocr_par' dir='ltr' id='par_1_25' title="bbox 299 2295 1876 2370">
     <span class='ocr_line' id='line_1_25' title="bbox 299 2295 1876 2370; baseline -0.002 -17"><span class='ocrx_word' id='word_1_182' title='bbox 299 2300 454 2354; x_wconf 83' lang='lat' dir='ltr'><strong>batur</strong></span> <span class='ocrx_word' id='word_1_183' title='bbox 481 2297 708 2370; x_wconf 84' lang='lat' dir='ltr'><strong>gentium</strong></span> <span class='ocrx_word' id='word_1_184' title='bbox 734 2301 1168 2370; x_wconf 86' lang='lat' dir='ltr'><strong>promiscuarum,</strong></span> <span class='ocrx_word' id='word_1_185' title='bbox 1199 2301 1282 2353; x_wconf 85' lang='lat' dir='ltr'><strong>cui</strong></span> <span class='ocrx_word' id='word_1_186' title='bbox 1311 2315 1498 2352; x_wconf 84' lang='lat' dir='ltr'><strong>nomen</strong></span> <span class='ocrx_word' id='word_1_187' title='bbox 1529 2296 1776 2366; x_wconf 82' lang='lat' dir='ltr'><strong>Casphin.</strong></span> <span class='ocrx_word' id='word_1_188' title='bbox 1803 2295 1876 2350; x_wconf 87' lang='lat' dir='ltr'><strong>Hi</strong></span> 
     </span>
    </p>
   </div>
   <div class='ocr_carea' id='block_1_26' title="bbox 299 2386 1874 2460">
    <p class='ocr_par' dir='ltr' id='par_1_26' title="bbox 299 2386 1874 2460">
     <span class='ocr_line' id='line_1_26' title="bbox 299 2386 1874 2460; baseline -0.004 -16"><span class='ocrx_word' id='word_1_189' title='bbox 299 2406 416 2444; x_wconf 75' lang='lat' dir='ltr'><strong>vero</strong></span> <span class='ocrx_word' id='word_1_190' title='bbox 437 2391 524 2460; x_wconf 88' lang='lat' dir='ltr'><strong>qui</strong></span> <span class='ocrx_word' id='word_1_191' title='bbox 555 2391 694 2444; x_wconf 86' lang='lat' dir='ltr'><strong>intus</strong></span> <span class='ocrx_word' id='word_1_192' title='bbox 723 2398 904 2455; x_wconf 88' lang='lat' dir='ltr'><strong>erant,</strong></span> <span class='ocrx_word' id='word_1_193' title='bbox 944 2389 1257 2457; x_wconf 81' lang='lat' dir='ltr'><strong>conﬁdentes</strong></span> <span class='ocrx_word' id='word_1_194' title='bbox 1291 2390 1346 2442; x_wconf 89' lang='lat' dir='ltr'><strong>in</strong></span> <span class='ocrx_word' id='word_1_195' title='bbox 1383 2386 1668 2442; x_wconf 73' lang='lat' dir='ltr'><strong>stabilitate</strong></span> <span class='ocrx_word' id='word_1_196' title='bbox 1693 2401 1874 2439; x_wconf 87' lang='lat' dir='ltr'><strong>muro-</strong></span> 
     </span>
    </p>
   </div>
   <div class='ocr_carea' id='block_1_27' title="bbox 301 2477 1878 2550">
    <p class='ocr_par' dir='ltr' id='par_1_27' title="bbox 301 2477 1878 2550">
     <span class='ocr_line' id='line_1_27' title="bbox 301 2477 1878 2550; baseline -0.003 -16"><span class='ocrx_word' id='word_1_197' title='bbox 301 2497 416 2535; x_wconf 86' lang='lat' dir='ltr'><strong>rum</strong></span> <span class='ocrx_word' id='word_1_198' title='bbox 435 2490 484 2534; x_wconf 87' lang='lat' dir='ltr'><strong>et</strong></span> <span class='ocrx_word' id='word_1_199' title='bbox 504 2489 762 2550; x_wconf 85' lang='lat' dir='ltr'><strong>apparatu</strong></span> <span class='ocrx_word' id='word_1_200' title='bbox 785 2479 1177 2545; x_wconf 80' lang='lat' dir='ltr'><strong>alimoniarum,</strong></span> <span class='ocrx_word' id='word_1_201' title='bbox 1198 2479 1465 2533; x_wconf 73' lang='lat' dir='ltr'><strong>remissius</strong></span> <span class='ocrx_word' id='word_1_202' title='bbox 1495 2477 1733 2547; x_wconf 86' lang='lat' dir='ltr'><strong>agebant,</strong></span> <span class='ocrx_word' id='word_1_203' title='bbox 1764 2493 1878 2529; x_wconf 86' lang='lat' dir='ltr'><strong>nta-</strong></span> 
     </span>
    </p>
   </div>
   <div class='ocr_carea' id='block_1_28' title="bbox 299 2567 1878 2638">
    <p class='ocr_par' dir='ltr' id='par_1_28' title="bbox 299 2567 1878 2638">
     <span class='ocr_line' id='line_1_28' title="bbox 299 2567 1878 2638; baseline -0.002 -14"><span class='ocrx_word' id='word_1_204' title='bbox 299 2571 501 2626; x_wconf 86' lang='lat' dir='ltr'><strong>ledictis</strong></span> <span class='ocrx_word' id='word_1_205' title='bbox 531 2571 838 2625; x_wconf 78' lang='lat' dir='ltr'><strong>lacessentes</strong></span> <span class='ocrx_word' id='word_1_206' title='bbox 861 2569 896 2623; x_wconf 75' lang='grc' dir='ltr'><em>Ι</em></span> <span class='ocrx_word' id='word_1_207' title='bbox 902 2570 1088 2634; x_wconf 85' lang='lat' dir='ltr'><strong>udam,</strong></span> <span class='ocrx_word' id='word_1_208' title='bbox 1133 2587 1194 2622; x_wconf 86' lang='lat' dir='ltr'><strong>ac</strong></span> <span class='ocrx_word' id='word_1_209' title='bbox 1222 2569 1635 2638; x_wconf 80' lang='lat' dir='ltr'><strong>blasphemantes</strong></span> <span class='ocrx_word' id='word_1_210' title='bbox 1658 2607 1673 2630; x_wconf 87' lang='lat'><strong>,</strong></span> <span class='ocrx_word' id='word_1_211' title='bbox 1713 2584 1775 2622; x_wconf 90' lang='lat' dir='ltr'><strong>ac</strong></span> <span class='ocrx_word' id='word_1_212' title='bbox 1800 2567 1878 2621; x_wconf 83' lang='lat' dir='ltr'><strong>lo-</strong></span> 
     </span>
    </p>
   </div>
   <div class='ocr_carea' id='block_1_29' title="bbox 298 2656 1878 2732">
    <p class='ocr_par' dir='ltr' id='par_1_29' title="bbox 298 2656 1878 2732">
     <span class='ocr_line' id='line_1_29' title="bbox 298 2656 1878 2732; baseline -0.001 -18"><span class='ocrx_word' id='word_1_213' title='bbox 298 2670 510 2732; x_wconf 82' lang='lat' dir='ltr'><strong>quentes</strong></span> <span class='ocrx_word' id='word_1_214' title='bbox 539 2677 655 2731; x_wconf 77' lang='lat' dir='ltr'><strong>qute</strong></span> <span class='ocrx_word' id='word_1_215' title='bbox 687 2660 768 2730; x_wconf 75' lang='lat' dir='ltr'><strong>fas</strong></span> <span class='ocrx_word' id='word_1_216' title='bbox 792 2675 897 2713; x_wconf 86' lang='lat' dir='ltr'><strong>non</strong></span> <span class='ocrx_word' id='word_1_217' title='bbox 921 2669 1016 2713; x_wconf 86' lang='lat' dir='ltr'><strong>est.</strong></span> <span class='ocrx_word' id='word_1_218' title='bbox 1039 2659 1244 2713; x_wconf 82' lang='lat' dir='ltr'><strong>Civitas</strong></span> <span class='ocrx_word' id='word_1_219' title='bbox 1264 2659 1378 2712; x_wconf 69' lang='lat' dir='ltr'><strong>haec</strong></span> <span class='ocrx_word' id='word_1_220' title='bbox 1398 2658 1498 2712; x_wconf 88' lang='lat' dir='ltr'><strong>sub</strong></span> <span class='ocrx_word' id='word_1_221' title='bbox 1518 2656 1675 2725; x_wconf 88' lang='lat' dir='ltr'><strong>cujus</strong></span> <span class='ocrx_word' id='word_1_222' title='bbox 1700 2659 1878 2712; x_wconf 86' lang='lat' dir='ltr'><strong>muni-</strong></span> 
     </span>
    </p>
   </div>
   <div class='ocr_carea' id='block_1_30' title="bbox 301 2749 1880 2823">
    <p class='ocr_par' dir='ltr' id='par_1_30' title="bbox 301 2749 1880 2823">
     <span class='ocr_line' id='line_1_30' title="bbox 301 2749 1880 2823; baseline -0.004 -14"><span class='ocrx_word' id='word_1_223' title='bbox 301 2755 446 2809; x_wconf 89' lang='lat' dir='ltr'><strong>tione</strong></span> <span class='ocrx_word' id='word_1_224' title='bbox 470 2753 711 2823; x_wconf 68' lang='lat' dir='ltr'><strong>plurima:</strong></span> <span class='ocrx_word' id='word_1_225' title='bbox 735 2753 903 2806; x_wconf 75' lang='lat' dir='ltr'><strong>turba:</strong></span> <span class='ocrx_word' id='word_1_226' title='bbox 926 2751 1264 2806; x_wconf 87' lang='lat' dir='ltr'><strong>diversarum</strong></span> <span class='ocrx_word' id='word_1_227' title='bbox 1293 2750 1530 2820; x_wconf 90' lang='lat' dir='ltr'><strong>gentium</strong></span> <span class='ocrx_word' id='word_1_228' title='bbox 1559 2749 1880 2804; x_wconf 85' lang='lat' dir='ltr'><strong>convenien-</strong></span> 
     </span>
    </p>
   </div>
   <div class='ocr_carea' id='block_1_31' title="bbox 300 2839 1878 2910">
    <p class='ocr_par' dir='ltr' id='par_1_31' title="bbox 300 2839 1878 2910">
     <span class='ocr_line' id='line_1_31' title="bbox 300 2839 1878 2910; baseline -0.006 -10"><span class='ocrx_word' id='word_1_229' title='bbox 300 2856 384 2901; x_wconf 88' lang='lat' dir='ltr'><strong>tes</strong></span> <span class='ocrx_word' id='word_1_230' title='bbox 409 2845 811 2910; x_wconf 83' lang='lat' dir='ltr'><strong>habitaverunt,</strong></span> <span class='ocrx_word' id='word_1_231' title='bbox 839 2842 974 2896; x_wconf 88' lang='lat' dir='ltr'><strong>nihil</strong></span> <span class='ocrx_word' id='word_1_232' title='bbox 996 2842 1187 2895; x_wconf 88' lang='lat' dir='ltr'><strong>melius</strong></span> <span class='ocrx_word' id='word_1_233' title='bbox 1209 2855 1370 2910; x_wconf 91' lang='lat' dir='ltr'><strong>quam</strong></span> <span class='ocrx_word' id='word_1_234' title='bbox 1392 2839 1577 2894; x_wconf 89' lang='lat' dir='ltr'><strong>mundi</strong></span> <span class='ocrx_word' id='word_1_235' title='bbox 1604 2839 1761 2893; x_wconf 88' lang='lat' dir='ltr'><strong>istius</strong></span> <span class='ocrx_word' id='word_1_236' title='bbox 1781 2855 1878 2909; x_wconf 91' lang='lat' dir='ltr'><strong>po-</strong></span> 
     </span>
    </p>
   </div>
   <div class='ocr_carea' id='block_1_32' title="bbox 301 2929 1879 3004">
    <p class='ocr_par' dir='ltr' id='par_1_32' title="bbox 301 2929 1879 3004">
     <span class='ocr_line' id='line_1_32' title="bbox 301 2929 1879 3004; baseline -0.004 -13"><span class='ocrx_word' id='word_1_237' title='bbox 301 2943 562 2991; x_wconf 87' lang='lat' dir='ltr'><strong>tentatum</strong></span> <span class='ocrx_word' id='word_1_238' title='bbox 585 2934 890 3004; x_wconf 88' lang='lat' dir='ltr'><strong>signiﬁcare</strong></span> <span class='ocrx_word' id='word_1_239' title='bbox 912 2931 1177 2998; x_wconf 80' lang='lat' dir='ltr'><strong>arbitror;</strong></span> <span class='ocrx_word' id='word_1_240' title='bbox 1209 2929 1363 2999; x_wconf 89' lang='lat' dir='ltr'><strong>cujus</strong></span> <span class='ocrx_word' id='word_1_241' title='bbox 1384 2929 1485 2985; x_wconf 87' lang='lat' dir='ltr'><strong>sub</strong></span> <span class='ocrx_word' id='word_1_242' title='bbox 1511 2929 1879 2984; x_wconf 80' lang='lat' dir='ltr'><strong>dominatione</strong></span> 
     </span>
    </p>
   </div>
   <div class='ocr_carea' id='block_1_33' title="bbox 299 3021 1876 3096">
    <p class='ocr_par' dir='ltr' id='par_1_33' title="bbox 299 3021 1876 3096">
     <span class='ocr_line' id='line_1_33' title="bbox 299 3021 1876 3096; baseline -0.004 -13"><span class='ocrx_word' id='word_1_243' title='bbox 299 3028 526 3083; x_wconf 81' lang='lat' dir='ltr'><strong>diversae</strong></span> <span class='ocrx_word' id='word_1_244' title='bbox 557 3027 805 3081; x_wconf 90' lang='lat' dir='ltr'><strong>adierunt</strong></span> <span class='ocrx_word' id='word_1_245' title='bbox 829 3032 1035 3096; x_wconf 77' lang='lat' dir='ltr'><strong>gentes,</strong></span> <span class='ocrx_word' id='word_1_246' title='bbox 1065 3032 1123 3078; x_wconf 92' lang='lat' dir='ltr'><strong>ut</strong></span> <span class='ocrx_word' id='word_1_247' title='bbox 1147 3025 1246 3078; x_wconf 89' lang='lat' dir='ltr'><strong>sub</strong></span> <span class='ocrx_word' id='word_1_248' title='bbox 1273 3022 1390 3092; x_wconf 86' lang='lat' dir='ltr'><strong>ejus</strong></span> <span class='ocrx_word' id='word_1_249' title='bbox 1414 3021 1726 3077; x_wconf 75' lang='lat' dir='ltr'><strong>defensione</strong></span> <span class='ocrx_word' id='word_1_250' title='bbox 1753 3035 1876 3077; x_wconf 90' lang='lat' dir='ltr'><strong>cor-</strong></span> 
     </span>
    </p>
   </div>
   <div class='ocr_carea' id='block_1_34' title="bbox 298 3111 1871 3191">
    <p class='ocr_par' dir='ltr' id='par_1_34' title="bbox 298 3111 1871 3191">
     <span class='ocr_line' id='line_1_34' title="bbox 298 3111 1871 3191; baseline -0.006 -18"><span class='ocrx_word' id='word_1_251' title='bbox 298 3118 558 3191; x_wconf 90' lang='lat' dir='ltr'><strong>poraliter</strong></span> <span class='ocrx_word' id='word_1_252' title='bbox 597 3123 877 3172; x_wconf 88' lang='lat' dir='ltr'><strong>tuerentur</strong></span> <span class='ocrx_word' id='word_1_253' title='bbox 900 3114 1188 3184; x_wconf 53' lang='lat' dir='ltr'><strong>carnisque</strong></span> <span class='ocrx_word' id='word_1_254' title='bbox 1225 3127 1336 3168; x_wconf 76' lang='lat' dir='ltr'><strong>sua:</strong></span> <span class='ocrx_word' id='word_1_255' title='bbox 1363 3111 1517 3167; x_wconf 90' lang='lat' dir='ltr'><strong>libitu</strong></span> <span class='ocrx_word' id='word_1_256' title='bbox 1548 3111 1871 3166; x_wconf 83' lang='lat' dir='ltr'><strong>fruerentur.</strong></span> 
     </span>
    </p>
   </div>
   <div class='ocr_carea' id='block_1_35' title="bbox 299 3200 1880 3276">
    <p class='ocr_par' dir='ltr' id='par_1_35' title="bbox 299 3200 1880 3276">
     <span class='ocr_line' id='line_1_35' title="bbox 299 3200 1880 3276; baseline -0.005 -13"><span class='ocrx_word' id='word_1_257' title='bbox 299 3207 616 3276; x_wconf 85' lang='lat' dir='ltr'><strong>llujusmodi</strong></span> <span class='ocrx_word' id='word_1_258' title='bbox 663 3221 792 3275; x_wconf 88' lang='lat' dir='ltr'><strong>ergo</strong></span> <span class='ocrx_word' id='word_1_259' title='bbox 845 3211 1173 3266; x_wconf 86' lang='lat' dir='ltr'><strong>conventus,</strong></span> <span class='ocrx_word' id='word_1_260' title='bbox 1221 3201 1456 3256; x_wconf 89' lang='lat' dir='ltr'><strong>conﬁsus</strong></span> <span class='ocrx_word' id='word_1_261' title='bbox 1495 3201 1550 3256; x_wconf 92' lang='lat' dir='ltr'><strong>in</strong></span> <span class='ocrx_word' id='word_1_262' title='bbox 1589 3200 1880 3256; x_wconf 84' lang='lat' dir='ltr'><strong>stabilitate</strong></span> 
     </span>
    </p>
   </div>
   <div class='ocr_carea' id='block_1_36' title="bbox 299 3288 1882 3361">
    <p class='ocr_par' dir='ltr' id='par_1_36' title="bbox 299 3288 1882 3361">
     <span class='ocr_line' id='line_1_36' title="bbox 299 3288 1882 3361; baseline -0.005 -8"><span class='ocrx_word' id='word_1_263' title='bbox 299 3312 577 3353; x_wconf 87' lang='lat' dir='ltr'><strong>murorum</strong></span> <span class='ocrx_word' id='word_1_264' title='bbox 603 3336 618 3361; x_wconf 88' lang='lat'><strong>,</strong></span> <span class='ocrx_word' id='word_1_265' title='bbox 667 3292 965 3348; x_wconf 86' lang='lat' dir='ltr'><strong>maledictis</strong></span> <span class='ocrx_word' id='word_1_266' title='bbox 993 3291 1210 3346; x_wconf 83' lang='lat' dir='ltr'><strong>lacessit</strong></span> <span class='ocrx_word' id='word_1_267' title='bbox 1247 3289 1476 3355; x_wconf 74' lang='lat' dir='ltr'><strong>ludam,</strong></span> <span class='ocrx_word' id='word_1_268' title='bbox 1520 3305 1585 3343; x_wconf 91' lang='lat' dir='ltr'><strong>ac</strong></span> <span class='ocrx_word' id='word_1_269' title='bbox 1625 3288 1882 3359; x_wconf 83' lang='lat' dir='ltr'><strong>blasphe—</strong></span> 
     </span>
    </p>
   </div>
   <div class='ocr_carea' id='block_1_37' title="bbox 304 3379 1883 3455">
    <p class='ocr_par' dir='ltr' id='par_1_37' title="bbox 304 3379 1883 3455">
     <span class='ocr_line' id='line_1_37' title="bbox 304 3379 1883 3455; baseline -0.005 -13"><span class='ocrx_word' id='word_1_270' title='bbox 304 3401 458 3442; x_wconf 90' lang='lat' dir='ltr'><strong>mans</strong></span> <span class='ocrx_word' id='word_1_271' title='bbox 485 3387 806 3455; x_wconf 85' lang='lat' dir='ltr'><strong>loquebatur</strong></span> <span class='ocrx_word' id='word_1_272' title='bbox 831 3398 894 3436; x_wconf 90' lang='lat' dir='ltr'><strong>ea</strong></span> <span class='ocrx_word' id='word_1_273' title='bbox 924 3397 1044 3452; x_wconf 81' lang='lat' dir='ltr'><strong>quae</strong></span> <span class='ocrx_word' id='word_1_274' title='bbox 1076 3381 1157 3435; x_wconf 88' lang='lat' dir='ltr'><strong>l‘as</strong></span> <span class='ocrx_word' id='word_1_275' title='bbox 1185 3396 1292 3436; x_wconf 91' lang='lat' dir='ltr'><strong>non</strong></span> <span class='ocrx_word' id='word_1_276' title='bbox 1321 3388 1438 3434; x_wconf 89' lang='lat' dir='ltr'><strong>erat</strong></span> <span class='ocrx_word' id='word_1_277' title='bbox 1467 3397 1480 3433; x_wconf 90' lang='lat'><strong>:</strong></span> <span class='ocrx_word' id='word_1_278' title='bbox 1509 3394 1634 3434; x_wconf 88' lang='lat' dir='ltr'><strong>cum</strong></span> <span class='ocrx_word' id='word_1_279' title='bbox 1653 3379 1883 3434; x_wconf 76' lang='lat' dir='ltr'><strong>diversa:</strong></span> 
     </span>
    </p>
   </div>
   <div class='ocr_carea' id='block_1_38' title="bbox 301 3467 1880 3547">
    <p class='ocr_par' dir='ltr' id='par_1_38' title="bbox 301 3467 1880 3547">
     <span class='ocr_line' id='line_1_38' title="bbox 301 3467 1880 3547; baseline -0.005 -19"><span class='ocrx_word' id='word_1_280' title='bbox 301 3489 548 3547; x_wconf 64' lang='lat' dir='ltr'><strong>personae</strong></span> <span class='ocrx_word' id='word_1_281' title='bbox 598 3472 898 3536; x_wconf 85' lang='lat' dir='ltr'><strong>hominum,</strong></span> <span class='ocrx_word' id='word_1_282' title='bbox 939 3470 1181 3524; x_wconf 82' lang='lat' dir='ltr'><strong>faventes</strong></span> <span class='ocrx_word' id='word_1_283' title='bbox 1223 3467 1516 3524; x_wconf 84' lang='lat' dir='ltr'><strong>adulationi</strong></span> <span class='ocrx_word' id='word_1_284' title='bbox 1552 3467 1880 3537; x_wconf 87' lang='lat' dir='ltr'><strong>principum,</strong></span> 
     </span>
    </p>
   </div>
   <div class='ocr_carea' id='block_1_39' title="bbox 302 3559 1884 3636">
    <p class='ocr_par' dir='ltr' id='par_1_39' title="bbox 302 3559 1884 3636">
     <span class='ocr_line' id='line_1_39' title="bbox 302 3559 1884 3636; baseline -0.007 -12"><span class='ocrx_word' id='word_1_285' title='bbox 302 3582 598 3636; x_wconf 83' lang='lat' dir='ltr'><strong>eorumque</strong></span> <span class='ocrx_word' id='word_1_286' title='bbox 627 3565 904 3621; x_wconf 88' lang='lat' dir='ltr'><strong>beneﬁciis</strong></span> <span class='ocrx_word' id='word_1_287' title='bbox 924 3563 1238 3634; x_wconf 74' lang='lat' dir='ltr'><strong>gaudentes,</strong></span> <span class='ocrx_word' id='word_1_288' title='bbox 1266 3561 1536 3617; x_wconf 88' lang='lat' dir='ltr'><strong>contraria</strong></span> <span class='ocrx_word' id='word_1_289' title='bbox 1559 3559 1738 3616; x_wconf 80' lang='lat' dir='ltr'><strong>fecere</strong></span> <span class='ocrx_word' id='word_1_290' title='bbox 1762 3574 1884 3614; x_wconf 88' lang='lat' dir='ltr'><strong>san-</strong></span> 
     </span>
    </p>
   </div>
   <div class='ocr_carea' id='block_1_40' title="bbox 301 3651 1884 3731">
    <p class='ocr_par' dir='ltr' id='par_1_40' title="bbox 301 3651 1884 3731">
     <span class='ocr_line' id='line_1_40' title="bbox 301 3651 1884 3731; baseline -0.005 -15"><span class='ocrx_word' id='word_1_291' title='bbox 301 3661 405 3716; x_wconf 86' lang='lat' dir='ltr'><strong>ctis</strong></span> <span class='ocrx_word' id='word_1_292' title='bbox 429 3657 892 3731; x_wconf 80' lang='lat' dir='ltr'><strong>praedicatoribus,</strong></span> <span class='ocrx_word' id='word_1_293' title='bbox 918 3664 1078 3726; x_wconf 88' lang='lat' dir='ltr'><strong>atque</strong></span> <span class='ocrx_word' id='word_1_294' title='bbox 1106 3654 1248 3709; x_wconf 90' lang='lat' dir='ltr'><strong>idola</strong></span> <span class='ocrx_word' id='word_1_295' title='bbox 1278 3654 1537 3718; x_wconf 86' lang='lat' dir='ltr'><strong>colentes,</strong></span> <span class='ocrx_word' id='word_1_296' title='bbox 1555 3653 1718 3707; x_wconf 85' lang='lat' dir='ltr'><strong>verba</strong></span> <span class='ocrx_word' id='word_1_297' title='bbox 1739 3651 1884 3708; x_wconf 90' lang='lat' dir='ltr'><strong>blas-</strong></span> 
     </span>
    </p>
   </div>
   <div class='ocr_carea' id='block_1_41' title="bbox 302 3744 1884 3825">
    <p class='ocr_par' dir='ltr' id='par_1_41' title="bbox 302 3744 1884 3825">
     <span class='ocr_line' id='line_1_41' title="bbox 302 3744 1884 3825; baseline -0.004 -19"><span class='ocrx_word' id='word_1_298' title='bbox 302 3753 529 3825; x_wconf 74' lang='lat' dir='ltr'><strong>phemia:</strong></span> <span class='ocrx_word' id='word_1_299' title='bbox 585 3759 772 3806; x_wconf 90' lang='lat' dir='ltr'><strong>contra</strong></span> <span class='ocrx_word' id='word_1_300' title='bbox 816 3750 987 3819; x_wconf 89' lang='lat' dir='ltr'><strong>ipsam</strong></span> <span class='ocrx_word' id='word_1_301' title='bbox 1033 3747 1377 3802; x_wconf 87' lang='lat' dir='ltr'><strong>Divinitatem</strong></span> <span class='ocrx_word' id='word_1_302' title='bbox 1401 3745 1762 3814; x_wconf 89' lang='lat' dir='ltr'><strong>jactaverunt.</strong></span> <span class='ocrx_word' id='word_1_303' title='bbox 1790 3744 1884 3800; x_wconf 83' lang='lat' dir='ltr'><strong>Ju-</strong></span> 
     </span>
    </p>
   </div>
   <div class='ocr_carea' id='block_1_42' title="bbox 302 3837 1884 3913">
    <p class='ocr_par' dir='ltr' id='par_1_42' title="bbox 302 3837 1884 3913">
     <span class='ocr_line' id='line_1_42' title="bbox 302 3837 1884 3913; baseline -0.003 -17"><span class='ocrx_word' id='word_1_304' title='bbox 302 3843 399 3896; x_wconf 89' lang='lat' dir='ltr'><strong>das</strong></span> <span class='ocrx_word' id='word_1_305' title='bbox 417 3856 566 3913; x_wconf 84' lang='lat' dir='ltr'><strong>ergo,</strong></span> <span class='ocrx_word' id='word_1_306' title='bbox 597 3842 845 3895; x_wconf 88' lang='lat' dir='ltr'><strong>invocato</strong></span> <span class='ocrx_word' id='word_1_307' title='bbox 868 3839 1051 3894; x_wconf 88' lang='lat' dir='ltr'><strong>mundi</strong></span> <span class='ocrx_word' id='word_1_308' title='bbox 1075 3838 1315 3907; x_wconf 89' lang='lat' dir='ltr'><strong>principe</strong></span> <span class='ocrx_word' id='word_1_309' title='bbox 1331 3879 1345 3903; x_wconf 95' lang='lat'><strong>,</strong></span> <span class='ocrx_word' id='word_1_310' title='bbox 1368 3853 1464 3907; x_wconf 88' lang='lat' dir='ltr'><strong>per</strong></span> <span class='ocrx_word' id='word_1_311' title='bbox 1485 3838 1652 3908; x_wconf 91' lang='lat' dir='ltr'><strong>ipsius</strong></span> <span class='ocrx_word' id='word_1_312' title='bbox 1675 3837 1884 3906; x_wconf 89' lang='lat' dir='ltr'><strong>adjuto-</strong></span> 
     </span>
    </p>
   </div>
   <div class='ocr_carea' id='block_1_43' title="bbox 302 3927 1884 4000">
    <p class='ocr_par' dir='ltr' id='par_1_43' title="bbox 302 3927 1884 4000">
     <span class='ocr_line' id='line_1_43' title="bbox 302 3927 1884 4000; baseline -0.004 -15"><span class='ocrx_word' id='word_1_313' title='bbox 302 3931 442 3986; x_wconf 89' lang='lat' dir='ltr'><strong>rium</strong></span> <span class='ocrx_word' id='word_1_314' title='bbox 475 3931 614 4000; x_wconf 77' lang='lat' dir='ltr'><strong>cepit</strong></span> <span class='ocrx_word' id='word_1_315' title='bbox 654 3929 928 3984; x_wconf 90' lang='lat' dir='ltr'><strong>civitatem</strong></span> <span class='ocrx_word' id='word_1_316' title='bbox 961 3945 974 3982; x_wconf 91' lang='lat'><strong>:</strong></span> <span class='ocrx_word' id='word_1_317' title='bbox 1013 3928 1137 3996; x_wconf 89' lang='lat' dir='ltr'><strong>quia</strong></span> <span class='ocrx_word' id='word_1_318' title='bbox 1183 3928 1357 3982; x_wconf 88' lang='lat' dir='ltr'><strong>sancti</strong></span> <span class='ocrx_word' id='word_1_319' title='bbox 1395 3928 1645 3983; x_wconf 86' lang='lat' dir='ltr'><strong>doctores</strong></span> <span class='ocrx_word' id='word_1_320' title='bbox 1686 3927 1884 3996; x_wconf 90' lang='lat' dir='ltr'><strong>partim</strong></span> 
     </span>
    </p>
   </div>
   <div class='ocr_carea' id='block_1_44' title="bbox 301 4018 1882 4089">
    <p class='ocr_par' dir='ltr' id='par_1_44' title="bbox 301 4018 1882 4089">
     <span class='ocr_line' id='line_1_44' title="bbox 301 4018 1882 4089; baseline -0.003 -13"><span class='ocrx_word' id='word_1_321' title='bbox 301 4020 659 4086; x_wconf 83' lang='lat' dir='ltr'><strong>orationibus,</strong></span> <span class='ocrx_word' id='word_1_322' title='bbox 691 4019 887 4089; x_wconf 88' lang='lat' dir='ltr'><strong>partim</strong></span> <span class='ocrx_word' id='word_1_323' title='bbox 909 4027 963 4074; x_wconf 89' lang='lat' dir='ltr'><strong>et</strong></span> <span class='ocrx_word' id='word_1_324' title='bbox 989 4018 1361 4089; x_wconf 81' lang='lat' dir='ltr'><strong>dogmatibus,</strong></span> <span class='ocrx_word' id='word_1_325' title='bbox 1407 4028 1596 4074; x_wconf 88' lang='lat' dir='ltr'><strong>contra</strong></span> <span class='ocrx_word' id='word_1_326' title='bbox 1629 4020 1882 4074; x_wconf 87' lang='lat' dir='ltr'><strong>adversa-</strong></span> 
     </span>
    </p>
   </div>
   <div class='ocr_carea' id='block_1_45' title="bbox 303 4109 1884 4180">
    <p class='ocr_par' dir='ltr' id='par_1_45' title="bbox 303 4109 1884 4180">
     <span class='ocr_line' id='line_1_45' title="bbox 303 4109 1884 4180; baseline -0.001 -14"><span class='ocrx_word' id='word_1_327' title='bbox 303 4111 416 4166; x_wconf 89' lang='lat' dir='ltr'><strong>rios</strong></span> <span class='ocrx_word' id='word_1_328' title='bbox 453 4126 582 4166; x_wconf 87' lang='lat' dir='ltr'><strong>suos</strong></span> <span class='ocrx_word' id='word_1_329' title='bbox 617 4109 1008 4176; x_wconf 76' lang='lat' dir='ltr'><strong>conﬂixerunt,</strong></span> <span class='ocrx_word' id='word_1_330' title='bbox 1055 4110 1224 4166; x_wconf 85' lang='lat' dir='ltr'><strong>donec</strong></span> <span class='ocrx_word' id='word_1_331' title='bbox 1254 4109 1400 4180; x_wconf 90' lang='lat' dir='ltr'><strong>ipsos</strong></span> <span class='ocrx_word' id='word_1_332' title='bbox 1441 4110 1536 4166; x_wconf 89' lang='lat' dir='ltr'><strong>Dei</strong></span> <span class='ocrx_word' id='word_1_333' title='bbox 1583 4111 1750 4166; x_wconf 88' lang='lat' dir='ltr'><strong>verbo</strong></span> <span class='ocrx_word' id='word_1_334' title='bbox 1787 4125 1884 4180; x_wconf 82' lang='lat' dir='ltr'><strong>per</strong></span> 
     </span>
    </p>
   </div>
   <div class='ocr_carea' id='block_1_46' title="bbox 304 4201 1883 4272">
    <p class='ocr_par' dir='ltr' id='par_1_46' title="bbox 304 4201 1883 4272">
     <span class='ocr_line' id='line_1_46' title="bbox 304 4201 1883 4272; baseline 0 -17"><span class='ocrx_word' id='word_1_335' title='bbox 304 4201 517 4256; x_wconf 88' lang='lat' dir='ltr'><strong>Domini</strong></span> <span class='ocrx_word' id='word_1_336' title='bbox 563 4201 890 4257; x_wconf 89' lang='lat' dir='ltr'><strong>voluntatem</strong></span> <span class='ocrx_word' id='word_1_337' title='bbox 939 4209 1292 4271; x_wconf 77' lang='lat' dir='ltr'><strong>captaverant</strong></span> <span class='ocrx_word' id='word_1_338' title='bbox 1333 4202 1628 4272; x_wconf 80' lang='lat' dir='ltr'><strong>principes.</strong></span> <span class='ocrx_word' id='word_1_339' title='bbox 1681 4201 1883 4271; x_wconf 87' lang='lat' dir='ltr'><strong>Sicque</strong></span> 
     </span>
    </p>
   </div>
   <div class='ocr_carea' id='block_1_47' title="bbox 304 4292 1885 4358">
    <p class='ocr_par' dir='ltr' id='par_1_47' title="bbox 304 4292 1885 4358">
     <span class='ocr_line' id='line_1_47' title="bbox 304 4292 1885 4358; baseline -0.002 -10"><span class='ocrx_word' id='word_1_340' title='bbox 304 4294 696 4349; x_wconf 86' lang='lat' dir='ltr'><strong>inenarrabiles</strong></span> <span class='ocrx_word' id='word_1_341' title='bbox 719 4293 894 4349; x_wconf 71' lang='lat' dir='ltr'><strong>caules</strong></span> <span class='ocrx_word' id='word_1_342' title='bbox 923 4292 1282 4349; x_wconf 81' lang='lat' dir='ltr'><strong>conﬁciebant</strong></span> <span class='ocrx_word' id='word_1_343' title='bbox 1307 4294 1582 4348; x_wconf 87' lang='lat' dir='ltr'><strong>hominum</strong></span> <span class='ocrx_word' id='word_1_344' title='bbox 1603 4333 1618 4358; x_wconf 92' lang='lat'><strong>,</strong></span> <span class='ocrx_word' id='word_1_345' title='bbox 1669 4306 1776 4347; x_wconf 91' lang='lat' dir='ltr'><strong>non</strong></span> <span class='ocrx_word' id='word_1_346' title='bbox 1825 4299 1885 4346; x_wconf 92' lang='lat' dir='ltr'><strong>ut</strong></span> 
     </span>
    </p>
   </div>
   <div class='ocr_carea' id='block_1_48' title="bbox 306 4383 1878 4454">
    <p class='ocr_par' dir='ltr' id='par_1_48' title="bbox 306 4383 1878 4454">
     <span class='ocr_line' id='line_1_48' title="bbox 306 4383 1878 4454; baseline -0.003 -14"><span class='ocrx_word' id='word_1_347' title='bbox 306 4385 526 4441; x_wconf 88' lang='lat' dir='ltr'><strong>interitu</strong></span> <span class='ocrx_word' id='word_1_348' title='bbox 556 4395 760 4441; x_wconf 68' lang='lat' dir='ltr'><strong>aeterno</strong></span> <span class='ocrx_word' id='word_1_349' title='bbox 787 4385 1025 4439; x_wconf 83' lang='lat' dir='ltr'><strong>funditus</strong></span> <span class='ocrx_word' id='word_1_350' title='bbox 1047 4385 1304 4454; x_wconf 78' lang='lat' dir='ltr'><strong>perirent,</strong></span> <span class='ocrx_word' id='word_1_351' title='bbox 1334 4384 1427 4439; x_wconf 89' lang='lat' dir='ltr'><strong>sed</strong></span> <span class='ocrx_word' id='word_1_352' title='bbox 1449 4391 1508 4438; x_wconf 88' lang='lat' dir='ltr'><strong>ut</strong></span> <span class='ocrx_word' id='word_1_353' title='bbox 1541 4383 1743 4438; x_wconf 89' lang='lat' dir='ltr'><strong>mundo</strong></span> <span class='ocrx_word' id='word_1_354' title='bbox 1766 4396 1878 4436; x_wconf 87' lang='lat' dir='ltr'><strong>mo-</strong></span> 
     </span>
    </p>
   </div>
   <div class='ocr_carea' id='block_1_49' title="bbox 305 4472 1877 4542">
    <p class='ocr_par' dir='ltr' id='par_1_49' title="bbox 305 4472 1877 4542">
     <span class='ocr_line' id='line_1_49' title="bbox 305 4472 1877 4542; baseline -0.004 -12"><span class='ocrx_word' id='word_1_355' title='bbox 305 4476 508 4532; x_wconf 86' lang='lat' dir='ltr'><strong>rientes</strong></span> <span class='ocrx_word' id='word_1_356' title='bbox 533 4476 748 4532; x_wconf 87' lang='lat' dir='ltr'><strong>Christo</strong></span> <span class='ocrx_word' id='word_1_357' title='bbox 775 4473 984 4530; x_wconf 81' lang='lat' dir='ltr'><strong>felicius</strong></span> <span class='ocrx_word' id='word_1_358' title='bbox 1015 4474 1276 4529; x_wconf 86' lang='lat' dir='ltr'><strong>viverent.</strong></span> <span class='ocrx_word' id='word_1_359' title='bbox 1311 4472 1624 4542; x_wconf 86' lang='lat' dir='ltr'><strong>llujusmodi</strong></span> <span class='ocrx_word' id='word_1_360' title='bbox 1663 4485 1877 4540; x_wconf 91' lang='lat' dir='ltr'><strong>quoque</strong></span> 
     </span>
    </p>
   </div>
   <div class='ocr_carea' id='block_1_50' title="bbox 305 4555 1878 4635">
    <p class='ocr_par' dir='ltr' id='par_1_50' title="bbox 305 4555 1878 4635">
     <span class='ocr_line' id='line_1_50' title="bbox 305 4555 1878 4635; baseline -0.003 -14"><span class='ocrx_word' id='word_1_361' title='bbox 305 4555 465 4622; x_wconf 73' lang='lat' dir='ltr'><strong>Petro</strong></span> <span class='ocrx_word' id='word_1_362' title='bbox 487 4567 661 4622; x_wconf 80' lang='lat' dir='ltr'><strong>caedes</strong></span> <span class='ocrx_word' id='word_1_363' title='bbox 689 4567 742 4620; x_wconf 89' lang='lat' dir='ltr'><strong>in</strong></span> <span class='ocrx_word' id='word_1_364' title='bbox 771 4564 997 4620; x_wconf 82' lang='lat' dir='ltr'><strong>Actibus</strong></span> <span class='ocrx_word' id='word_1_365' title='bbox 1022 4565 1387 4634; x_wconf 89' lang='lat' dir='ltr'><strong>apostolorum</strong></span> <span class='ocrx_word' id='word_1_366' title='bbox 1415 4563 1566 4635; x_wconf 85' lang='lat' dir='ltr'><strong>(Cap.</strong></span> <span class='ocrx_word' id='word_1_367' title='bbox 1602 4561 1658 4634; x_wconf 71' lang='grc' dir='ltr'><strong>χ)</strong></span> <span class='ocrx_word' id='word_1_368' title='bbox 1693 4561 1878 4631; x_wconf 84' lang='lat' dir='ltr'><strong>jussus</strong></span> 
     </span>
    </p>
   </div>
   <div class='ocr_carea' id='block_1_51' title="bbox 303 4651 1877 4723">
    <p class='ocr_par' dir='ltr' id='par_1_51' title="bbox 303 4651 1877 4723">
     <span class='ocr_line' id='line_1_51' title="bbox 303 4651 1877 4723; baseline -0.005 -12"><span class='ocrx_word' id='word_1_369' title='bbox 303 4667 388 4712; x_wconf 88' lang='lat' dir='ltr'><strong>est</strong></span> <span class='ocrx_word' id='word_1_370' title='bbox 409 4656 693 4720; x_wconf 87' lang='lat' dir='ltr'><strong>conﬁcere,</strong></span> <span class='ocrx_word' id='word_1_371' title='bbox 717 4656 932 4723; x_wconf 85' lang='lat' dir='ltr'><strong>quando</strong></span> <span class='ocrx_word' id='word_1_372' title='bbox 952 4669 1049 4708; x_wconf 88' lang='lat' dir='ltr'><strong>vas</strong></span> <span class='ocrx_word' id='word_1_373' title='bbox 1071 4653 1199 4708; x_wconf 89' lang='lat' dir='ltr'><strong>illud</strong></span> <span class='ocrx_word' id='word_1_374' title='bbox 1220 4654 1503 4723; x_wconf 89' lang='lat' dir='ltr'><strong>mysticum</strong></span> <span class='ocrx_word' id='word_1_375' title='bbox 1524 4660 1752 4721; x_wconf 86' lang='lat' dir='ltr'><strong>quatuor</strong></span> <span class='ocrx_word' id='word_1_376' title='bbox 1772 4651 1877 4704; x_wconf 88' lang='lat' dir='ltr'><strong>ini-</strong></span> 
     </span>
    </p>
   </div>
   <div class='ocr_carea' id='block_1_52' title="bbox 307 4743 1876 4810">
    <p class='ocr_par' dir='ltr' id='par_1_52' title="bbox 307 4743 1876 4810">
     <span class='ocr_line' id='line_1_52' title="bbox 307 4743 1876 4810; baseline -0.006 -7"><span class='ocrx_word' id='word_1_377' title='bbox 307 4749 396 4803; x_wconf 88' lang='lat' dir='ltr'><strong>tiis</strong></span> <span class='ocrx_word' id='word_1_378' title='bbox 415 4747 658 4804; x_wconf 87' lang='lat' dir='ltr'><strong>submitti</strong></span> <span class='ocrx_word' id='word_1_379' title='bbox 678 4747 744 4800; x_wconf 89' lang='lat' dir='ltr'><strong>de</strong></span> <span class='ocrx_word' id='word_1_380' title='bbox 763 4747 901 4804; x_wconf 84' lang='lat' dir='ltr'><strong>caelo</strong></span> <span class='ocrx_word' id='word_1_381' title='bbox 920 4746 974 4800; x_wconf 91' lang='lat' dir='ltr'><strong>in</strong></span> <span class='ocrx_word' id='word_1_382' title='bbox 995 4755 1195 4800; x_wconf 88' lang='lat' dir='ltr'><strong>terram</strong></span> <span class='ocrx_word' id='word_1_383' title='bbox 1211 4745 1262 4798; x_wconf 92' lang='lat' dir='ltr'><strong>in</strong></span> <span class='ocrx_word' id='word_1_384' title='bbox 1279 4743 1479 4799; x_wconf 79' lang='lat' dir='ltr'><strong>exstasi</strong></span> <span class='ocrx_word' id='word_1_385' title='bbox 1501 4749 1876 4810; x_wconf 79' lang='lat' dir='ltr'><strong>conspexerat,</strong></span> 
     </span>
    </p>
   </div>
   <div class='ocr_carea' id='block_1_53' title="bbox 306 4834 1876 4908">
    <p class='ocr_par' dir='ltr' id='par_1_53' title="bbox 306 4834 1876 4908">
     <span class='ocr_line' id='line_1_53' title="bbox 306 4834 1876 4908; baseline -0.006 -14"><span class='ocrx_word' id='word_1_386' title='bbox 306 4839 360 4894; x_wconf 91' lang='lat' dir='ltr'><strong>in</strong></span> <span class='ocrx_word' id='word_1_387' title='bbox 385 4855 490 4908; x_wconf 91' lang='lat' dir='ltr'><strong>quo</strong></span> <span class='ocrx_word' id='word_1_388' title='bbox 519 4845 676 4894; x_wconf 86' lang='lat' dir='ltr'><strong>erant</strong></span> <span class='ocrx_word' id='word_1_389' title='bbox 711 4837 894 4891; x_wconf 88' lang='lat' dir='ltr'><strong>omnia</strong></span> <span class='ocrx_word' id='word_1_390' title='bbox 920 4837 1287 4905; x_wconf 84' lang='lat' dir='ltr'><strong>quadrupedia</strong></span> <span class='ocrx_word' id='word_1_391' title='bbox 1316 4843 1371 4889; x_wconf 86' lang='lat' dir='ltr'><strong>et</strong></span> <span class='ocrx_word' id='word_1_392' title='bbox 1397 4834 1667 4904; x_wconf 86' lang='lat' dir='ltr'><strong>serpentia</strong></span> <span class='ocrx_word' id='word_1_393' title='bbox 1687 4843 1876 4897; x_wconf 71' lang='lat' dir='ltr'><strong>terrae,</strong></span> 
     </span>
    </p>
   </div>
   <div class='ocr_carea' id='block_1_54' title="bbox 305 4923 1887 4994">
    <p class='ocr_par' dir='ltr' id='par_1_54' title="bbox 305 4923 1887 4994">
     <span class='ocr_line' id='line_1_54' title="bbox 305 4923 1887 4994; baseline -0.004 -12"><span class='ocrx_word' id='word_1_394' title='bbox 305 4936 360 4982; x_wconf 90' lang='lat' dir='ltr'><strong>et</strong></span> <span class='ocrx_word' id='word_1_395' title='bbox 390 4927 626 4981; x_wconf 88' lang='lat' dir='ltr'><strong>volatilia</strong></span> <span class='ocrx_word' id='word_1_396' title='bbox 655 4927 799 4991; x_wconf 78' lang='lat' dir='ltr'><strong>coeli,</strong></span> <span class='ocrx_word' id='word_1_397' title='bbox 821 4938 879 4982; x_wconf 83' lang='lat' dir='ltr'><strong>et</strong></span> <span class='ocrx_word' id='word_1_398' title='bbox 910 4927 1112 4982; x_wconf 86' lang='lat' dir='ltr'><strong>dictum</strong></span> <span class='ocrx_word' id='word_1_399' title='bbox 1141 4934 1225 4980; x_wconf 85' lang='lat' dir='ltr'><strong>est</strong></span> <span class='ocrx_word' id='word_1_400' title='bbox 1254 4925 1338 4979; x_wconf 87' lang='lat' dir='ltr'><strong>ei:</strong></span> <span class='ocrx_word' id='word_1_401' title='bbox 1371 4923 1558 4994; x_wconf 83' lang='lat' dir='ltr'><strong>Surge,</strong></span> <span class='ocrx_word' id='word_1_402' title='bbox 1584 4923 1737 4976; x_wconf 87' lang='lat' dir='ltr'><strong>Petre</strong></span> <span class='ocrx_word' id='word_1_403' title='bbox 1755 4962 1770 4987; x_wconf 96' lang='lat'><strong>,</strong></span> <span class='ocrx_word' id='word_1_404' title='bbox 1799 4939 1887 4976; x_wconf 85' lang='lat' dir='ltr'><strong>oc-</strong></span> 
     </span>
    </p>
   </div>
   <div class='ocr_carea' id='block_1_55' title="bbox 306 5012 1882 5086">
    <p class='ocr_par' dir='ltr' id='par_1_55' title="bbox 306 5012 1882 5086">
     <span class='ocr_line' id='line_1_55' title="bbox 306 5012 1882 5086; baseline -0.003 -16"><span class='ocrx_word' id='word_1_405' title='bbox 306 5017 420 5070; x_wconf 85' lang='lat' dir='ltr'><strong>cide</strong></span> <span class='ocrx_word' id='word_1_406' title='bbox 440 5025 488 5069; x_wconf 89' lang='lat' dir='ltr'><strong>et</strong></span> <span class='ocrx_word' id='word_1_407' title='bbox 514 5017 795 5070; x_wconf 88' lang='lat' dir='ltr'><strong>manduca.</strong></span> <span class='ocrx_word' id='word_1_408' title='bbox 827 5015 1088 5070; x_wconf 76' lang='lat' dir='ltr'><strong>Animalia</strong></span> <span class='ocrx_word' id='word_1_409' title='bbox 1114 5029 1242 5086; x_wconf 84' lang='lat' dir='ltr'><strong>ergo</strong></span> <span class='ocrx_word' id='word_1_410' title='bbox 1267 5029 1454 5069; x_wconf 86' lang='lat' dir='ltr'><strong>omnes</strong></span> <span class='ocrx_word' id='word_1_411' title='bbox 1489 5021 1676 5082; x_wconf 79' lang='lat' dir='ltr'><strong>gentes</strong></span> <span class='ocrx_word' id='word_1_412' title='bbox 1713 5012 1882 5083; x_wconf 88' lang='lat' dir='ltr'><strong>signi-</strong></span> 
     </span>
    </p>
   </div>
   <div class='ocr_carea' id='block_1_56' title="bbox 305 5105 1882 5172">
    <p class='ocr_par' dir='ltr' id='par_1_56' title="bbox 305 5105 1882 5172">
     <span class='ocr_line' id='line_1_56' title="bbox 305 5105 1882 5172; baseline -0.006 -5"><span class='ocrx_word' id='word_1_413' title='bbox 305 5109 544 5167; x_wconf 73' lang='lat' dir='ltr'><strong>licebant</strong></span> <span class='ocrx_word' id='word_1_414' title='bbox 570 5109 846 5163; x_wconf 85' lang='lat' dir='ltr'><strong>erroribus</strong></span> <span class='ocrx_word' id='word_1_415' title='bbox 870 5108 1197 5172; x_wconf 77' lang='lat' dir='ltr'><strong>immundus,</strong></span> <span class='ocrx_word' id='word_1_416' title='bbox 1227 5106 1322 5160; x_wconf 88' lang='lat' dir='ltr'><strong>sed</strong></span> <span class='ocrx_word' id='word_1_417' title='bbox 1353 5107 1407 5159; x_wconf 91' lang='lat' dir='ltr'><strong>in</strong></span> <span class='ocrx_word' id='word_1_418' title='bbox 1435 5105 1652 5160; x_wconf 87' lang='lat' dir='ltr'><strong>nomine</strong></span> <span class='ocrx_word' id='word_1_419' title='bbox 1679 5112 1882 5159; x_wconf 64' lang='lat' dir='ltr'><strong>sancta:</strong></span> 
     </span>
    </p>
   </div>
   <div class='ocr_carea' id='block_1_57' title="bbox 305 5194 1882 5267">
    <p class='ocr_par' dir='ltr' id='par_1_57' title="bbox 305 5194 1882 5267">
     <span class='ocr_line' id='line_1_57' title="bbox 305 5194 1882 5267; baseline -0.005 -10"><span class='ocrx_word' id='word_1_420' title='bbox 305 5201 592 5257; x_wconf 88' lang='lat' dir='ltr'><strong>Trinitatis</strong></span> <span class='ocrx_word' id='word_1_421' title='bbox 615 5213 772 5255; x_wconf 85' lang='lat' dir='ltr'><strong>sacro</strong></span> <span class='ocrx_word' id='word_1_422' title='bbox 797 5198 1118 5267; x_wconf 78' lang='lat' dir='ltr'><strong>baptismate</strong></span> <span class='ocrx_word' id='word_1_423' title='bbox 1158 5195 1520 5262; x_wconf 85' lang='lat' dir='ltr'><strong>mundandas,</strong></span> <span class='ocrx_word' id='word_1_424' title='bbox 1558 5211 1680 5267; x_wconf 75' lang='lat' dir='ltr'><strong>qua:</strong></span> <span class='ocrx_word' id='word_1_425' title='bbox 1707 5194 1882 5250; x_wconf 88' lang='lat' dir='ltr'><strong>homi-</strong></span> 
     </span>
    </p>
   </div>
   <div class='ocr_carea' id='block_1_58' title="bbox 308 5285 1882 5364">
    <p class='ocr_par' dir='ltr' id='par_1_58' title="bbox 308 5285 1882 5364">
     <span class='ocr_line' id='line_1_58' title="bbox 308 5285 1882 5364; baseline -0.008 -14"><span class='ocrx_word' id='word_1_426' title='bbox 308 5294 394 5350; x_wconf 90' lang='lat' dir='ltr'><strong>nis</strong></span> <span class='ocrx_word' id='word_1_427' title='bbox 421 5293 707 5364; x_wconf 77' lang='lat' dir='ltr'><strong>imaginem</strong></span> <span class='ocrx_word' id='word_1_428' title='bbox 736 5289 1129 5359; x_wconf 84' lang='lat' dir='ltr'><strong>relinquentes,</strong></span> <span class='ocrx_word' id='word_1_429' title='bbox 1175 5302 1270 5358; x_wconf 86' lang='lat' dir='ltr'><strong>per</strong></span> <span class='ocrx_word' id='word_1_430' title='bbox 1306 5287 1658 5343; x_wconf 85' lang='lat' dir='ltr'><strong>imitationem</strong></span> <span class='ocrx_word' id='word_1_431' title='bbox 1687 5285 1882 5340; x_wconf 85' lang='lat' dir='ltr'><strong>bestia-</strong></span> 
     </span>
    </p>
   </div>
   <div class='ocr_carea' id='block_1_59' title="bbox 311 5376 1883 5454">
    <p class='ocr_par' dir='ltr' id='par_1_59' title="bbox 311 5376 1883 5454">
     <span class='ocr_line' id='line_1_59' title="bbox 311 5376 1883 5454; baseline -0.008 -14"><span class='ocrx_word' id='word_1_432' title='bbox 311 5401 430 5440; x_wconf 91' lang='lat' dir='ltr'><strong>rum</strong></span> <span class='ocrx_word' id='word_1_433' title='bbox 455 5394 510 5440; x_wconf 89' lang='lat' dir='ltr'><strong>et</strong></span> <span class='ocrx_word' id='word_1_434' title='bbox 537 5383 868 5454; x_wconf 88' lang='lat' dir='ltr'><strong>serpentium</strong></span> <span class='ocrx_word' id='word_1_435' title='bbox 890 5395 1168 5450; x_wconf 83' lang='lat' dir='ltr'><strong>sumpsere</strong></span> <span class='ocrx_word' id='word_1_436' title='bbox 1187 5380 1416 5450; x_wconf 82' lang='lat' dir='ltr'><strong>ﬁguras;</strong></span> <span class='ocrx_word' id='word_1_437' title='bbox 1447 5392 1584 5448; x_wconf 89' lang='lat' dir='ltr'><strong>quas</strong></span> <span class='ocrx_word' id='word_1_438' title='bbox 1597 5376 1754 5445; x_wconf 86' lang='lat' dir='ltr'><strong>jubet</strong></span> <span class='ocrx_word' id='word_1_439' title='bbox 1781 5391 1883 5431; x_wconf 75' lang='lat' dir='ltr'><strong>vox</strong></span> 
     </span>
    </p>
   </div>
   <div class='ocr_carea' id='block_1_60' title="bbox 311 5465 1883 5535">
    <p class='ocr_par' dir='ltr' id='par_1_60' title="bbox 311 5465 1883 5535">
     <span class='ocr_line' id='line_1_60' title="bbox 311 5465 1883 5535; baseline -0.01 -1"><span class='ocrx_word' id='word_1_440' title='bbox 311 5477 399 5534; x_wconf 85' lang='lat' dir='ltr'><strong>illa</strong></span> <span class='ocrx_word' id='word_1_441' title='bbox 423 5477 659 5533; x_wconf 76' lang='lat' dir='ltr'><strong>cmlestis</strong></span> <span class='ocrx_word' id='word_1_442' title='bbox 679 5473 839 5530; x_wconf 87' lang='lat' dir='ltr'><strong>Petro</strong></span> <span class='ocrx_word' id='word_1_443' title='bbox 864 5473 1110 5530; x_wconf 89' lang='lat' dir='ltr'><strong>occidere</strong></span> <span class='ocrx_word' id='word_1_444' title='bbox 1135 5479 1189 5526; x_wconf 89' lang='lat' dir='ltr'><strong>et</strong></span> <span class='ocrx_word' id='word_1_445' title='bbox 1214 5470 1558 5532; x_wconf 88' lang='lat' dir='ltr'><strong>manducare,</strong></span> <span class='ocrx_word' id='word_1_446' title='bbox 1583 5467 1708 5535; x_wconf 90' lang='lat' dir='ltr'><strong>quia</strong></span> <span class='ocrx_word' id='word_1_447' title='bbox 1735 5465 1883 5520; x_wconf 91' lang='lat' dir='ltr'><strong>illum</strong></span> 
     </span>
    </p>
   </div>
   <div class='ocr_carea' id='block_1_61' title="bbox 308 5554 1886 5635">
    <p class='ocr_par' dir='ltr' id='par_1_61' title="bbox 308 5554 1886 5635">
     <span class='ocr_line' id='line_1_61' title="bbox 308 5554 1886 5635; baseline -0.007 -14"><span class='ocrx_word' id='word_1_448' title='bbox 308 5566 559 5621; x_wconf 86' lang='lat' dir='ltr'><strong>occidere</strong></span> <span class='ocrx_word' id='word_1_449' title='bbox 588 5565 641 5620; x_wconf 91' lang='lat' dir='ltr'><strong>in</strong></span> <span class='ocrx_word' id='word_1_450' title='bbox 679 5565 927 5635; x_wconf 81' lang='lat' dir='ltr'><strong>gentibus</strong></span> <span class='ocrx_word' id='word_1_451' title='bbox 957 5563 1008 5620; x_wconf 90' lang='lat' dir='ltr'><strong>id</strong></span> <span class='ocrx_word' id='word_1_452' title='bbox 1044 5561 1185 5633; x_wconf 91' lang='lat' dir='ltr'><strong>quod</strong></span> <span class='ocrx_word' id='word_1_453' title='bbox 1225 5559 1458 5626; x_wconf 82' lang='lat' dir='ltr'><strong>fuerant,</strong></span> <span class='ocrx_word' id='word_1_454' title='bbox 1490 5563 1544 5611; x_wconf 89' lang='lat' dir='ltr'><strong>et</strong></span> <span class='ocrx_word' id='word_1_455' title='bbox 1572 5554 1765 5628; x_wconf 65' lang='lat' dir='ltr'><strong>facere</strong></span> <span class='ocrx_word' id='word_1_456' title='bbox 1792 5569 1886 5612; x_wconf 85' lang='lat' dir='ltr'><strong>eos</strong></span> 
     </span>
    </p>
   </div>
   <div class='ocr_carea' id='block_1_62' title="bbox 385 5680 848 5749">
    <p class='ocr_par' dir='ltr' id='par_1_62' title="bbox 385 5680 848 5749">
     <span class='ocr_line' id='line_1_62' title="bbox 385 5680 848 5749; baseline 0.002 -17"><span class='ocrx_word' id='word_1_457' title='bbox 385 5690 408 5718; x_wconf 71' lang='grc'><strong><em>⁸</em></strong></span> <span class='ocrx_word' id='word_1_458' title='bbox 441 5680 598 5736; x_wconf 77' lang='lat' dir='ltr'><strong>Deest</strong></span> <span class='ocrx_word' id='word_1_459' title='bbox 627 5680 848 5749; x_wconf 77' lang='lat' dir='ltr'><strong>aliquid.</strong></span> 
     </span>
    </p>
   </div>
   <div class='ocr_carea' id='block_1_63' title="bbox 1969 458 3546 540">
    <p class='ocr_par' dir='ltr' id='par_1_63' title="bbox 1969 458 3546 540">
     <span class='ocr_line' id='line_1_63' title="bbox 1969 458 3546 540; baseline -0.015 -8"><span class='ocrx_word' id='word_1_460' title='bbox 1969 477 2148 532; x_wconf 79' lang='lat' dir='ltr'><strong>cibum</strong></span> <span class='ocrx_word' id='word_1_461' title='bbox 2180 472 2310 527; x_wconf 82' lang='lat' dir='ltr'><strong>foris</strong></span> <span class='ocrx_word' id='word_1_462' title='bbox 2345 471 2579 540; x_wconf 89' lang='lat' dir='ltr'><strong>positum</strong></span> <span class='ocrx_word' id='word_1_463' title='bbox 2621 468 2674 521; x_wconf 91' lang='lat' dir='ltr'><strong>in</strong></span> <span class='ocrx_word' id='word_1_464' title='bbox 2711 480 2869 520; x_wconf 90' lang='lat' dir='ltr'><strong>suum</strong></span> <span class='ocrx_word' id='word_1_465' title='bbox 2905 476 3102 532; x_wconf 85' lang='lat' dir='ltr'><strong>corpus</strong></span> <span class='ocrx_word' id='word_1_466' title='bbox 3139 458 3379 528; x_wconf 86' lang='lat' dir='ltr'><strong>trajicit;</strong></span> <span class='ocrx_word' id='word_1_467' title='bbox 3411 472 3546 525; x_wconf 68' lang='lat' dir='ltr'><strong>pra:-</strong></span> 
     </span>
    </p>
   </div>
   <div class='ocr_carea' id='block_1_64' title="bbox 1969 546 3552 636">
    <p class='ocr_par' dir='ltr' id='par_1_64' title="bbox 1969 546 3552 636">
     <span class='ocr_line' id='line_1_64' title="bbox 1969 546 3552 636; baseline -0.012 -17"><span class='ocrx_word' id='word_1_468' title='bbox 1969 566 2110 636; x_wconf 80' lang='lat' dir='ltr'><strong>ccpit</strong></span> <span class='ocrx_word' id='word_1_469' title='bbox 2143 579 2270 634; x_wconf 85' lang='lat' dir='ltr'><strong>ergo</strong></span> <span class='ocrx_word' id='word_1_470' title='bbox 2294 572 2353 618; x_wconf 89' lang='lat' dir='ltr'><strong>ut</strong></span> <span class='ocrx_word' id='word_1_471' title='bbox 2382 561 2629 616; x_wconf 85' lang='lat' dir='ltr'><strong>nationes</strong></span> <span class='ocrx_word' id='word_1_472' title='bbox 2655 573 2752 628; x_wconf 87' lang='lat' dir='ltr'><strong>per</strong></span> <span class='ocrx_word' id='word_1_473' title='bbox 2781 552 3210 611; x_wconf 88' lang='lat' dir='ltr'><strong>incredulitatem</strong></span> <span class='ocrx_word' id='word_1_474' title='bbox 3239 558 3366 603; x_wconf 85' lang='lat' dir='ltr'><strong>ante</strong></span> <span class='ocrx_word' id='word_1_475' title='bbox 3403 546 3552 602; x_wconf 80' lang='lat' dir='ltr'><strong>fores</strong></span> 
     </span>
    </p>
   </div>
   <div class='ocr_carea' id='block_1_65' title="bbox 1969 639 3551 727">
    <p class='ocr_par' dir='ltr' id='par_1_65' title="bbox 1969 639 3551 727">
     <span class='ocr_line' id='line_1_65' title="bbox 1969 639 3551 727; baseline -0.013 -16"><span class='ocrx_word' id='word_1_476' title='bbox 1969 657 2178 727; x_wconf 66' lang='lat' dir='ltr'><strong>posiae,</strong></span> <span class='ocrx_word' id='word_1_477' title='bbox 2207 653 2486 709; x_wconf 82' lang='lat' dir='ltr'><strong>interfecta</strong></span> <span class='ocrx_word' id='word_1_478' title='bbox 2513 649 2783 720; x_wconf 81' lang='lat' dir='ltr'><strong>praeterita</strong></span> <span class='ocrx_word' id='word_1_479' title='bbox 2810 647 2915 701; x_wconf 84' lang='lat' dir='ltr'><strong>vita</strong></span> <span class='ocrx_word' id='word_1_480' title='bbox 2933 683 2948 709; x_wconf 93' lang='lat'><strong>,</strong></span> <span class='ocrx_word' id='word_1_481' title='bbox 2995 641 3241 699; x_wconf 88' lang='lat' dir='ltr'><strong>societati</strong></span> <span class='ocrx_word' id='word_1_482' title='bbox 3267 639 3551 703; x_wconf 57' lang='lat' dir='ltr'><strong>Ecclesia,</strong></span> 
     </span>
    </p>
   </div>
   <div class='ocr_carea' id='block_1_66' title="bbox 1969 730 3556 817">
    <p class='ocr_par' dir='ltr' id='par_1_66' title="bbox 1969 730 3556 817">
     <span class='ocr_line' id='line_1_66' title="bbox 1969 730 3556 817; baseline -0.013 -14"><span class='ocrx_word' id='word_1_483' title='bbox 1969 763 2131 817; x_wconf 90' lang='lat' dir='ltr'><strong>quam</strong></span> <span class='ocrx_word' id='word_1_484' title='bbox 2157 746 2426 816; x_wconf 79' lang='lat' dir='ltr'><strong>signiﬁcat</strong></span> <span class='ocrx_word' id='word_1_485' title='bbox 2463 741 2658 796; x_wconf 86' lang='lat' dir='ltr'><strong>Petrus</strong></span> <span class='ocrx_word' id='word_1_486' title='bbox 2682 781 2696 804; x_wconf 96' lang='lat'><strong>,</strong></span> <span class='ocrx_word' id='word_1_487' title='bbox 2749 740 3078 792; x_wconf 84' lang='lat' dir='ltr'><strong>inserantur.</strong></span> <span class='ocrx_word' id='word_1_488' title='bbox 3109 733 3267 788; x_wconf 69' lang='lat' dir='ltr'><strong>Juxta</strong></span> <span class='ocrx_word' id='word_1_489' title='bbox 3297 730 3443 801; x_wconf 85' lang='lat' dir='ltr'><strong>quod</strong></span> <span class='ocrx_word' id='word_1_490' title='bbox 3487 730 3556 783; x_wconf 88' lang='lat' dir='ltr'><strong>dc</strong></span> 
     </span>
    </p>
   </div>
   <div class='ocr_carea' id='block_1_67' title="bbox 1970 821 3556 908">
    <p class='ocr_par' dir='ltr' id='par_1_67' title="bbox 1970 821 3556 908">
     <span class='ocr_line' id='line_1_67' title="bbox 1970 821 3556 908; baseline -0.014 -13"><span class='ocrx_word' id='word_1_491' title='bbox 1970 839 2147 908; x_wconf 85' lang='lat' dir='ltr'><strong>seipse</strong></span> <span class='ocrx_word' id='word_1_492' title='bbox 2175 836 2453 906; x_wconf 85' lang='lat' dir='ltr'><strong>apostolus</strong></span> <span class='ocrx_word' id='word_1_493' title='bbox 2474 831 2672 886; x_wconf 81' lang='lat' dir='ltr'><strong>Paulus</strong></span> <span class='ocrx_word' id='word_1_494' title='bbox 2701 831 2776 884; x_wconf 90' lang='lat' dir='ltr'><strong>ait</strong></span> <span class='ocrx_word' id='word_1_495' title='bbox 2801 848 2814 883; x_wconf 90' lang='lat'>:</span> <span class='ocrx_word' id='word_1_496' title='bbox 2845 828 2957 898; x_wconf 84' lang='lat' dir='ltr'><strong>Ego</strong></span> <span class='ocrx_word' id='word_1_497' title='bbox 2987 829 3124 882; x_wconf 85' lang='lat' dir='ltr'><strong>enim</strong></span> <span class='ocrx_word' id='word_1_498' title='bbox 3154 842 3244 895; x_wconf 82' lang='lat' dir='ltr'><strong>per</strong></span> <span class='ocrx_word' id='word_1_499' title='bbox 3266 824 3427 894; x_wconf 82' lang='lat' dir='ltr'><strong>legem</strong></span> <span class='ocrx_word' id='word_1_500' title='bbox 3451 821 3556 891; x_wconf 83' lang='lat' dir='ltr'><strong>legi</strong></span> 
     </span>
    </p>
   </div>
   <div class='ocr_carea' id='block_1_68' title="bbox 1969 916 3557 991">
    <p class='ocr_par' dir='ltr' id='par_1_68' title="bbox 1969 916 3557 991">
     <span class='ocr_line' id='line_1_68' title="bbox 1969 916 3557 991; baseline -0.01 -7"><span class='ocrx_word' id='word_1_501' title='bbox 1969 940 2204 984; x_wconf 68' lang='lat' dir='ltr'><strong>mortuus</strong></span> <span class='ocrx_word' id='word_1_502' title='bbox 2231 945 2365 991; x_wconf 90' lang='lat' dir='ltr'><strong>sum,</strong></span> <span class='ocrx_word' id='word_1_503' title='bbox 2391 937 2444 979; x_wconf 89' lang='lat' dir='ltr'><strong>ut</strong></span> <span class='ocrx_word' id='word_1_504' title='bbox 2475 924 2695 977; x_wconf 83' lang='lat' dir='ltr'><strong>Domino</strong></span> <span class='ocrx_word' id='word_1_505' title='bbox 2745 921 2906 974; x_wconf 72' lang='lat' dir='ltr'><strong>eiram</strong></span> <span class='ocrx_word' id='word_1_506' title='bbox 2944 918 3148 972; x_wconf 82' lang='lat' dir='ltr'><strong>Christo</strong></span> <span class='ocrx_word' id='word_1_507' title='bbox 3194 916 3338 988; x_wconf 85' lang='lat' dir='ltr'><strong>(Gal.</strong></span> <span class='ocrx_word' id='word_1_508' title='bbox 3365 917 3460 986; x_wconf 85' lang='lat' dir='ltr'><strong>tt);</strong></span> <span class='ocrx_word' id='word_1_509' title='bbox 3500 923 3557 970; x_wconf 85' lang='lat' dir='ltr'><strong>et</strong></span> 
     </span>
    </p>
   </div>
   <div class='ocr_carea' id='block_1_69' title="bbox 1971 1004 3553 1084">
    <p class='ocr_par' dir='ltr' id='par_1_69' title="bbox 1971 1004 3553 1084">
     <span class='ocr_line' id='line_1_69' title="bbox 1971 1004 3553 1084; baseline -0.012 -9"><span class='ocrx_word' id='word_1_510' title='bbox 1971 1023 2099 1076; x_wconf 88' lang='lat' dir='ltr'><strong>item</strong></span> <span class='ocrx_word' id='word_1_511' title='bbox 2127 1039 2138 1072; x_wconf 91' lang='lat'><strong>:</strong></span> <span class='ocrx_word' id='word_1_512' title='bbox 2178 1018 2302 1072; x_wconf 88' lang='lat' dir='ltr'><strong>Vivo</strong></span> <span class='ocrx_word' id='word_1_513' title='bbox 2323 1027 2495 1070; x_wconf 85' lang='lat' dir='ltr'><strong>autent</strong></span> <span class='ocrx_word' id='word_1_514' title='bbox 2509 1015 2626 1084; x_wconf 86' lang='lat' dir='ltr'><strong>jam</strong></span> <span class='ocrx_word' id='word_1_515' title='bbox 2650 1029 2751 1066; x_wconf 88' lang='lat' dir='ltr'><strong>non</strong></span> <span class='ocrx_word' id='word_1_516' title='bbox 2777 1027 2893 1082; x_wconf 83' lang='lat' dir='ltr'><strong>ego,</strong></span> <span class='ocrx_word' id='word_1_517' title='bbox 2922 1009 3039 1064; x_wconf 76' lang='lat' dir='ltr'><strong>vivit</strong></span> <span class='ocrx_word' id='word_1_518' title='bbox 3068 1023 3184 1061; x_wconf 80' lang='lat' dir='ltr'><strong>vero</strong></span> <span class='ocrx_word' id='word_1_519' title='bbox 3212 1010 3270 1062; x_wconf 77' lang='lat' dir='ltr'><strong>in</strong></span> <span class='ocrx_word' id='word_1_520' title='bbox 3295 1022 3378 1060; x_wconf 83' lang='lat' dir='ltr'><strong>me</strong></span> <span class='ocrx_word' id='word_1_521' title='bbox 3405 1004 3553 1058; x_wconf 84' lang='lat' dir='ltr'><strong>Chri-</strong></span> 
     </span>
    </p>
   </div>
   <div class='ocr_carea' id='block_1_70' title="bbox 1970 1109 2314 1179">
    <p class='ocr_par' dir='ltr' id='par_1_70' title="bbox 1970 1109 2314 1179">
     <span class='ocr_line' id='line_1_70' title="bbox 1970 1109 2314 1179; baseline -0.015 -13"><span class='ocrx_word' id='word_1_522' title='bbox 1970 1123 2081 1166; x_wconf 85' lang='lat' dir='ltr'><strong>stus</strong></span> <span class='ocrx_word' id='word_1_523' title='bbox 2108 1109 2314 1179; x_wconf 62' lang='lat' dir='ltr'><strong>(Ibid).</strong></span> 
     </span>
    </p>
   </div>
   <div class='ocr_carea' id='block_1_71' title="bbox 2043 1206 3558 1289">
    <p class='ocr_par' dir='ltr' id='par_1_71' title="bbox 2043 1206 3558 1289">
     <span class='ocr_line' id='line_1_71' title="bbox 2043 1206 3558 1289; baseline -0.01 -14"><span class='ocrx_word' id='word_1_524' title='bbox 2043 1221 2152 1275; x_wconf 79' lang='lat' dir='ltr'><strong>Nec</strong></span> <span class='ocrx_word' id='word_1_525' title='bbox 2178 1219 2306 1274; x_wconf 91' lang='lat' dir='ltr'><strong>illud</strong></span> <span class='ocrx_word' id='word_1_526' title='bbox 2331 1225 2386 1271; x_wconf 89' lang='lat' dir='ltr'><strong>et</strong></span> <span class='ocrx_word' id='word_1_527' title='bbox 2413 1215 2542 1289; x_wconf 85' lang='lat' dir='ltr'><strong>sine</strong></span> <span class='ocrx_word' id='word_1_528' title='bbox 2558 1211 2816 1284; x_wconf 83' lang='lat' dir='ltr'><strong>mysterio</strong></span> <span class='ocrx_word' id='word_1_529' title='bbox 2849 1219 2932 1264; x_wconf 87' lang='lat' dir='ltr'><strong>est</strong></span> <span class='ocrx_word' id='word_1_530' title='bbox 2965 1207 3106 1279; x_wconf 84' lang='lat' dir='ltr'><strong>quod</strong></span> <span class='ocrx_word' id='word_1_531' title='bbox 3151 1206 3409 1277; x_wconf 83' lang='lat' dir='ltr'><strong>adjacens</strong></span> <span class='ocrx_word' id='word_1_532' title='bbox 3444 1213 3558 1260; x_wconf 80' lang='lat' dir='ltr'><strong>sta-</strong></span> 
     </span>
    </p>
   </div>
   <div class='ocr_carea' id='block_1_72' title="bbox 1972 1296 3556 1382">
    <p class='ocr_par' dir='ltr' id='par_1_72' title="bbox 1972 1296 3556 1382">
     <span class='ocr_line' id='line_1_72' title="bbox 1972 1296 3556 1382; baseline -0.011 -15"><span class='ocrx_word' id='word_1_533' title='bbox 1972 1326 2134 1382; x_wconf 91' lang='lat' dir='ltr'><strong>gnum</strong></span> <span class='ocrx_word' id='word_1_534' title='bbox 2163 1309 2440 1364; x_wconf 88' lang='lat' dir='ltr'><strong>hominum</strong></span> <span class='ocrx_word' id='word_1_535' title='bbox 2487 1303 2856 1359; x_wconf 73' lang='lat' dir='ltr'><strong>coniectorum</strong></span> <span class='ocrx_word' id='word_1_536' title='bbox 2888 1299 3149 1368; x_wconf 85' lang='lat' dir='ltr'><strong>sanguine</strong></span> <span class='ocrx_word' id='word_1_537' title='bbox 3175 1296 3451 1353; x_wconf 81' lang='lat' dir='ltr'><strong>continere</strong></span> <span class='ocrx_word' id='word_1_538' title='bbox 3478 1297 3556 1351; x_wconf 82' lang='lat' dir='ltr'><strong>vi-</strong></span> 
     </span>
    </p>
   </div>
   <div class='ocr_carea' id='block_1_73' title="bbox 1973 1387 3562 1466">
    <p class='ocr_par' dir='ltr' id='par_1_73' title="bbox 1973 1387 3562 1466">
     <span class='ocr_line' id='line_1_73' title="bbox 1973 1387 3562 1466; baseline -0.009 -11"><span class='ocrx_word' id='word_1_539' title='bbox 1973 1402 2190 1455; x_wconf 85' lang='lat' dir='ltr'><strong>deretur</strong></span> <span class='ocrx_word' id='word_1_540' title='bbox 2221 1415 2234 1451; x_wconf 93' lang='lat'>:</span> <span class='ocrx_word' id='word_1_541' title='bbox 2268 1396 2391 1466; x_wconf 89' lang='lat' dir='ltr'><strong>quia</strong></span> <span class='ocrx_word' id='word_1_542' title='bbox 2427 1392 2704 1463; x_wconf 82' lang='lat' dir='ltr'><strong>sanguinis</strong></span> <span class='ocrx_word' id='word_1_543' title='bbox 2736 1389 2930 1445; x_wconf 70' lang='lat' dir='ltr'><strong>eﬂ&#39;usio</strong></span> <span class='ocrx_word' id='word_1_544' title='bbox 2968 1396 3211 1443; x_wconf 59' lang='lat' dir='ltr'><strong>cruentas</strong></span> <span class='ocrx_word' id='word_1_545' title='bbox 3231 1387 3360 1442; x_wconf 73' lang='lat' dir='ltr'><strong>vita:</strong></span> <span class='ocrx_word' id='word_1_546' title='bbox 3397 1387 3562 1441; x_wconf 86' lang='lat' dir='ltr'><strong>amis-</strong></span> 
     </span>
    </p>
   </div>
   <div class='ocr_carea' id='block_1_74' title="bbox 1975 1477 3564 1558">
    <p class='ocr_par' dir='ltr' id='par_1_74' title="bbox 1975 1477 3564 1558">
     <span class='ocr_line' id='line_1_74' title="bbox 1975 1477 3564 1558; baseline -0.008 -13"><span class='ocrx_word' id='word_1_547' title='bbox 1975 1491 2179 1546; x_wconf 89' lang='lat' dir='ltr'><strong>sionem</strong></span> <span class='ocrx_word' id='word_1_548' title='bbox 2210 1487 2508 1558; x_wconf 87' lang='lat' dir='ltr'><strong>signiﬁcat,</strong></span> <span class='ocrx_word' id='word_1_549' title='bbox 2541 1483 2696 1553; x_wconf 86' lang='lat' dir='ltr'><strong>quasi</strong></span> <span class='ocrx_word' id='word_1_550' title='bbox 2735 1481 2955 1552; x_wconf 82' lang='lat' dir='ltr'><strong>sanguis</strong></span> <span class='ocrx_word' id='word_1_551' title='bbox 2994 1495 3135 1550; x_wconf 88' lang='lat' dir='ltr'><strong>aqua</strong></span> <span class='ocrx_word' id='word_1_552' title='bbox 3167 1477 3360 1533; x_wconf 67' lang='lat' dir='ltr'><strong>effecta</strong></span> <span class='ocrx_word' id='word_1_553' title='bbox 3392 1479 3564 1533; x_wconf 85' lang='lat' dir='ltr'><strong>ﬂuere</strong></span> 
     </span>
    </p>
   </div>
   <div class='ocr_carea' id='block_1_75' title="bbox 1975 1569 3565 1645">
    <p class='ocr_par' dir='ltr' id='par_1_75' title="bbox 1975 1569 3565 1645">
     <span class='ocr_line' id='line_1_75' title="bbox 1975 1569 3565 1645; baseline -0.009 -11"><span class='ocrx_word' id='word_1_554' title='bbox 1975 1581 2206 1643; x_wconf 91' lang='lat' dir='ltr'><strong>videtur,</strong></span> <span class='ocrx_word' id='word_1_555' title='bbox 2239 1593 2360 1634; x_wconf 89' lang='lat' dir='ltr'><strong>cum</strong></span> <span class='ocrx_word' id='word_1_556' title='bbox 2385 1576 2439 1630; x_wconf 92' lang='lat' dir='ltr'><strong>in</strong></span> <span class='ocrx_word' id='word_1_557' title='bbox 2462 1573 2805 1645; x_wconf 87' lang='lat' dir='ltr'><strong>baptismatis</strong></span> <span class='ocrx_word' id='word_1_558' title='bbox 2831 1580 3191 1634; x_wconf 87' lang='lat' dir='ltr'><strong>sacramento,</strong></span> <span class='ocrx_word' id='word_1_559' title='bbox 3216 1569 3307 1624; x_wconf 82' lang='lat' dir='ltr'><strong>ubi</strong></span> <span class='ocrx_word' id='word_1_560' title='bbox 3335 1577 3565 1638; x_wconf 79' lang='lat' dir='ltr'><strong>peccato</strong></span> 
     </span>
    </p>
   </div>
   <div class='ocr_carea' id='block_1_76' title="bbox 1979 1661 3566 1734">
    <p class='ocr_par' dir='ltr' id='par_1_76' title="bbox 1979 1661 3566 1734">
     <span class='ocr_line' id='line_1_76' title="bbox 1979 1661 3566 1734; baseline -0.006 -9"><span class='ocrx_word' id='word_1_561' title='bbox 1979 1670 2163 1725; x_wconf 84' lang='lat' dir='ltr'><strong>ﬁdeles</strong></span> <span class='ocrx_word' id='word_1_562' title='bbox 2191 1668 2526 1730; x_wconf 88' lang='lat' dir='ltr'><strong>moriuntur,</strong></span> <span class='ocrx_word' id='word_1_563' title='bbox 2574 1663 2985 1734; x_wconf 82' lang='lat' dir='ltr'><strong>sanguinolenta</strong></span> <span class='ocrx_word' id='word_1_564' title='bbox 3030 1677 3194 1732; x_wconf 86' lang='lat' dir='ltr'><strong>opera</strong></span> <span class='ocrx_word' id='word_1_565' title='bbox 3233 1670 3293 1716; x_wconf 89' lang='lat' dir='ltr'><strong>et</strong></span> <span class='ocrx_word' id='word_1_566' title='bbox 3325 1661 3566 1716; x_wconf 87' lang='lat' dir='ltr'><strong>carnalis</strong></span> 
     </span>
    </p>
   </div>
   <div class='ocr_carea' id='block_1_77' title="bbox 1976 1751 3566 1824">
    <p class='ocr_par' dir='ltr' id='par_1_77' title="bbox 1976 1751 3566 1824">
     <span class='ocr_line' id='line_1_77' title="bbox 1976 1751 3566 1824; baseline -0.007 -9"><span class='ocrx_word' id='word_1_567' title='bbox 1976 1761 2100 1815; x_wconf 59' lang='lat' dir='ltr'><strong>vita:</strong></span> <span class='ocrx_word' id='word_1_568' title='bbox 2119 1759 2310 1814; x_wconf 90' lang='lat' dir='ltr'><strong>sordes</strong></span> <span class='ocrx_word' id='word_1_569' title='bbox 2332 1757 2478 1812; x_wconf 84' lang='lat' dir='ltr'><strong>ablui</strong></span> <span class='ocrx_word' id='word_1_570' title='bbox 2504 1760 2920 1824; x_wconf 83' lang='lat' dir='ltr'><strong>cognoscuntur,</strong></span> <span class='ocrx_word' id='word_1_571' title='bbox 2947 1751 3164 1822; x_wconf 88' lang='lat' dir='ltr'><strong>quando</strong></span> <span class='ocrx_word' id='word_1_572' title='bbox 3185 1751 3394 1806; x_wconf 68' lang='lat' dir='ltr'><strong>exuitur</strong></span> <span class='ocrx_word' id='word_1_573' title='bbox 3420 1760 3566 1804; x_wconf 73' lang='lat' dir='ltr'><strong>vetas</strong></span> 
     </span>
    </p>
   </div>
   <div class='ocr_carea' id='block_1_78' title="bbox 1974 1840 3566 1910">
    <p class='ocr_par' dir='ltr' id='par_1_78' title="bbox 1974 1840 3566 1910">
     <span class='ocr_line' id='line_1_78' title="bbox 1974 1840 3566 1910; baseline -0.006 -8"><span class='ocrx_word' id='word_1_574' title='bbox 1974 1849 2127 1902; x_wconf 86' lang='lat' dir='ltr'><strong>homo</strong></span> <span class='ocrx_word' id='word_1_575' title='bbox 2150 1863 2268 1900; x_wconf 87' lang='lat' dir='ltr'><strong>cum</strong></span> <span class='ocrx_word' id='word_1_576' title='bbox 2291 1845 2490 1898; x_wconf 84' lang='lat' dir='ltr'><strong>actibus</strong></span> <span class='ocrx_word' id='word_1_577' title='bbox 2521 1844 2630 1897; x_wconf 86' lang='lat' dir='ltr'><strong>suis</strong></span> <span class='ocrx_word' id='word_1_578' title='bbox 2652 1883 2666 1908; x_wconf 93' lang='lat'><strong>,</strong></span> <span class='ocrx_word' id='word_1_579' title='bbox 2701 1850 2746 1896; x_wconf 90' lang='lat' dir='ltr'><strong>et</strong></span> <span class='ocrx_word' id='word_1_580' title='bbox 2783 1841 3023 1894; x_wconf 85' lang='lat' dir='ltr'><strong>induitur</strong></span> <span class='ocrx_word' id='word_1_581' title='bbox 3049 1857 3208 1894; x_wconf 81' lang='lat' dir='ltr'><strong>novus</strong></span> <span class='ocrx_word' id='word_1_582' title='bbox 3228 1881 3243 1905; x_wconf 96' lang='lat'><strong>,</strong></span> <span class='ocrx_word' id='word_1_583' title='bbox 3269 1840 3358 1910; x_wconf 84' lang='lat' dir='ltr'><strong>qui</strong></span> <span class='ocrx_word' id='word_1_584' title='bbox 3380 1856 3566 1894; x_wconf 71' lang='lat' dir='ltr'><strong>secun-</strong></span> 
     </span>
    </p>
   </div>
   <div class='ocr_carea' id='block_1_79' title="bbox 1975 1930 3564 2002">
    <p class='ocr_par' dir='ltr' id='par_1_79' title="bbox 1975 1930 3564 2002">
     <span class='ocr_line' id='line_1_79' title="bbox 1975 1930 3564 2002; baseline -0.007 -9"><span class='ocrx_word' id='word_1_585' title='bbox 1975 1939 2100 1992; x_wconf 90' lang='lat' dir='ltr'><strong>dum</strong></span> <span class='ocrx_word' id='word_1_586' title='bbox 2123 1937 2403 1991; x_wconf 89' lang='lat' dir='ltr'><strong>Dominum</strong></span> <span class='ocrx_word' id='word_1_587' title='bbox 2425 1944 2631 1989; x_wconf 86' lang='lat' dir='ltr'><strong>creatus</strong></span> <span class='ocrx_word' id='word_1_588' title='bbox 2652 1943 2726 1987; x_wconf 86' lang='lat' dir='ltr'><strong>est</strong></span> <span class='ocrx_word' id='word_1_589' title='bbox 2755 1933 2808 1986; x_wconf 88' lang='lat' dir='ltr'><strong>in</strong></span> <span class='ocrx_word' id='word_1_590' title='bbox 2829 1932 3040 2002; x_wconf 85' lang='lat' dir='ltr'><strong>justitia</strong></span> <span class='ocrx_word' id='word_1_591' title='bbox 3065 1939 3112 1984; x_wconf 90' lang='lat' dir='ltr'><strong>et</strong></span> <span class='ocrx_word' id='word_1_592' title='bbox 3134 1931 3409 1984; x_wconf 85' lang='lat' dir='ltr'><strong>sanctitate</strong></span> <span class='ocrx_word' id='word_1_593' title='bbox 3428 1930 3564 1984; x_wconf 75' lang='lat' dir='ltr'><strong>aeri-</strong></span> 
     </span>
    </p>
   </div>
   <div class='ocr_carea' id='block_1_80' title="bbox 1975 2025 2478 2099">
    <p class='ocr_par' dir='ltr' id='par_1_80' title="bbox 1975 2025 2478 2099">
     <span class='ocr_line' id='line_1_80' title="bbox 1975 2025 2478 2099; baseline -0.01 -14"><span class='ocrx_word' id='word_1_594' title='bbox 1975 2031 2098 2085; x_wconf 83' lang='lat' dir='ltr'><strong>tatis</strong></span> <span class='ocrx_word' id='word_1_595' title='bbox 2131 2029 2346 2099; x_wconf 80' lang='lat' dir='ltr'><strong>(Ephes.</strong></span> <span class='ocrx_word' id='word_1_596' title='bbox 2380 2025 2478 2097; x_wconf 86' lang='lat' dir='ltr'><strong>tv).</strong></span> 
     </span>
    </p>
   </div>
   <div class='ocr_carea' id='block_1_81' title="bbox 2046 2133 3568 2206">
    <p class='ocr_par' dir='ltr' id='par_1_81' title="bbox 2046 2133 3568 2206">
     <span class='ocr_line' id='line_1_81' title="bbox 2046 2133 3568 2206; baseline -0.007 -11"><span class='ocrx_word' id='word_1_597' title='bbox 2046 2142 2116 2195; x_wconf 86' lang='lat' dir='ltr'><strong>Et</strong></span> <span class='ocrx_word' id='word_1_598' title='bbox 2145 2149 2389 2196; x_wconf 85' lang='lat' dir='ltr'><strong>venerunt</strong></span> <span class='ocrx_word' id='word_1_599' title='bbox 2410 2140 2465 2192; x_wconf 88' lang='lat' dir='ltr'><strong>in</strong></span> <span class='ocrx_word' id='word_1_600' title='bbox 2496 2137 2736 2192; x_wconf 85' lang='lat' dir='ltr'><strong>Characa</strong></span> <span class='ocrx_word' id='word_1_601' title='bbox 2766 2137 2834 2190; x_wconf 86' lang='lat' dir='ltr'><strong>ad</strong></span> <span class='ocrx_word' id='word_1_602' title='bbox 2859 2152 2945 2190; x_wconf 90' lang='lat' dir='ltr'><strong>eos</strong></span> <span class='ocrx_word' id='word_1_603' title='bbox 2974 2135 3064 2206; x_wconf 88' lang='lat' dir='ltr'><strong>qui</strong></span> <span class='ocrx_word' id='word_1_604' title='bbox 3091 2135 3333 2188; x_wconf 76' lang='lat' dir='ltr'><strong>dicuntur</strong></span> <span class='ocrx_word' id='word_1_605' title='bbox 3367 2133 3568 2186; x_wconf 80' lang='lat' dir='ltr'><strong>Tabia-</strong></span> 
     </span>
    </p>
   </div>
   <div class='ocr_carea' id='block_1_82' title="bbox 1975 2225 3568 2298">
    <p class='ocr_par' dir='ltr' id='par_1_82' title="bbox 1975 2225 3568 2298">
     <span class='ocr_line' id='line_1_82' title="bbox 1975 2225 3568 2298; baseline -0.006 -12"><span class='ocrx_word' id='word_1_606' title='bbox 1975 2233 2097 2297; x_wconf 81' lang='lat' dir='ltr'><strong>nwi,</strong></span> <span class='ocrx_word' id='word_1_607' title='bbox 2129 2229 2346 2285; x_wconf 80' lang='lat' dir='ltr'><strong>Judwos</strong></span> <span class='ocrx_word' id='word_1_608' title='bbox 2371 2243 2388 2281; x_wconf 90' lang='lat'><strong><em>:</em></strong></span> <span class='ocrx_word' id='word_1_609' title='bbox 2416 2239 2463 2283; x_wconf 88' lang='lat' dir='ltr'><strong>et</strong></span> <span class='ocrx_word' id='word_1_610' title='bbox 2495 2229 2819 2283; x_wconf 87' lang='lat' dir='ltr'><strong>Timotheum</strong></span> <span class='ocrx_word' id='word_1_611' title='bbox 2846 2226 3056 2298; x_wconf 85' lang='lat' dir='ltr'><strong>quidem</strong></span> <span class='ocrx_word' id='word_1_612' title='bbox 3088 2228 3140 2280; x_wconf 89' lang='lat' dir='ltr'><strong>in</strong></span> <span class='ocrx_word' id='word_1_613' title='bbox 3170 2225 3272 2278; x_wconf 86' lang='lat' dir='ltr'><strong>illis</strong></span> <span class='ocrx_word' id='word_1_614' title='bbox 3301 2225 3427 2278; x_wconf 85' lang='lat' dir='ltr'><strong>locis</strong></span> <span class='ocrx_word' id='word_1_615' title='bbox 3457 2241 3568 2277; x_wconf 87' lang='lat' dir='ltr'><strong>non</strong></span> 
     </span>
    </p>
   </div>
   <div class='ocr_carea' id='block_1_83' title="bbox 1975 2317 3570 2392">
    <p class='ocr_par' dir='ltr' id='par_1_83' title="bbox 1975 2317 3570 2392">
     <span class='ocr_line' id='line_1_83' title="bbox 1975 2317 3570 2392; baseline -0.005 -16"><span class='ocrx_word' id='word_1_616' title='bbox 1975 2321 2502 2392; x_wconf 78' lang='lat' dir='ltr'><strong>comprehenderunt,</strong></span> <span class='ocrx_word' id='word_1_617' title='bbox 2532 2317 2776 2389; x_wconf 85' lang='lat' dir='ltr'><strong>nulloque</strong></span> <span class='ocrx_word' id='word_1_618' title='bbox 2803 2318 3006 2387; x_wconf 79' lang='lat' dir='ltr'><strong>negotio</strong></span> <span class='ocrx_word' id='word_1_619' title='bbox 3041 2317 3267 2386; x_wconf 82' lang='lat' dir='ltr'><strong>perfecto</strong></span> <span class='ocrx_word' id='word_1_620' title='bbox 3297 2332 3570 2384; x_wconf 81' lang='lat' dir='ltr'><strong>regressus</strong></span> 
     </span>
    </p>
   </div>
   <div class='ocr_carea' id='block_1_84' title="bbox 1975 2406 3564 2482">
    <p class='ocr_par' dir='ltr' id='par_1_84' title="bbox 1975 2406 3564 2482">
     <span class='ocr_line' id='line_1_84' title="bbox 1975 2406 3564 2482; baseline -0.006 -14"><span class='ocrx_word' id='word_1_621' title='bbox 1975 2423 2050 2468; x_wconf 88' lang='lat' dir='ltr'><strong>est</strong></span> <span class='ocrx_word' id='word_1_622' title='bbox 2069 2453 2082 2477; x_wconf 92' lang='lat'><strong>,</strong></span> <span class='ocrx_word' id='word_1_623' title='bbox 2112 2412 2287 2466; x_wconf 86' lang='lat' dir='ltr'><strong>relicto</strong></span> <span class='ocrx_word' id='word_1_624' title='bbox 2326 2413 2381 2465; x_wconf 87' lang='lat' dir='ltr'><strong>in</strong></span> <span class='ocrx_word' id='word_1_625' title='bbox 2419 2411 2648 2482; x_wconf 88' lang='lat' dir='ltr'><strong>quodam</strong></span> <span class='ocrx_word' id='word_1_626' title='bbox 2687 2408 2800 2463; x_wconf 85' lang='lat' dir='ltr'><strong>loco</strong></span> <span class='ocrx_word' id='word_1_627' title='bbox 2827 2408 3131 2478; x_wconf 80' lang='lat' dir='ltr'><strong>ﬁrmissimo</strong></span> <span class='ocrx_word' id='word_1_628' title='bbox 3155 2406 3428 2476; x_wconf 69' lang='lat' dir='ltr'><strong>prazsidio,</strong></span> <span class='ocrx_word' id='word_1_629' title='bbox 3455 2414 3564 2458; x_wconf 86' lang='lat' dir='ltr'><strong>etc.</strong></span> 
     </span>
    </p>
   </div>
   <div class='ocr_carea' id='block_1_85' title="bbox 1973 2497 3568 2573">
    <p class='ocr_par' dir='ltr' id='par_1_85' title="bbox 1973 2497 3568 2573">
     <span class='ocr_line' id='line_1_85' title="bbox 1973 2497 3568 2573; baseline -0.005 -16"><span class='ocrx_word' id='word_1_630' title='bbox 1973 2503 2168 2558; x_wconf 82' lang='lat' dir='ltr'><strong>Audivi</strong></span> <span class='ocrx_word' id='word_1_631' title='bbox 2208 2504 2476 2573; x_wconf 88' lang='lat' dir='ltr'><strong>quondam</strong></span> <span class='ocrx_word' id='word_1_632' title='bbox 2525 2500 2809 2558; x_wconf 64' lang='lat' dir='ltr'><strong>Hebraeum</strong></span> <span class='ocrx_word' id='word_1_633' title='bbox 2847 2499 3198 2554; x_wconf 84' lang='lat' dir='ltr'><strong>disserentem</strong></span> <span class='ocrx_word' id='word_1_634' title='bbox 3237 2497 3568 2551; x_wconf 68' lang='lat' dir='ltr'><strong>Tubiaaaeos</strong></span> 
     </span>
    </p>
   </div>
   <div class='ocr_carea' id='block_1_86' title="bbox 1974 2588 3562 2664">
    <p class='ocr_par' dir='ltr' id='par_1_86' title="bbox 1974 2588 3562 2664">
     <span class='ocr_line' id='line_1_86' title="bbox 1974 2588 3562 2664; baseline -0.005 -16"><span class='ocrx_word' id='word_1_635' title='bbox 1974 2593 2187 2649; x_wconf 71' lang='lat' dir='ltr'><strong>Iudaeos</strong></span> <span class='ocrx_word' id='word_1_636' title='bbox 2217 2595 2338 2649; x_wconf 89' lang='lat' dir='ltr'><strong>illos</strong></span> <span class='ocrx_word' id='word_1_637' title='bbox 2365 2593 2664 2664; x_wconf 88' lang='lat' dir='ltr'><strong>nuncupari</strong></span> <span class='ocrx_word' id='word_1_638' title='bbox 2705 2591 2828 2662; x_wconf 90' lang='lat' dir='ltr'><strong>qui,</strong></span> <span class='ocrx_word' id='word_1_639' title='bbox 2866 2589 3182 2657; x_wconf 80' lang='lat' dir='ltr'><strong>alienigenis</strong></span> <span class='ocrx_word' id='word_1_640' title='bbox 3221 2588 3562 2653; x_wconf 82' lang='lat' dir='ltr'><strong>convocatis,</strong></span> 
     </span>
    </p>
   </div>
   <div class='ocr_carea' id='block_1_87' title="bbox 1976 2677 3574 2752">
    <p class='ocr_par' dir='ltr' id='par_1_87' title="bbox 1976 2677 3574 2752">
     <span class='ocr_line' id='line_1_87' title="bbox 1976 2677 3574 2752; baseline -0.005 -12"><span class='ocrx_word' id='word_1_641' title='bbox 1976 2685 2031 2740; x_wconf 90' lang='lat' dir='ltr'><strong>in</strong></span> <span class='ocrx_word' id='word_1_642' title='bbox 2057 2683 2384 2752; x_wconf 88' lang='lat' dir='ltr'><strong>adjutorium</strong></span> <span class='ocrx_word' id='word_1_643' title='bbox 2416 2683 2566 2738; x_wconf 69' lang='lat' dir='ltr'><strong>Iudae</strong></span> <span class='ocrx_word' id='word_1_644' title='bbox 2605 2690 2898 2747; x_wconf 84' lang='lat' dir='ltr'><strong>venerunt,</strong></span> <span class='ocrx_word' id='word_1_645' title='bbox 2944 2687 2998 2736; x_wconf 86' lang='lat' dir='ltr'><strong>et</strong></span> <span class='ocrx_word' id='word_1_646' title='bbox 3038 2680 3212 2734; x_wconf 72' lang='lat' dir='ltr'><strong>dictos</strong></span> <span class='ocrx_word' id='word_1_647' title='bbox 3249 2677 3574 2732; x_wconf 68' lang='lat' dir='ltr'><strong>Tubiaumos</strong></span> 
     </span>
    </p>
   </div>
   <div class='ocr_carea' id='block_1_88' title="bbox 1977 2773 2865 2844">
    <p class='ocr_par' dir='ltr' id='par_1_88' title="bbox 1977 2773 2865 2844">
     <span class='ocr_line' id='line_1_88' title="bbox 1977 2773 2865 2844; baseline -0.003 -16"><span class='ocrx_word' id='word_1_648' title='bbox 1977 2775 2132 2844; x_wconf 88' lang='lat' dir='ltr'><strong>quasi</strong></span> <span class='ocrx_word' id='word_1_649' title='bbox 2161 2774 2350 2828; x_wconf 88' lang='lat' dir='ltr'><strong>alienis</strong></span> <span class='ocrx_word' id='word_1_650' title='bbox 2378 2774 2521 2829; x_wconf 89' lang='lat' dir='ltr'><strong>tubis</strong></span> <span class='ocrx_word' id='word_1_651' title='bbox 2546 2773 2865 2828; x_wconf 87' lang='lat' dir='ltr'><strong>conductos.</strong></span> 
     </span>
    </p>
   </div>
   <div class='ocr_carea' id='block_1_89' title="bbox 2046 2878 3564 2952">
    <p class='ocr_par' dir='ltr' id='par_1_89' title="bbox 2046 2878 3564 2952">
     <span class='ocr_line' id='line_1_89' title="bbox 2046 2878 3564 2952; baseline -0.007 -14"><span class='ocrx_word' id='word_1_652' title='bbox 2046 2885 2326 2938; x_wconf 87' lang='lat' dir='ltr'><strong>Dositheus</strong></span> <span class='ocrx_word' id='word_1_653' title='bbox 2357 2893 2531 2938; x_wconf 86' lang='lat' dir='ltr'><strong>autem</strong></span> <span class='ocrx_word' id='word_1_654' title='bbox 2556 2893 2604 2938; x_wconf 89' lang='lat' dir='ltr'><strong>et</strong></span> <span class='ocrx_word' id='word_1_655' title='bbox 2632 2880 2918 2952; x_wconf 87' lang='lat' dir='ltr'><strong>Sosipater,</strong></span> <span class='ocrx_word' id='word_1_656' title='bbox 2944 2880 3033 2950; x_wconf 91' lang='lat' dir='ltr'><strong>qui</strong></span> <span class='ocrx_word' id='word_1_657' title='bbox 3067 2888 3216 2932; x_wconf 89' lang='lat' dir='ltr'><strong>erant</strong></span> <span class='ocrx_word' id='word_1_658' title='bbox 3246 2878 3405 2931; x_wconf 87' lang='lat' dir='ltr'><strong>duces</strong></span> <span class='ocrx_word' id='word_1_659' title='bbox 3442 2894 3564 2930; x_wconf 81' lang='lat' dir='ltr'><strong>cum</strong></span> 
     </span>
    </p>
   </div>
   <div class='ocr_carea' id='block_1_90' title="bbox 1978 2969 3569 3044">
    <p class='ocr_par' dir='ltr' id='par_1_90' title="bbox 1978 2969 3569 3044">
     <span class='ocr_line' id='line_1_90' title="bbox 1978 2969 3569 3044; baseline -0.007 -14"><span class='ocrx_word' id='word_1_660' title='bbox 1978 2975 2303 3037; x_wconf 73' lang='lat' dir='ltr'><strong>Machabam,</strong></span> <span class='ocrx_word' id='word_1_661' title='bbox 2339 2985 2663 3044; x_wconf 82' lang='lat' dir='ltr'><strong>peremerunt</strong></span> <span class='ocrx_word' id='word_1_662' title='bbox 2694 2992 2726 3027; x_wconf 89' lang='lat' dir='ltr'><strong>a</strong></span> <span class='ocrx_word' id='word_1_663' title='bbox 2759 2972 3025 3032; x_wconf 78' lang='lat' dir='ltr'><strong>Timotheo</strong></span> <span class='ocrx_word' id='word_1_664' title='bbox 3059 2969 3265 3023; x_wconf 83' lang='lat' dir='ltr'><strong>relictos</strong></span> <span class='ocrx_word' id='word_1_665' title='bbox 3298 2969 3350 3020; x_wconf 90' lang='lat' dir='ltr'><strong>in</strong></span> <span class='ocrx_word' id='word_1_666' title='bbox 3383 2970 3569 3038; x_wconf 61' lang='lat' dir='ltr'><strong>pm’si-</strong></span> 
     </span>
    </p>
   </div>
   <div class='ocr_carea' id='block_1_91' title="bbox 1902 3058 3567 3145">
    <p class='ocr_par' dir='ltr' id='par_1_91' title="bbox 1902 3058 3567 3145">
     <span class='ocr_line' id='line_1_91' title="bbox 1902 3058 3567 3145; baseline -0.006 -25"><span class='ocrx_word' id='word_1_667' title='bbox 1902 3083 1946 3145; x_wconf 71' lang='grc' dir='ltr'><strong>ρ</strong></span> <span class='ocrx_word' id='word_1_668' title='bbox 1977 3065 2065 3120; x_wconf 85' lang='lat' dir='ltr'><strong>dio</strong></span> <span class='ocrx_word' id='word_1_669' title='bbox 2094 3065 2268 3120; x_wconf 84' lang='lat' dir='ltr'><strong>decem</strong></span> <span class='ocrx_word' id='word_1_670' title='bbox 2301 3063 2468 3119; x_wconf 86' lang='lat' dir='ltr'><strong>millia</strong></span> <span class='ocrx_word' id='word_1_671' title='bbox 2501 3066 2655 3119; x_wconf 79' lang='lat' dir='ltr'><strong>uiros.</strong></span> <span class='ocrx_word' id='word_1_672' title='bbox 2684 3062 2776 3117; x_wconf 88' lang='lat' dir='ltr'><strong>Isti</strong></span> <span class='ocrx_word' id='word_1_673' title='bbox 2803 3063 2908 3118; x_wconf 89' lang='lat' dir='ltr'><strong>duo</strong></span> <span class='ocrx_word' id='word_1_674' title='bbox 2933 3061 3124 3126; x_wconf 88' lang='lat' dir='ltr'><strong>duces,</strong></span> <span class='ocrx_word' id='word_1_675' title='bbox 3149 3061 3253 3114; x_wconf 90' lang='lat' dir='ltr'><strong>hoc</strong></span> <span class='ocrx_word' id='word_1_676' title='bbox 3294 3067 3380 3112; x_wconf 82' lang='lat' dir='ltr'><strong>est</strong></span> <span class='ocrx_word' id='word_1_677' title='bbox 3409 3058 3567 3112; x_wconf 82' lang='lat' dir='ltr'><strong>Dosi-</strong></span> 
     </span>
    </p>
   </div>
   <div class='ocr_carea' id='block_1_92' title="bbox 1984 3150 3566 3227">
    <p class='ocr_par' dir='ltr' id='par_1_92' title="bbox 1984 3150 3566 3227">
     <span class='ocr_line' id='line_1_92' title="bbox 1984 3150 3566 3227; baseline -0.008 -15"><span class='ocrx_word' id='word_1_678' title='bbox 1984 3157 2140 3212; x_wconf 89' lang='lat' dir='ltr'><strong>thcus</strong></span> <span class='ocrx_word' id='word_1_679' title='bbox 2183 3165 2237 3210; x_wconf 90' lang='lat' dir='ltr'><strong>et</strong></span> <span class='ocrx_word' id='word_1_680' title='bbox 2266 3151 2570 3227; x_wconf 84' lang='lat' dir='ltr'><strong>Sosipa&#39;ter,</strong></span> <span class='ocrx_word' id='word_1_681' title='bbox 2613 3163 2828 3210; x_wconf 86' lang='lat' dir='ltr'><strong>sanctos</strong></span> <span class='ocrx_word' id='word_1_682' title='bbox 2853 3153 3230 3224; x_wconf 72' lang='lat' dir='ltr'><strong>prtedicatores</strong></span> <span class='ocrx_word' id='word_1_683' title='bbox 3257 3150 3566 3219; x_wconf 80' lang='lat' dir='ltr'><strong>designant,</strong></span> 
     </span>
    </p>
   </div>
   <div class='ocr_carea' id='block_1_93' title="bbox 1982 3237 3568 3317">
    <p class='ocr_par' dir='ltr' id='par_1_93' title="bbox 1982 3237 3568 3317">
     <span class='ocr_line' id='line_1_93' title="bbox 1982 3237 3568 3317; baseline -0.007 -16"><span class='ocrx_word' id='word_1_684' title='bbox 1982 3248 2106 3317; x_wconf 90' lang='lat' dir='ltr'><strong>qui,</strong></span> <span class='ocrx_word' id='word_1_685' title='bbox 2145 3247 2247 3301; x_wconf 88' lang='lat' dir='ltr'><strong>viri</strong></span> <span class='ocrx_word' id='word_1_686' title='bbox 2288 3245 2578 3300; x_wconf 76' lang='lat' dir='ltr'><strong>Machabaei</strong></span> <span class='ocrx_word' id='word_1_687' title='bbox 2616 3243 2998 3314; x_wconf 88' lang='lat' dir='ltr'><strong>dispositione,</strong></span> <span class='ocrx_word' id='word_1_688' title='bbox 3036 3241 3138 3296; x_wconf 92' lang='lat' dir='ltr'><strong>hoc</strong></span> <span class='ocrx_word' id='word_1_689' title='bbox 3165 3248 3251 3294; x_wconf 88' lang='lat' dir='ltr'><strong>est</strong></span> <span class='ocrx_word' id='word_1_690' title='bbox 3287 3237 3568 3293; x_wconf 83' lang='lat' dir='ltr'><strong>fortissimi</strong></span> 
     </span>
    </p>
   </div>
   <div class='ocr_carea' id='block_1_94' title="bbox 1981 3331 3572 3410">
    <p class='ocr_par' dir='ltr' id='par_1_94' title="bbox 1981 3331 3572 3410">
     <span class='ocr_line' id='line_1_94' title="bbox 1981 3331 3572 3410; baseline -0.008 -17"><span class='ocrx_word' id='word_1_691' title='bbox 1981 3339 2318 3409; x_wconf 74' lang='lat' dir='ltr'><strong>prmliatores</strong></span> <span class='ocrx_word' id='word_1_692' title='bbox 2353 3337 2442 3410; x_wconf 93' lang='lat' dir='ltr'><strong>(de</strong></span> <span class='ocrx_word' id='word_1_693' title='bbox 2481 3353 2590 3408; x_wconf 91' lang='lat' dir='ltr'><strong>quo</strong></span> <span class='ocrx_word' id='word_1_694' title='bbox 2622 3337 2676 3391; x_wconf 93' lang='lat' dir='ltr'><strong>in</strong></span> <span class='ocrx_word' id='word_1_695' title='bbox 2706 3336 2914 3408; x_wconf 90' lang='lat' dir='ltr'><strong>psalmo</strong></span> <span class='ocrx_word' id='word_1_696' title='bbox 2943 3334 3203 3403; x_wconf 90' lang='lat' dir='ltr'><strong>scriptum</strong></span> <span class='ocrx_word' id='word_1_697' title='bbox 3227 3340 3314 3386; x_wconf 86' lang='lat' dir='ltr'><strong>est</strong></span> <span class='ocrx_word' id='word_1_698' title='bbox 3344 3350 3357 3385; x_wconf 92' lang='lat'>:</span> <span class='ocrx_word' id='word_1_699' title='bbox 3389 3331 3572 3383; x_wconf 47' lang='lat' dir='ltr'><strong>Domi-</strong></span> 
     </span>
    </p>
   </div>
   <div class='ocr_carea' id='block_1_95' title="bbox 1984 3419 3571 3498">
    <p class='ocr_par' dir='ltr' id='par_1_95' title="bbox 1984 3419 3571 3498">
     <span class='ocr_line' id='line_1_95' title="bbox 1984 3419 3571 3498; baseline -0.008 -15"><span class='ocrx_word' id='word_1_700' title='bbox 1984 3446 2080 3483; x_wconf 82' lang='lat' dir='ltr'><strong>nus</strong></span> <span class='ocrx_word' id='word_1_701' title='bbox 2109 3428 2260 3498; x_wconf 79' lang='lat' dir='ltr'><strong>[ortis</strong></span> <span class='ocrx_word' id='word_1_702' title='bbox 2290 3437 2336 3482; x_wconf 87' lang='lat' dir='ltr'><strong>et</strong></span> <span class='ocrx_word' id='word_1_703' title='bbox 2376 3438 2556 3498; x_wconf 86' lang='lat' dir='ltr'><strong>potens</strong></span> <span class='ocrx_word' id='word_1_704' title='bbox 2600 3428 2653 3480; x_wconf 88' lang='lat' dir='ltr'><strong>in</strong></span> <span class='ocrx_word' id='word_1_705' title='bbox 2695 3426 2875 3497; x_wconf 75' lang='lat' dir='ltr'><strong>prtelio</strong></span> <span class='ocrx_word' id='word_1_706' title='bbox 2927 3421 3100 3496; x_wconf 77' lang='lat' dir='ltr'><strong>[PsaL</strong></span> <span class='ocrx_word' id='word_1_707' title='bbox 3145 3419 3329 3492; x_wconf 77' lang='lat' dir='ltr'><strong>xxut])</strong></span> <span class='ocrx_word' id='word_1_708' title='bbox 3379 3427 3571 3474; x_wconf 64' lang='lat' dir='ltr'><strong>centra</strong></span> 
     </span>
    </p>
   </div>
   <div class='ocr_carea' id='block_1_96' title="bbox 1983 3511 3569 3588">
    <p class='ocr_par' dir='ltr' id='par_1_96' title="bbox 1983 3511 3569 3588">
     <span class='ocr_line' id='line_1_96' title="bbox 1983 3511 3569 3588; baseline -0.008 -15"><span class='ocrx_word' id='word_1_709' title='bbox 1983 3533 2171 3573; x_wconf 90' lang='lat' dir='ltr'><strong>omnes</strong></span> <span class='ocrx_word' id='word_1_710' title='bbox 2217 3533 2430 3573; x_wconf 87' lang='lat' dir='ltr'><strong>errores</strong></span> <span class='ocrx_word' id='word_1_711' title='bbox 2467 3517 2793 3588; x_wconf 86' lang='lat' dir='ltr'><strong>perﬁdorum</strong></span> <span class='ocrx_word' id='word_1_712' title='bbox 2825 3515 3142 3585; x_wconf 86' lang='lat' dir='ltr'><strong>belligerare</strong></span> <span class='ocrx_word' id='word_1_713' title='bbox 3183 3511 3569 3566; x_wconf 85' lang='lat' dir='ltr'><strong>destinantur:</strong></span> 
     </span>
    </p>
   </div>
   <div class='ocr_carea' id='block_1_97' title="bbox 1984 3601 3571 3680">
    <p class='ocr_par' dir='ltr' id='par_1_97' title="bbox 1984 3601 3571 3680">
     <span class='ocr_line' id='line_1_97' title="bbox 1984 3601 3571 3680; baseline -0.007 -17"><span class='ocrx_word' id='word_1_714' title='bbox 1984 3611 2073 3679; x_wconf 91' lang='lat' dir='ltr'><strong>qui</strong></span> <span class='ocrx_word' id='word_1_715' title='bbox 2118 3616 2241 3680; x_wconf 87' lang='lat' dir='ltr'><strong>apte</strong></span> <span class='ocrx_word' id='word_1_716' title='bbox 2284 3609 2496 3663; x_wconf 85' lang='lat' dir='ltr'><strong>binario</strong></span> <span class='ocrx_word' id='word_1_717' title='bbox 2540 3623 2765 3662; x_wconf 88' lang='lat' dir='ltr'><strong>numero</strong></span> <span class='ocrx_word' id='word_1_718' title='bbox 2809 3613 3106 3668; x_wconf 87' lang='lat' dir='ltr'><strong>notantur,</strong></span> <span class='ocrx_word' id='word_1_719' title='bbox 3160 3601 3287 3671; x_wconf 86' lang='lat' dir='ltr'><strong>quia</strong></span> <span class='ocrx_word' id='word_1_720' title='bbox 3337 3602 3571 3656; x_wconf 90' lang='lat' dir='ltr'><strong>duorum</strong></span> 
     </span>
    </p>
   </div>
   <div class='ocr_carea' id='block_1_98' title="bbox 1984 3692 3578 3769">
    <p class='ocr_par' dir='ltr' id='par_1_98' title="bbox 1984 3692 3578 3769">
     <span class='ocr_line' id='line_1_98' title="bbox 1984 3692 3578 3769; baseline -0.008 -13"><span class='ocrx_word' id='word_1_721' title='bbox 1984 3701 2458 3756; x_wconf 86' lang='lat' dir='ltr'><strong>Testamentorum</strong></span> <span class='ocrx_word' id='word_1_722' title='bbox 2482 3695 2713 3769; x_wconf 81' lang='lat' dir='ltr'><strong>Spiritali</strong></span> <span class='ocrx_word' id='word_1_723' title='bbox 2739 3695 2963 3750; x_wconf 89' lang='lat' dir='ltr'><strong>scientia</strong></span> <span class='ocrx_word' id='word_1_724' title='bbox 2989 3693 3122 3748; x_wconf 86' lang='lat' dir='ltr'><strong>satis</strong></span> <span class='ocrx_word' id='word_1_725' title='bbox 3143 3692 3414 3755; x_wconf 73' lang='lat' dir='ltr'><strong>instructi,</strong></span> <span class='ocrx_word' id='word_1_726' title='bbox 3438 3705 3578 3758; x_wconf 73' lang='lat' dir='ltr'><strong>pra:—</strong></span> 
     </span>
    </p>
   </div>
   <div class='ocr_carea' id='block_1_99' title="bbox 1984 3782 3578 3853">
    <p class='ocr_par' dir='ltr' id='par_1_99' title="bbox 1984 3782 3578 3853">
     <span class='ocr_line' id='line_1_99' title="bbox 1984 3782 3578 3853; baseline -0.008 -5"><span class='ocrx_word' id='word_1_727' title='bbox 1984 3794 2114 3848; x_wconf 88' lang='lat' dir='ltr'><strong>litnn</strong></span> <span class='ocrx_word' id='word_1_728' title='bbox 2145 3793 2355 3848; x_wconf 90' lang='lat' dir='ltr'><strong>Domini</strong></span> <span class='ocrx_word' id='word_1_729' title='bbox 2388 3791 2491 3847; x_wconf 87' lang='lat' dir='ltr'><strong>rite</strong></span> <span class='ocrx_word' id='word_1_730' title='bbox 2518 3791 2786 3847; x_wconf 87' lang='lat' dir='ltr'><strong>conﬁcere</strong></span> <span class='ocrx_word' id='word_1_731' title='bbox 2810 3795 3122 3843; x_wconf 87' lang='lat' dir='ltr'><strong>noscuntur.</strong></span> <span class='ocrx_word' id='word_1_732' title='bbox 3163 3783 3228 3838; x_wconf 87' lang='lat' dir='ltr'><strong>Hi</strong></span> <span class='ocrx_word' id='word_1_733' title='bbox 3258 3800 3390 3853; x_wconf 78' lang='lat' dir='ltr'><strong>ergo</strong></span> <span class='ocrx_word' id='word_1_734' title='bbox 3422 3799 3451 3836; x_wconf 89' lang='lat' dir='ltr'><strong>a</strong></span> <span class='ocrx_word' id='word_1_735' title='bbox 3482 3782 3578 3835; x_wconf 87' lang='lat' dir='ltr'><strong>Ti-</strong></span> 
     </span>
    </p>
   </div>
   <div class='ocr_carea' id='block_1_100' title="bbox 1984 3876 3574 3954">
    <p class='ocr_par' dir='ltr' id='par_1_100' title="bbox 1984 3876 3574 3954">
     <span class='ocr_line' id='line_1_100' title="bbox 1984 3876 3574 3954; baseline -0.008 -14"><span class='ocrx_word' id='word_1_736' title='bbox 1984 3889 2199 3942; x_wconf 87' lang='lat' dir='ltr'><strong>motheo</strong></span> <span class='ocrx_word' id='word_1_737' title='bbox 2230 3885 2445 3941; x_wconf 85' lang='lat' dir='ltr'><strong>relictos</strong></span> <span class='ocrx_word' id='word_1_738' title='bbox 2473 3885 2526 3938; x_wconf 92' lang='lat' dir='ltr'><strong>in</strong></span> <span class='ocrx_word' id='word_1_739' title='bbox 2560 3882 2812 3954; x_wconf 66' lang='lat' dir='ltr'><strong>praesidio</strong></span> <span class='ocrx_word' id='word_1_740' title='bbox 2839 3882 3024 3937; x_wconf 87' lang='lat' dir='ltr'><strong>decem</strong></span> <span class='ocrx_word' id='word_1_741' title='bbox 3053 3879 3221 3933; x_wconf 88' lang='lat' dir='ltr'><strong>millia</strong></span> <span class='ocrx_word' id='word_1_742' title='bbox 3254 3877 3401 3931; x_wconf 89' lang='lat' dir='ltr'><strong>viros</strong></span> <span class='ocrx_word' id='word_1_743' title='bbox 3427 3876 3574 3930; x_wconf 90' lang='lat' dir='ltr'><strong>inte-</strong></span> 
     </span>
    </p>
   </div>
   <div class='ocr_carea' id='block_1_101' title="bbox 1984 3967 3577 4046">
    <p class='ocr_par' dir='ltr' id='par_1_101' title="bbox 1984 3967 3577 4046">
     <span class='ocr_line' id='line_1_101' title="bbox 1984 3967 3577 4046; baseline -0.011 -9"><span class='ocrx_word' id='word_1_744' title='bbox 1984 3983 2222 4046; x_wconf 88' lang='lat' dir='ltr'><strong>rimunt,</strong></span> <span class='ocrx_word' id='word_1_745' title='bbox 2265 3995 2386 4034; x_wconf 88' lang='lat' dir='ltr'><strong>cum</strong></span> <span class='ocrx_word' id='word_1_746' title='bbox 2432 3975 2609 4032; x_wconf 88' lang='lat' dir='ltr'><strong>socios</strong></span> <span class='ocrx_word' id='word_1_747' title='bbox 2641 3971 3158 4035; x_wconf 69' lang='lat' dir='ltr'><strong>hmresiarcharum,</strong></span> <span class='ocrx_word' id='word_1_748' title='bbox 3205 3968 3272 4023; x_wconf 89' lang='lat' dir='ltr'><strong>ad</strong></span> <span class='ocrx_word' id='word_1_749' title='bbox 3315 3967 3577 4021; x_wconf 88' lang='lat' dir='ltr'><strong>tuendam</strong></span> 
     </span>
    </p>
   </div>
   <div class='ocr_carea' id='block_1_102' title="bbox 1983 4057 3579 4140">
    <p class='ocr_par' dir='ltr' id='par_1_102' title="bbox 1983 4057 3579 4140">
     <span class='ocr_line' id='line_1_102' title="bbox 1983 4057 3579 4140; baseline -0.011 -16"><span class='ocrx_word' id='word_1_750' title='bbox 1983 4068 2277 4140; x_wconf 83' lang='lat' dir='ltr'><strong>nequitiam</strong></span> <span class='ocrx_word' id='word_1_751' title='bbox 2300 4081 2455 4122; x_wconf 89' lang='lat' dir='ltr'><strong>suam</strong></span> <span class='ocrx_word' id='word_1_752' title='bbox 2477 4067 2546 4120; x_wconf 87' lang='lat' dir='ltr'><strong>ab</strong></span> <span class='ocrx_word' id='word_1_753' title='bbox 2576 4063 2708 4135; x_wconf 91' lang='lat' dir='ltr'><strong>ipsis</strong></span> <span class='ocrx_word' id='word_1_754' title='bbox 2731 4061 3075 4125; x_wconf 87' lang='lat' dir='ltr'><strong>constitutos,</strong></span> <span class='ocrx_word' id='word_1_755' title='bbox 3106 4057 3210 4127; x_wconf 86' lang='lat' dir='ltr'><strong>legi</strong></span> <span class='ocrx_word' id='word_1_756' title='bbox 3233 4057 3328 4111; x_wconf 89' lang='lat' dir='ltr'><strong>Dei</strong></span> <span class='ocrx_word' id='word_1_757' title='bbox 3354 4064 3579 4112; x_wconf 85' lang='lat' dir='ltr'><strong>contra—</strong></span> 
     </span>
    </p>
   </div>
   <div class='ocr_carea' id='block_1_103' title="bbox 1983 4150 3576 4228">
    <p class='ocr_par' dir='ltr' id='par_1_103' title="bbox 1983 4150 3576 4228">
     <span class='ocr_line' id='line_1_103' title="bbox 1983 4150 3576 4228; baseline -0.009 -12"><span class='ocrx_word' id='word_1_758' title='bbox 1983 4162 2063 4216; x_wconf 90' lang='lat' dir='ltr'><strong>ria</strong></span> <span class='ocrx_word' id='word_1_759' title='bbox 2088 4160 2403 4224; x_wconf 84' lang='lat' dir='ltr'><strong>sentientes,</strong></span> <span class='ocrx_word' id='word_1_760' title='bbox 2437 4173 2534 4228; x_wconf 83' lang='lat' dir='ltr'><strong>per</strong></span> <span class='ocrx_word' id='word_1_761' title='bbox 2561 4154 2802 4224; x_wconf 79' lang='lat' dir='ltr'><strong>ejusdem</strong></span> <span class='ocrx_word' id='word_1_762' title='bbox 2831 4153 2963 4224; x_wconf 88' lang='lat' dir='ltr'><strong>legis</strong></span> <span class='ocrx_word' id='word_1_763' title='bbox 2991 4150 3368 4206; x_wconf 88' lang='lat' dir='ltr'><strong>auctoritatem</strong></span> <span class='ocrx_word' id='word_1_764' title='bbox 3406 4157 3576 4218; x_wconf 87' lang='lat' dir='ltr'><strong>atque</strong></span> 
     </span>
    </p>
   </div>
   <div class='ocr_carea' id='block_1_104' title="bbox 1983 4240 3335 4318">
    <p class='ocr_par' dir='ltr' id='par_1_104' title="bbox 1983 4240 3335 4318">
     <span class='ocr_line' id='line_1_104' title="bbox 1983 4240 3335 4318; baseline -0.011 -12"><span class='ocrx_word' id='word_1_765' title='bbox 1983 4250 2328 4306; x_wconf 88' lang='lat' dir='ltr'><strong>severitatem</strong></span> <span class='ocrx_word' id='word_1_766' title='bbox 2357 4246 2586 4318; x_wconf 88' lang='lat' dir='ltr'><strong>spiritali</strong></span> <span class='ocrx_word' id='word_1_767' title='bbox 2611 4245 2790 4318; x_wconf 90' lang='lat' dir='ltr'><strong>gladio</strong></span> <span class='ocrx_word' id='word_1_768' title='bbox 2811 4243 2955 4314; x_wconf 75' lang='lat' dir='ltr'><strong>juste</strong></span> <span class='ocrx_word' id='word_1_769' title='bbox 2982 4240 3335 4296; x_wconf 84' lang='lat' dir='ltr'><strong>interﬁciunt.</strong></span> 
     </span>
    </p>
   </div>
   <div class='ocr_carea' id='block_1_105' title="bbox 2050 4349 3576 4423">
    <p class='ocr_par' dir='ltr' id='par_1_105' title="bbox 2050 4349 3576 4423">
     <span class='ocr_line' id='line_1_105' title="bbox 2050 4349 3576 4423; baseline -0.012 -6"><span class='ocrx_word' id='word_1_770' title='bbox 2050 4361 2221 4417; x_wconf 72' lang='lat' dir='ltr'><strong>ludas</strong></span> <span class='ocrx_word' id='word_1_771' title='bbox 2255 4369 2431 4415; x_wconf 89' lang='lat' dir='ltr'><strong>autem</strong></span> <span class='ocrx_word' id='word_1_772' title='bbox 2462 4359 2778 4413; x_wconf 81' lang='lat' dir='ltr'><strong>vehementer</strong></span> <span class='ocrx_word' id='word_1_773' title='bbox 2803 4353 3029 4409; x_wconf 85' lang='lat' dir='ltr'><strong>instabat</strong></span> <span class='ocrx_word' id='word_1_774' title='bbox 3054 4351 3273 4423; x_wconf 84' lang='lat' dir='ltr'><strong>puniens</strong></span> <span class='ocrx_word' id='word_1_775' title='bbox 3300 4349 3576 4417; x_wconf 80' lang='lat' dir='ltr'><strong>profanos,</strong></span> 
     </span>
    </p>
   </div>
   <div class='ocr_carea' id='block_1_106' title="bbox 1907 4432 3580 4526">
    <p class='ocr_par' dir='ltr' id='par_1_106' title="bbox 1907 4432 3580 4526">
     <span class='ocr_line' id='line_1_106' title="bbox 1907 4432 3580 4526; baseline -0.008 -17"><span class='ocrx_word' id='word_1_776' title='bbox 1907 4432 1956 4491; x_wconf 83' lang='lat' dir='ltr'><strong>D</strong></span> <span class='ocrx_word' id='word_1_777' title='bbox 1981 4464 2028 4509; x_wconf 91' lang='lat' dir='ltr'><strong>et</strong></span> <span class='ocrx_word' id='word_1_778' title='bbox 2059 4455 2337 4526; x_wconf 84' lang='lat' dir='ltr'><strong>prostravit</strong></span> <span class='ocrx_word' id='word_1_779' title='bbox 2365 4469 2431 4507; x_wconf 78' lang='lat' dir='ltr'><strong>ea:</strong></span> <span class='ocrx_word' id='word_1_780' title='bbox 2457 4452 2533 4507; x_wconf 85' lang='lat' dir='ltr'><strong>eis</strong></span> <span class='ocrx_word' id='word_1_781' title='bbox 2561 4452 2778 4522; x_wconf 86' lang='lat' dir='ltr'><strong>triginta</strong></span> <span class='ocrx_word' id='word_1_782' title='bbox 2801 4448 2968 4502; x_wconf 85' lang='lat' dir='ltr'><strong>millia</strong></span> <span class='ocrx_word' id='word_1_783' title='bbox 2995 4448 3247 4510; x_wconf 83' lang='lat' dir='ltr'><strong>uirorum,</strong></span> <span class='ocrx_word' id='word_1_784' title='bbox 3276 4451 3385 4498; x_wconf 88' lang='lat' dir='ltr'><strong>etc.</strong></span> <span class='ocrx_word' id='word_1_785' title='bbox 3418 4441 3580 4509; x_wconf 64' lang='lat' dir='ltr'><strong>Quie-</strong></span> 
     </span>
    </p>
   </div>
   <div class='ocr_carea' id='block_1_107' title="bbox 1984 4534 3578 4614">
    <p class='ocr_par' dir='ltr' id='par_1_107' title="bbox 1984 4534 3578 4614">
     <span class='ocr_line' id='line_1_107' title="bbox 1984 4534 3578 4614; baseline -0.009 -15"><span class='ocrx_word' id='word_1_786' title='bbox 1984 4546 2124 4599; x_wconf 88' lang='lat' dir='ltr'><strong>ritur</strong></span> <span class='ocrx_word' id='word_1_787' title='bbox 2166 4543 2436 4614; x_wconf 89' lang='lat' dir='ltr'><strong>quomodo</strong></span> <span class='ocrx_word' id='word_1_788' title='bbox 2472 4542 2786 4596; x_wconf 89' lang='lat' dir='ltr'><strong>Timotheus</strong></span> <span class='ocrx_word' id='word_1_789' title='bbox 2819 4539 2908 4594; x_wconf 88' lang='lat' dir='ltr'><strong>hic</strong></span> <span class='ocrx_word' id='word_1_790' title='bbox 2947 4544 3200 4590; x_wconf 84' lang='lat' dir='ltr'><strong>narretur</strong></span> <span class='ocrx_word' id='word_1_791' title='bbox 3233 4534 3303 4588; x_wconf 90' lang='lat' dir='ltr'><strong>ob</strong></span> <span class='ocrx_word' id='word_1_792' title='bbox 3349 4547 3578 4604; x_wconf 85' lang='lat' dir='ltr'><strong>precum</strong></span> 
     </span>
    </p>
   </div>
   <div class='ocr_carea' id='block_1_108' title="bbox 1985 4624 3580 4692">
    <p class='ocr_par' dir='ltr' id='par_1_108' title="bbox 1985 4624 3580 4692">
     <span class='ocr_line' id='line_1_108' title="bbox 1985 4624 3580 4692; baseline -0.01 0"><span class='ocrx_word' id='word_1_793' title='bbox 1985 4652 2204 4692; x_wconf 87' lang='lat' dir='ltr'><strong>suarum</strong></span> <span class='ocrx_word' id='word_1_794' title='bbox 2243 4635 2602 4691; x_wconf 88' lang='lat' dir='ltr'><strong>humilitatem</strong></span> <span class='ocrx_word' id='word_1_795' title='bbox 2646 4649 2679 4687; x_wconf 92' lang='lat' dir='ltr'><strong>a</strong></span> <span class='ocrx_word' id='word_1_796' title='bbox 2705 4630 2904 4686; x_wconf 60' lang='lat' dir='ltr'><strong>Iudaeis</strong></span> <span class='ocrx_word' id='word_1_797' title='bbox 2947 4629 3172 4684; x_wconf 88' lang='lat' dir='ltr'><strong>ducibus</strong></span> <span class='ocrx_word' id='word_1_798' title='bbox 3210 4626 3362 4679; x_wconf 88' lang='lat' dir='ltr'><strong>vivus</strong></span> <span class='ocrx_word' id='word_1_799' title='bbox 3390 4624 3580 4678; x_wconf 84' lang='lat' dir='ltr'><strong>diutis-</strong></span> 
     </span>
    </p>
   </div>
   <div class='ocr_carea' id='block_1_109' title="bbox 1985 4714 3582 4798">
    <p class='ocr_par' dir='ltr' id='par_1_109' title="bbox 1985 4714 3582 4798">
     <span class='ocr_line' id='line_1_109' title="bbox 1985 4714 3582 4798; baseline -0.012 -13"><span class='ocrx_word' id='word_1_800' title='bbox 1985 4745 2099 4795; x_wconf 89' lang='lat' dir='ltr'><strong>sus,</strong></span> <span class='ocrx_word' id='word_1_801' title='bbox 2128 4743 2194 4784; x_wconf 89' lang='lat' dir='ltr'><strong>eo</strong></span> <span class='ocrx_word' id='word_1_802' title='bbox 2221 4727 2366 4798; x_wconf 91' lang='lat' dir='ltr'><strong>quod</strong></span> <span class='ocrx_word' id='word_1_803' title='bbox 2403 4725 2695 4780; x_wconf 89' lang='lat' dir='ltr'><strong>multorum</strong></span> <span class='ocrx_word' id='word_1_804' title='bbox 2722 4739 2789 4778; x_wconf 76' lang='lat' dir='ltr'><strong>ex</strong></span> <span class='ocrx_word' id='word_1_805' title='bbox 2820 4721 3018 4776; x_wconf 72' lang='lat' dir='ltr'><strong>Iudaeis</strong></span> <span class='ocrx_word' id='word_1_806' title='bbox 3049 4724 3306 4789; x_wconf 87' lang='lat' dir='ltr'><strong>parentes</strong></span> <span class='ocrx_word' id='word_1_807' title='bbox 3347 4714 3582 4768; x_wconf 85' lang='lat' dir='ltr'><strong>haberet</strong></span> 
     </span>
    </p>
   </div>
   <div class='ocr_carea' id='block_1_110' title="bbox 1986 4803 3580 4888">
    <p class='ocr_par' dir='ltr' id='par_1_110' title="bbox 1986 4803 3580 4888">
     <span class='ocr_line' id='line_1_110' title="bbox 1986 4803 3580 4888; baseline -0.011 -13"><span class='ocrx_word' id='word_1_808' title='bbox 1986 4836 2052 4875; x_wconf 91' lang='lat' dir='ltr'><strong>ac</strong></span> <span class='ocrx_word' id='word_1_809' title='bbox 2091 4820 2309 4885; x_wconf 79' lang='lat' dir='ltr'><strong>fratres,</strong></span> <span class='ocrx_word' id='word_1_810' title='bbox 2354 4834 2490 4888; x_wconf 88' lang='lat' dir='ltr'><strong>quos</strong></span> <span class='ocrx_word' id='word_1_811' title='bbox 2535 4825 2709 4872; x_wconf 90' lang='lat' dir='ltr'><strong>morte</strong></span> <span class='ocrx_word' id='word_1_812' title='bbox 2746 4815 2862 4884; x_wconf 86' lang='lat' dir='ltr'><strong>ejus</strong></span> <span class='ocrx_word' id='word_1_813' title='bbox 2901 4808 3475 4881; x_wconf 73' lang='lat' dir='ltr'><strong>decipicontingeret,</strong></span> <span class='ocrx_word' id='word_1_814' title='bbox 3531 4803 3580 4858; x_wconf 84' lang='lat' dir='ltr'><strong>si</strong></span> 
     </span>
    </p>
   </div>
   <div class='ocr_carea' id='block_1_111' title="bbox 1987 4895 3582 4980">
    <p class='ocr_par' dir='ltr' id='par_1_111' title="bbox 1987 4895 3582 4980">
     <span class='ocr_line' id='line_1_111' title="bbox 1987 4895 3582 4980; baseline -0.012 -14"><span class='ocrx_word' id='word_1_815' title='bbox 1987 4911 2102 4980; x_wconf 88' lang='lat' dir='ltr'><strong>ipse</strong></span> <span class='ocrx_word' id='word_1_816' title='bbox 2130 4919 2275 4966; x_wconf 88' lang='lat' dir='ltr'><strong>esset</strong></span> <span class='ocrx_word' id='word_1_817' title='bbox 2303 4910 2546 4975; x_wconf 90' lang='lat' dir='ltr'><strong>occisus;</strong></span> <span class='ocrx_word' id='word_1_818' title='bbox 2585 4917 2642 4962; x_wconf 89' lang='lat' dir='ltr'><strong>et</strong></span> <span class='ocrx_word' id='word_1_819' title='bbox 2665 4905 2822 4978; x_wconf 90' lang='lat' dir='ltr'><strong>paulo</strong></span> <span class='ocrx_word' id='word_1_820' title='bbox 2855 4910 2981 4958; x_wconf 86' lang='lat' dir='ltr'><strong>ante</strong></span> <span class='ocrx_word' id='word_1_821' title='bbox 3007 4907 3259 4954; x_wconf 87' lang='lat' dir='ltr'><strong>narratur</strong></span> <span class='ocrx_word' id='word_1_822' title='bbox 3287 4895 3431 4966; x_wconf 89' lang='lat' dir='ltr'><strong>quod</strong></span> <span class='ocrx_word' id='word_1_823' title='bbox 3461 4895 3582 4962; x_wconf 89' lang='lat' dir='ltr'><strong>ipse</strong></span> 
     </span>
    </p>
   </div>
   <div class='ocr_carea' id='block_1_112' title="bbox 1985 4993 3578 5069">
    <p class='ocr_par' dir='ltr' id='par_1_112' title="bbox 1985 4993 3578 5069">
     <span class='ocr_line' id='line_1_112' title="bbox 1985 4993 3578 5069; baseline -0.007 -16"><span class='ocrx_word' id='word_1_824' title='bbox 1985 4999 2177 5056; x_wconf 79' lang='lat' dir='ltr'><strong>fuisset</strong></span> <span class='ocrx_word' id='word_1_825' title='bbox 2203 5001 2259 5055; x_wconf 88' lang='lat' dir='ltr'><strong>in</strong></span> <span class='ocrx_word' id='word_1_826' title='bbox 2297 4999 2521 5056; x_wconf 71' lang='lat' dir='ltr'><strong>Gazaree</strong></span> <span class='ocrx_word' id='word_1_827' title='bbox 2563 4997 2830 5069; x_wconf 72' lang='lat' dir='ltr'><strong>praesidio,</strong></span> <span class='ocrx_word' id='word_1_828' title='bbox 2880 4994 2971 5049; x_wconf 87' lang='lat' dir='ltr'><strong>ubi</strong></span> <span class='ocrx_word' id='word_1_829' title='bbox 2996 5009 3027 5047; x_wconf 87' lang='lat' dir='ltr'><strong>a</strong></span> <span class='ocrx_word' id='word_1_830' title='bbox 3054 4993 3315 5049; x_wconf 86' lang='lat' dir='ltr'><strong>militibus</strong></span> <span class='ocrx_word' id='word_1_831' title='bbox 3358 5005 3578 5060; x_wconf 83' lang='lat' dir='ltr'><strong>perem-</strong></span> 
     </span>
    </p>
   </div>
   <div class='ocr_carea' id='block_1_113' title="bbox 1984 5081 3579 5162">
    <p class='ocr_par' dir='ltr' id='par_1_113' title="bbox 1984 5081 3579 5162">
     <span class='ocr_line' id='line_1_113' title="bbox 1984 5081 3579 5162; baseline -0.01 -13"><span class='ocrx_word' id='word_1_832' title='bbox 1984 5102 2108 5162; x_wconf 90' lang='lat' dir='ltr'><strong>ptus</strong></span> <span class='ocrx_word' id='word_1_833' title='bbox 2139 5111 2151 5146; x_wconf 87' lang='lat'><strong>:</strong></span> <span class='ocrx_word' id='word_1_834' title='bbox 2191 5094 2234 5148; x_wconf 91' lang='lat' dir='ltr'><strong>si</strong></span> <span class='ocrx_word' id='word_1_835' title='bbox 2262 5093 2408 5148; x_wconf 85' lang='lat' dir='ltr'><strong>enim</strong></span> <span class='ocrx_word' id='word_1_836' title='bbox 2443 5091 2516 5148; x_wconf 84' lang='lat' dir='ltr'><strong>ibi</strong></span> <span class='ocrx_word' id='word_1_837' title='bbox 2547 5100 2674 5146; x_wconf 85' lang='lat' dir='ltr'><strong>tunc</strong></span> <span class='ocrx_word' id='word_1_838' title='bbox 2721 5088 2911 5144; x_wconf 78' lang='lat' dir='ltr'><strong>fuisset</strong></span> <span class='ocrx_word' id='word_1_839' title='bbox 2933 5085 3180 5148; x_wconf 88' lang='lat' dir='ltr'><strong>occisus,</strong></span> <span class='ocrx_word' id='word_1_840' title='bbox 3228 5082 3378 5138; x_wconf 90' lang='lat' dir='ltr'><strong>nullo</strong></span> <span class='ocrx_word' id='word_1_841' title='bbox 3417 5081 3579 5136; x_wconf 88' lang='lat' dir='ltr'><strong>modo</strong></span> 
     </span>
    </p>
   </div>
   <div class='ocr_carea' id='block_1_114' title="bbox 1985 5171 3578 5247">
    <p class='ocr_par' dir='ltr' id='par_1_114' title="bbox 1985 5171 3578 5247">
     <span class='ocr_line' id='line_1_114' title="bbox 1985 5171 3578 5247; baseline -0.009 -6"><span class='ocrx_word' id='word_1_842' title='bbox 1985 5185 2074 5241; x_wconf 91' lang='lat' dir='ltr'><strong>hic</strong></span> <span class='ocrx_word' id='word_1_843' title='bbox 2099 5199 2243 5239; x_wconf 90' lang='lat' dir='ltr'><strong>nunc</strong></span> <span class='ocrx_word' id='word_1_844' title='bbox 2266 5185 2420 5238; x_wconf 87' lang='lat' dir='ltr'><strong>vivus</strong></span> <span class='ocrx_word' id='word_1_845' title='bbox 2461 5190 2605 5239; x_wconf 84' lang='lat' dir='ltr'><strong>esset</strong></span> <span class='ocrx_word' id='word_1_846' title='bbox 2631 5181 2914 5245; x_wconf 86' lang='lat' dir='ltr'><strong>dimissus;</strong></span> <span class='ocrx_word' id='word_1_847' title='bbox 2939 5177 3082 5247; x_wconf 88' lang='lat' dir='ltr'><strong>quod</strong></span> <span class='ocrx_word' id='word_1_848' title='bbox 3123 5175 3267 5230; x_wconf 88' lang='lat' dir='ltr'><strong>haud</strong></span> <span class='ocrx_word' id='word_1_849' title='bbox 3309 5173 3490 5237; x_wconf 88' lang='lat' dir='ltr'><strong>aliter,</strong></span> <span class='ocrx_word' id='word_1_850' title='bbox 3522 5171 3578 5226; x_wconf 86' lang='lat' dir='ltr'><strong>ni</strong></span> 
     </span>
    </p>
   </div>
   <div class='ocr_carea' id='block_1_115' title="bbox 1986 5267 3578 5347">
    <p class='ocr_par' dir='ltr' id='par_1_115' title="bbox 1986 5267 3578 5347">
     <span class='ocr_line' id='line_1_115' title="bbox 1986 5267 3578 5347; baseline -0.006 -16"><span class='ocrx_word' id='word_1_851' title='bbox 1986 5277 2164 5343; x_wconf 85' lang='lat' dir='ltr'><strong>fallor,</strong></span> <span class='ocrx_word' id='word_1_852' title='bbox 2199 5285 2374 5347; x_wconf 90' lang='lat' dir='ltr'><strong>potest</strong></span> <span class='ocrx_word' id='word_1_853' title='bbox 2400 5275 2564 5340; x_wconf 88' lang='lat' dir='ltr'><strong>solvi,</strong></span> <span class='ocrx_word' id='word_1_854' title='bbox 2609 5272 2712 5327; x_wconf 87' lang='lat' dir='ltr'><strong>nisi</strong></span> <span class='ocrx_word' id='word_1_855' title='bbox 2759 5270 2904 5341; x_wconf 78' lang='lat' dir='ltr'><strong>quod</strong></span> <span class='ocrx_word' id='word_1_856' title='bbox 2938 5275 3034 5323; x_wconf 90' lang='lat' dir='ltr'><strong>aut</strong></span> <span class='ocrx_word' id='word_1_857' title='bbox 3074 5267 3146 5322; x_wconf 88' lang='lat' dir='ltr'><strong>ibi</strong></span> <span class='ocrx_word' id='word_1_858' title='bbox 3187 5281 3283 5335; x_wconf 88' lang='lat' dir='ltr'><strong>per</strong></span> <span class='ocrx_word' id='word_1_859' title='bbox 3311 5267 3578 5336; x_wconf 83' lang='lat' dir='ltr'><strong>anticipa-</strong></span> 
     </span>
    </p>
   </div>
   <div class='ocr_carea' id='block_1_116' title="bbox 1989 5357 3580 5427">
    <p class='ocr_par' dir='ltr' id='par_1_116' title="bbox 1989 5357 3580 5427">
     <span class='ocr_line' id='line_1_116' title="bbox 1989 5357 3580 5427; baseline -0.007 -4"><span class='ocrx_word' id='word_1_860' title='bbox 1989 5369 2190 5423; x_wconf 90' lang='lat' dir='ltr'><strong>tionem</strong></span> <span class='ocrx_word' id='word_1_861' title='bbox 2216 5367 2425 5422; x_wconf 88' lang='lat' dir='ltr'><strong>dicatur</strong></span> <span class='ocrx_word' id='word_1_862' title='bbox 2450 5365 2680 5427; x_wconf 83' lang='lat' dir='ltr'><strong>occisus,</strong></span> <span class='ocrx_word' id='word_1_863' title='bbox 2724 5369 2816 5416; x_wconf 87' lang='lat' dir='ltr'><strong>aut</strong></span> <span class='ocrx_word' id='word_1_864' title='bbox 2843 5360 2980 5415; x_wconf 83' lang='lat' dir='ltr'><strong>alius</strong></span> <span class='ocrx_word' id='word_1_865' title='bbox 3028 5359 3117 5412; x_wconf 91' lang='lat' dir='ltr'><strong>ille</strong></span> <span class='ocrx_word' id='word_1_866' title='bbox 3152 5358 3469 5412; x_wconf 87' lang='lat' dir='ltr'><strong>Timotheus</strong></span> <span class='ocrx_word' id='word_1_867' title='bbox 3497 5357 3580 5412; x_wconf 85' lang='lat' dir='ltr'><strong>in-</strong></span> 
     </span>
    </p>
   </div>
   <div class='ocr_carea' id='block_1_117' title="bbox 1988 5447 3579 5528">
    <p class='ocr_par' dir='ltr' id='par_1_117' title="bbox 1988 5447 3579 5528">
     <span class='ocr_line' id='line_1_117' title="bbox 1988 5447 3579 5528; baseline -0.006 -16"><span class='ocrx_word' id='word_1_868' title='bbox 1988 5458 2254 5528; x_wconf 84' lang='lat' dir='ltr'><strong>telligatur</strong></span> <span class='ocrx_word' id='word_1_869' title='bbox 2295 5456 2387 5524; x_wconf 88' lang='lat' dir='ltr'><strong>qui</strong></span> <span class='ocrx_word' id='word_1_870' title='bbox 2436 5455 2488 5509; x_wconf 91' lang='lat' dir='ltr'><strong>in</strong></span> <span class='ocrx_word' id='word_1_871' title='bbox 2518 5453 2739 5509; x_wconf 74' lang='lat' dir='ltr'><strong>Gazam</strong></span> <span class='ocrx_word' id='word_1_872' title='bbox 2778 5449 3028 5520; x_wconf 72' lang='lat' dir='ltr'><strong>pncsidio</strong></span> <span class='ocrx_word' id='word_1_873' title='bbox 3053 5455 3138 5504; x_wconf 85' lang='lat' dir='ltr'><strong>est</strong></span> <span class='ocrx_word' id='word_1_874' title='bbox 3163 5447 3500 5511; x_wconf 78' lang='lat' dir='ltr'><strong>interfectus,</strong></span> <span class='ocrx_word' id='word_1_875' title='bbox 3521 5458 3579 5503; x_wconf 85' lang='lat' dir='ltr'><strong>et</strong></span> 
     </span>
    </p>
   </div>
   <div class='ocr_carea' id='block_1_118' title="bbox 1991 5538 3578 5616">
    <p class='ocr_par' dir='ltr' id='par_1_118' title="bbox 1991 5538 3578 5616">
     <span class='ocr_line' id='line_1_118' title="bbox 1991 5538 3578 5616; baseline -0.009 -10"><span class='ocrx_word' id='word_1_876' title='bbox 1991 5551 2128 5606; x_wconf 88' lang='lat' dir='ltr'><strong>alius</strong></span> <span class='ocrx_word' id='word_1_877' title='bbox 2173 5549 2274 5604; x_wconf 85' lang='lat' dir='ltr'><strong>iste</strong></span> <span class='ocrx_word' id='word_1_878' title='bbox 2320 5549 2409 5615; x_wconf 91' lang='lat' dir='ltr'><strong>qui</strong></span> <span class='ocrx_word' id='word_1_879' title='bbox 2441 5561 2537 5616; x_wconf 88' lang='lat' dir='ltr'><strong>per</strong></span> <span class='ocrx_word' id='word_1_880' title='bbox 2565 5544 2878 5601; x_wconf 82' lang='lat' dir='ltr'><strong>Dositheum</strong></span> <span class='ocrx_word' id='word_1_881' title='bbox 2911 5551 2967 5597; x_wconf 91' lang='lat' dir='ltr'><strong>et</strong></span> <span class='ocrx_word' id='word_1_882' title='bbox 2998 5541 3339 5611; x_wconf 82' lang='lat' dir='ltr'><strong>Sosipatrum</strong></span> <span class='ocrx_word' id='word_1_883' title='bbox 3381 5538 3578 5608; x_wconf 82' lang='lat' dir='ltr'><strong>legitur</strong></span> 
     </span>
    </p>
   </div>
  </div>
