3928 6168
356 292 503 349 1269

1081 294 1428 351 COMMENT.
1466 295 1531 351 lN
1571 294 1816 354 LIBROS
1858 296 2430 354 MACIIABz‘EORUM.
2468 328 2537 338 —
2572 296 2640 353 ΙΝ
2675 297 2801 353 LIB.
2839 296 2904 351 ll.

3473 292 3612 350 1250

349 404 629 460 dimissus.
684 402 836 468 Quod
884 409 1061 457 autem
1103 404 1254 460 Judm
1300 407 1484 474 duces,
1531 409 1935 465 considerantes
1965 417 2007 473 Α
2037 410 2194 464 deriis
2224 411 2397 465 carnis
2427 408 2652 464 luxuria:
2686 398 2890 478 eos‘qui
2916 405 3188 478 paululum
3220 406 3617 478 effugiunt,.qui

351 493 581 548 fratrum
615 492 901 546 utilitatem
926 508 989 548 ac
1023 508 1244 549 suorum
1268 496 1709 567 redemptionem,
1754 497 1934 552 Timo-

357 582 486 638 theo
520 590 902 652 pepercerunt,
945 583 1180 638 ostendit
1202 584 1346 653 quod
1384 585 1667 655 aliquando
1706 602 1827 642 cum
1853 601 1936 642 cr-

352 671 598 726 rantibus
621 670 807 725 mitius
826 679 910 725 est
928 671 1211 741 agendum,
1234 688 1338 728 non
1368 674 1487 730 dico
1513 668 1570 729 ut
1596 690 1782 731 eorum
1809 690 1936 731 con-

349 760 620 817 eeutiatur
658 758 949 829 iniquitati,
989 760 1083 816 sed
1120 761 1319 832 pietate
1359 772 1585 833 paterna
1626 766 1938 820 consulatur

353 862 542 903 eorum
571 847 890 913 inﬁrmitati,
931 857 987 904 et
1020 850 1255 905 maxime
1290 850 1394 905 illis
1424 851 1555 907 locis
1590 850 1682 908 ubi
1730 853 1936 910 fruetus

352 937 550 1007 aliquis
596 938 664 991 de
701 937 996 992 errantium
1040 940 1389 995 conversione
1439 951 1704 1011 speratur,
1750 953 1939 1014 quate-

353 1041 459 1080 nus
507 1026 916 1081 mansuetudine
951 1025 1315 1083 ecclesiastica
1364 1039 1723 1099 provocentur
1752 1047 1783 1086 a
1823 1033 1937 1087 dia-

349 1114 459 1169 boli
517 1113 719 1183 laqueis
760 1114 1018 1185 effugere,
1068 1123 1125 1169 et
1171 1118 1460 1172 convenire
1500 1120 1568 1173 ad
1618 1120 1935 1176 catholicam

350 1205 675 1276 libertatem.
722 1204 876 1261 Unde
917 1206 972 1260 in
1013 1204 1270 1261 Africano
1294 1208 1521 1264 concilio
1544 1210 1610 1265 de
1644 1210 1938 1267 Donatistis

352 1294 627 1349 bmeticis
671 1293 1019 1349 constitutum
1044 1302 1130 1350 est
1165 1304 1227 1350 ut
1268 1296 1442 1352 levius
1484 1313 1605 1352 cum
1648 1301 1728 1356 eis
1754 1315 1941 1372 agere-

354 1393 465 1449 tur,
514 1385 606 1438 ubi
630 1385 703 1439 ita
740 1385 999 1454 scriptum
1044 1393 1170 1441 cst:
1214 1386 1565 1442 Pertractatis
1608 1396 1663 1443 ct
1688 1390 1939 1445 conside-

358 1475 493 1528 ratis
540 1473 792 1528 omnibus
829 1488 950 1544 quae
985 1474 1206 1529 utilitati
1252 1476 1507 1533 Ecclesia:
1544 1477 1832 1533 convenire
1855 1479 1937 1533 vi-

358 1565 647 1628 debantur,
695 1572 963 1619 annuente
1015 1573 1175 1635 atque
1221 1566 1541 1622 admonente
1589 1567 1793 1638 Spiritu
1838 1568 1932 1623 Dei

359 1657 702 1712 decernimus
726 1671 849 1711 cum
887 1657 1196 1711 memoratis
1233 1657 1560 1723 hominibus,
1602 1659 1848 1728 quamvis
1872 1660 1940 1714 de

2034 500 2089 554 in
2125 516 2300 554 errore
2327 508 2730 553 conversantur:
2758 498 3047 552 libertatem
3090 496 3200 551 illis
3234 497 3613 567 promittentes,

2035 605 2152 642 cum
2195 590 2295 660 ipsi
2334 589 2467 643 servi
2503 588 2609 641 sint
2643 586 2989 658 corruptionis
3018 585 3103 656 (II
3150 585 3293 640 Petr.
3324 586 3407 658 ιι).
3448 585 3615 647 ludas

2033 677 2175 731 enim
2216 692 2339 733 cum
2388 678 2500 733 suis
2546 691 2927 746 usquequaque
2977 676 3209 731 hostium
3245 677 3430 733 turbas
3477 686 3618 734 stra-

2033 766 2110 820 vit
2153 773 2208 821 et
2234 767 2513 822 victoriam
2552 765 2753 826 habuit,
2786 766 2909 834 quia
2950 765 3197 820 doctores
3247 766 3419 821 sancti
3473 768 3617 827 veri-

2038 857 2160 910 tatis
2201 864 2531 921 assertores,
2556 864 2633 910 ‘et
2671 855 2904 910 universi
2948 855 3152 909 erroris
3198 863 3613 926 expugnatores,

2034 946 2213 999 divina
2251 960 2351 1016 ope
2375 947 2561 1017 adjuti.
2605 946 2802 1015 ubique
2841 946 2908 999 de
2935 945 3180 1001 hostibus
3201 946 3314 1001 suis
3349 954 3611 1016 tropaeum

2033 1034 2272 1091 victoriae
2309 1036 2542 1104 capiunt.
2576 1035 2726 1091 Unde
2767 1033 2947 1089 dicere
2984 1051 3108 1090 cum
3143 1035 3309 1092 Paulo
3332 1045 3560 1107 possunt
3590 1054 3605 1091 :

2033 1122 2144 1177 Deo
2209 1133 2383 1177 autem
2424 1124 2622 1194 gratias
2680 1125 2770 1195 qui
2833 1140 3034 1195 semper
3072 1125 3357 1194 triumphat
3403 1141 3497 1180 nos
3551 1126 3609 1180 in

2034 1209 2240 1266 Christo
2278 1212 2441 1286 Iesu,
2469 1222 2519 1267 et
2561 1213 2772 1267 odorem
2799 1214 2997 1268 notitia:
3039 1230 3149 1269 sute
3186 1215 3484 1284 manifestat
3515 1231 3610 1283 per

2035 1317 2128 1355 nos
2152 1301 2206 1355 in
2230 1302 2369 1355 omni
2396 1299 2509 1356 loco
2541 1300 2592 1373 (Ι
2598 1300 2626 1353 Ι
2668 1301 2790 1356 Cor.
2814 1304 2897 1373 ιι).
2927 1303 3061 1359 Esse
3086 1304 3442 1359 communiter
3460 1319 3606 1360 com-

2035 1391 2230 1446 munis.
2257 1390 2320 1463 (?)

2106 1479 2238 1535 Inde
2264 1481 2333 1537 ad
2359 1482 2616 1536 cititatem
2639 1480 2948 1552 Scytharum
2977 1483 3236 1546 abierunt,
3258 1502 3375 1554 qua:
3409 1487 3473 1540 ab
3509 1485 3607 1540 Je—

2035 1570 2305 1640 rosolyrnis
2330 1573 2582 1626 sexcentis
2624 1572 2810 1626 stadiis
2841 1572 3042 1637 aberat,
3073 1582 3176 1628 etc.
3230 1574 3613 1645 Scythopolitzc

2036 1659 2126 1727 qui
2149 1658 2361 1713 Judaeos
2412 1661 2639 1729 benigne
2684 1669 2999 1723 tractantes,
3030 1677 3126 1731 pro
3176 1663 3454 1719 beneﬁciis
3497 1665 3614 1719 suis

355 1748 620 1804 Dominici
663 1748 907 1817 corporis
933 1748 1139 1803 unitate
1167 1748 1403 1819 inquieta
1435 1749 1771 1806 dissensione
1805 1764 1927 1806 sen-
1956 1743 2001 1800 Β
2028 1747 2167 1815 apud
2187 1744 2375 1801 Judam
2398 1749 2627 1817 gratiam
2659 1758 2716 1802 et
2741 1748 2949 1803 laudem
2978 1761 3415 1818 promeruerunt,
3444 1752 3612 1823 signi—

359 1839 638 1903 tientibus,
690 1838 884 1893 leniter
929 1847 987 1894 et
1032 1837 1256 1909 paciﬁce
1293 1852 1475 1909 agere,
1525 1847 1607 1903 ut,
1671 1848 1930 1909 quantum

352 1934 411 1988 in
454 1928 609 1985 nobis
647 1936 750 1993 est,
793 1928 1041 1984 omnibus
1083 1928 1174 1998 qui
1215 1926 1271 1981 in
1318 1943 1504 1983 eorum
1556 1929 1935 1985 communione

350 2028 409 2076 ct
449 2020 706 2076 societate
732 2018 968 2073 haeretici
1014 2025 1142 2073 sunt
1178 2032 1276 2087 per
1313 2016 1591 2072 universas
1628 2017 1935 2085 provincias

351 2111 633 2169 Africanas
671 2109 883 2181 penitus
909 2109 1208 2164 innotescat
1235 2122 1394 2177 quam
1426 2108 1716 2163 miserabili
1747 2124 1934 2164 errore

352 2200 548 2256 devicti
593 2209 749 2265 sunt,
801 2196 1095 2269 nequando,
1136 2197 1275 2251 sicut
1316 2196 1448 2251 dicit
1481 2196 1790 2266 Apostolus,
1839 2214 1929 2253 no-

353 2289 437 2344 bis
465 2288 520 2343 in
555 2285 963 2342 mansuetudine
995 2284 1413 2354 corripientibus
1443 2284 1655 2339 diversa
1700 2286 1936 2340 sentien-

357 2389 462 2443 tes,
527 2377 611 2433 det
652 2376 759 2431 illis
811 2375 951 2429 Deus
1008 2376 1357 2446 paenitentiam
1406 2375 1476 2429 ad
1529 2377 1935 2446 cognoscendam

352 2466 639 2531 veritatem,
675 2473 725 2520 et
762 2465 1061 2534 resipiscam
1102 2480 1135 2516 a
1161 2462 1357 2517 diaboli
1396 2462 1615 2533 laqueis,
1648 2481 1680 2518 a
1706 2480 1809 2535 quo
1849 2482 1938 2519 ca-

352 2553 480 2624 ptivi
502 2561 741 2608 tenentur
778 2552 847 2607 ad
874 2552 1036 2622 ipsius
1079 2550 1391 2607 voluntatem
1435 2552 1521 2617 (II
1551 2554 1684 2609 Tim.
1709 2553 1794 2625 ιι).

422 2640 596 2695 Judas
633 2651 806 2695 autem
835 2656 1066 2710 egressus
1086 2649 1160 2695 est
1196 2658 1230 2695 a
1267 2639 1520 2708 Carnion,
1554 2642 1837 2712 interfectis
1865 2643 1939 2698 vi-

355 2731 488 2800 ginti
521 2730 750 2802 quinque
781 2729 1029 2784 millibus.
1077 2728 1206 2785 Post
1233 2731 1419 2785 horum
1462 2731 1640 2802 fugam
1680 2743 1727 2787 et
1765 2749 1937 2787 necem

352 2820 510 2875 movit
548 2821 827 2875 exercitum
875 2819 944 2873 ad
988 2819 1222 2890 Ephron,
1266 2821 1522 2875 civitatem
1564 2822 1838 2889 munitam,
1883 2822 1938 2877 in

354 2928 458 2982 qua
495 2910 771 2965 multitudo
816 2910 1137 2975 diversarum
1174 2913 1403 2981 gentium
1447 2912 1745 2979 habitabat;
1772 2923 1820 2967 et
1854 2930 1940 2967 ro-

355 3000 493 3053 busti
518 2999 735 3069 juvenes
760 3015 855 3069 pro
887 3000 1051 3055 muris
1094 3001 1421 3055 consistentes
1454 3001 1658 3071 fortiter
1684 3019 1940 3074 repugna-

2036 1836 2203 1891 ilcant
2228 1852 2324 1892 eos
2343 1838 2434 1906 qui
2467 1838 2715 1892 doctores
2747 1848 2963 1894 sanctos
2989 1849 3045 1893 et
3067 1839 3406 1897 conlessores
3449 1850 3613 1897 recta:

2034 1923 2157 1979 ﬁdei
2187 1925 2402 1993 rapiunt
2425 1924 2769 1999 [excipiunt],
2793 1936 2848 1982 et
2870 1928 3076 1983 solatiis
3104 1930 3470 1997 corporalibus
3504 1947 3605 2000 pro

2045 2014 2236 2068 Iiribus
2263 2013 2557 2082 adjuvant:
2594 2030 2821 2083 quorum
2865 2031 3072 2071 merces
3120 2018 3174 2070 in
3226 2034 3455 2073 vacuum
3498 2035 3607 2075 non

2032 2104 2255 2171 peribit;
2285 2104 2515 2159 maxime
2542 2120 2661 2159 cum
2690 2104 2948 2160 Dominus
2974 2105 3026 2159 in
3074 2106 3362 2177 Evangelio
3401 2108 3466 2162 de
3491 2108 3610 2162 tali-

2036 2192 2137 2247 bus
2161 2194 2227 2247 ad
2247 2194 2516 2262 apostolos
2541 2195 2713 2249 dicat:
2739 2195 2843 2260 Qui
2866 2196 3041 2264 recipit
3063 2212 3148 2250 vos
3168 2212 3251 2250 me
3276 2198 3491 2267 recipit;
3515 2199 3609 2269 qui

2035 2282 2213 2351 recipit
2225 2283 2523 2352 prophetam
2538 2284 2589 2336 in
2606 2284 2811 2337 nomine
2822 2284 3082 2353 prophetae
3096 2286 3379 2340 mercedem
3388 2289 3612 2358 prophe-

2032 2379 2104 2425 ta:
2131 2371 2382 2440 accipiet:
2428 2379 2475 2424 et
2496 2371 2785 2440 quicunque
2811 2372 2985 2441 recipit
2999 2372 3203 2441 justum
3275 2374 3332 2426 in
3402 2376 3610 2429 nomine

2028 2457 2184 2527 justi,
2239 2457 2526 2512 mercedem
2565 2458 2703 2528 justi
2755 2460 3074 2529 accipiet;et
3117 2461 3406 2532 quicunque
3450 2462 3607 2516 dede-

2038 2548 2106 2600 rit
2129 2558 2308 2618 potum
2358 2548 2451 2603 uni
2481 2564 2546 2603 ea:
2568 2549 2794 2602 minimis
2844 2549 2980 2613 istis,
3003 2558 3050 2603 et
3084 2549 3298 2604 calicem
3342 2568 3492 2622 aqua?
3516 2551 3614 2621 fri-

2034 2639 2173 2709 gidce
2203 2643 2423 2693 tantum
2481 2640 2537 2693 in
2588 2640 2794 2693 nomine
2853 2639 3116 2710 discipuli,
3167 2656 3317 2695 amen
3359 2641 3476 2696 dico
3526 2658 3611 2695 ro-

2038 2729 2115 2785 bis
2163 2746 2267 2784 non
2317 2726 2508 2800 'perdet
2569 2729 2852 2783 mercedem
2895 2745 3045 2782 suam
3091 2728 3303 2801 (Matth.
3354 2728 3433 2801 ιι).
3463 2729 3614 2787 Unde

2036 2820 2273 2877 Joannes
2332 2822 2576 2876 scribens
2628 2821 2697 2874 ad
2745 2819 2961 2885 Gaium,
2993 2821 3046 2875 in
3091 2821 3315 2890 cpistola
3363 2837 3458 2877 sua
3503 2823 3610 2876 ait:

2037 2913 2375 2976 Charissime,
2407 2911 2632 2981 ﬁdeliter
2663 2911 2796 2980 facis
2840 2911 3091 2982 quidquid
3135 2913 3366 2982 operaris
3404 2915 3458 2965 in
3497 2913 3613 2981 fra-

2039 3014 2164 3069 tres,
2196 3003 2243 3058 et
2269 3006 2364 3058 hoc
2386 3004 2438 3057 in
2458 3004 2777 3073 peregrinos,
2799 3006 2885 3073 qui
2900 3003 3249 3057 testimonium
3272 3003 3609 3058 reddiderunt

357 3094 502 3158 bant,
531 3101 635 3149 etc.
662 3092 905 3147 Diximus
930 3093 983 3146 in
1011 3091 1207 3162 prioris
1233 3091 1352 3147 libri
1383 3093 1736 3162 expositione,
1758 3095 1849 3147 ubi
1876 3095 1942 3149 de
1969 3099 2012 3160 ρ
2043 3093 2286 3146 charitati
2308 3101 2411 3146 tua:
2434 3091 2487 3145 in
2504 3100 2775 3162 conspectu
2806 3090 3083 3145 Ecclesia:
3117 3108 3245 3161 quos
3286 3090 3613 3161 benefaciens

358 3185 641 3239 Timotheo
669 3191 954 3238 tractatum
982 3191 1100 3247 est,
1141 3183 1284 3252 quod
1320 3182 1437 3252 ejus
1464 3184 1732 3239 exercitus
1760 3184 1928 3254 signi-

357 3275 545 3330 ﬁcaret
571 3274 785 3329 turbam
815 3272 1221 3335 hmreticorum;
1266 3272 1517 3327 similiter
1542 3282 1597 3326 et
1622 3273 1688 3327 de
1713 3273 1931 3343 Ephron

357 3367 508 3422 urbis
545 3363 974 3429 habitatoribus,
1009 3362 1151 3431 quod
1189 3361 1306 3416 illos
1333 3361 1630 3431 ﬁguraliter
1665 3363 1934 3431 exprime-

361 3465 512 3521 rent,
558 3455 651 3525 qui
698 3455 865 3509 ritum
912 3451 1173 3508 Judaismi
1210 3451 1539 3519 temporibus
1576 3451 1762 3522 gratiae
1786 3460 1933 3506 exte-

266 3574 274 3580 ~
360 3552 677 3610 nuavcrunt,
727 3552 788 3599 ut
831 3542 1047 3598 fuerunt
1090 3542 1190 3612 ipsi
1231 3540 1400 3597 Judaei
1439 3549 1494 3596 et
1532 3541 1789 3606 haeretici,
1840 3541 1933 3610 qui

358 3652 481 3692 cum
519 3634 808 3706 Evangelio
842 3633 975 3705 legis
1004 3633 1352 3691 cmremonias
1392 3647 1609 3687 servare
1650 3632 1928 3686 volebant:

364 3727 492 3798 quia
529 3725 618 3781 isti
644 3723 933 3780 carnaliter
959 3723 1256 3778 sentientes
1281 3721 1612 3792 spiritualem
1655 3721 1933 3776 scientiam

367 3818 576 3873 discere
603 3814 875 3878 volebant,
922 3827 1024 3869 nec
1051 3812 1345 3883 intelligere
1368 3820 1618 3883 poterant
1645 3812 1787 3883 quod
1814 3813 1935 3882 ﬁnis

361 3906 488 3977 legis
506 3914 581 3960 est
600 3904 838 3959 Christus
866 3904 935 3957 ad
960 3902 1224 3972 justitiam
1245 3903 1384 3956 omni
1407 3902 1631 3957 credenti
1658 3901 1834 3973 (Rom.
1855 3904 1935 3973 ιι),

363 3996 552 4052 Judzeo
600 3993 804 4050 scilicet
854 3979 1014 4062 atque
1045 3992 1246 4063 gentili.
1299 3990 1543 4061 Quinque
1598 3993 1759 4048 millia
1807 4008 1936 4063 pro-

367 4097 538 4145 strata
579 4088 635 4143 in
673 4087 812 4143 bello
855 4086 1204 4156 Ephronitico
1234 4084 1499 4156 leguntur,
1562 4087 1703 4141 sicut
1749 4086 1803 4140 in
1850 4087 1923 4144 illt

364 4179 502 4235 bello
535 4178 678 4248 quod
702 4177 754 4232 in
787 4191 1000 4232 carmen
1029 4174 1316 4247 [Carnion]
1343 4174 1646 4230 confectum
1685 4183 1789 4241 est,
1816 4176 1940 4245 quia

362 4272 617 4341 sapientia
654 4269 812 4339 hujus
850 4267 1032 4322 mundi
1089 4267 1310 4320 stultitia
1355 4265 1493 4336 apud
1544 4265 1711 4320 Deum
1747 4275 1843 4330 est,
1893 4275 1942 4320 et

360 4361 637 4431 prudentia
676 4360 847 4413 carnis
873 4374 1011 4412 mors
1054 4368 1128 4412 est
1168 4356 1220 4428 (Ι
1267 4355 1388 4410 Cor.
1421 4356 1536 4427 nt);
1570 4355 1767 4412 Littera
1799 4358 1941 4413 enim

2030 3182 2251 3236 deducas
2277 3182 2431 3252 digne
2456 3181 2584 3246 Deo,
2604 3182 2693 3251 qui
2715 3198 2811 3251 pro
2834 3183 3043 3235 nomine
3070 3181 3184 3251 ejus
3214 3182 3435 3252 profecti
3456 3192 3599 3248 sunt,

2031 3270 2160 3325 nihil
2186 3272 2490 3339 accipientes
2513 3288 2545 3323 a
2573 3269 2866 3340 gentilibus.
2896 3270 3008 3324 Nos
3028 3287 3147 3341 ergo
3178 3272 3418 3326 debemus
3438 3272 3609 3327 susci—

2030 3379 2150 3433 pere
2196 3361 2578 3431 hujuscemodi,
2626 3370 2681 3413 ut
2749 3370 3104 3427 cooperatores
3162 3362 3323 3415 simus
3364 3362 3599 3416 veritatis

2033 3448 2153 3521 (III
2191 3447 2455 3520 Joan..5).
2485 3446 2576 3502 Sic
2602 3455 2657 3501 et
2693 3444 2892 3502 Paulus
2940 3447 3043 3502 hoc
3087 3446 3345 3514 laudavit,
3369 3449 3613 3505 scribens

2032 3539 2099 3592 ad
2115 3538 2449 3592 Corinthios:
2475 3535 2718 3602 Obsecro,
2742 3537 2954 3606 fratres,
2978 3538 3138 3592 nostis
3160 3538 3370 3593 domum
3389 3537 3617 3609 Stepha—

2034 3644 2138 3691 nce,
2164 3636 2211 3680 et
2252 3627 2552 3687 Fortunati,
2578 3637 2626 3680 et
2650 3628 2889 3691 Achaici,
2909 3628 3153 3696 quoniam
3196 3636 3316 3680 sunt
3364 3629 3611 3696 primitia:

2032 3714 2287 3779 Achaica,
2315 3724 2365 3767 et
2412 3714 2467 3767 in
2503 3713 2847 3766 ministerium
2891 3723 3191 3767 sanctorum
3240 3713 3611 3767 ordinaverunt

2036 3805 2269 3874 seipsos:
2305 3812 2433 3857 utet
2479 3819 2564 3856 vos
2609 3801 2828 3871 subjecti
2870 3803 2982 3855 sitis
3032 3802 3353 3872 hujusmodi,
3383 3811 3429 3855 et
3474 3803 3621 3857 omni

2037 3893 2355 3962 cooperanti,
2378 3901 2425 3945 et
2452 3889 2732 3943 laboranti.
2778 3886 2992 3944 Gaudeo
3014 3899 3188 3943 autem
3236 3892 3290 3943 in
3332 3890 3612 3960 prasentia

2039 3982 2338 4052 Stephants,
2358 3990 2408 4034 et
2450 3978 2751 4044 Fortunati,
2782 3991 2828 4033 et
2876 3978 3110 4045 Achaici,
3131 3980 3376 4049 quoniam
3402 3980 3456 4032 id
3476 3978 3613 4050 quod

2041 4072 2180 4128 vobis
2218 4070 2541 4141 deerat,ipsi
2583 4066 2981 4140 suppleverunt:
3031 4068 3316 4137 refecerunt
3359 4069 3493 4122 enim
3558 4077 3609 4122 ct

2040 4178 2212 4216 meum
2235 4162 2497 4232 spiritum,
2523 4169 2573 4214 et
2597 4169 2840 4215 vestrum.
2873 4155 3177 4229 Cognoscite
3226 4174 3346 4227 ergo
3384 4159 3474 4228 qui
3513 4158 3612 4213 ltu-

2034 4250 2274 4320 jusmodi
2299 4259 2420 4305 sunt
2450 4249 2501 4321 (Ι
2545 4246 2667 4302 Cor.
2712 4246 2846 4320 xvr).

2117 4342 2184 4396 Et
2211 4352 2325 4411 post
2350 4340 2689 4396 Pentecosten
2711 4338 2949 4393 abierunt
2973 4346 3155 4393 contra
3176 4334 3447 4407 Gorgiam,
3470 4355 3611 4409 pra:-

362 4427 581 4512 orcidit,
623 4447 835 4516 spiritus
870 4456 1042 4500 autem
1080 4427 1301 4513 viviﬁcat
1343 4442 1439 4515 (II
1471 4441 1593 4497 Cor.
1648 4444 1752 4514 ιιι).
1794 4443 1945 4500 Unde
1971 4460 2022 4518 D
2046 4431 2561 4501 ΡοδίταηιῙάανηωω·
2605 4428 2779 4483 Ειτίυίε
2823 4438 2997 4482 “Mem
3023 4427 3411 4518 εαηξρέίίίίίδυδ
3449 4427 3610 4482 "ibi"

362 4538 492 4591 item
525 4552 624 4607 per
645 4536 866 4590 Paulum
895 4536 1088 4589 dicitur
1113 4554 1124 4587 :
1154 4532 1382 4589 Stultam
1414 4532 1532 4601 fecit
1569 4532 1708 4587 Deus
1746 4534 1946 4603 sapien.

362 4627 489 4681 tiam
509 4626 667 4696 hujus
691 4626 870 4680 mundi
902 4623 952 4695 (Ι
999 4623 1118 4679 Cor.
1147 4623 1206 4691 ι).
1234 4622 1299 4676 Et
1336 4622 1551 4684 iterum,
1586 4622 1829 4676 animalis
1852 4622 1945 4676 ho-

365 4733 450 4770 mo
493 4732 597 4771 non
634 4716 847 4787 percipit
889 4732 951 4770 ea
987 4730 1103 4786 qua:
1130 4721 1251 4769 sunt
1293 4713 1508 4781 spiritus
1535 4711 1633 4767 Dei
1656 4726 1674 4763 :
1721 4712 1945 4766 stultitia

365 4806 503 4860 enim
542 4814 618 4859 est
658 4800 756 4868 illi,
797 4814 845 4859 et
891 4819 995 4858 non
1040 4812 1203 4873 potest
1248 4818 1310 4856 ea
1355 4800 1640 4872 intelligere
1666 4818 1782 4872 qua:
1831 4802 1944 4872 spi-

366 4893 590 4949 ritaliter
622 4894 993 4948 examinantur
1025 4892 1078 4965 (I
1125 4891 1247 4946 Cor.
1273 4890 1358 4963 ιι).
1386 4891 1524 4946 Hinc
1557 4890 1789 4947 Jacobus
1812 4907 1943 4962 apo-

365 4983 555 5048 stolus,
592 4984 834 5039 scribens
862 4983 930 5038 ad
971 4984 1261 5053 dispersos,
1284 4981 1360 5036 ait
1391 4980 1542 5054 (Cap.
1575 4980 1694 5050 tu):
1724 4980 1876 5047 Quod
1898 4981 1945 5035 si

368 5073 534 5128 selum
572 5090 813 5127 amarum
850 5073 1048 5127 habetis
1082 5081 1128 5126 et
1163 5072 1512 5126 contentiones
1546 5071 1648 5125 sint
1680 5071 1735 5124 in
1766 5069 1942 5124 cordi-

366 5165 459 5218 bus
487 5166 690 5231 vestris,
730 5164 887 5218 nolite
930 5164 1144 5234 gloriari
1181 5172 1229 5216 et
1257 5163 1531 5217 mendaces
1561 5178 1670 5217 esse
1695 5161 1943 5215 adversus

365 5256 632 5308 veritatem
654 5271 673 5309 :
701 5269 804 5307 non
837 5262 911 5308 est
941 5253 1078 5307 enim
1120 5253 1223 5306 ista
1251 5253 1507 5323 sapientia
1542 5252 1813 5306 desursum
1853 5250 1944 5304 de-

366 5346 613 5398 scendens
641 5344 705 5398 de
739 5341 900 5397 Patre
933 5358 1154 5407 summa,
1198 5342 1288 5396 sed
1338 5351 1564 5406 terrena,
1611 5339 1854 5395 animalis
1897 5350 1946 5393 et

366 5433 646 5487 diabolica.
685 5431 849 5503 Cujus
874 5441 1167 5489 sectatores
1192 5432 1440 5500 princeps
1468 5429 1774 5498 praeliorum
1798 5426 1946 5501 [apo-

370 5521 651 5594 stolorum]
684 5524 850 5593 fontes
873 5525 976 5578 sive
1002 5539 1137 5594 aqua
1164 5530 1220 5576 et
1255 5521 1464 5575 nebulas
1495 5520 1786 5575 turbinibus
1824 5536 1949 5573 exa-

371 5614 560 5684 gitatus
583 5614 832 5684 appellat,
855 5614 1040 5684 quibus
1063 5612 1229 5682 caligo
1259 5611 1587 5665 tenebrarum
1619 5621 1908 5665 reservatur
1926 5623 1945 5660 :

374 5711 496 5757 sunt
536 5703 676 5757 enim
706 5702 967 5756 vanitates
1014 5702 1310 5768 loquentes,
1358 5698 1685 5768 pellicientes
1732 5698 1784 5751 in
1813 5697 1950 5750 desi-

2049 4521 2298 4585 millibus,
2326 4530 2372 4574 et
2394 4521 2647 4592 equitibus
2664 4518 3076 4589 quadringentis.
3112 4517 3311 4582 Quibus
3331 4519 3616 4587 congressis

2049 4610 2259 4680 contigit
2281 4627 2475 4680 paucos
2516 4626 2664 4663 ruere
2691 4607 3019 4662 Iudaeorum.
3049 4605 3616 4675 Gorgias,pracpositus

2047 4698 2308 4764 ldumtezr,
2343 4700 2481 4755 bene
2499 4707 2675 4768 potest
2693 4706 2872 4769 typum
2894 4710 3078 4766 gerere
3103 4694 3315 4756 diaboli,
3340 4694 3428 4762 qui
3450 4694 3615 4749 rubea
3710 4700 3723 4707 ‘

2048 4798 2208 4859 atque
2221 4788 2625 4859 sanguinolenta
2647 4800 2856 4857 semper
2877 4784 3171 4840 delectatus
3183 4784 3612 4848 conversatione,

2048 4878 2281 4948 speciem
2305 4886 2480 4931 tamen
2505 4875 2791 4946 aliquando
2816 4873 3070 4927 virtutum
3092 4870 3322 4933 simulat,
3348 4871 3472 4926 licet
3498 4872 3612 4942 ipse

2044 4982 2141 5036 per
2169 4965 2295 5019 vitia
2326 4963 2511 5019 sedulo
2541 4970 2727 5019 contra
2766 4961 2995 5014 virtutes
3039 4966 3260 5029 pugnet.
3288 4958 3441 5014 Unde
3482 4960 3613 5014 sim-

2044 5055 2209 5124 plices
2235 5052 2505 5122 quoslibet
2536 5052 2602 5107 de
2643 5051 2879 5106 ﬁdelium
2915 5063 3140 5104 numero
3186 5055 3305 5103 astu
3362 5048 3617 5104 deludens

2044 5142 2450 5197 interﬁcitzsed
2502 5150 2683 5196 tamen
2743 5139 2967 5194 victoria
3013 5138 3205 5193 diurna
3249 5154 3355 5193 non
3394 5138 3612 5206 potitur,

2046 5234 2296 5311 quoniam
2320 5233 2499 5304 potius
2523 5248 2620 5303 per
2646 5233 2899 5287 ducatum
2920 5230 3022 5285 viri
3057 5230 3228 5293 Judte,
3254 5228 3508 5283 militibus
3537 5226 3617 5293 ip-

2048 5328 2161 5382 sius
2191 5327 2473 5380 Dominum
2500 5325 2873 5379 invocantibus
2901 5322 3223 5392 adjutorch
3251 5334 3315 5371 ac
3365 5316 3615 5384 precibus

2049 5430 2211 5488 atque
2258 5417 2472 5490 hymnis
2530 5415 2920 5478 insistentibus,
2962 5428 3088 5482 pars
3140 5410 3382 5470 adversa,
3428 5407 3619 5461 timore

2049 5509 2291 5573 confusa,
2316 5510 2370 5563 in
2392 5510 2572 5580 fugam
2603 5508 2852 5569 vertitur,
2877 5513 2931 5557 et
2971 5498 3225 5569 triumphi
3268 5498 3443 5573 honor
3478 5494 3623 5549 veris

2051 5601 2145 5657 Dei
2171 5601 2465 5657 cultoribus
2514 5600 2784 5653 tribuitur.
2815 5593 2962 5649 Unde
3013 5590 3228 5653 Petrus,
3259 5586 3501 5641 scribens
3547 5584 3615 5638 ad

2050 5695 2356 5755 credentes,
2380 5690 2432 5742 in
2468 5687 2698 5757 Epistula
2731 5699 2824 5738 sua
2861 5682 2933 5735 ait
2956 5679 3104 5750 (Cap.
3138 5678 3214 5743 v):
3253 5671 3623 5729 Hnmiliamini
