3928 6168
295 386 433 443 1251

934 375 996 430 Β.
1034 370 1287 428 RABANI
1328 367 1551 425 MAURI
1593 361 1912 423 ARCHIEP.
1954 360 2264 421 MOGUNT.
2307 356 2591 418 OPEllUM
2630 354 2808 415 PARS
2847 359 2887 413 l.

3412 360 3555 421 {52:3

288 501 453 573 igitur
471 496 567 550 sub
606 493 796 563 potenti
827 505 987 542 manu
1015 487 1137 551 Dei,
1173 495 1229 538 ut
1286 501 1372 539 vos
1407 483 1597 537 exultet
1633 482 1689 535 in
1737 490 1867 534 tcm—
1899 492 1948 547 Α
1974 478 2118 546 facta
2168 474 2447 530 collatione
2487 473 2762 527 duodecim
2808 472 2976 525 millia
3022 476 3300 528 drachmas
3346 479 3555 546 argenti

288 569 412 658 pore
442 579 781 638 uisitationis:
808 592 1011 630 omnem
1032 572 1434 628 sollicitudinem
1461 580 1680 626 vestram
1709 569 1867 658 proji-

289 657 478 732 cientcs
512 675 566 726 in
587 687 725 733 eum,
749 668 995 739 quoniam
1024 665 1122 733 ipsi
1143 680 1269 717 cura
1288 671 1364 716 est
1405 661 1469 714 de
1498 661 1657 714 vobis.
1689 657 1867 713 Sobrii

289 776 446 821 estote
469 773 514 818 et
546 760 772 832 vigilate,
793 759 917 829 quia
938 755 1270 810 adversarius
1291 762 1456 807 vester
1486 750 1727 804 diabolus
1754 759 1869 802 tan-

287 871 445 927 quam
468 853 546 906 leo
570 853 775 920 rugiens
796 847 1004 910 circuit,
1043 862 1279 916 quaerens
1323 859 1476 913 quem
1516 841 1755 895 devoret:
1781 839 1868 893 cui

291 944 511 1000 resistite
536 942 693 1012 fortes
730 941 785 993 in
806 939 929 1006 ﬁde.
952 936 1089 990 Hinc
1113 943 1169 989 et
1192 948 1290 1003 per
1324 931 1583 987 Jacobum
1636 930 1864 984 dicitur:

291 1035 530 1090 Resistite
550 1030 759 1086 diabolo
780 1038 828 1083 et
856 1027 1017 1098 fugiet
1038 1043 1072 1079 a
1099 1025 1239 1079 vobis
1272 1021 1421 1093 (Jac.
1442 1019 1541 1092 ιν).
1561 1019 1713 1087 Quod
1737 1033 1871 1073 vero

293 1129 583 1184 Dositheus
637 1121 890 1192 Gorgiam
940 1118 1108 1173 voluit
1140 1128 1337 1186 capere
1379 1113 1582 1177 vivum,
1628 1111 1721 1166 sed
1760 1125 1871 1165 non

290 1226 505 1290 poterat
549 1215 697 1285 quia,
723 1214 950 1268 humero
1005 1208 1120 1276 ejus
1167 1213 1480 1274 amputato,
1534 1202 1704 1257 hostis
1749 1200 1868 1270 ejus

289 1311 491 1367 evasit:
516 1309 620 1362 hoc
653 1319 751 1375 per
781 1302 1003 1374 ﬁguram
1034 1296 1288 1361 ostendit,
1317 1294 1445 1364 quia
1475 1307 1581 1347 non
1630 1292 1867 1345 humana

291 1399 626 1460 fortitudine,
657 1394 749 1451 sed
769 1406 869 1461 ope
895 1390 1072 1445 divina
1104 1386 1274 1441 hostis
1326 1382 1579 1451 antiquus
1608 1379 1863 1434 vincitur.

290 1492 425 1546 Nam
459 1489 548 1559 qui
578 1486 792 1557 propria
822 1482 1023 1535 virtute
1060 1493 1182 1534 cum
1204 1471 1579 1545 Pcligranistis
1601 1469 1868 1542 [Pelagia—

292 1579 471 1649 nistis]
493 1577 788 1639 conlidens,
813 1571 1092 1626 victoriam
1114 1566 1339 1636 adipisci
1367 1579 1526 1633 posse
1567 1571 1751 1637 sperat
1800 1560 1868 1614 de

290 1669 521 1731 diabolo,
552 1668 598 1720 is
624 1662 867 1734 profecto
907 1676 1012 1714 non
1039 1660 1248 1713 hostem
1277 1654 1465 1719 vincit,
1489 1652 1585 1707 sed
1622 1666 1723 1706 nec
1774 1665 1869 1705 voc

291 1759 514 1813 luntatis
534 1770 644 1811 suae
665 1761 864 1809 statum
891 1751 1117 1804 illtesum
1143 1746 1396 1801 custodit.

361 1848 430 1902 Et
469 1846 701 1916 sequenti
735 1844 819 1896 die
840 1841 975 1894 venit
1016 1855 1134 1891 cum
1152 1837 1262 1890 suis
1323 1834 1494 1888 ludas
1551 1842 1607 1887 ut
1645 1848 1865 1911 corpora
1895 1822 1942 1881 Β

291 1946 676 2010 prostratorum
705 1930 927 1993 tolleret,
951 1939 1132 1982 etcum
1153 1926 1455 1997 parentibus
1474 1932 1685 1994 poneret
1714 1924 1770 1976 in
1790 1939 1871 1976 se-

297 2028 493 2101 pulcris
514 2024 764 2094 paternis.
794 2020 1107 2074 Invenerunt
1149 2029 1320 2070 autem
1343 2015 1437 2068 sub
1460 2013 1651 2067 tunicis
1700 2011 1865 2065 inter-

290 2121 540 2190 fectorum
572 2115 636 2169 de
660 2112 893 2167 donariis
940 2109 1225 2172 idolorum,
1251 2120 1368 2177 quae
1411 2105 1552 2176 apud
1595 2103 1870 2190 Jamniam

292 2189 524 2277 fuerunt,
550 2220 583 2258 a
626 2201 813 2273 quibus
869 2199 953 2252 lea:
996 2196 1228 2267 prohibet
1248 2194 1486 2259 Judtros,
1526 2202 1632 2248 etc.
1659 2192 1725 2246 lli
1777 2189 1869 2260 qui

289 2304 358 2358 ab
389 2303 576 2370 ,hoste
626 2305 846 2370 propter
894 2292 1247 2349 idololatriam
1283 2289 1552 2346 occultam
1609 2287 1866 2358 prostrati

293 2402 442 2459 sunt,
475 2406 613 2461 quos
641 2387 832 2442 melius
857 2383 1167 2456 signiﬁcant
1189 2396 1348 2452 quam
1376 2394 1473 2435 eos
1502 2380 1593 2449 qui
1623 2394 1685 2433 se
1710 2379 1765 2432 in
1791 2393 1874 2433 se-

289 2495 441 2542 creto
479 2482 657 2539 cordis
682 2494 779 2550 per
807 2477 1154 2548 cupiditatem
1181 2482 1344 2543 atque
1364 2472 1645 2526 avaritiam
1688 2478 1873 2525 conta-

292 2577 516 2632 minant.
547 2573 623 2627 De
645 2570 908 2625 idolorum
936 2565 1173 2622 donariis
1198 2564 1299 2619 sub
1319 2563 1497 2617 tunica
1523 2568 1751 2633 gestant,
1779 2560 1871 2629 qui

289 2668 549 2721 virtutum
579 2676 748 2732 opera
776 2673 939 2714 causa
967 2656 1275 2727 cupiditatis
1299 2663 1547 2719 terrenae,
1573 2668 1667 2707 seu
1703 2652 1874 2707 ambio

292 2758 455 2812 tionis
481 2756 731 2810 humana:
761 2749 955 2814 laudis,
981 2746 1113 2802 foris
1144 2747 1371 2817 agitant,
1399 2743 1494 2799 sed
1523 2743 1623 2798 sub
1652 2741 1872 2796 velami-

293 2864 359 2901 ne
386 2846 603 2918 pietatis
626 2842 806 2898 dolum
833 2839 1087 2910 nequitiae
1110 2839 1255 2893 intus
1281 2837 1491 2901 celant;
1514 2835 1651 2889 tales
1675 2834 1872 2889 merito

291 2937 360 2990 ab
416 2934 658 2990 hostibus
709 2939 1142 3003 prosternuntur,
1191 2929 1314 2997 quia
1347 2927 1495 2981 virus
1558 2924 1683 2989 doli,
1730 2923 1873 2993 quod

294 3036 475 3082 vestra
505 3026 624 3097 (sic)
663 3034 937 3095 aspectum
994 3021 1270 3076 hominum
1300 3018 1477 3086 latuit,
1510 3018 1707 3072 interni
1732 3017 1875 3088 judi-

290 3118 371 3172 cis
403 3117 651 3171 intuitum
695 3131 796 3168 non
826 3111 1036 3167 fefellit.
1066 3110 1218 3177 Quod
1247 3120 1426 3163 autem
1476 3106 1749 3176 cupiditas
1792 3113 1872 3159 at—

290 3221 395 3275 que
426 3205 651 3258 avaritia
700 3201 1001 3256 idololatria
1070 3207 1213 3263 sunt,
1259 3197 1496 3251 ostendit
1564 3195 1760 3251 Paulus
1792 3195 1870 3250 di-

292 3310 420 3350 cens
465 3293 515 3365 (1
550 3293 684 3345 Tim.
716 3290 794 3359 vt)
823 3309 835 3343 :
865 3290 1037 3342 Radix
1075 3288 1305 3340 omnium
1326 3285 1586 3339 malorum
1616 3295 1692 3339 est
1719 3287 1869 3355 cupi-

292 3389 467 3449 ditas;
498 3399 653 3454 quam
676 3382 882 3451 quidem
918 3386 1211 3448 appetentes
1232 3385 1533 3430 erraverunt
1578 3392 1610 3428 α
1650 3376 1775 3444 fide,
1822 3386 1871 3429 et

299 3478 695 3531 inserueruntsc
718 3470 981 3524 doloribus
1000 3467 1197 3521 multis.
1222 3467 1287 3520 Et
1316 3467 1509 3521 iterum
1541 3465 1756 3537 (Ephes.
1780 3466 1833 3535 γ)
1854 3468 1889 3520 τ’

300 3565 417 3620 Hoc
468 3573 669 3627 autem,
696 3560 889 3630 inquit,
915 3559 1096 3612 scitote
1134 3557 1475 3627 intelligentes
1517 3557 1656 3628 quod
1704 3559 1872 3612 omnis

293 3655 605 3726 fornicator,
631 3662 721 3705 aut
743 3648 1062 3713 immundus,
1090 3657 1180 3701 aut
1206 3663 1416 3712 avarus,
1445 3645 1584 3717 quod
1609 3657 1683 3701 est
1706 3646 1873 3701 idolo-

296 3762 411 3798 rum
434 3744 785 3807 servitus,non
809 3739 957 3792 habet
979 3737 1335 3792 hwreditatem
1358 3738 1413 3792 in
1439 3754 1593 3808 regno
1617 3736 1870 3793 Christiet

296 3835 414 3888 Dei:
436 3842 644 3904 prapter
662 3832 773 3885 Ita'c
800 3830 936 3884 enim
960 3830 1088 3883 venit
1114 3830 1193 3883 ira
1218 3829 1313 3883 Dei
1333 3830 1384 3882 in
1404 3828 1544 3897 ﬁlios
1556 3830 1873 3885 dissidentia:

296 3924 474 3998 (Vulg.
497 3920 838 3994 diffidentia].
865 3920 1061 3975 Contra
1078 3923 1179 3975 hoc
1197 3920 1388 3975 vitium
1412 3920 1657 3975 Salvator
1684 3923 1877 3976 huma-

300 4016 383 4069 nis
415 4014 682 4068 utentibus
698 4012 953 4067 medicari
975 4011 1179 4077 volens,
1204 4011 1258 4065 in
1290 4012 1580 4082 Evangelia
1595 4013 1768 4077 docet,
1788 4013 1873 4067 di-

298 4121 429 4160 cens
449 4124 461 4158 ε
482 4103 741 4158 Attendite
756 4120 818 4157 ne
835 4102 1096 4172 justitiam
1110 4113 1332 4156 vestram
1359 4102 1568 4171 faciatis
1589 4119 1763 4157 coram
1782 4104 1875 4158 ho-

295 4197 540 4259 minibus,
558 4203 611 4247 ut
625 4193 902 4246 videamini
925 4191 988 4245 ab
1005 4193 1078 4245 eis
1091 4204 1108 4243 :
1127 4192 1356 4262 alioquin
1370 4192 1652 4247 mercedem
1665 4209 1768 4246 non
1780 4195 1875 4247 ha-

297 4286 476 4340 bebitis
498 4285 637 4354 apud
653 4282 866 4336 Patrem
882 4291 1102 4337 vestrum
1121 4284 1209 4354 qui
1224 4284 1276 4336 in
1293 4283 1430 4337 cmlis
1451 4292 1524 4337 est
1542 4283 1756 4354 (Matth.
1773 4290 1871 4355 vt).

296 4378 363 4431 Et
384 4376 602 4440 iterum,
649 4371 849 4439 Videte,
886 4373 1078 4443 inquit,
1109 4384 1157 4427 et
1179 4383 1350 4427 cavete
1372 4374 1435 4427 ab
1458 4377 1599 4429 omni
1628 4377 1868 4441 avaritia,

1964 568 2103 621 misit
2152 563 2594 635 Hierosolymam,
2628 563 2808 632 offerri
2841 579 2935 632 pro
2968 565 3195 633 peccatis
3220 575 3553 618 mortuorum

1964 657 2304 727 sacriﬁcium,
2325 664 2430 710 etc.
2454 653 2610 720 Quod
2637 668 2767 707 vero
2790 661 2912 722 post
2932 653 3135 706 exitum
3161 653 3285 708 vita:
3312 669 3555 723 prasen-

1967 754 2037 809 tis
2082 766 2182 822 pro
2222 749 2721 819 ﬁdeliumpeceatis
2740 752 3074 802 exorandum
3100 748 3191 813 sit,
3226 756 3282 802 et
3306 746 3545 802 elcemo-

1966 857 2218 914 synarum
2267 856 2404 911 opus
2455 840 2746 912 agendum,
2775 850 3038 907 quatenus
3068 838 3125 891 ht
3178 851 3278 907 pro
3325 853 3557 907 quorum

1966 938 2207 995 remedio
2237 952 2327 993 res
2348 937 2528 1006 agitur
2555 951 2586 989 a
2630 934 2869 1003 peccatis
2901 932 3198 996 solvantur,
3227 940 3287 986 et
3319 946 3558 1000 praesens

1967 1030 2118 1087 locus
2135 1029 2392 1091 ostendit,
2421 1036 2478 1083 et
2505 1027 2560 1081 in
2586 1024 2881 1095 Evangelia
2898 1024 3186 1087 Dominus,
3209 1023 3305 1078 ubi
3331 1023 3400 1079 de
3425 1021 3557 1092 Spi-

1968 1122 2107 1176 ritus
2131 1118 2307 1176 sancti
2332 1116 2693 1187 blasphemia.
2710 1112 3087 1183 irremissibils
3108 1120 3401 1181 penatum
3426 1109 3563 1165 illud

1966 1215 2280 1280 ostendens,
2308 1214 2418 1268 ait:
2460 1212 2567 1277 Qui
2596 1210 2789 1265 dixerit
2812 1208 3026 1264 uerbum
3065 1216 3251 1262 eam
3289 1204 3557 1275 Spiritus

1965 1317 2227 1372 sanctum,
2250 1322 2354 1360 non
2378 1303 2669 1358 remittetur
2691 1302 2758 1365 ei,
2793 1316 2955 1369 neque
2977 1299 3034 1353 in
3055 1298 3153 1353 hoc
3209 1296 3437 1363 stt-culo,
3468 1313 3561 1352 asc-

1964 1414 2064 1470 que
2087 1398 2142 1451 in
2177 1396 2356 1465 futuro
2382 1392 2597 1463 (Matth.
2624 1390 2742 1463 xu).
2775 1390 2911 1446 Cum
2959 1389 3103 1444 enim
3146 1386 3351 1443 dixerit
3390 1402 3559 1440 unum

1966 1489 2097 1544 illud
2146 1485 2516 1543 irremissibile
2559 1491 2861 1554 peccatum,
2890 1481 3127 1537 ostendit
3177 1481 3284 1536 alia
3346 1491 3455 1535 tam
3501 1481 3557 1535 in

1966 1579 2215 1650 praesenti
2237 1592 2397 1646 quam
2419 1585 2475 1631 et
2500 1577 2555 1629 iu
2582 1574 2760 1629 futura
2790 1576 2902 1628 vita
2936 1588 3097 1644 posse
3142 1573 3367 1628 remitti.
3404 1574 3557 1640 Qua-

1966 1668 2093 1721 liter
2147 1674 2326 1720 autem
2372 1679 2470 1733 pro
2524 1661 2900 1719 defunctorum
2929 1662 3101 1718 salute
3142 1663 3408 1733 agendum
3460 1663 3557 1727 sit,

1971 1757 2263 1812 ostendunt
2284 1755 2458 1810 sancti
2485 1753 2677 1809 Patres
2697 1754 2751 1808 in
2781 1753 2999 1823 scriptis
3016 1754 3146 1808 suis.
3175 1751 3330 1808 Unde
3350 1752 3558 1821 placuit

1972 1862 2134 1901 unum
2157 1846 2225 1900 de
2250 1849 2525 1915 opusculis
2545 1844 2717 1900 sancti
2746 1843 3031 1913 Augustini
3061 1844 3187 1897 huic
3217 1843 3369 1912 operi
3413 1845 3559 1899 inse—

1971 1930 2219 1998 rendum,
2250 1932 2441 1987 lectori
2489 1932 2809 1987 mandantes
2839 1932 2925 1986 bis
2970 1932 3165 1987 similia
3212 1933 3268 1986 in
3322 1932 3558 1986 aliorum

1970 2022 2195 2076 Patrum
2238 2021 2382 2076 dicta
2417 2020 2771 2090 requirenda;
2824 2019 2995 2076 refert
3028 2021 3175 2076 enim
3224 2031 3561 2076 memoratus

1970 2114 2200 2170 Paterin
2220 2129 2382 2185 opere
2412 2114 2555 2183 quod
2579 2115 2648 2169 ad
2693 2113 3044 2168 Laurentium
3079 2114 3144 2169 de
3167 2114 3319 2179 Fide,
3345 2114 3454 2182 Spe
3502 2123 3563 2168 ct

1971 2204 2248 2260 Charitate
2307 2204 2651 2274 conscripsit,
2700 2204 2775 2258 ita
2819 2204 3034 2259 dicens:
3085 2203 3317 2275 Tempus
3366 2213 3561 2258 autem

1972 2297 2115 2367 quod
2140 2296 2283 2351 inter
2305 2294 2539 2350 hominis
2565 2305 2795 2350 mortem
2825 2305 2881 2350 et
2903 2295 3148 2348 ultimam
3195 2295 3560 2349 resurrectio-

1972 2405 2095 2445 nem
2145 2387 2521 2457 iuterpositum
2557 2396 2662 2451 est,
2697 2388 2904 2442 animas
2952 2387 3150 2441 abditis
3198 2387 3561 2456 receptaculis

1973 2476 2237 2541 continet,
2264 2476 2404 2531 sicut
2433 2489 2769 2543 unaquazque
2795 2475 2958 2546 digna
2982 2482 3068 2529 est
3101 2475 3186 2529 vel
3231 2476 3419 2544 requie
3470 2473 3560 2528 vel

1971 2585 2233 2636 aerumna,
2255 2583 2354 2640 pro
2381 2584 2447 2624 eo
2473 2569 2615 2639 qubd
2640 2568 2832 2624 sortita
2853 2578 2937 2623 est
2961 2568 3015 2622 in
3041 2582 3208 2623 carne
3235 2582 3359 2624 cum
3409 2568 3559 2623 vive-

1980 2674 2083 2716 ret.
2115 2661 2301 2730 Neque
2322 2659 2625 2731 negandum
2663 2668 2748 2714 est
2773 2658 3146 2713 defunctorum
3176 2658 3392 2712 animas
3437 2658 3561 2728 pic-

1974 2764 2085 2809 tate
2114 2769 2332 2810 suorum
2367 2752 2614 2816 relevari,
2638 2766 2759 2806 cum
2786 2766 2884 2821 pro
2927 2749 3033 2804 illis
3074 2749 3405 2804 sacriﬁcium
3450 2748 3565 2804 Me-

1973 2845 2198 2902 diatoris
2222 2843 2470 2908 offertur,
2503 2841 2589 2897 vel
2615 2840 2970 2911 eleemosynze
3015 2841 3069 2894 in
3109 2839 3350 2894 Ecclesia
3388 2839 3560 2892 ﬁunt:

1973 2937 2066 2993 sed
2086 2947 2311 3006 prosunt
2328 2934 2407 2989 eis
2433 2933 2546 3003 qui,
2574 2947 2697 2987 eum
2718 2931 2982 2997 viverent,
3013 2932 3126 2985 lucc
3157 2939 3217 2983 ut
3244 2930 3346 2984 sibi
3371 2939 3567 2999 postea

1973 3027 2179 3097 possint
2207 3025 2464 3095 prodesse
2488 3031 2830 3078 meruerunt:
2854 3030 2939 3078 est
2963 3021 3109 3075 enim
3134 3021 3357 3090 quidam
3382 3020 3567 3075 viven-

1922 3161 1941 3185 ,
1976 3118 2029 3172 di
2083 3116 2296 3179 modus,
2342 3129 2443 3170 nec
2489 3122 2595 3168 tam
2626 3114 2818 3178 bonus,
2864 3121 2924 3165 ut
2974 3127 3080 3166 non
3139 3111 3382 3180 requirat
3456 3112 3565 3165 ista

1974 3217 2097 3279 post
2134 3216 2396 3272 mortem;
2426 3220 2527 3261 nec
2557 3196 2666 3259 tam
2692 3204 2884 3267 malus,
2916 3212 2975 3257 ut
3006 3219 3112 3257 non
3141 3204 3191 3257 ei
3219 3204 3430 3272 prosint
3455 3204 3565 3257 ista

1972 3307 2354 3370 postmortem.
2383 3297 2472 3351 Est
2486 3311 2613 3350 vero
2627 3295 2747 3349 talis
2775 3294 2827 3348 in
2847 3294 3006 3359 bono,
3026 3301 3083 3347 ut
3106 3293 3222 3347 lucc
3250 3308 3357 3348 non
3389 3294 3567 3362 requi-

1973 3397 2072 3452 rat,
2090 3396 2249 3443 etest
2274 3385 2394 3440 talis
2414 3401 2601 3441 rursus
2622 3384 2675 3438 in
2704 3384 2879 3448 malis,
2905 3391 3083 3438 utnec
3105 3383 3190 3437 his
3214 3382 3417 3447 valeat,
3436 3398 3563 3437 cum

1972 3480 2082 3535 vita
2112 3480 2408 3545 transierit,
2451 3476 2714 3547 adjuvari.
2749 3476 3011 3544 Quocirca
3052 3478 3141 3532 hic
3183 3493 3345 3532 omne
3396 3478 3565 3533 meri-

1972 3580 2086 3628 tum
2115 3581 2481 3642 comparatur,
2512 3587 2619 3641 quo
2650 3572 2821 3642 possit
2852 3579 2973 3642 post
2999 3572 3138 3625 hanc
3162 3570 3330 3624 vitam
3351 3569 3565 3625 releva-

1972 3664 2018 3718 ri
2043 3663 2310 3733 quispiam
2337 3661 2422 3718 vel
2444 3663 2675 3732 gravari.
2704 3662 2876 3717 Nemo
2904 3670 3086 3716 autem
3130 3670 3283 3730 putet
3317 3676 3377 3716 se
3414 3663 3563 3732 quod

1973 3753 2062 3808 hic
2121 3752 2438 3823 neglexerit,
2466 3766 2589 3807 cum
2638 3751 2907 3813 obierit.a
2956 3751 3186 3805 Domino
3232 3752 3560 3820 promereri.

1974 3843 2089 3898 Non
2119 3845 2284 3914 igitur
2327 3844 2429 3898 ista
2478 3858 2597 3913 qua:
2644 3857 2742 3912 pro
2795 3843 3061 3897 defunctis
3103 3841 3560 3897 commendandis

1972 3932 2282 4003 frequentat
2305 3933 2545 3987 Ecclesia
2578 3932 2653 3987 illi
2680 3932 2987 4002 apostolicae
3012 3939 3137 3985 sunt
3158 3931 3387 3986 adversa
3433 3947 3566 3986 seu—

1977 4023 2159 4078 tentia:
2222 4038 2326 4091 qua
2393 4023 2593 4077 dictant
2648 4033 2759 4076 est:
2794 4021 2987 4076 Omnes
3052 4023 3191 4077 enim
3256 4022 3561 4076 astabimns

1973 4125 2095 4169 ante
2180 4112 2413 4168 tribunal
2472 4112 2716 4180 Christi,
2781 4126 2837 4168 ut
2913 4114 3107 4183 referat
3201 4112 3567 4183 unusquisque

1973 4204 2254 4260 secundum
2288 4221 2349 4258 ea
2392 4221 2509 4275 qua:
2529 4222 2621 4275 per
2658 4222 2842 4275 corpus
2881 4205 3056 4275 gessit,
3085 4205 3190 4259 sive
3229 4204 3420 4258 bonum
3451 4207 3564 4258 sire

1974 4294 2172 4348 malum
2199 4293 2374 4365 (Rom.
2391 4293 2526 4366 xlv),
2553 4295 2677 4363 quia
2702 4303 2755 4349 et
2778 4296 2881 4350 ltoc
2902 4295 3151 4348 meritum
3180 4295 3282 4349 sibi
3299 4293 3559 4363 quisque,

1976 4400 2099 4439 cum
2128 4385 2181 4438 in
2213 4400 2441 4454 corpore
2478 4385 2708 4451 viveret,
2740 4386 3094 4457 comparavit,
3119 4396 3177 4440 ut
3199 4387 3247 4440 ei
3280 4386 3380 4440 ista
3429 4401 3563 4454 poso

293 4470 416 4537 quia
447 4482 550 4520 non
578 4467 631 4519 in
657 4465 979 4520 abundantia
1004 4464 1315 4535 cujusquam
1362 4465 1466 4519 vita
1507 4476 1580 4519 est
1629 4466 1710 4520 Itis
1756 4483 1871 4537 qua:

1976 4477 2082 4531 sint
2109 4477 2384 4545 prodesse.
2414 4475 2527 4531 Non
2556 4478 2697 4531 enim
2725 4480 2973 4532 omnibus
2997 4486 3253 4547 prosunt;
3290 4486 3346 4532 et
3379 4492 3563 4545 quare

293 4555 520 4627 possidet
546 4552 697 4625 (Luc.
728 4552 851 4625 xu).

368 4646 625 4717 Mysticus
644 4643 808 4699 Iudas
821 4642 1080 4699 militibus
1103 4644 1216 4700 suis
1236 4655 1453 4715 propter
1473 4647 1871 4703 simulationem

297 4753 482 4791 casum
533 4736 749 4790 evenire
805 4734 1170 4800 considerans,
1203 4749 1309 4788 non
1351 4736 1548 4790 deserit
1598 4752 1691 4792 eos
1717 4778 1732 4802 ,
1777 4739 1871 4792 sed

296 4838 518 4899 paterna
543 4829 744 4897 pietate
788 4825 1042 4891 consulit,
1073 4834 1183 4880 tam
1234 4826 1486 4895 precibus
1510 4842 1609 4897 pro
1634 4827 1871 4896 peccatis

297 4934 483 4973 eorum
513 4916 937 4983 interveniendo,
966 4932 1126 4986 quam
1155 4924 1209 4971 et
1262 4918 1426 4972 verbo
1471 4918 1870 4987 prtedicationis

299 5017 461 5076 atque
508 5008 899 5063 exhortationis
955 5022 1197 5062 errorem
1250 5007 1461 5062 illorum
1527 5008 1864 5079 corrigendo,

266 5108 563 5181 ‘quatenus
605 5099 820 5169 pictatis
866 5097 1031 5152 cultui
1094 5099 1288 5153 iterum
1337 5098 1608 5165 restituti,
1660 5100 1868 5154 cautius

298 5192 552 5262 deinceps
579 5203 638 5246 se
659 5189 968 5253 observent,
1000 5204 1066 5243 ne
1087 5188 1246 5243 simili
1276 5189 1429 5243 ruina
1452 5189 1648 5242 iterum
1673 5189 1729 5244 in
1775 5189 1866 5244 de-

300 5284 466 5339 terius
505 5282 720 5344 cadant,
743 5279 897 5350 juxta
945 5278 1072 5334 illud
1117 5280 1482 5349 evangelicum
1508 5298 1523 5334 :
1550 5279 1684 5334 Ecce
1705 5296 1865 5335 sanus

300 5373 467 5441 foetus
509 5388 582 5438 es,
619 5369 727 5425 noli
749 5368 889 5422 ultra
908 5384 1140 5439 peccare,
1173 5385 1236 5423 ne
1260 5368 1486 5423 deterius
1532 5369 1623 5423 tibi
1665 5368 1864 5441 aliquid

231 5530 235 5534 ι
297 5468 559 5535 contingat
584 5464 767 5537 (Joan.
790 5460 864 5533 v).

370 5557 433 5611 At
484 5571 600 5612 vero
650 5555 965 5626 fortissimus
1015 5550 1187 5606 Iudas
1257 5552 1565 5606 hortabatur
1617 5552 1864 5620 populum

299 5666 605 5707 conservare
649 5665 704 5703 se
741 5650 852 5703 sine
879 5657 1108 5718 peccato,
1153 5652 1247 5701 sub
1275 5647 1439 5701 oculis
1478 5645 1704 5700 videntes
1749 5664 1866 5717 quw

303 5742 443 5806 facta
462 5752 580 5796 sunt
599 5755 694 5812 pro
730 5740 953 5809 peccatis
974 5756 1151 5793 eorum
1183 5738 1271 5809 qui
1319 5738 1567 5808 prostrati
1618 5748 1757 5791 sunt.
1802 5737 1865 5793 Et

1976 4583 2079 4621 non
2114 4568 2366 4622 Omnibus
2392 4577 2638 4636 prosunt,
2657 4568 2757 4624 nisi
2779 4577 2995 4637 propter
3016 4578 3207 4622 merita
3238 4568 3360 4621 vita:
3387 4584 3559 4637 quam

1973 4658 2201 4727 quisque
2220 4658 2455 4728 gessitin
2483 4658 2744 4727 corpore?
2770 4657 2903 4712 Cum
2950 4673 3077 4728 ergo
3120 4657 3388 4713 sacriﬁcia
3436 4659 3560 4712 sive

1975 4747 2178 4811 altaris,
2205 4748 2316 4801 sive
2348 4762 2791 4816 quarumcunque
2820 4746 3303 4817 eleemosynarum,
3327 4762 3430 4816 pro
3459 4748 3562 4801 ba~

1972 4835 2189 4907 ptizatis
2223 4834 2490 4890 defunctis
2516 4834 2832 4899 oﬁ‘eruntur,
2866 4850 2961 4905 pro
2981 4836 3137 4889 valde
3166 4836 3318 4889 bonis
3341 4836 3562 4905 gratia-

1976 4941 2092 4979 rum
2120 4926 2359 4980 aetioues
2381 4935 2504 4979 sunt
2521 4943 2534 4991 ;
2551 4941 2650 4995 pro
2670 4942 2775 4980 non
2794 4927 2947 4981 valde
2963 4928 3119 4981 malis
3134 4927 3561 4996 propinationes

1974 5027 2125 5081 sunt;
2150 5033 2247 5087 pro
2268 5017 2422 5071 valde
2449 5017 2622 5083 malis,
2644 5019 2856 5072 etiamsi
2903 5018 3050 5072 nulla
3072 5029 3198 5071 sunt
3237 5017 3559 5085 adjumouta

1972 5119 2323 5173 mortuorum,
2357 5110 2756 5181 qualescunque
2785 5112 3026 5166 vivorum
3073 5122 3197 5166 sunt
3226 5113 3561 5165 consolatio-

1973 5217 2087 5257 nes.
2127 5200 2331 5267 Quibus
2354 5208 2532 5253 autem
2573 5211 2836 5269 prosunt,
2879 5209 2969 5256 aut
2997 5201 3186 5256 adhoc
3215 5211 3467 5271 prosunt,
3494 5214 3561 5258 ut

1972 5293 2128 5363 plena
2176 5292 2267 5346 ﬁat
2329 5291 2590 5356 remissio,
2625 5301 2717 5345 aut
2768 5301 2828 5347 ut
2880 5291 3211 5347 tolerabilior
3263 5290 3355 5347 ﬁat
3395 5292 3558 5347 dmu-

1972 5385 2139 5439 natio.
