3928 6168
282 316 458 374 ’1255

909 406 1134 466 CAPUT
1169 404 1303 459 Xlll.

318 504 477 563 Venit
506 503 795 558 Antiochus
821 509 1002 554 contra
1042 496 1311 550 Judatam.
1363 487 1790 563 0rcidrt_Judas
1834 487 1899 563 in

383 556 842 631 castristntioclti
868 577 1115 638 quatuor_
1148 563 1341 638 millia,
1369 572 1419 638 et
1458 560 1748 613 maximum
1796 556 1900 609 ele-

381 647 720 718 phantorum,
752 648 799 694 et
839 633 1030 707 accipit
1082 633 1483 696 Ptolemaidem,
1510 639 1616 685 etc.

372 752 493 810 Sed
515 767 608 807 rex
640 757 811 804 mente
873 747 1157 816 eﬂ'renatus
1202 742 1435 798 veniebat
1496 739 1792 809 nequiorem
1846 753 1901 790 se

308 852 458 915 patre
482 857 579 896 suo
603 837 811 894 Juda'is
850 845 1173 890 ostensurus.
1200 831 1402 899 Quibus
1451 829 1623 885 Iudas
1655 827 1897 899 cognitis,

309 931 555 1002 prwcepit
576 928 787 1000 populo,
813 936 870 980 ut
895 925 980 980 die
1007 941 1070 978 ac
1109 933 1255 978 nocte
1304 923 1564 976 invocaret
1595 919 1897 983 Dominum,

308 1022 451 1093 quod
474 1022 606 1076 sicut
628 1034 827 1089 semper
866 1028 917 1072 et
971 1032 1108 1070 nunc
1158 1014 1434 1084 adjuvaret
1469 1030 1575 1077 eos,
1600 1012 1788 1084 quippe
1810 1008 1900 1081 qui

310 1116 443 1184 lege,
470 1123 518 1166 et
548 1113 746 1182 patria,
780 1119 1062 1180 sanctoque
1084 1106 1271 1177 templo
1313 1107 1514 1177 privari
1558 1115 1898 1169 vererentur;

311 1219 374 1257 ac
403 1200 675 1272 populum,
700 1201 789 1272 qui
816 1216 978 1271 nuper
1000 1197 1275 1269 paululum
1302 1197 1626 1265 respirasset,
1654 1211 1718 1249 ne
1755 1197 1897 1249 sine-

312 1303 388 1348 ret
404 1270 750 1361 blasphemiis
787 1270 975 1345 rursus
999 1288 1295 1345 nationibus
1323 1287 1495 1349 subdi,
1523 1300 1628 1345 etc.
1661 1270 1903 1340 Historia

309 1400 434 1454 qua:
452 1384 650 1440 bellum
676 1382 928 1438 Antiochi
957 1381 1262 1453 Eupatoris,
1303 1388 1358 1436 et
1389 1379 1562 1451 Lysia:
1590 1387 1902 1448 procurato—

315 1476 394 1530 ris
417 1474 537 1545 ejus
564 1483 755 1530 contra
782 1472 1015 1539 Judaaos,
1044 1479 1247 1535 narrat,
1272 1471 1326 1525 in
1346 1470 1519 1541 priori
1560 1469 1697 1524 libro
1748 1484 1897 1525 eom-

308 1573 611 1639 memorata
635 1564 797 1641 simul
817 1574 872 1618 et
890 1563 1045 1633 juxta
1088 1556 1401 1634 allegoriam
1455 1560 1722 1631 explicata
1780 1569 1894 1616 est:

310 1657 408 1712 sed
438 1657 567 1711 illud
586 1664 986 1727 consequenter
1009 1663 1266 1710 narratur
1287 1655 1429 1725 quod
1452 1655 1505 1708 in
1531 1656 1726 1710 castris
1752 1655 1895 1726 regis

1035 245 1386 354 COMMENT.
1424 291 1490 346 ΙΝ
1530 283 1783 344 LIBROS
1826 282 1900 338 Ml.

2003 280 2405 339 lABzEORUM.
2437 312 2506 321 --
2532 280 2599 335 1N
2641 279 2767 334 LIB.
2811 275 2874 332 ll.

3441 283 3581 341 ’ίὲῖἕι

1924 399 1976 456 Α
2002 394 2280 465 gentilium
2310 394 2681 449 observarent.
2714 389 3018 447 Demetrius
3048 395 3254 454 autem,
3280 384 3462 442 audita
3511 401 3587 439 re-

2003 484 2203 539 latione
2228 484 2421 538 Alcimi
2457 493 2511 540 et
2537 495 2854 538 exnterorum
2901 480 2994 551 qui
3036 478 3242 534 inimici
3294 485 3451 532 erant
3489 476 3585 530 Ju-

2002 576 2103 642 dze,
2131 584 2186 631 et
2230 576 2283 630 in
2321 576 2666 630 accusatione
2728 574 2996 635 favebant,
3026 570 3208 625 statim
3262 566 3585 622 Nicanorem

1999 665 2346 736 prtepositum
2368 672 2424 719 et
2442 665 2854 734 elephantorum
2873 662 3063 716 ducem
3088 657 3235 713 misit
3256 657 3310 711 in
3322 655 3585 720 Iudaeam,

2001 758 2140 813 datis
2169 757 2435 812 mandatis
2482 766 2540 810 ut
2592 757 2762 827 ipsum
2804 754 3012 826 quidem
3060 752 3262 807 Iudam
3288 759 3511 822 caperet,
3538 760 3583 803 et

2003 865 2089 903 eos
2109 849 2200 920 qui
2227 865 2344 902 cum
2372 847 2464 901 illo
2490 857 2639 902 erant
2688 847 3020 915 dispergeret,
3048 853 3096 897 et
3147 854 3204 896 ut
3253 842 3586 896 constitueret

2001 936 2261 993 Alcimum
2288 937 2505 991 maximi
2527 935 2702 1006 templi
2730 950 2990 988 summum
3011 932 3351 986 sacerdotem.
3379 930 3480 997 Qui
3531 930 3584 982 in

2000 1027 2236 1083 Judzeam
2302 1035 2542 1092 veniens,
2594 1026 2830 1095 primum
2883 1023 3034 1093 pacis
3090 1037 3148 1077 se
3201 1021 3356 1075 ﬁnxit
3409 1021 3585 1076 lustius

2001 1134 2124 1173 cum
2146 1117 2343 1173 Judaris
2372 1119 2571 1172 habere
2594 1116 2759 1177 velle;
2779 1122 2964 1184 postea
2990 1112 3331 1166 manifestata
3355 1110 3588 1164 mimici-

2002 1209 2076 1263 tia
2108 1205 2517 1263 monstravit/se
2544 1221 2662 1261 esse
2690 1205 2962 1259 hominem
2988 1201 3378 1271 nequissimum
3414 1201 3587 1269 magis

2001 1315 2163 1370 quant
2186 1299 2397 1353 ﬁdelem
2419 1298 2669 1352 amicum.
2699 1294 2806 1349 Sed
2831 1293 3012 1350 divina
3034 1291 3236 1344 virtute
3256 1295 3582 1358 prostratus,

1998 1388 2344 1459 blasphemia:
2373 1396 2563 1443 contra
2596 1388 2763 1441 Deum
2795 1384 3017 1455 prolata:
3041 1391 3096 1437 et
3128 1381 3441 1453 pertinacia:
3473 1395 3585 1433 sua:

1998 1496 2189 1553 pinnas
2209 1482 2336 1547 luit;
2368 1497 2487 1552 quae
2516 1480 2694 1535 omnia
2723 1479 2776 1533 in
2798 1478 2997 1563 prioris
3018 1476 3137 1532 libri
3166 1475 3391 1530 historia
3416 1473 3585 1527 conti-

1998 1573 2384 1640 nentur;licet
2403 1572 2580 1641 aliqua
2627 1586 2747 1641 qua:
2777 1570 2849 1624 ibi
2904 1576 3126 1639 propter
3178 1565 3579 1621 festinationem

1997 1664 2271 1719 narrantis
2307 1663 2508 1718 omissa
2537 1656 2684 1727 sunt,
2719 1661 2802 1714 in’
2828 1657 2987 1728 hujus
3021 1656 3334 1712 narratione
3378 1655 3583 1710 inserta

311 1746 595 1803 interfecta
616 1757 775 1802 nocte
812 1746 1041 1801 fuissent
1068 1762 1165 1817 per
1191 1745 1403 1802 Judazos
1437 1755 1671 1816 quatuor
1696 1748 1885 1812 millia,
1917 1765 1962 1823 Β
1991 1755 2357 1825 reperiantur:
2385 1753 2655 1821 allegoria:
2680 1760 2862 1805 autem
2912 1763 3103 1804 sensus
3143 1746 3298 1815 juxta
3363 1746 3582 1801 modum

258 1842 267 1847 ‘
310 1847 369 1892 et
407 1838 678 1892 maximus
728 1837 1138 1907 elephantorum
1182 1853 1304 1893 eum
1348 1839 1435 1893 bis
1482 1840 1574 1907 qui
1635 1840 1895 1908 suppositi

311 1935 491 1992 erant,
524 1927 578 1981 in
615 1928 796 1998 priore
838 1927 1148 1982 narratione
1184 1926 1522 1981 manifestius
1554 1927 1893 1998 exprimitur,

311 2017 404 2070 ubi
442 2014 673 2071 refertur
720 2016 862 2085 quod
899 2016 1190 2070 Eleazarus
1240 2015 1382 2070 ﬁlius
1438 2014 1893 2083 Saura,.luda:us,

311 2107 505 2162 videns
533 2121 695 2162 unam
723 2105 791 2160 de
816 2104 1003 2160 bestiis
1052 2104 1331 2160 loricatam
1378 2104 1564 2160 loricis
1595 2108 1739 2177 regis
1764 2107 1897 2162 emi-

314 2205 530 2252 nentem
560 2209 723 2265 super
747 2203 973 2250 caeteras
993 2195 1212 2261 bestias,
1241 2210 1363 2250 cum
1390 2197 1726 2253 existimaret
1752 2202 1897 2269 quod

313 2288 367 2340 in
396 2300 459 2341 ea
488 2295 630 2341 esset
651 2300 768 2350 rex,
793 2285 1101 2354 irrumpens
1127 2286 1182 2339 in
1206 2286 1467 2357 legionem
1497 2287 1686 2345 subtus
1731 2292 1897 2360 pedes

310 2375 616 2447 elephantis
665 2375 970 2430 cucurrerit
1010 2389 1241 2446 eumque
1292 2377 1772 2451 interfecerit;qui
1800 2398 1894 2439 ea-

313 2469 449 2521 dens
496 2480 659 2536 super
702 2465 877 2535 ipsum
924 2465 1162 2535 pondere
1204 2480 1303 2521 suo
1348 2481 1471 2522 eum
1509 2471 1896 2540 oppressit,et

314 2563 560 2610 mortuus
586 2566 697 2610 est:
726 2552 881 2623 cujus
905 2554 1231 2626 signiﬁcatio
1256 2557 1513 2627 spiritalis
1536 2559 1617 2616 ibi
1643 2560 1898 2631 explana-

315 2655 367 2700 ta
388 2654 494 2713 est,
524 2661 649 2701 cum
672 2645 931 2718 iactantia
961 2648 1316 2716 superborum
1343 2648 1566 2719 proprio
1593 2650 1715 2706 nisu
1768 2667 1896 2707 con-

220 2728 228 2737 ’
314 2736 442 2791 trita
493 2743 849 2801 monstratur,
894 2734 1107 2790 dicente
1153 2735 1462 2807 Scriptura:
1513 2739 1697 2795 Omnis
1747 2757 1895 2796 arro-

312 2845 444 2898 gans
478 2828 796 2882 abominatio
822 2836 897 2883 est
925 2828 1066 2899 apud
1088 2827 1257 2882 Deum
1279 2829 1462 2900 (Prov.
1492 2833 1628 2902 va);
1658 2842 1712 2888 et
1730 2834 1890 2889 item:

315 2921 448 2975 Ante
479 2920 685 2974 ruinam
713 2918 976 2975 exaltatur
999 2936 1089 2974 cor
1107 2930 1154 2974 et
1177 2931 1297 2975 ante
1315 2921 1539 2993 gloriam
1583 2926 1896 2981 humiliatur

314 3013 528 3085 (Ibid.);
553 3023 609 3070 et
636 3013 784 3070 alibi:
816 3014 956 3069 Deus
977 3015 1209 3084 superbis
1229 3016 1440 3076 resistit,
1472 3018 1760 3074 humilibus
1797 3037 1893 3087 au—_

1997 1846 2252 1918 ingenioli
2282 1844 2389 1899 mei
2420 1845 2485 1898 de
2499 1844 2601 1897 hac
2625 1843 2814 1896 eadem
2846 1855 2904 1894 re
2930 1840 3004 1892 ibi
3029 1837 3308 1907 expositus
3337 1838 3442 1901 est,
3477 1850 3581 1891 nec

1997 1940 2195 1994 iterare
2215 1950 2393 2007 opera:
2422 1933 2655 2003 pretium
2677 1946 2799 1986 esse
2827 1930 3057 1984 videtur.
3090 1919 3105 1937 ⁵

2069 2029 2265 2082 Razias
2288 2036 2461 2080 autem
2480 2023 2696 2094 quidam
2725 2021 2790 2074 de
2816 2019 3110 2074 senioribus
3138 2018 3203 2072 ab
3238 2015 3581 2086 Jerosolymis

1996 2117 2200 2174 delatus
2238 2124 2316 2170 est
2367 2113 2649 2178 Nicanori,
2683 2111 2763 2165 vir
2788 2119 2998 2164 amator
3047 2107 3292 2170 civitatis,
3327 2113 3433 2160 etc.
3457 2105 3583 2159 llaec

1996 2210 2214 2280 quidam
2239 2207 2481 2277 legentes
2536 2213 2590 2257 et
2638 2201 2973 2256 invenientes
3012 2199 3085 2253 ibi
3124 2196 3385 2267 scriptum
3437 2196 3583 2264 quod

1996 2299 2214 2364 Razias,
2245 2295 2462 2367 propria
2494 2308 2653 2347 manu
2682 2290 2787 2345 sibi
2831 2288 3072 2344 inferens
3099 2295 3355 2351 mortem,
3383 2283 3582 2354 elegis-

1998 2400 2081 2445 set
2117 2386 2360 2442 nobiliter
2387 2383 2519 2438 mori
2541 2381 2713 2452 potius
2733 2395 2890 2451 quant
2911 2377 3150 2433 subditus
3187 2392 3297 2430 esse
3343 2384 3583 2446 peccato-

1996 2480 2164 2543 ribus,
2195 2488 2241 2531 et
2271 2485 2451 2530 contra
2476 2471 2678 2527 natales
2729 2487 2853 2524 suos
2906 2468 3136 2538 indignis
3192 2465 3405 2535 injuriis
3458 2464 3582 2534 agi:

1997 2583 2065 2622 ne
2109 2567 2251 2622 forte
2320 2562 2663 2635 simplicioris
2736 2559 2901 2615 animi
2948 2558 3192 2623 credant,
3234 2571 3356 2611 cum
3402 2570 3585 2611 neces-

1997 2660 2131 2716 sitas
2159 2656 2378 2722 urserit,
2417 2655 2594 2725 potius
2624 2651 2725 2706 sibi
2754 2650 2971 2722 proprio
3016 2657 3139 2704 actu
3188 2646 3371 2717 aliquo
3424 2646 3587 2701 modo

1996 2752 2334 2809 inferendam
2390 2763 2511 2803 esse
2576 2753 2805 2799 mortem
2856 2757 3020 2813 quam
3087 2739 3434 2795 incidendum
3504 2737 3583 2791 vi-

1997 2859 2124 2898 vum
2156 2841 2209 2895 in
2241 2854 2434 2894 manus
2455 2844 2822 2907 peccatorum,
2846 2832 2977 2887 utile
2999 2830 3115 2887 fore
3141 2830 3436 2886 arbitratus
3462 2843 3585 2884 sum

1995 2951 2063 2990 ex
2090 2931 2249 2987 dictis
2276 2927 2570 2983 venerandi
2608 2925 2786 2980 Patris
2813 2922 3100 2995 Augustini
3126 2922 3253 2977 huic
3272 2919 3424 2990 operi
3477 2934 3583 2974 no-

1998 3034 2111 3079 stro
2136 3022 2317 3092 aliqua
2347 3017 2768 3083 inserere,unde
2792 3016 2963 3070 lector
2992 3014 3206 3068 sobrius
3231 3011 3360 3082 quid
3388 3010 3490 3066 sibi
3519 3011 3587 3064 de

315 3115 415 3157 tem
442 3113 533 3158 ttat
561 3105 787 3175 gratiam
810 3103 1016 3176 (Iacob.
1039 3105 1142 3174 tv);
1163 3115 1218 3160 et
1242 3107 1295 3160 in
1328 3106 1616 3179 Evangelio
1650 3109 1910 3173 Dominus
1936 3127 1980 3189 (ς
2015 3116 2211 3170 talibus
2250 3111 2411 3166 rebus
2443 3109 2706 3180 agendum
2730 3107 2804 3162 sit
2832 3105 3185 3176 intelligeret;
3214 3104 3384 3158 refert.
3404 3109 3587 3157 autem

316 3192 483 3259 dixit,
509 3193 613 3258 Qui
647 3210 701 3247 se
735 3193 932 3248 exaltat
954 3194 1340 3263 humiliabitur,
1362 3208 1409 3252 et
1434 3199 1522 3270 qui
1558 3217 1612 3255 se
1651 3202 1894 3260 Itumiliat

313 3283 631 3337 exaltabitur
652 3281 868 3356 (Matth.
900 3287 1080 3358 xxm).

387 3373 517 3430 Post
540 3375 658 3429 haec
684 3383 864 3429 autem
893 3375 1120 3430 historia
1147 3377 1378 3447 explicat
1421 3380 1658 3448 qualiter
1707 3383 1889 3441 Deme

316 3467 476 3529 trius,
505 3465 647 3521 ﬁlius
694 3464 1007 3529 Seleuci,in
1061 3465 1302 3521 Judaeam
1351 3469 1596 3535 veniens,
1620 3479 1675 3525 et
1733 3488 1902 3544 regno
1974 3470 1979 3473 ’

315 3554 519 3623 potitus
544 3569 640 3625 per
666 3554 937 3610 Alcimum
967 3556 1286 3620 incitaretur
1325 3557 1583 3616 adversus
1633 3558 1828 3618 ludam
1847 3572 1903 3620 et

318 3643 498 3698 socios
522 3644 658 3713 ejus,
688 3640 782 3699 ubi
811 3644 885 3698 ita
910 3646 1173 3716 scriptum
1213 3655 1330 3701 est:

903 3775 1130 3831 CAPUT
1170 3776 1309 3832 XIV.

320 3864 615 3918 Demetrius
668 3866 918 3920 incitatur
957 3876 1139 3920 contra
1166 3866 1620 3934 Judteos,mittens
1668 3871 1903 3928 Nicano.

395 3951 500 3986 rem
534 3935 624 4005 qui
645 3952 810 4014 _cum‘
830 3935 1043 4014 Simone
1091 3947 1384 4014 concertat;
1412 3940 1502 3994 sed
1521 3938 1695 4014 udas
1723 3942 1904 4014 e/fugit

390 4004 578 4058 manus
605 4004 743 4075 ejus.
769 4004 843 4060 De
864 4005 1032 4059 Rosia
1061 4016 1111 4061 et
1136 4006 1251 4077 ejus
1274 4011 1589 4063 constantia.

394 4113 624 4169 Alcimus
648 4126 821 4170 autem
841 4117 1072 4188 quidam,
1091 4120 1181 4191 qui
1201 4137 1432 4176 summus
1446 4123 1688 4178 sacerdos
1708 4123 1900 4194 fuerat,

322 4204 415 4260 sed
435 4205 724 4261 voluntarie
752 4210 1116 4281 coinquinatus
1140 4223 1215 4266 est
1240 4214 1556 4283 temporibus
1592 4216 1905 4271 commistio-

323 4300 425 4364 nis,
453 4299 789 4355 considerans
814 4301 959 4356 nullo
983 4303 1136 4357 modo
1181 4303 1278 4359 sibi
1306 4322 1416 4360 esse
1441 4305 1683 4374 salutem,
1743 4325 1906 4379 neque

323 4408 590 4447 accessum
612 4392 681 4447 ad
702 4392 890 4461 altare,
919 4396 1055 4449 venit
1094 4396 1164 4448 ad
1213 4413 1377 4467 regem
1408 4397 1751 4466 Demetrium,
1796 4409 1900 4456 etc.

2000 3213 2333 3261 memoratus
2360 3203 2522 3256 Pater
2550 3202 2604 3255 in
2627 3200 2802 3269 primo
2832 3213 2931 3253 suo
2953 3198 3091 3253 libro
3125 3199 3191 3252 de
3215 3197 3444 3252 Civitate
3469 3194 3585 3261 Dei,

2001 3296 2091 3357 ubi
2120 3302 2301 3349 utrum
2329 3292 2491 3347 alicui
2524 3290 2686 3345 liceat
2733 3290 2970 3359 seipsum
3027 3288 3332 3343 interﬁcere
3371 3287 3589 3357 copioso

2000 3394 2234 3443 tractatu
2273 3384 2567 3454 disputavit
2592 3382 2667 3436 ita
2697 3382 2914 3437 dicens:
2939 3379 3087 3434 Multi
3114 3394 3172 3434 se
3198 3378 3593 3434 interfecerunt

2002 3495 2072 3534 ne
2101 3480 2154 3533 in
2190 3492 2383 3532 manus
2409 3476 2644 3531 hostium
2673 3473 3038 3544 pervenirent.
3063 3471 3181 3525 Non
3212 3471 3373 3528 modo
3393 3471 3593 3540 quaeri-

2001 3586 2124 3626 mus
2154 3580 2339 3625 utrum
2366 3568 2436 3622 sit
2457 3565 2685 3631 factum,
2713 3565 2809 3619 sed
2841 3571 3022 3617 utrum
3048 3559 3214 3614 fuerit
3259 3561 3587 3615 faciendum.

2004 3661 2150 3717 Sana
2181 3660 2378 3732 quippe
2425 3658 2563 3713 ratio
2619 3653 2882 3723 exemplis
2932 3650 3307 3721 anteponenda
3346 3661 3429 3705 est
3502 3649 3591 3703 cui

2004 3754 2219 3825 quidem
2243 3750 2489 3822 exempla
2512 3749 2868 3811 concordant,
2898 3745 2992 3801 sed
3020 3744 3110 3798 illa
3136 3758 3255 3813 qum
3317 3750 3468 3796 tanto
3506 3742 3589 3795 di-

2004 3846 2193 3917 gniora
2232 3852 2358 3897 sunt
2380 3840 2704 3903 imitatione,
2729 3844 2931 3908 quanto
2953 3833 3337 3889 cxcellentiora
3366 3831 3588 3900 pietate.

2005 3936 2120 3991 Non
2146 3936 2391 3991 fecerunt
2417 3930 2760 4004 patriarchae,
2781 3944 2888 3983 non
2914 3925 3212 3999 prophetat,
3241 3938 3349 3978 non
3375 3928 3594 3990 aposto-

2006 4028 2065 4093 li,
2091 4028 2217 4098 quia
2242 4027 2357 4096 ipse
2375 4023 2637 4080 Dominus
2656 4020 2925 4085 Christus,
2949 4016 3167 4087 quando
3188 4029 3302 4080 eos,
3331 4013 3377 4069 si
3407 4028 3593 4082 perse-

2007 4120 2275 4175 cutionem
2312 4122 2640 4187 paterentur,
2695 4112 2880 4183 fugere
2928 4108 3207 4164 admonuit
3256 4107 3323 4161 de
3372 4100 3593 4159 civitate

2007 4198 2076 4267 ὶιῖ
2109 4211 2405 4272 civitatem,
2435 4206 2609 4277 potuit
2637 4204 2926 4258 admonere
2954 4208 3015 4254 ut
3039 4199 3140 4254 sibi
3184 4211 3378 4252 manus
3426 4193 3591 4248 infer-

2006 4310 2148 4366 rent,
2177 4316 2242 4354 ne
2263 4300 2316 4353 in
2343 4310 2533 4352 manus
2557 4293 2995 4367 persequentium
3026 4289 3387 4359 pervenirent.
3420 4284 3590 4339 Porto

2011 4392 2057 4448 si
2080 4392 2183 4446 hoc
2219 4387 2306 4443 ille
2336 4403 2441 4441 non
2468 4385 2633 4455 jussit
2667 4392 2761 4437 aut
2810 4380 3040 4445 monuit,
3094 4386 3153 4432 ut
3179 4392 3243 4433 eo
3292 4375 3453 4430 modo
3506 4375 3588 4429 sui

325 4483 481 4551 Quod
510 4483 707 4540 dicitur
736 4485 847 4556 regi
876 4484 1012 4540 talos
1043 4484 1281 4558 [thallos]
1338 4485 1496 4541 simul
1535 4502 1658 4542 cum
1705 4503 1905 4545 corona
1930 4473 1983 4532 D
2008 4498 2073 4537 ex
2103 4484 2203 4537 hac
2229 4481 2337 4533 vita
2368 4479 2679 4548 migrarent,
2711 4473 2908 4543 quibus
2932 4468 3289 4541 migrantibus
3335 4481 3395 4521 se
3446 4479 3592 4519 man-

325 4590 512 4639 aurea,
533 4584 588 4629 et
615 4575 849 4646 palmam
860 4576 1100 4633 Alcimus
1125 4578 1402 4643 obtulisse,
1423 4580 1661 4634 ostendit
1679 4582 1822 4651 quod
1845 4580 1904 4638 ei

327 4668 479 4737 regni
504 4668 842 4739 dignitatem,
878 4679 931 4725 et
959 4670 1241 4725 victoriam
1282 4671 1541 4738 hostium,
1574 4673 1736 4728 simul
1780 4689 1902 4730 cum

329 4760 514 4830 templi
584 4760 761 4826 cultu,
786 4775 884 4831 pro
939 4761 1137 4815 iudicio
1172 4776 1458 4817 munerum
1509 4779 1730 4819 suorum
1779 4779 1905 4834 por-

329 4849 494 4905 tando
519 4849 787 4919 promisit.
821 4849 970 4904 Talia
1000 4851 1145 4904 enim
1171 4850 1426 4906 dicuntur
1451 4867 1582 4907 vasa
1620 4853 1903 4911 ollertoria

328 4953 472 5003 esse,
496 4937 651 5009 juxta
697 4939 913 4994 modum
959 4940 1185 4995 turrium
1235 4939 1397 5007 facta,
1437 4959 1559 4999 cum
1608 4945 1804 5013 Quibus
1850 4946 1904 4999 in

330 5029 617 5100 praecipuis
662 5027 1043 5086 festivitatibus
1079 5029 1412 5100 offerebant;
1447 5047 1678 5102 quorum
1717 5035 1907 5090 simili-

330 5118 462 5173 tudo
496 5118 758 5175 hactenus
810 5119 863 5173 in
907 5119 1228 5189 quibusdam
1259 5120 1394 5177 locis
1423 5122 1676 5180 habetur.
1756 5124 1907 5180 Assi-

331 5207 433 5261 dzei
463 5217 643 5263 autem
661 5207 914 5263 dicuntur
940 5209 1014 5264 illi
1041 5224 1161 5266 esse
1192 5208 1362 5266 Judaei
1390 5213 1482 5281 qui
1510 5228 1723 5283 semper
1742 5215 1908 5270 cultui

333 5300 517 5355 divino
571 5299 912 5367 insistebant,
958 5304 1026 5357 ab
1074 5303 1388 5359 assiduitate
1442 5306 1619 5360 vocati
1671 5306 1907 5377 dictique

334 5388 577 5455 Assidzei,
595 5393 748 5462 quasi
763 5393 963 5449 assidui
981 5393 1372 5463 ;qualesJudas
1393 5404 1447 5450 et
1459 5394 1541 5451 sui
1564 5397 1910 5454 auxiliatores

334 5493 391 5532 ιιι
415 5479 623 5534 cultura
651 5478 748 5536 Dei
764 5490 819 5537 et
837 5482 1214 5538 observatione
1238 5483 1372 5554 legis
1393 5483 1559 5553 ipsius
1605 5483 1776 5540 fuere.
1804 5483 1907 5539 Alii

333 5583 463 5625 vero
498 5570 766 5628 Assidazos
794 5587 825 5627 a
853 5571 1114 5627 munditia
1172 5581 1388 5628 vocatos
1436 5583 1706 5638 asserunt,
1756 5575 1910 5643 quasi

333 5663 563 5720 mutulos
585 5664 820 5731 Judteos,
857 5678 922 5719 eo
948 5661 1088 5733 quod
1112 5677 1170 5720 se
1199 5664 1266 5718 ab
1296 5662 1594 5718 idololatria
1617 5673 1673 5720 et
1715 5679 1748 5719 a
1801 5665 1910 5721 ritu

2006 4575 2188 4632 siones
2213 4580 2445 4626 aeternas
2471 4574 2897 4638 prmparalurum
2918 4577 3038 4618 esse
3090 4559 3362 4631 promisit,
3400 4556 3561 4626 qumli
3580 4587 3592 4596 -

2006 4673 2099 4728 bet
2132 4668 2381 4738 exempla
2403 4671 2682 4736 opponant
2720 4667 2910 4731 gentes
2954 4672 3074 4727 qua:
3128 4656 3374 4725 ignorant
3399 4652 3591 4715 Deum,

2005 4759 2352 4831 manifestum
2378 4755 2582 4810 esthoc
2612 4767 2716 4806 non
2742 4750 2906 4804 licere
2937 4744 3239 4802 colentibus
3283 4756 3448 4796 unum
3495 4755 3592 4794 ve-

2008 4867 2127 4907 rum
2156 4848 2340 4905 Deum.
2365 4845 2556 4902 Restat
2576 4851 2638 4897 ut
2680 4842 2746 4897 de
2780 4838 2999 4895 homine
3030 4834 3417 4905 intelligamus,
3450 4833 3595 4901 quod

1996 4942 2208 5019 dictum
2224 4949 2327 5002 est,
2349 4935 2472 4990 Non
2499 4933 2720 4998 occides,
2745 4946 2844 4986 nec
2857 4929 3084 4985 alterum
3100 4942 3249 4998 ergo,
3267 4940 3367 4981 nec
3393 4933 3467 4991 te,
3497 4940 3596 4980 nc-

2010 5046 2115 5104 que
2135 5029 2279 5086 enim
2301 5027 2393 5098 qui
2415 5040 2473 5081 se
2487 5023 2685 5082 occidit
2706 5021 2848 5076 aliud
2872 5035 3035 5090 quam
3080 5018 3354 5074 hominem
3374 5015 3591 5071 occidit.

2011 5122 2282 5192 Quasdam
2297 5131 2425 5173 vero
2444 5115 2788 5184 exceptiones
2800 5112 2989 5168 eadem
3014 5112 3130 5181 ipsa
3151 5110 3330 5165 divina
3354 5107 3481 5161 fecit
3500 5122 3594 5159 au-

2011 5210 2236 5266 ctoritas
2261 5216 2319 5261 ut
2339 5221 2446 5261 non
2469 5205 2630 5260 liceat
2652 5202 2923 5259 hominem
2946 5201 3142 5258 occidi.
3174 5199 3278 5254 Sed
3307 5198 3390 5252 his
3427 5210 3593 5249 exce-

2008 5300 2137 5370 ptis,
2152 5314 2288 5368 quos
2303 5298 2444 5352 Deus
2461 5295 2635 5352 occidi
2654 5295 2827 5366 jubet,
2843 5292 2956 5348 sive
2970 5294 3094 5347 data
3113 5291 3249 5358 lege,
3265 5288 3378 5342 sive
3391 5284 3457 5338 ad
3473 5300 3595 5355 per-

2011 5406 2197 5449 sonam
2210 5405 2308 5460 pro
2333 5398 2574 5458 tempore
2588 5401 2843 5457 expressa
2858 5384 3102 5454 jussione
3120 5399 3131 5433 :
3151 5395 3257 5433 non
3279 5384 3456 5431 autem
3478 5376 3595 5443 ipse

2010 5480 2228 5545 occidit,
2250 5479 2342 5549 qui
2370 5477 2731 5533 ministerium
2759 5476 2917 5531 debet
2954 5470 3163 5544 jubenti
3194 5469 3333 5523 sicut
3359 5466 3595 5520 admini-

2011 5571 2191 5631 culum
2217 5571 2427 5643 gladius
2452 5570 2655 5634 utenti;
2691 5569 2877 5637 sicque
2896 5577 3233 5633 nequaquam
3262 5568 3450 5616 contra
3490 5559 3595 5614 hoc

2011 5672 2336 5735 przeccptum
2368 5661 2612 5716 fecerunt
2642 5674 2749 5728 quo
2787 5659 2989 5713 dictum
3019 5664 3101 5711 est
3133 5672 3146 5709 :
3196 5653 3318 5708 Non
3367 5650 3591 5706 occides.
