3928 6168
445 333 590 394 1955

1876 324 2057 386 ORDO
2093 321 2334 380 ΚΕΒοΜ

3586 318 3723 373 1256

441 451 538 522 qui
573 451 685 505 Deo
714 453 934 502 auctore
962 443 1102 502 bella
1127 453 1432 517 gesserunt,
1456 453 1552 499 aut
1599 455 1884 513 personam
1933 454 2023 511 ge-
2050 439 2101 498 Α
2129 431 2413 522 Quiescite,
2462 427 2658 522 inquit,
2703 427 2767 522 ab
2798 424 3006 479 homine
3033 425 3187 494 cujus
3215 424 3434 522 spiritus
3473 419 3530 522 in
3574 421 3717 476 nari-

442 551 626 598 rentes
652 538 878 620 publica}
898 539 1182 609 potestatis
1226 537 1520 594 secundum
1566 534 1684 605 ejus
1733 534 1896 605 leges,
1921 535 2025 589 hoc

442 641 547 694 est.
564 627 880 701 justissima:
915 628 1143 683 rationis
1175 627 1482 697 imperium,
1513 625 1806 681 sceleratos
1851 633 2026 678 morte

446 721 758 792 puniet‘unt.
785 717 852 773 Et
867 717 1141 774 Abraham
1185 732 1290 772 non
1333 716 1506 772 solum
1531 731 1637 771 non
1667 724 1752 771 est
1776 714 2025 784 culpatus

444 808 783 864 crudelitatis
809 808 1056 871 crimine,
1083 814 1354 862 verum‘et
1380 807 1629 862 laudatus
1652 805 1870 860 nomine
1908 805 2024 874 pie-

448 899 594 962 tatis,
631 899 774 967 quod
814 897 980 953 voluit
1009 897 1175 954 lilium
1233 912 1572 968 nequaquam
1625 896 1907 961 scelerate,
1931 893 2027 950 sed

445 989 782 1052 obedienter,
814 989 1083 1045 occidere.
1117 989 1183 1044 Et
1203 990 1398 1044 merito
1425 989 1682 1058 quaeritur
1700 997 1876 1042 utrum
1928 1001 2028 1056 pro

452 1077 546 1131 Dei
564 1075 718 1144 jussu
748 1078 819 1131 sit
837 1078 1143 1133 habendum
1172 1079 1312 1147 quod
1341 1078 1533 1147 Jephte
1576 1078 1765 1142 ﬁliam,
1788 1092 1908 1147 qua:
1935 1091 2028 1146 pa-

450 1167 518 1220 tri
549 1167 806 1232 occurrit,
840 1168 1058 1233 occidit,
1082 1184 1204 1222 cum
1239 1168 1290 1221 id
1319 1182 1378 1223 se
1395 1169 1606 1222 vovisse
1629 1166 2026 1221 immolaturum

454 1254 567 1310 Deo
597 1256 814 1322 dixerit,
841 1257 982 1326 quod
1000 1257 1050 1311 ei
1073 1258 1318 1312 redeunti
1344 1258 1410 1312 de
1435 1257 1621 1327 prtelio
1663 1257 1855 1312 victori
1921 1255 2030 1324 pri-

452 1361 598 1399 mum
653 1345 1158 1418 oceurrissetUud.
1190 1348 1272 1420 ιι).
1303 1345 1412 1402 Nec
1465 1347 1690 1402 Samson
1741 1354 2032 1400 excusatur

445 1436 632 1512 aliter,
680 1438 772 1506 qui
814 1438 1164 1508 semetipsum
1207 1453 1331 1492 cum
1361 1439 1606 1493 hostibus
1634 1438 1789 1491 ruina
1841 1438 2032 1492 domus

451 1528 742 1596 oppressit,
778 1529 881 1583 nisi
903 1529 1029 1598 quia
1075 1528 1301 1598 spiritus
1342 1529 1573 1584 latenter
1621 1529 1726 1583 hoc
1769 1527 2028 1596 jusserat,

452 1616 545 1686 qui
566 1629 664 1686 per
693 1616 841 1670 illum
883 1617 1142 1672 miracula
1181 1616 1434 1672 faciebat.
1460 1617 1556 1672 His
1612 1631 1742 1687 ergo
1793 1614 2033 1686 exceptis

451 1721 588 1776 quos
613 1705 697 1761 vel
721 1706 805 1761 lex
844 1707 1168 1775 generaliter
1180 1706 1346 1776 justa,
1370 1705 1455 1761 vel
1499 1706 1612 1777 ipse
1653 1705 1774 1761 fons
1811 1705 2033 1775 iustitia:

2129 520 2226 574 bus
2267 519 2404 588 ejus,
2438 518 2563 589 quia
2607 516 2838 570 excelsus
2865 523 3132 584 reputatae
3173 525 3247 568 est
3286 513 3422 584 (lsa.
3446 513 3510 580 ιι)

2197 609 2319 679 Ipse
2364 605 2718 663 sacerdotalis
2750 619 2881 676 ergo
2918 603 3052 659 ordo
3081 619 3180 675 per
3233 602 3475 660 homines
3531 602 3629 673 qui
3673 603 3724 657 in

2131 697 2330 768 templo
2384 697 2479 751 Dei
2528 694 2630 750 sub
2677 694 2859 750 Veteri
2905 693 3255 748 Testamento
3307 692 3490 748 divino
3549 692 3727 747 otIicio

2133 790 2234 845 rite
2255 789 2636 859 fungebantur,
2673 801 2780 841 non
2815 784 2989 841 solum
3025 799 3126 856 pro
3153 784 3337 856 populi
3373 783 3586 842 delictis
3605 799 3727 838 exo-

2134 883 2375 945 rabatur,
2429 880 2523 935 sed
2560 887 2616 934 et
2645 877 3071 934 incarnationem
3099 875 3417 932 mediatoris
3443 875 3618 934 nostri
3647 874 3727 928 fu-

2134 982 2310 1028 turam
2364 973 2719 1035 demonstrat,
2784 967 2939 1038 cujus
2980 982 3083 1038 ope
3144 968 3380 1023 mundus
3437 967 3729 1023 salvandus

2131 1072 2268 1119 erat.
2301 1065 2380 1118 De
2407 1078 2514 1133 quo
2542 1061 2779 1116 Joannes
2810 1059 3086 1130 apostolus
3114 1059 3165 1114 in
3204 1059 3447 1130 Epistola
3484 1074 3581 1114 sua
3608 1059 3686 1113 ait
3711 1077 3725 1112 :

2135 1155 2451 1210 Advocatum
2491 1155 2738 1208 habemus
2789 1151 2929 1223 apud
2961 1149 3178 1206 Patrem
3223 1151 3407 1206 Jesum
3460 1151 3724 1206 Christum

2124 1245 2372 1316 justum:
2402 1254 2450 1300 et
2480 1245 2588 1315 ipse
2617 1253 2694 1298 est
2723 1243 3024 1314 propitiatio
3051 1258 3146 1311 pro
3173 1243 3396 1312 peccatis
3430 1243 3646 1303 nostris.
3683 1254 3729 1297 et

2134 1353 2237 1390 non
2278 1345 2483 1389 tantum
2524 1351 2618 1406 pro
2663 1335 2887 1404 peccatis
2938 1335 3152 1400 nostris,
3198 1333 3291 1388 sed
3333 1343 3382 1390 et
3421 1351 3518 1404 pro
3569 1335 3729 1388 totius

2133 1427 2317 1482 mundi
2353 1426 2403 1498 (1
2431 1425 2594 1480 Joan.
2620 1425 2705 1495 ιι).

2207 1517 2304 1572 Hic
2328 1532 2456 1589 ergo
2487 1517 2633 1572 dedit
2655 1516 2890 1586 gladium
2918 1530 3142 1571 aureum
3167 1515 3320 1572 Iuda:
3343 1530 3466 1572 cum
3490 1515 3730 1572 divinam

2137 1607 2472 1676 Scripturam
2502 1621 2670 1662 sensu
2712 1606 2942 1678 spiritali
2978 1605 3269 1677 fulgentem
3311 1608 3380 1661 ad
3425 1608 3733 1663 munimen-

2138 1705 2252 1752 tum
2275 1697 2438 1752 totius
2465 1695 2722 1751 Ecclesiae
2751 1694 3226 1765 defensionemque
3249 1695 3442 1767 populi
3477 1696 3563 1750 sui
3600 1711 3730 1750 eon-

455 1799 599 1852 neus
667 1797 974 1866 specialiter
1019 1799 1193 1852 occidi
1235 1797 1406 1866 jubet,
1462 1796 1707 1865 quisquis
1755 1795 2026 1850 hominem
2061 1782 2104 1842 Β
2132 1789 2294 1844 cessit
2343 1787 2672 1851 doctoribus,
2727 1793 2992 1856 quatenus
3037 1795 3230 1842 contra
3275 1787 3459 1840 hostes
3504 1787 3728 1842 univer-

454 1886 538 1940 vel
560 1886 820 1954 seipsum,
843 1885 927 1940 vel
953 1885 1246 1953 quemlibet
1294 1886 1573 1949 occiderit,
1597 1884 1872 1939 homicidii
1920 1884 2032 1938 cri-

455 1977 601 2031 mine
618 1977 941 2041 innectitur;
967 1984 1022 2031 et
1041 1978 1347 2046 quicunque
1373 1978 1476 2032 hoc
1499 1977 1551 2030 in
1597 1977 1789 2044 scipsis
1838 1989 2033 2043 perpe-

455 2076 753 2130 traverunt,
791 2067 956 2120 animi
1005 2068 1375 2138 magnitudine
1420 2066 1654 2123 fortasse
1709 2065 2032 2128 admirandi,

455 2174 489 2212 u
511 2174 562 2211 in
587 2157 863 2226 sapientia:
915 2159 1148 2212 sanitate
1174 2157 1424 2213 laudandi
1460 2169 1603 2213 sunt.
1629 2157 1946 2226 Quanquam
1988 2155 2034 2210 si

454 2247 721 2302 rationem
746 2247 1056 2315 diligentius
1090 2249 1362 2315 consulas,
1385 2264 1486 2304 nec
1510 2250 1622 2319 ipsa
1664 2249 1880 2318 quidem
1925 2247 2037 2306 aui-

454 2338 528 2392 mi
553 2337 864 2407 magnitudo
893 2346 1038 2393 recte
1067 2339 1404 2404 nominatur,
1435 2339 1526 2393 ubi
1560 2338 1790 2408 quisque
1807 2352 1914 2392 non
1946 2351 2036 2390 va-

455 2427 614 2482 lendo
642 2427 877 2483 tolerare
904 2429 988 2482 vel
1012 2444 1241 2497 qumque
1262 2443 1452 2500 aspera
1483 2427 1563 2483 vel
1601 2427 1776 2482 aliena
1815 2434 2033 2496 peccata

455 2517 696 2586 seipsum
733 2516 1089 2572 interemerit.
1123 2516 1291 2587 Magis
1316 2516 1458 2570 enim
1494 2531 1646 2571 mens
1681 2515 1894 2570 inﬁrma
1945 2514 2036 2570 de-

453 2607 832 2678 prehenditur,
863 2623 981 2678 quae
1013 2607 1156 2662 ferre
1205 2624 1310 2661 non
1362 2615 1539 2677 potest
1574 2607 1660 2662 vel
1714 2607 1904 2661 duram
1951 2605 2034 2660 sui

454 2697 700 2768 corporis
739 2697 1076 2762 servitutem,
1101 2697 1185 2751 vel
1241 2696 1462 2751 stultam
1491 2695 1634 2767 vulgi
1689 2695 2032 2765 Opinionem;

456 2787 739 2858 majorque
757 2788 972 2842 animus
1006 2787 1264 2842 dicendus
1284 2797 1386 2852 est,
1417 2787 1508 2857 qui
1563 2787 1728 2841 vitam
1768 2802 2038 2842 :erumuoo

452 2891 569 2932 sam
607 2876 780 2948 magis
805 2884 983 2946 potest
1005 2875 1169 2941 ferre,
1192 2891 1353 2945 quam
1403 2875 1616 2946 fugere;
1645 2883 1699 2929 et
1743 2876 2034 2929 humanum

444 2965 730 3034 judicium,
759 2967 1100 3036 maximeque
1125 2957 1368 3036 vulgare,
1389 2965 1532 3036 quod
1553 2965 1870 3034 plerumque
1916 2963 2038 3018 cali-

451 3056 576 3127 gine
627 3057 834 3113 erroris
899 3057 1212 3124 involvitur,
1245 3072 1357 3127 pra:
1416 3057 1766 3113 conscientia:
1809 3055 1929 3111 lucc
1974 3070 2037 3110 ac

451 3147 686 3216 puritate
710 3155 1079 3205 contemnere.

1075 3297 1300 3354 CAPUT
1339 3295 1454 3352 XV.

456 3431 678 3500 Apparet
713 3429 883 3508 Onias‘
906 3440 950 3482 ct
982 3426 1562 3508 Ieremiaanuifradi't
1605 3425 1762 3508 dudm
1803 3425 2038 3508 gladium

525 3495 742 3552 aureum
779 3517 810 3551 a
840 3499 948 3552 Deo
971 3499 1203 3551 missum.
1239 3495 1482 3550 Manibus
1509 3495 1686 3548 Judwi
1713 3495 2036 3566 pugnabant,

525 3568 768 3622 cordibus
794 3569 1033 3621 orabant.
1076 3567 1243 3636 Caput
1271 3566 1529 3620 Nicanori
1555 3566 1898 3630 abscinditur,
1929 3574 2034 3618 etc.

530 3697 659 3752 Erat
693 3709 865 3752 autem
909 3698 1214 3768 lmjusmodi
1255 3699 1393 3752 visus
1427 3713 1445 3751 :
1490 3695 1704 3762 Oniam,
1740 3696 1829 3767 qui
1865 3695 2038 3765 fuerat

455 3806 690 3845 summus
713 3791 976 3854 sacerdos,
1002 3789 1168 3842 virum
1192 3790 1380 3842 bonum
1404 3798 1451 3842 et
1474 3788 1768 3858 benignum,
1798 3802 2035 3840 verecun-

464 3881 579 3934 dum
612 3881 742 3945 visu,
771 3880 1058 3934 modestum
1086 3880 1314 3933 moribus
1339 3887 1386 3932 et
1413 3878 1614 3949 eloquio
1637 3877 1901 3939 decorum,
1931 3882 2034 3929 etc.

462 3966 514 4022 Si
563 3968 686 4038 quis
729 3976 908 4025 autem
940 3969 1214 4037 qumsierit
1260 3975 1438 4020 utrum
1481 3967 1594 4021 lucc
1635 3966 1770 4020 visio
1815 3965 1882 4018 ad
1936 3963 2040 4017 mi-

457 4061 738 4116 nisterium
785 4060 1001 4130 aliquod
1044 4059 1235 4113 referri
1285 4058 1474 4128 possit,
1527 4059 1628 4112 hoc
1675 4059 1726 4110 ni
1776 4056 1932 4110 fallor
1975 4070 2039 4108 ex

456 4165 522 4206 eo
554 4151 743 4205 sentiri
779 4159 954 4219 potest
981 4150 1122 4219 quod
1166 4147 1330 4202 Ouias
1362 4149 1611 4202 sacerdos
1654 4146 2042 4201 sacerdotalem

456 4240 722 4312 signiﬁcat
760 4240 1038 4304 ordinem;
1091 4247 1146 4292 et
1188 4237 1451 4292 Jeremias
1493 4237 1774 4306 prepheta,
1819 4237 1909 4304 qui
1957 4235 2041 4288 in-

457 4337 783 4399 terpretatur
848 4328 1080 4381 excelsus
1120 4327 1354 4389 Domini,
1425 4325 1596 4395 ipsum
1656 4325 1940 4378 Domimnn
1991 4331 2047 4377 et

453 4427 616 4489 caput
649 4419 902 4488 exprimit
930 4419 1350 4488 prophetarum;
1380 4417 1445 4471 de
1491 4432 1598 4486 quo
1628 4415 1836 4486 Moyses
1867 4415 1995 4469 dicit
2027 4433 2040 4467 :

2137 1891 2228 1931 sos
2270 1886 2540 1931 armatura
2592 1883 2892 1940 uterentur,
2943 1882 2998 1930 et
3042 1875 3278 1931 hostium
3326 1883 3734 1946 prosternerent

2149 1967 2552 2031 nultitudinem,
2581 1974 2688 2021 etc.

2207 2063 2487 2118 Exhortati
2551 2065 2728 2135 itaque
2775 2064 2934 2120 Iuda:
2984 2067 3308 2122 sermonibus
3356 2067 3500 2122 bonis
3555 2069 3734 2132 ualde,

2137 2151 2201 2206 de
2236 2151 2423 2222 quibus
2461 2151 2640 2208 extolli
2691 2163 2862 2223 posset
2906 2155 3149 2224 impetus,
3201 2165 3305 2210 etc.
3345 2155 3540 2210 Narrat
3595 2158 3735 2212 liber

2139 2243 2334 2298 Esther
2379 2244 2543 2313 quod,
2579 2243 2750 2298 Aman
2793 2246 3077 2312 suadente,
3119 2263 3212 2301 rex
3257 2247 3524 2303 Assuerus
3565 2249 3737 2320 jussit

2138 2348 2326 2388 omnes
2349 2333 2562 2388 Judmos
2593 2334 2646 2387 in
2679 2348 2844 2404 regno
2873 2350 2972 2390 suo
3005 2336 3258 2399 interfici,
3291 2346 3348 2390 et
3375 2338 3440 2391 ad
3470 2337 3613 2393 hanc
3644 2354 3737 2391 ne.-

2139 2439 2254 2480 cem
2278 2423 2668 2480 conficiendam
2706 2425 2925 2479 decreta
2947 2425 3169 2482 fuerunt
3200 2426 3316 2480 dies
3342 2427 3563 2498 triginta
3587 2443 3738 2483 men-

2139 2516 2216 2570 sis
2265 2516 2590 2581 duodecimi,
2637 2516 2729 2585 qui
2774 2526 2998 2571 vocatur
3042 2517 3211 2581 Adar,
3254 2518 3504 2588 bonaque
3547 2533 3737 2573 eorum

2139 2607 2536 2678 diriperentur:
2569 2608 2662 2661 sed
2689 2607 2900 2662 Domini
2937 2617 3067 2662 nutu
3095 2609 3284 2664 eadem
3314 2612 3580 2672 sententia
3611 2628 3742 2665 ροβε

2139 2713 2295 2753 versa
2329 2699 2494 2754 estin
2535 2715 2886 2770 percussores
2927 2715 3140 2765 eorum,
3188 2701 3260 2756 ita
3313 2710 3372 2754 ut
3407 2713 3744 2760 memoratus

2139 2803 2254 2850 rex,
2308 2790 2578 2844 mediante
2603 2789 2940 2846 Mar-docth
2985 2790 3194 2856 Iudaeo,
3221 2801 3343 2862 post
3363 2800 3575 2848 veteres
3605 2796 3742 2849 scri-

2142 2879 2349 2950 ptiones
2393 2881 2547 2935 novis
2591 2881 2832 2950 epistolis
2871 2881 3074 2947 missis,
3128 2883 3413 2938 mandaret
3459 2891 3519 2939 ut
3564 2881 3739 2939 ,ιιιόωί

2143 2983 2260 3039 ipso
2304 2969 2390 3024 die
2431 2985 2538 3039 quo
2577 2971 2679 3025 sibi
2720 2970 2792 3024 ab
2836 2971 3084 3026 hostibus
3121 2973 3236 3029 suis
3281 2972 3482 3028 oecisio
3529 2988 3742 3043 praepa-

2143 3061 2385 3126 rabatur,
2435 3063 2617 3117 hostes
2654 3077 2718 3118 ac
2761 3072 3136 3132 persecutores
3174 3079 3304 3120 suos
3347 3063 3741 3120 interﬁcerent.

2059 3152 2103 3213 C
2137 3150 2286 3218 Quod
2335 3160 2391 3205 et
2422 3149 2664 3206 fecerunt
2690 3151 2742 3206 iu
2773 3152 2978 3206 decima
3011 3153 3167 3207 tertia
3210 3161 3267 3207 et
3294 3152 3504 3208 decima
3545 3162 3746 3222 quarta

2140 3241 2227 3295 die
2269 3240 2497 3304 mensis;
2544 3241 2611 3294 de
2644 3255 2752 3310 quo
2782 3240 2835 3294 in
2879 3241 3068 3296 eadem
3099 3241 3322 3296 historia
3360 3242 3620 3310 scriptum
3659 3250 3745 3296 est

2143 3330 2260 3383 ita:
2308 3329 2433 3384 Dies
2482 3330 2714 3383 decimus
2766 3330 2948 3383 tertius
2993 3332 3185 3385 mensis
3230 3331 3379 3384 Adar
3413 3347 3553 3386 unus
3597 3333 3740 3400 apud

2141 3437 2317 3475 omnes
2360 3421 2736 3491 interfectionis
2781 3421 2903 3492 fuit,
2948 3431 2999 3476 et
3037 3431 3226 3492 quarto
3275 3423 3472 3476 decimo
3511 3423 3596 3476 die
3632 3440 3738 3475 ταν-

2139 3512 2262 3566 dcre
2305 3511 2604 3577 desierunt,
2645 3529 2800 3583 quem
2861 3514 3242 3583 constituerunt
3277 3531 3387 3569 esse
3437 3514 3734 3575 solemnem,

2140 3608 2196 3651 ut
2228 3599 2281 3652 in
2307 3615 2366 3653 eo
2397 3599 2638 3668 deinceps
2679 3600 2820 3653 omni
2847 3611 3073 3671 tempore
3112 3613 3357 3656 vacarent
3396 3602 3583 3672 epulis,
3607 3619 3736 3672 gau-

2139 3688 2227 3741 dio
2265 3698 2417 3758 atque
2455 3691 2721 3743 conviviis.

2216 3780 2365 3835 Unde
2413 3781 2572 3835 modo
2619 3783 2876 3850 scriptum
2928 3793 3009 3836 est
3057 3784 3199 3854 quorl
3249 3785 3528 3839 interfecto
3570 3786 3730 3838 Nica-

2141 3885 2294 3936 nore,
2334 3880 2390 3924 et
2427 3872 2714 3926 manifeste
2759 3873 2960 3928 auxilio
3003 3876 3095 3929 Dei
3143 3884 3383 3939 ostenso,
3428 3891 3615 3930 omnes
3643 3875 3738 3929 Ju-

2142 3961 2241 4016 dzei
2301 3963 2571 4017 communi
2639 3965 2864 4019 consilio
2917 3965 3270 4020 decreverunt
3320 3966 3581 4021 decimam
3624 3976 3736 4020 ter-

2147 4055 2274 4107 tiam
2300 4055 2440 4108 diem
2464 4056 2666 4110 mensis
2689 4056 2852 4119 Adar,
2879 4058 2970 4126 qui
3002 4071 3132 4112 voce
3155 4056 3377 4127 Syriaca
3402 4059 3574 4126 pridie
3599 4058 3740 4114 Mar-

2144 4143 2346 4198 dochaei
2385 4143 2498 4198 dies
2532 4145 2748 4209 dicitur,
2779 4147 2924 4200 omni
2958 4155 3196 4217 tempore
3235 4148 3530 4202 solemnem
3569 4150 3737 4204 habe.

2145 4248 2224 4300 re,
2255 4241 2308 4287 et
2338 4234 2409 4288 ita
2453 4235 2535 4288 lue
2563 4235 2679 4288 dua:
2710 4236 3080 4292 solemuitates
3120 4238 3350 4292 invicem
3395 4238 3497 4294 sibi
3542 4254 3744 4294 conve—

2145 4324 2401 4378 niebant:
2437 4325 2537 4378 hoc
2563 4336 2646 4379 est
2689 4325 2790 4380 ista
2817 4341 2937 4395 quae
2982 4327 3033 4381 in
3080 4326 3526 4390 Machalueorum,
3561 4338 3616 4383 et
3651 4329 3740 4384 illa

2148 4429 2266 4485 qum
2310 4415 2360 4468 in
2415 4414 2608 4470 Esther
2637 4417 2860 4470 historia
2906 4417 3120 4488 legitur,
3154 4425 3212 4469 ut
3247 4417 3298 4470 in
3342 4417 3546 4471 decima
3580 4421 3744 4472 tertia

460 4507 770 4578 Prop/ictam
818 4509 1086 4562 suscitabit
1129 4507 1382 4560 Dominus
1428 4507 1490 4560 de
1537 4507 1787 4576 fratribus
1844 4507 2042 4569 rcstris,
2072 4521 2123 4579 1)
2149 4506 2235 4559 die
2256 4516 2308 4558 et
2336 4506 2386 4558 in
2412 4506 2617 4560 decima
2648 4516 2837 4575 quarta
2867 4507 3068 4562 mensis
3106 4506 3253 4561 Adar
3300 4507 3494 4562 habita}
3536 4520 3751 4580 pantau-

453 4598 623 4668 ipsum
662 4608 910 4670 tanquam
949 4614 1028 4651 me
1057 4598 1279 4651 audietis
1312 4597 1488 4668 (Deut.
1523 4598 1707 4668 xvm);
1741 4606 1792 4651 et
1837 4596 2001 4650 Isaias
2029 4615 2040 4649 :

2146 4596 2502 4667 juugerentur

493 4727 3745 4772 Μ

1501 4878 1994 4993 οεωο
2071 4878 2738 4994 RERUM

2157 4754 3725 4768 .__-———_—_—._——_————————._——.

1037 5109 1316 5215 QU/E
1376 5108 1488 5190 IN
1551 5103 1799 5186 HOC
1847 5047 2194 5184 ’l‘OM'O
2271 5102 3161 5188 CONTINENTUR.

467 5398 779 5453 IlABANUN’
821 5397 1518 5448 MAURUS.FULDENSIS
1552 5397 1769 5446 ARIMS
1810 5397 1890 5444 FT
1929 5397 2050 5445 ΜΟ-

739 5459 1100 5510 (IUNTI'NUS
1147 5459 1763 5510 ARCHIEPISCUI’US.

522 5541 982 5592 COMMEN'I‘ARIA
1019 5540 1082 5590 IN
1119 5539 1342 5591 LIBROS
1380 5541 1438 5588 IV
1477 5540 1713 5589 REGEM.
1847 5538 1951 5590 Col.
2017 5541 2047 5587 9

524 5627 764 5679 Prﬂatio.
2018 5625 2048 5670 ῃ

519 5710 580 5761 ιω
615 5708 857 5761 LIBRUM
893 5709 1156 5759 PRIMUM.
1996 5708 2038 5755 ll

2223 5393 2609 5455 (ἷηῐῖτνρῐιικωι.
2637 5417 2697 5455 5-
2724 5391 2796 5441 De
2818 5391 2994 5441 Eleans
3026 5398 3078 5442 et
3117 5391 3301 5440 duabus
3339 5393 3579 5442 uxoribus
3622 5398 3758 5455 e;us.

2159 5457 2249 5504 hoc
2275 5462 2350 5503 est
2377 5454 2511 5501 Anna
2540 5463 2591 5501 et
2618 5454 2900 5502 Pheneum,
3663 5454 3666 5455 ν
3703 5462 3749 5504 τι

2218 5526 2327 5575 Car.
2370 5526 2431 5574 ll.
2450 5549 2510 5561 -
2533 5525 2776 5574 Canticum
2806 5526 2975 5585 Auum,
3000 5522 3127 5586 quod
3152 5524 3363 5575 cantavit
3388 5535 3494 5587 post
3517 5528 3760 5574 nativita-

2157 5597 2256 5634 tem
2281 5587 2541 5635 Samuelis.
3706 5590 3763 5634 l6

2218 5649 2334 5698 CAP.
2365 5648 2450 5696 Ill.
2479 5673 2538 5683 -—
2561 5647 2634 5696 De
2673 5648 2944 5696 ministerio
2981 5646 3221 5696 Samuelis
3264 5649 3312 5694 in
3355 5647 3565 5707 tempta,
3597 5657 3655 5694 et
3695 5650 3763 5694 de

2157 5724 2365 5760 excessu
2411 5710 2612 5756 ﬁliorum
2653 5709 2764 5756 ilcli
2808 5709 3087 5758 sacerdotis.
3144 5710 3277 5766 Quod
3321 5710 3600 5772 increpatur
3639 5709 3761 5759 Hei.
