4038 6214
1552 311 1571 320 δ
3397 316 3553 327 σ--σιοο

1700 348 1749 361 ⁸-
2216 356 2317 365 υ-σ--ι
2764 359 2807 368 δ-
3232 359 3453 368 .———.-—-

2216 356 2317 365 ..ο-..φ

1656 540 2265 655 ΝΟΤΙΤΙΑ

1926 810 1980 850 ιι(

849 958 1242 1023 HISTORIA!
1273 955 1721 1019 BYZANTINZE
1762 954 2232 1017 SCRIPTORES
2267 955 2444 1017 POS’I

1436 955 1721 1017 lNTINlE
1762 954 2232 1017 SCRIPTORES
2267 955 2456 1017 POST
2490 955 3031 1018 THEOPHANEM.

1527 1110 1747 1172 (ΡΑιιιιισ.
1777 1106 1996 1161 Biblioth.
2023 1112 2111 1161 Gr.
2139 1110 2223 1171 Vl,
2246 1109 2379 1171 548.)

392 1419 554 1474 Venit
604 1417 717 1487 jam
771 1414 1175 1472 recensendmn
1220 1413 1475 1467 volumen
1538 1412 1868 1481 Scriptorum
1918 1424 2035 1481 post
2076 1413 2463 1480 Theophanem,
2515 1412 2632 1468 sive
2676 1414 2769 1482 qui
2799 1412 3089 1468 historiam
3119 1412 3479 1485 Byzantinam
3516 1418 3586 1470 ah

320 1503 499 1560 Leone
526 1502 812 1567 Armenio,
835 1501 993 1555 Micb.
1029 1498 1381 1568 Cur0palatte
1437 1498 1812 1569 imperatoris,
1845 1500 1897 1553 in
1940 1516 2048 1570 quo
2084 1501 2287 1556 desinit
2328 1499 2681 1570 TheOphanis
2710 1498 3049 1567 Cbronicon,
3094 1515 3439 1567 successore,
3465 1518 3594 1572 pro-

321 1594 594 1647 duxerunt
638 1606 818 1660 usque
862 1589 930 1644 ad
963 1588 1340 1659 Nicephorum
1368 1585 1610 1642 Phocam
1664 1588 1796 1658 imp.
1829 1596 1882 1643 et
1920 1604 1984 1643 ex
2032 1605 2168 1644 mss.
2196 1589 2359 1645 codd.
2393 1590 2650 1645 recensiti
2693 1601 2858 1660 atque
2887 1590 3141 1645 versione
3172 1590 3361 1645 donati
3403 1602 3531 1645 sunt
3561 1607 3590 1643 a

323 1679 619 1735 Francisco
660 1678 960 1742 Combells,
1005 1676 1129 1731 0rd.
1185 1675 1614 1745 praedicatorum
1684 1679 2125 1747 congregationis
2166 1677 2223 1732 S.
2282 1676 2567 1741 Ludovici,
2600 1678 2695 1733 sed
2728 1677 2903 1732 lucem
2940 1678 3159 1732 demum
3188 1679 3444 1733 viderunt
3471 1681 3593 1747 post

319 1769 439 1831 eius
510 1766 622 1820 lata
659 1767 761 1837 (a),
822 1766 1007 1821 Paris.
1074 1764 1235 1829 l685,
1287 1763 1426 1830 foL;
1486 1764 1631 1819 unde
1686 1765 1852 1819 etiam
1910 1766 2294 1822 adnotationes
2334 1782 2474 1836 quas
2524 1766 2577 1820 in
2615 1766 2715 1822 llOS
2746 1767 3047 1836 scriptorcs
3088 1766 3174 1820 vir
3202 1766 3400 1820 doctus
3437 1781 3595 1835 parn-

323 1854 435 1921 bat,
467 1854 875 1911 desiderantur.
907 1853 1217 1922 Scriptores
1247 1851 1351 1921 ipsi
1384 1851 1489 1907 hoc
1516 1852 1708 1908 ordine
1737 1854 1993 1924 leguntur
2023 1874 2037 1908 :

400 1943 449 1997 1.
489 1942 735 1997 Axonam
784 1944 973 2013 (quem
1023 1941 1232 1997 inccrta
1272 1938 1596 2009 conjectura
1653 1940 1941 1998 Leontium
1983 1944 2357 2015 Byzantinum'
2385 1945 2570 2000 vocari
2596 1942 2756 1997 video
2805 1957 2835 1995 a
2887 1941 3109 1998 Labbeo
3143 1941 3199 1996 in
3238 1940 3592 2009 Protreptico,

324 2045 381 2099 p.
442 2030 509 2084 14
573 2028 741 2096 etho)
807 2027 1132 2093 Chronicon,
1188 2026 1512 2098 Theophani
1566 2028 1943 2087 continuando
2005 2032 2358 2088 Constantini
2422 2031 2933 2101 Porphyrogenneti
3001 2030 3162 2100 jussu
3211 2030 3592 2098 conscriptum

330 2117 493 2171 libris
524 2132 582 2169 tv
612 2116 718 2185 ib),
739 2116 807 2169 de
830 2116 1063 2169 totidem
1080 2115 1496 2185 imperatoribus
1525 2131 1537 2167 :
1567 2115 1664 2171 lib.
1688 2133 1727 2181 1,
1756 2117 1831 2173 De
1868 2118 2040 2175 Leone
2064 2119 2337 2184 Armenio,
2368 2118 2460 2189 qui
2486 2118 2550 2173 A.
2588 2118 2649 2172 C.
2680 2118 2785 2172 813
2814 2118 2987 2189 cmpit
3020 2117 3375 2186 imperitare;
3407 2116 3506 2171 lib.
3531 2128 3594 2179 It,

342 2202 421 2256 De
452 2202 715 2256 Michaele
739 2201 941 2264 Balbo;
970 2201 1062 2254 lib.
1122 2217 1203 2265 ιιι,
1250 2201 1326 2256 De
1378 2200 1666 2271 Theophila
1698 2202 2001 2273 Michaelis,
2042 2216 2096 2264 et
2152 2208 2247 2262 lib.
2284 2222 2361 2271 Iv,
2397 2206 2462 2262 de
2496 2205 2763 2261 Michaele
2798 2204 3086 2275 Theophili
3110 2203 3242 2268 lilio,
3268 2218 3427 2274 quem
3464 2218 3598 2257 nece

334 2290 613 2342 sublatum
662 2288 854 2343 scribit
904 2287 972 2342 24
1003 2287 1153 2358 Sept.
1196 2291 1324 2345 anni
1385 2290 1699 2348 Graecorum
1742 2294 1905 2360 6576,
1939 2298 2044 2353 hoc
2099 2307 2185 2353 est
2212 2297 2419 2354 Chriin
2460 2298 2584 2353 868.
2618 2297 2807 2354 Crteca
2855 2295 3229 2351 Combelisius
3252 2292 3499 2363 vulgavit
3527 2308 3596 2344 ex

326 2378 646 2447 apographo
705 2376 1100 2433 Barberiniano
1152 2379 1361 2436 codicis
1398 2397 1504 2435 ms.
1539 2379 1795 2437 Vaticani
1832 2384 1931 2455 (δι),
1958 2386 2103 2455 quod
2140 2384 2459 2442 Holstenius
2498 2386 2667 2443 Roma
2711 2386 3117 2442 transmiserat.
3145 2383 3190 2437 A
3226 2380 3599 2438 Constantino

325 2464 877 2537 Porphyrogenneto,
914 2466 998 2522 vel
1022 2465 1144 2536 ejus
1185 2470 1407 2526 nomine
1438 2471 1601 2526 verba
1633 2473 1881 2540 quaedam
1915 2476 2119 2531 inserta
2152 2476 2406 2531 videntur
2441 2475 2535 2530 lib.
2578 2491 2636 2541 n,
2662 2475 2754 2530 ubi
2791 2476 2859 2530 de
2883 2474 3045 2530 Creta
3086 2490 3116 2527 ει
3142 2470 3433 2525 Saracenis
3465 2469 3599 2522 libe-

328 2556 497 2609 randa
532 2570 739 2617 sermo,
775 2572 831 2625 p.
858 2556 951 2611 5i.
2593 2547 2599 2555 ’

397 2641 449 2696 2.
485 2642 901 2699 Cossnmmus
923 2642 1489 2702 Ponrnrnoccnserus
1515 2646 1833 2717 imperator,
1866 2654 1932 2704 A.
1957 2650 2019 2706 C.
2051 2653 2156 2708 959
2191 2655 2515 2718 exstinctus,
2552 2654 2618 2708 de
2646 2654 2757 2707 vita
2794 2652 2880 2707 avi
2922 2651 3008 2705 sui
3032 2648 3219 2704 Basilii
3259 2645 3595 2703 Macedonis.

332 2730 425 2800 qni
454 2728 703 2784 Michaeli
730 2727 1023 2801 Theophili
1061 2732 1173 2787 lilio
1206 2734 1269 2788 A.
1298 2733 1359 2789 C.
1390 2733 1495 2789 868
1527 2737 1821 2802 successit,
1868 2754 2141 2810 quemque
2179 2750 2333 2797 notat
2358 2758 2482 2796 cum
2527 2741 2620 2796 illo
2642 2742 2938 2797 decessore
2968 2752 3070 2794 suo
3102 2735 3365 2791 Michaele
3390 2750 3597 2789 annum

334 2836 499 2874 unum
546 2821 786 2876 habenas
822 2820 1037 2891 imperii
1098 2823 1360 2895 gessisse,
1395 2822 1594 2879 deinde
1620 2840 1751 2880 vero
1799 2827 1938 2884 alios
1970 2844 2146 2885 annos
2201 2830 2541 2902 undeviginti
2580 2829 2758 2885 solum
2820 2843 3003 2883 rerum
3036 2839 3309 2882 summam
3337 2823 3601 2894 praeclare

331 2908 770 2971 administrasse,
807 2924 983 2979 usque
1012 2908 1079 2964 ad
1110 2925 1316 2964 annum
1349 2910 1608 2965 nimirum
1656 2912 1781 2968 888.
1808 2914 1930 2971 Vita
1961 2918 2064 2973 ista
2098 2919 2211 2988 jam
2246 2920 2420 2974 lucem
2451 2919 2684 2979 viderat,
2723 2932 2846 2971 cum
2881 2915 3081 2971 Leonis
3108 2913 3293 2969 Allatii
3327 2911 3598 2973 versione,

334 2996 389 3049 in
428 2996 547 3064 ejus
576 2996 943 3065 Συμμίκτοις
972 3001 1037 3052 Α.
1077 2997 1236 3065 1655,
1260 2999 1341 3066 8ο,
1375 3000 1549 3056 divisa
1600 3002 1656 3056 in
1687 3004 1929 3059 sectione

2006 3007 2110 3061 sive
2142 3009 2321 3078 capita
2363 3007 2450 3062 70.
2486 3005 2595 3061 Sed
2635 3004 3000 3060 Combelisius
3023 3001 3213 3057 Graeca
3255 3001 3322 3055 ad
3345 3001 3453 3068 jam
3487 3015 3601 3053 me-

333 3097 610 3139 moratum
668 3086 1045 3155 apographum
1101 3086 1555 3143 Barberinianum
1600 3093 1901 3155 recensuit,
1952 3108 2148 3147 novam
2195 3094 2802 3163 adjuuxitversioncm,
2834 3101 2887 3146 et
2933 3088 3276 3144 sectionibus
3318 3087 3413 3141 lUl
3444 3086 3603 3139 aliter

332 3182 498 3241 atque
531 3172 758 3228 Allatius
789 3172 1117 3243 dispescuit,
1148 3190 1271 3243 quae
1324 3175 1541 3231 diversa
1586 3179 1825 3247 capitum
1860 3180 2141 3234 distinctio
2183 3196 2407 3236 crucem
2439 3184 2579 3237 solet
2608 3182 2771 3251 ﬁgere
2803 3181 3098 3235 citantibus
3125 3176 3479 3247 scriptorem,
3513 3175 3598 3228 vel

332 3260 497 3311 citata
532 3259 647 3313 loca
687 3259 970 3329 inquirere
998 3260 1375 3327 cupientibus.
1408 3261 1565 3326 Quod
1598 3264 1652 3316 in
1700 3265 1856 3319 titulo
1891 3267 1927 3321 Ιε

2003 3274 2093 3319 tur
2126 3284 2137 3318 :
2177 3267 2448 3338 Ἰστορικὴ
2498 3269 2756 3337 διήγησις
2793 3266 2889 3319 τοῦ
2926 3267 3041 3336 βίου
3069 3266 3165 3319 καὶ
3198 3265 3305 3318 τῶν
3339 3264 3598 3335 πράξεων

331 3346 619 3399 Βαάιλειου
651 3346 745 3400 τοῦ
779 3347 1031 3417 ἀοιδίμου
1060 3346 1349 3417 βασιλέως,
1382 3350 1450 3421 ἣν
1490 3351 1899 3415 Κωνσεαντῖνος
1920 3353 2177 3422 βασιλεὺς
2208 3357 2265 3407 ὲν
2290 3354 2410 3424 Θεῷ
2454 3354 2743 3424 Ῥωμαίων
2777 3355 2803 3405 ὁ
2836 3354 3026 3406 τούτου
3054 3352 3270 3415 υἱωνὸς,
3298 3352 3604 3420 φιλοπόνως

332 3437 439 3489 ἀπὶ)
458 3436 732 3506 διαφόρων
757 3438 1019 3507 ἀθροίσας
1045 3437 1404 3508 διηγημάτων
1438 3438 1517 3509 τῷ
1554 3439 1821 3510 γράφοντι
1853 3458 1927 3512 πρ

2006 3442 2240 3508 ινέθετο,
2286 3458 2380 3513 per
2416 3443 2510 3495 τδν
2541 3442 2823 3513 γράφοντα
2862 3440 3107 3511 intellige
3138 3450 3420 3495 auctorem
3460 3458 3601 3510 qua—

335 3534 459 3580 tuor
478 3526 899 3596 ρΐωρεὰεηιὶιιιιι
922 3528 1210 3591 librorum,
1245 3529 1446 3598 quibus
1490 3530 1630 3584 hanc
1689 3525 1870 3583 Vitam
1918 3529 2063 3585 bona
2095 3532 2251 3585 venia
2287 3532 2636 3601 imperatoris
2690 3528 3011 3595 subnexuit,
3043 3540 3095 3584 et
3139 3543 3246 3599 qua
3286 3538 3517 3583 testatur
3540 3544 3601 3584 se

334 3615 655 3670 deterritum
687 3631 832 3679 esse,
867 3631 933 3671 ne
970 3624 1024 3671 et
1050 3618 1165 3686 ipse
1193 3615 1373 3671 Vitam
1401 3616 1591 3672 Basilii
1622 3617 1909 3683 scriberet,
1940 3619 2013 3672 ita
2040 3621 2184 3673 cnim
2224 3621 2545 3690 Anonymus
2579 3619 2669 3673 ille
2713 3617 2977 3673 Chronici
3024 3618 3263 3687 scriptor
3302 3616 3357 3672 in
3383 3616 3599 3687 praefat.

335 3705 401 3757 ad
438 3704 686 3758 eumdem
721 3703 1171 3767 Constantinum,
1207 3704 1368 3774 cujus
1402 3704 1558 3775 jussu
1595 3704 1663 3759 ad
1691 3702 2077 3776 TheOphanem
2125 3708 2567 3762 continuandum
2619 3707 2929 3763 accessisse
2962 3721 3024 3761 se
3064 3705 3351 3776 proﬁtetur
3376 3723 3389 3758 :
3415 3707 3474 3759 Et
3508 3708 3605 3762 καὶ

334 3791 430 3845 τοῦ
460 3792 706 3863 ἀοιδίμου
741 3809 835 3846 σου
870 3793 1115 3860 πάππου,
1141 3792 1236 3846 τοῦ
1263 3795 1323 3846 ὲν
1355 3792 1639 3863 βασιλεῦσι
1664 3793 1921 3857 εὐκλεοῦς
1950 3795 2238 3849 Βασιλείου
2268 3796 2334 3848 τὰ
2375 3796 2527 3866 παρὰ
2557 3795 2649 3848 σοῦ
2694 3795 3075 3867 ἱστορούμενα,
3113 3794 3207 3848 καὶ
3245 3795 3383 3865 μετὰ
3425 3796 3606 3867 πάσης

336 3881 630 3950 σαφηνείας
662 3880 757 3933 καὶ
788 3880 948 3948 λόγου
979 3881 1280 3952 εὐκοσμίας
1330 3880 1475 3935 κατὰ
1524 3880 1585 3934 τὸ
1633 3882 1743 3933 τῶν
1783 3882 2094 3952 γενομένων
2145 3883 2344 3953 ἀληθὲς
2382 3884 2477 3936 καὶ
2519 3882 2811 3953 εἱλικρινὲς
2843 3885 2923 3946 ei;
2961 3883 3022 3935 τὸ
3056 3882 3293 3953 φανερὸν
3326 3883 3477 3951 παρὰ
3504 3882 3607 3950 τῆς

336 3970 436 4038 σῆς
469 3968 958 4040 πολυμαθεστάτης
985 3970 1245 4041 εἰδήσεως
1274 3968 1724 4040 ἐξαγορευθὲντα,
1763 3971 2019 4040 περιττὸν
2048 3971 2114 4025 ἂν
2145 3971 2231 4043 εἴη
2262 3971 2539 4026 οὐδοτιοῦν
2571 3972 2963 4043 διηγήσασθαι.
2998 3971 3304 4037 Labbettm,
3337 3972 3431 4041 qui
3466 3972 3608 4024 hanc

333 4058 514 4113 Vitam
543 4074 650 4113 non
676 4076 705 4112 a
738 4059 1106 4114 Constantino
1140 4059 1283 4129 ipso,
1314 4061 1407 4113 sed
1440 4060 1508 4113 ab
1532 4060 1638 4113 alio
1670 4057 1793 4126 ejus
1819 4058 1981 4126 jussu
2025 4058 2289 4124 scriptam
2320 4067 2405 4110 est
2430 4057 2772 4127 suspicatus,
2800 4057 3002 4111 refellit
3026 4056 3289 4112 Martinus
3324 4054 3607 4109 Hanckius
3692 4077 3696 4081 ι

334 4148 413 4203 De
442 4148 588 4203 Hist.
622 4149 755 4217 Byz.
790 4149 1135 4216 scriptoribus
1176 4165 1227 4218 p.
1263 4148 1391 4209 475,
1447 4157 1613 4218 atque
1660 4148 1813 4201 solus
1844 4146 1933 4199 ille
1968 4141 2238 4213 (Hanckio
2284 4159 2386 4198 nec
2420 4146 2574 4200 visus
2624 4145 2915 4214 scriptoris
2955 4144 3217 4213 anonymi
3244 4144 3419 4207 locus,
3465 4159 3604 4197 non-

331 4237 459 4291 dum
482 4240 630 4293 enim
659 4236 956 4308 prodierat)
987 4236 1188 4293 suﬂicit
1216 4235 1288 4291 ab
1310 4235 1510 4291 Labhei
1534 4245 1589 4289 et
1620 4233 1717 4305 qui
1749 4249 1874 4289 eum
1905 4229 2158 4303 sequitur
2179 4230 2341 4286 Cavei
2372 4233 2488 4300 (ubi
2515 4234 2584 4289 de
2619 4234 2846 4288 Leontio
2871 4232 3001 4303 Byz.
3038 4232 3460 4305 chronograpbo
3493 4242 3605 4302 agit

332 4327 401 4381 ad
434 4330 502 4381 Α.
534 4326 598 4381 C.
618 4326 745 4395 99.0)
778 4327 1151 4395 conjecturam
1182 4324 1513 4380 elidendam.

408 4415 462 4469 5.
494 4416 786 4470 Attonitus
809 4414 976 4485 (alius
1009 4424 1068 4468 ut
1090 4413 1306 4467 videtur
1332 4420 1387 4466 et
1421 4410 1761 4467 succinctior
1783 4423 1947 4481 quam
1973 4411 2064 4481 qui
2105 4409 2350 4482 priorum
2382 4397 2621 4480 quatuor
2657 4411 2924 4465 librorum
2962 4420 3049 4464 est
3082 4410 3302 4477 auctor)
3339 4408 3412 4463 De
3449 4410 3603 4461 rebus

335 4510 522 4563 Leonis
557 4507 882 4576 Philosophi,
914 4508 1007 4577 qui
1046 4506 1231 4561 Basilii
1276 4506 1421 4562 ﬁlius
1454 4514 1509 4562 et
1541 4521 1834 4561 successor
1874 4506 1997 4569 fuit,
2046 4521 2167 4576 pag.
2201 4504 2470 4559 217-232.
2504 4504 2576 4558 De
2609 4504 2919 4559 Alexandro
2952 4503 3144 4557 Leonis
3173 4503 3344 4571 fratre
3376 4518 3431 4571 p.
3471 4502 3602 4565 235,

330 4596 458 4649 254.
511 4595 584 4649 De
625 4595 977 4650 Constantino
1021 4593 1523 4663 Porphyrogenneto
1548 4593 1740 4648 Leonis
1771 4590 1864 4657 ιε’..
1893 4595 1990 4664 qui
2046 4610 2183 4665 puer
2239 4593 2523 4664 septennis
2561 4592 2815 4663 pervenit
2854 4592 2921 4646 ad
2965 4592 3350 4660 impcrium,et
3387 4592 3600 4660 primos

333 4692 544 4754 septem
580 4699 756 4739 annos
789 4684 894 4739 sub
914 4681 1139 4738 Nicolao
1188 4681 1505 4752 patriarcha
1544 4690 1597 4736 et
1642 4682 1768 4737 aliis
1801 4683 2100 4746 tutoribus,
2147 4691 2322 4738 matre
2370 4681 2499 4745 Zoe,
2537 4695 2713 4736 annos
2760 4695 2856 4735 sex
2887 4688 2942 4733 ct
2964 4678 3157 4749 viginti
3193 4693 3318 4732 cum
3352 4677 3602 4732 Romano

330 4768 647 4842 Lacapeno,
670 4787 888 4837 socero,
927 4786 990 4827 ac
1020 4771 1259 4839 denique
1282 4770 1438 4825 solus
1463 4784 1639 4824 annos
1662 4771 1977 4840 quindecim
2007 4770 2244 4842 pmfttit,
2270 4780 2435 4842 atque
2459 4771 2532 4824 ita
2564 4784 2662 4840 per
2688 4784 2865 4823 annos
2897 4784 2963 4823 ιν
3001 4768 3140 4822 vixit
3170 4767 3604 4837 dignitatemque

331 4861 681 4933 imperatoris
712 4862 875 4932 gessit
908 4878 920 4914 :
957 4876 1081 4931 pag.
1113 4859 1374 4915 233-292.
1413 4858 1480 4912 Et
1505 4857 1580 4914 De
1613 4857 1853 4913 Romano
1870 4860 2088 4930 juniore
2115 4859 2457 4914 Constantini
2487 4857 2977 4928 Porphyrogenneti
3001 4857 3116 4926 ﬁlio
3135 4897 3149 4922 ,
3181 4870 3301 4926 pag.
3332 4855 3597 4911 293-300.

406 5065 481 5137 (α)
509 5064 679 5137 Obiit
708 5063 1070 5120 Combclisius
1103 5062 1333 5119 Parisiis
1365 5062 1429 5137 ᾼ.
1452 5052 1622 5137 ᾉΙΒἹῼ,
1649 5060 1729 5137 ἓξ
1756 5061 1911 5137 Jun.,
2023 5062 2076 5115 in
2109 5058 2435 5137 Bibliotheca
2458 5060 2773 5128 scriptorum
2791 5059 3296 5121 ecclesiasticarum,
3332 5068 3373 5109 ι.
3412 5055 3595 5119 XVlll,

334 5131 511 5192 aetatis
539 5137 628 5189 47.
664 5135 741 5190 De
782 5138 906 5199 ejus
933 5137 1041 5187 vita
1078 5135 1399 5189 consulendi
1434 5135 1665 5189 Carolus
1697 5132 1916 5188 Peraul-
2024 5147 2146 5203 pag.
2182 5131 2283 5203 9A9.
2542 5201 2569 5203 Α
2752 5201 2760 5203 _
2990 5201 3000 5203 _
3064 5198 3075 5203 _
3213 5141 3219 5147 '

335 5216 424 5260 tus
468 5209 521 5262 in
578 5206 713 5260 Viris
771 5206 951 5261 uetuit
980 5204 1154 5258 XVII
1180 5205 1479 5258 illustribus
1520 5206 1694 5270 quiin
1731 5203 1913 5257 Gallia
2024 5198 2040 5203 “
2093 5198 2168 5270 (ὁ)
2208 5200 2495 5256 Librorum
2520 5201 2929 5257 distinctionem
2956 5201 3023 5255 ab
3064 5198 3185 5268 ipso
3225 5205 3449 5251 auctore
3481 5212 3604 5251 esse

335 5279 663 5340 claruerunt,
694 5290 843 5332 torno
869 5277 932 5340 ll,
978 5291 1101 5346 pag.
1128 5277 1219 5341 48,
1260 5286 1313 5331 et
1344 5274 1482 5332 Lud.
1520 5273 1669 5330 Elias
1706 5276 1776 5329 du
1807 5275 1902 5329 Pin
2016 5283 2161 5343 patet
2185 5290 2250 5327 ex
2280 5288 2403 5343 pag.
2438 5273 2559 5327 108.

430 5486 490 5547 (⁸)
523 5486 712 5536 «Codex
737 5485 891 5547 ipse,s
923 5483 1077 5544 inquit
1114 5483 1383 5547 Immannel
1408 5483 1740 5547 Bekkerusin
1777 5480 2068 5547 Przel'atione
2095 5481 2153 5547 ad
2179 5475 2929 5547 editionem‘Bonnensemanni
2959 5475 3262 5547 l8’58,_‘trum
3291 5480 3401 5547 post
3432 5484 3601 5547 parem

334 5537 647 5600 Talentinam
680 5537 894 5597 Parisios
913 5537 1221 5604 devertisset,
1242 5562 1267 5595 a
1298 5544 1473 5595 Carolo
1502 5545 1772 5594 Benedicto
1796 5544 1941 5592 Hasio
1964 5543 2241 5607 descriptus
2271 5551 2347 5607 est
2367 5546 2415 5590 in
2439 5540 2526 5607 illo
2546 5539 2766 5588 codicum
2794 5539 3073 5607 Italicorum
3098 5537 3312 5607 Parisios
3339 5537 3604 5607 translato-

333 5599 441 5660 rum
471 5610 714 5671 catalogo,
743 5620 894 5670 quem
918 5608 1053 5669 gravi
1076 5599 1356 5657 litterarum
1380 5607 1556 5656 damno
1577 5607 1661 5656 diu
1682 5607 2018 5671 desideratum
2041 5599 2240 5653 tandem
2268 5604 2530 5671 aliquando
2553 5615 2811 5663 speramus
2831 5599 3151 5671 proditurum.
3171 5599 3605 5671 Inttecompcrtnm

333 5659 512 5721 librum
540 5659 683 5734 hujus
704 5659 1012 5734 argumenti,
1045 5672 1174 5731 quod
1199 5672 1430 5734 sciamus,
1460 5674 1657 5719 unicum
1692 5673 1827 5718 inter
1859 5668 2129 5734 _Vaticanos
2158 5659 2407 5734 numerari
2430 5666 2519 5734 lti‘l
2559 5659 2773 5734 esseque
2808 5659 3253 5734 membranaceunt,
3291 5659 3600 5734 quadratum,

332 5738 516 5783 saeculo
540 5721 1075 5793 stt'nitidé'scriptunt;
1100 5739 1195 5778 nne
1223 5721 1471 5792 mutilum,
1493 5739 1695 5787 caetera.
1720 5736 1761 5780 si
1796 5728 2000 5792 primum
2032 5732 2296 5792 exceperis
2330 5730 2576 5790 paginam,
2600 5721 2733 5775 bene
2758 5730 3126 5781 conservatum,
3148 5721 3279 5769 loliis
3307 5721 3407 5768 ltiti.
3427 5736 3445 5768 ι

540 5822 812 5882 Pontos.
860 5819 979 5883 Gn.
1031 5819 1182 5881 CIX.
3169 5808 3193 5868 1

516 5928 546 5971 /

258 5915 465 6126 έχκο
