4038 6214
332 284 403 348 Ἡ
1588 322 1591 325 λ
1792 289 2132 350 NOTITIA.
3552 304 3615 366 12

336 406 496 458 l‘lura
517 399 800 472 promittit
867 401 957 457 ille
1007 400 1248 470 scriptor
1278 401 1344 455 de
1392 401 1681 471 Theophili
1712 403 1866 458 urbis
1899 403 2140 472 praefecti
2198 408 2275 474 (p.
2315 402 2441 474 9.75)
2472 411 2526 459 et
2567 405 2634 460 de
2662 406 2895 463 aliorum
2942 425 3173 466 summae
3205 412 3260 467 in
3293 414 3415 469 aula
3448 413 3617 471 (ἷΡυιο

335 490 685 546 auctoritatis
708 494 955 545 virorum
984 488 1251 552 moribus,
1285 505 1407 559 quae
1436 504 1547 544 non
1578 498 1819 557 exstant,
1854 500 2007 547 certe
2038 491 2217 547 lucem
2252 507 2361 545 non
2386 492 2663 549 viderunt.

405 600 457 652 4.
496 599 740 652 ᾹΝοΝγιιι
780 595 1097 650 Dissertatio
1150 596 1472 650 steliteutica
1523 610 1710 653 contra
1765 598 2151 654 Iconomachos
2183 600 2254 669 (c)
2287 610 2336 654 et
2386 601 2648 670 synodum
2699 601 3207 674 Copronymiauam,
3245 613 3450 681 scripta
3472 614 3618 671 circa

334 688 400 739 Α.
428 684 489 740 C.
527 684 651 748 745,
677 693 840 753 atque
868 683 1005 737 adeo
1038 689 1164 736 ante
1211 683 1501 748 septimam
1537 685 1810 756 synodum
1849 689 1965 744 sive
1994 688 2270 745 Nicaznam
2300 690 2623 758 secundam,
2652 707 2704 762 p.
2747 694 3007 749 505-5”.
3652 696 3659 738 ἲ

408 802 460 856 5.
492 802 721 857 .Iomals
771 799 1012 853 monachi
1044 798 1540 870 Hierosolgmitani,
1579 801 1822 854 narratio
1854 801 1919 854 de
1949 798 2149 868 origine
2171 808 2408 852 motuum
2438 798 2923 866 Iconoclaslarum,
2964 819 3019 872 p.
3048 803 3175 871 δίει,
3195 806 3319 863 515.
3354 806 3503 863 idem
3532 809 3621 865 hic

336 887 577 943 Joannes
600 890 849 960 (forsitan
876 886 1265 959 Hierosolyma
1281 888 1430 945 urbis
1450 888 1804 957 postmodum
1823 886 2136 959 episcopus)
2165 887 2325 957 cujus
2347 890 2543 959 Λόγον
2561 890 2983 946 ἀποδεικτικὸν
3006 894 3070 949 de
3096 896 3265 949 sacris
3291 898 3619 967 imaginibus

338 976 404 1031 ad
442 976 864 1033 Constantinum
895 973 1220 1029 Cabalinum
1251 976 1365 1030 sive
1404 975 1814 1048 C0pronymuin
1834 976 2006 1031 edidit
2034 976 2398 1031 Combelisius
2428 982 2469 1030 t.
2498 975 2541 1029 ll
2574 979 2819 1034 Auctarii
2847 983 2988 1043 novi,
3010 983 3123 1038 sive
3152 984 3206 1038 in
3230 984 3475 1040 Historia
3500 985 3620 1040 Μο-

340 1065 741 1128 nothelitarum,
776 1082 898 1136 pag.
926 1062 1052 1127 665,
1106 1072 1159 1118 et
1210 1080 1375 1135 quam
1416 1064 1639 1121 codices
1678 1067 2041 1120 aliitribuunt
2078 1062 2275 1118 Joanni
2320 1064 2676 1121 Damasceno.
2712 1069 2785 1123 De
2834 1070 3021 1125 codice
3048 1070 3237 1141 Regio,
3275 1089 3337 1126 ex
3364 1087 3474 1141 quo
3505 1072 3617 1126 duo

342 1154 453 1206 haec
482 1152 745 1220 opuscula
779 1151 1138 1205 Combelisius
1158 1150 1476 1220 descripsit,
1507 1161 1562 1207 et
1591 1154 1644 1207 in
1681 1169 1791 1222 quo
1813 1158 1979 1207 etiam
2032 1154 2292 1224 leguntur
2338 1156 2652 1211 testimonia
2706 1156 2926 1212 Patrum
2969 1175 3091 1227 qua:
3140 1176 3237 1228 pro
3284 1161 3617 1230 imaginibus

340 1246 393 1297 in
424 1234 633 1303 synodo
660 1233 878 1288 Nicmna
912 1234 1153 1289 secunda
1218 1234 1544 1301 afferuntur,
1593 1236 1824 1291 videnda
1890 1239 2177 1295 clarissimi
2230 1240 2601 1298 Montlauconi
2658 1243 3063 1315 Palarographia
3096 1246 3305 1313 Graeca,
3328 1263 3382 1317 p.
3410 1246 3501 1311 65,
3525 1248 3615 1302 66-

350 1322 721 1377 Videriautem
747 1334 943 1391 potest,
983 1324 1162 1392 inquit
1184 1323 1569 1387 Combeftsius,
1614 1325 1908 1392 praeclarus
1941 1326 2035 1381 ille
2081 1328 2246 1383 codex
2284 1332 2438 1400 quasi
2486 1332 2769 1403 ὁπλοθήκη
2797 1336 3139 1399 universalis,
3165 1336 3388 1390 collecta
3419 1335 3616 1390 habens

338 1413 602 1481 praecipua
635 1429 853 1483 quisque
902 1411 1301 1467 Catholicorum
1348 1414 1603 1466 adversus
1630 1412 1907 1468 haereticos
1954 1415 2182 1485 (Christi
2222 1421 2456 1473 maxime
2494 1423 2806 1491 mysterium
2834 1424 3228 1493 impugnantes)
3264 1426 3615 1479 munimenta.

343 1498 425 1552 Ex
455 1500 550 1553 illo
568 1500 798 1554 illustris
819 1500 1010 1555 Petrus
1045 1499 1108 1553 de
1139 1498 1331 1553 Marco
1362 1498 1548 1569 Vigilii
1578 1501 2052 1557 confirmationem
2096 1506 2305 1575 quintae
2357 1507 2561 1579 Synodi
2594 1510 2799 1575 pridem
2843 1513 3096 1577 produxit
3129 1514 3231 1583 (ό),
3271 1515 3483 1566 tametsi
3511 1529 3617 1567 non

339 1589 582 1643 omnibus
615 1590 730 1657 ejus
756 1590 916 1658 [idem
939 1590 1081 1659 fecit.
1117 1588 1234 1656 Ipse
1277 1599 1417 1644 certe
1453 1591 1543 1661 qui
1590 1590 1785 1644 librum
1831 1594 2144 1661 composuit,
2173 1604 2425 1666 tantaque
2461 1598 2516 1650 in
2540 1614 2599 1651 eo
2631 1598 2855 1652 Patrum
2897 1618 2959 1654 ac
2984 1601 3335 1654 conciliorum
3362 1600 3610 1671 digessit,

337 1680 401 1732 de
430 1679 530 1732 hac
550 1680 956 1755 conﬁrmatione
983 1679 1140 1749 quasi
1172 1696 1275 1733 non
1304 1681 1461 1747 plane
1503 1680 1584 1733 illi
1616 1681 1908 1751 explorata:
1938 1684 2177 1738 veritatis
2208 1702 2270 1739 ac
2304 1689 2543 1741 nutantis
2569 1687 2714 1755 ﬁdei,
2747 1690 2957 1756 scripsit
2994 1698 3264 1760 repertam
3313 1704 3439 1745 esse
3469 1690 3612 1743 inter

337 1777 460 1820 acta
495 1768 700 1831 quinta:
726 1767 1018 1836 synodi....
1062 1767 1235 1821 Habet
1265 1768 1351 1821 hic
1389 1767 1551 1823 codex
1594 1767 1881 1825 Leontium
1915 1770 1991 1825 De
2020 1773 2208 1838 sectis,
2243 1773 2393 1844 longe
2442 1775 2601 1829 editis
2626 1779 3067 1842 emendatiorem,
3098 1790 3146 1832 et
3188 1777 3609 1832 auctoritatibus

238 1872 243 1879 ί
336 1872 451 1923 qua:
484 1856 599 1908 illic
620 1855 1017 1920 desiderantur,
1059 1859 1370 1912 auctiorem.
1423 1858 1847 1928 ὈδηγοῦρΙιινα
1899 1863 2077 1932 capita
2124 1860 2300 1932 (quem
2349 1879 2554 1917 onmem
2592 1864 2851 1934 pluraque
2903 1867 3016 1935 ejus
3062 1867 3449 1935 complectitur)
3481 1881 3617 1918 nova

336 1959 402 1998 ac
428 1945 520 1997 illo
544 1945 720 2013 facere
754 1946 935 2012 liceat,
999 1947 1076 2001 sic
1095 1947 1254 2001 editis
1292 1947 1619 2013 laborantia,
1663 1957 1722 2002 ut
1760 1965 1852 2004 nec
1890 1950 2001 2019 ipse
2042 1951 2363 2006 Anastasius
2392 1968 2491 2006 sua
2528 1964 2854 2023 agnosceret,
2886 1958 2984 2011 etsi
3020 1958 3201 2011 omnia
3232 1955 3473 2025 decoquit
3500 1952 3619 2008 vul-

328 2043 494 2101 gator
524 2042 574 2086 et
606 2033 888 2101 interpres.

409 2142 461 2197 6.
498 2141 582 2195 Ex
621 2144 930 2198 narratione
960 2144 1023 2200 de
1050 2147 1325 2201 miraculis
1345 2145 1402 2201 S.
1433 2146 1683 2201 Demetrii
1713 2151 1970 2220 martyris

2021 2149 2107 2221 re),
2135 2152 2199 2203 ἐκ
2229 2150 2339 2204 τῶν
2371 2152 2465 2205 τοῦ
2497 2152 2804 2223 ἀθλοφόροι)
2838 2156 3155 2226 Δημητρίου
3197 2158 3255 2210 ὲν
3304 2158 3505 2227 μερικῇ
3530 2154 3616 2209 δι-

334 2232 535 2301 ηγήσει
566 2232 1045 2305 θαυματουργιῶν,
1077 2236 1441 2305 fragmentum
1464 2236 1531 2291 de
1564 2237 1799 2291 revelata
1831 2238 1899 2293 ab

2017 2254 2050 2292 ο
2077 2239 2360 2293 excisione
2384 2255 2447 2294 ac
2476 2239 2785 2309 direptione
2806 2240 3245 2307 Thessalonicae,
3265 2259 3319 2310 p.
3353 2242 3612 2297 314-316.

413 2320 469 2372 7.
502 2317 732 2376 Joausis
756 2322 1113 2388 CKMENIATE,
1143 2323 1679 2389 Thessalonicensis,
1708 2326 1953 2381 narratio
1984 2326 2189 2381 diserta
2233 2335 2287 2381 et
2330 2326 2556 2397 elegans
2598 2330 2663 2380 A.
2699 2328 2759 2381 Ο.
2788 2328 2913 2389 904,
2944 2330 3150 2398 scripta
3193 2328 3263 2383 ad
3291 2326 3613 2397 Gregorium

339 2408 743 2479 Cappadocem,
796 2410 871 2464 De
904 2409 1294 2467 Thessalonica!
1325 2412 1529 2466 excidio
1591 2414 1677 2467 cui
1713 2414 1953 2484 scriptor
1996 2415 2109 2484 ipse
2153 2413 2427 2479 interfuit,
2455 2424 2509 2470 et
2543 2432 2706 2485 quam
2755 2417 2848 2470 illo
2880 2416 3000 2485 ipso
3053 2431 3200 2472 anno
3228 2414 3452 2487 (Leonis
3481 2415 3613 2469 Phi-

342 2497 553 2567 |050phi
588 2499 705 2567 nx)
743 2500 888 2569 cepit
918 2498 1026 2553 Leo
1071 2498 1394 2570 Tripolites,
1433 2501 1814 2571 Agarenorum
1871 2504 2003 2558 dux.
2049 2502 2173 2558 llaec
2210 2504 2363 2573 prius
2401 2519 2525 2560 cum
2568 2503 2753 2557 Allatii
2795 2507 3052 2559 versione
3090 2506 3373 2575 prodierat
3405 2506 3458 2558 in
3495 2504 3616 2572 ejus

340 2587 725 2654 Συμμίκτοις,
749 2587 988 2657 vulgatis
1022 2602 1051 2641 a
1091 2587 1391 2643 Bartholdo
1424 2588 1660 2645 Nihusio
1723 2591 1884 2651 1655,
1934 2591 1986 2645 8.
2020 2591 2127 2646 Sed
2172 2591 2536 2648 Combelisius
2570 2594 2769 2647 iterum
2801 2594 3102 2658 recensuit,
3128 2602 3183 2649 et
3214 2608 3411 2649 novam
3436 2595 3611 2648 inter-

340 2677 700 2745 pretationem
737 2691 890 2730 suam
917 2677 1190 2747 adjunxit,
1222 2678 1528 2749 divisitque
1578 2680 1631 2734 in
1681 2681 1860 2749 capita
1898 2681 1987 2743 79,
2031 2694 2155 2733 cum
2195 2680 2250 2734 in
2306 2681 2580 2735 Allatiana
2625 2682 2869 2737 editione
2920 2682 3273 2751 dispescatur
3309 2683 3386 2736 inl
3413 2682 3618 2737 sectio-

341 2777 443 2816 ncs
477 2763 567 2817 45.
590 2762 690 2816 Hic
713 2761 1053 2827 Cameniata,
1081 2774 1234 2832 patre
1263 2770 1505 2821 exarcho
1532 2768 1775 2825 llelladis
1808 2778 1992 2832 natus,
2014 2767 2119 2824 fuit
2140 2769 2193 2822 in
2215 2768 2543 2824 clericorum
2574 2768 2769 2825 ordine
2795 2771 2988 2833 lector,
3021 2778 3075 2825 et
3104 2767 3363 2824 Ecclesia:
3380 2767 3618 2824 Thessa-

358 2850 643 2906 onicensis
675 2850 1049 2915 cubuclesius,
1101 2851 1206 2905 hoc
1231 2861 1314 2908 est
1334 2854 1423 2923 qui
1454 2858 1880 2925 metropolitano
1907 2862 1959 2913 in
1993 2860 2273 2930 publicum
2298 2860 2615 2930 procedenti
2658 2859 2855 2930 pedum
2886 2859 3354 2930 archiepiscopale
3388 2858 3618 2928 praefer-

342 2945 447 2993 ret.
504 2939 713 2993 Dicitur
750 2939 915 2993 etiam
969 2938 1078 2991 τῶν
1106 2940 1164 2991 ὲν
1210 2944 1324 3005 τοῖς
1363 2942 1534 3006 οἴκοις
1580 2945 1691 2997 τῶν
1747 2946 1935 3016 βασιλε

2018 2967 2037 3001 ν
2081 2948 2435 3019 τεταγμένων
2478 2944 2578 3013 εἷς.
2604 2946 2737 3005 Vide
2773 2963 2895 3020 cap.
2926 2948 2995 3003 55
3012 2949 3153 3007 edit.
3194 2946 3613 3003 Combelisianae

341 3026 530 3096 (Allat.
558 3028 650 3096 '50)
678 3036 732 3081 et
770 3025 1073 3083 Hatickium
1100 3029 1196 3085 lib.
1233 3046 1249 3085 ι
1281 3031 1356 3086 De
1390 3033 1735 3100 scriptoribus
1754 3034 1900 3093 Hist.
1933 3036 2094 3108 Byz.,
2132 3052 2253 3107 cap.
2279 3038 2371 3093 22.

417 3148 470 3201 8.
511 3145 783 3199 DEIETRII
843 3145 1095 3210 Crnouu,
1132 3145 1677 3217 Thessalonicensis,
1713 3149 2012 3207 Monodias

2019 3154 2114 3208 sive
2160 3153 2523 3223 comploratio
2557 3152 2649 3205 ἐπὶ
2685 3154 2801 3218 τοῖς
2853 3156 2910 3208 ὲν
2943 3151 3319 3222 Θεσσαλονίκῃ
3364 3150 3614 3218 πεσοῦσι,

347 3234 412 3290 de
443 3236 642 3289 civibus
673 3236 762 3305 qui
802 3234 856 3290 in
884 3236 1157 3299 dissidiis,
1194 3238 1465 3293 seditione
1494 3253 1556 3293 ac
1590 3241 1826 3294 tumultu
1861 3241 2123 3297 intestino
2167 3240 2560 3298 Thessalonica:
2611 3246 2676 3295 A.
2711 3242 2776 3297 C.
2811 3242 2949 3297 1545
2981 3243 3084 3296 sub
3116 3241 3348 3311 imperio
3392 3238 3622 3295 Joannis

348 3318 719 3377 Cantacuzbni
756 3324 1045 3385 perierunt.
1073 3323 1135 3378 P.
1173 3324 1437 3381 385-592.
1474 3324 1549 3381 De
1571 3328 1664 3383 illo
1700 3330 1936 3383 tumultu
1967 3326 2243 3401 Gregoras
2270 3346 2392 3394 xui,
2429 3331 2515 3391 10,
2545 3338 2599 3383 et
2627 3330 3043 3383 Cantacuzenus
3071 3344 3152 3389 ιιι,
3184 3328 3273 3382 94.

419 3411 473 3466 9.
507 3410 647 3465 Pars
678 3426 742 3464 ex
779 3410 899 3464 Vita
932 3410 1381 3482 Basiliijunioris
1415 3416 1754 3468 anaclt‘brette
1779 3414 1971 3482 CPal.,
1999 3417 2063 3472 Α.
2091 3418 2151 3470 C.
2180 3417 2282 3470 9H
2324 3417 2407 3468 vel
2437 3414 2544 3468 952
2580 3415 2865 3479 exstincti,
2900 3416 3107 3483 scripta
3137 3429 3167 3466 a
3206 3413 3471 3481 Gregorio
3495 3414 3618 3484 ejus

346 3502 635 3571 discipulo.
673 3501 740 3556 de
771 3500 1123 3556 Constantini
1179 3502 1343 3557 Ducat:
1392 3504 1543 3558 clade
1589 3511 1643 3556 ct
1691 3502 1938 3567 interitu,
1970 3519 2133 3572 quem
2189 3503 2555 3557 Constantino
2586 3500 3114 3573 Porphyrogenueto
3139 3501 3321 3556 adhuc
3347 3517 3521 3571 puero
3548 3506 3615 3557 ad

347 3592 639 3661 imperium
670 3606 877 3644 vocare
908 3590 1175 3645 Nicolaus
1206 3592 1276 3660 (f)
1314 3592 1625 3662 patriarcha
1662 3602 1714 3645 et
1750 3591 1841 3645 alii
1875 3589 2096 3661 quidam
2134 3590 2512 3655 instituerunt,
2545 3604 2668 3660 pag.
2695 3589 2960 3644 394-399.
3016 3588 3192 3643 Vitam
3239 3589 3389 3651 illam,
3424 3589 3617 3646 Basilii

347 3682 702 3737 anachoreta:
728 3681 1000 3749 integram
1030 3683 1272 3752 vulgavit
1298 3682 1679 3737 lienschenius
1714 3690 1861 3735 tomo
1894 3679 1958 3734 ill
1985 3681 2109 3735 Act.
2152 3679 2435 3743 Sanctor.,
2468 3678 2535 3733 ad
2572 3678 2641 3732 ‘26
2677 3677 2883 3743 Martii,
2913 3693 2966 3746 p.
3001 3676 3126 3739 668,
3162 3678 3355 3732 Latine
3391 3695 3458 3733 ex
3499 3695 3622 3734 ver-

350 3772 507 3824 sione
559 3767 903 3835 Combelisii,
971 3781 1025 3825 et
1075 3770 1264 3827 Graece
1318 3770 1387 3826 ad
1437 3769 1642 3825 calcem
1684 3768 1985 3825 voluminis
2032 3784 2160 3840 pag.
2219 3767 2310 3833 24,
2366 3782 2432 3823 ex
2491 3782 2597 3822 ms.
2650 3766 2840 3822 codice
2897 3766 3293 3834 Mazariniano,
3334 3766 3618 3838 Autwerp.

351 3858 513 3922 1684,
553 3857 653 3914 fol.

424 3971 512 4026 10.
543 3970 817 4026 Sumtus
845 3969 1093 4040 magistri
1127 3977 1182 4025 et
1214 3968 1508 4041 logothetas
1553 3967 1791 4023 Annales
1823 3985 1855 4021 a
1887 3965 2060 4020 Leone
2100 3965 2331 4018 Armeno
2362 3979 2525 4034 usque
2552 3962 2621 4016 ad
2655 3962 3013 4031 Nicephorum
3039 3964 3274 4018 Phocam
3310 3964 3454 4035 (pag.
3487 3964 3621 4020 401-

348 4058 478 4130 ι98)
517 4073 583 4113 ex
613 4058 807 4113 codice
838 4073 943 4113 ms.
976 4055 1278 4127 Rapliaelis
1313 4055 1557 4111 Trichcti
1594 4056 1665 4111 du
1696 4054 1920 4119 Fresne,
1973 4070 2041 4109 ex
2081 4053 2242 4121 cujus
2284 4052 2461 4118 libris,
2496 4051 2615 4121 ipso
2642 4050 2926 4115 defuncto,
2968 4052 3024 4106 in
3061 4067 3249 4121 gazam
3288 4053 3433 4122 regis
3455 4052 3621 4107 Chri-

351 4146 677 4202 stianissimi
702 4153 787 4201 est
813 4147 1083 4217 perlatus.
1109 4145 1347 4215 Scripsit
1370 4145 1611 4216 Symeon
1654 4146 1758 4199 iste
1795 4142 2050 4199 similiter
2095 4140 2327 4195 Annales
2360 4141 2426 4195 ab
2455 4143 2579 4196 orbe
2609 4140 2845 4205 condito,
2872 4142 2964 4212 qui
2999 4143 3267 4199 hactenus
3297 4143 3474 4197 lucem
3511 4158 3620 4196 non

351 4237 630 4300 viderunt,
655 4241 985 4305 exstantque
1014 4235 1067 4288 in
1092 4235 1265 4288 altero
1304 4249 1370 4287 ac
1402 4234 1600 4305 majori
1646 4234 1800 4305 regio
1845 4233 2038 4288 codice
2093 4231 2187 4300 qui
2247 4231 2302 4284 in
2348 4230 2529 4285 Leone
2572 4229 2810 4285 Armeno
2840 4229 3062 4296 desinit,
3091 4231 3418 4300 videturque
3444 4232 3499 4285 in
3530 4231 3621 4285 illa

352 4327 537 4397 priore
564 4334 741 4395 parte,
761 4324 970 4379 leviore
1009 4339 1176 4394 opera
1202 4333 1397 4377 auctor
1429 4322 1773 4393 perfunctus.
1810 4332 1864 4375 et
1899 4323 1950 4374 in
1976 4320 2163 4373 multis
2200 4317 2523 4388 Theophani
2570 4329 2863 4382 consonat,
2894 4334 3057 4388 quem
3090 4327 3145 4373 et
3182 4323 3364 4388 ipsum
3404 4329 3623 4373 constat

353 4412 607 4468 desinere
642 4411 697 4464 in
731 4410 911 4466 Leone
934 4411 1193 4465 Armeno.
1251 4411 1557 4480 Ascriptum
1609 4409 1808 4479 majori
1832 4409 1913 4463 illi
1940 4406 2110 4462 codici
2138 4406 2317 4476 Regio,
2352 4408 2531 4477 inquit
2569 4407 2960 4472 Combelisius,
3007 4407 3120 4461 alia
3141 4425 3324 4472 manu,
3362 4409 3622 4477 pauloque

354 4500 634 4561 recentiori
662 4515 677 4553 :
710 4499 800 4553 hic
860 4510 944 4555 est
999 4497 1444 4568 Metapltrastes;
1508 4497 1662 4566 cujus
1717 4497 1857 4550 tanti
1898 4496 1997 4550 visi
2022 4505 2146 4549 sunt
2181 4496 2418 4549 Annales
2461 4505 2510 4548 et
2539 4494 2808 4550 Chronica
2828 4496 3129 4568 'Hippolyto
3160 4496 3425 4558 Thebano,
3465 4508 3520 4549 ut
3557 4513 3623 4550 ea

354 4589 599 4643 omnibus
677 4596 986 4657 anteponat.
1052 4585 1187 4642 Vide
1248 4585 1525 4656 Hippolyti
1604 4585 1767 4640 verba
1826 4585 1970 4655 apud
2024 4584 2285 4639 Allatium
2327 4586 2399 4638 De
2475 4584 2778 4641 Simeonum
2829 4588 3063 4655 scriptis,
3138 4602 3191 4654 p.
3235 4587 3324 4649 54,
3375 4587 3471 4655 qui
3535 4586 3623 4642 Si—

355 4691 606 4730 meonem
682 4675 1090 4745 Mctaphrasten
1152 4674 1399 4744 magistri
1482 4680 1539 4729 et
1623 4673 1918 4740 logotlictae
1974 4688 2175 4728 cursus
2227 4673 2485 4742 primum,
2558 4684 2670 4728 tum
2742 4678 2906 4728 etiam
2986 4675 3259 4745 generalis
3333 4676 3621 4745 logotlietse

354 4761 680 4829 dignitatem
732 4763 973 4831 gessisse
1020 4760 1277 4831 pluribus
1336 4761 1600 4829 disputat.
1667 4758 1901 4815 Exstant
1962 4762 2128 4815 etiam
2173 4760 2231 4815 hi
2288 4760 2567 4817 Simeonis
2616 4763 2857 4818 Annales
2922 4763 2977 4818 in
3028 4762 3167 4818 Bibl.
3236 4764 3509 4830 Caesarea,
3564 4768 3619 4821 in

354 4863 522 4917 quam
583 4848 706 4902 illos
756 4850 940 4903 intulit
985 4847 1355 4919 Busbequins,
1414 4859 1472 4907 ut
1512 4856 1763 4903 notatum
1801 4847 2101 4905 Lambecio
2139 4850 2237 4905 lib.
2304 4864 2369 4916 ιι,
2421 4865 2545 4920 pag.
2585 4850 3007 4916 588.Quouiam
3071 4860 3255 4911 tamen
3319 4855 3373 4909 in
3430 4855 3619 4909 codice

358 4933 536 5004 Raph.
584 4931 829 4988 Tricheti
896 4936 970 4989 du
1031 4933 1259 4997 Fresne,
1316 4935 1593 4991 Chronico
1646 4935 1775 4990 huic
1834 4947 2177 5005 postremum
2257 4939 2464 4994 inserta
2509 4937 2676 4995 Mich.
2732 4939 2896 4994 Pselli
2949 4941 3205 5006 historia,
3255 4941 3621 4997 Combclisius

357 5034 398 5079 t.
448 5023 492 5085 1,
539 5020 681 5076 Bibl.
736 5019 960 5074 Patrum
1015 5022 1425 5077 concionatoriw
1507 5024 1823 5093 suspicatur
1879 5024 2112 5081 alterius
2184 5041 2309 5082 esse
2372 5024 2649 5087 Simeouis
2694 5043 2858 5095 quam
2910 5027 3315 5099 Melaphrastte,
3382 5038 3437 5084 et
3509 5030 3621 5085 for-

356 5123 505 5169 tasse
531 5112 679 5166 illius
720 5114 809 5181 qui
842 5110 1122 5165 orationes
1172 5126 1299 5163 xxiv
1329 5111 1555 5181 collegit
1601 5127 1666 5165 ex
1700 5112 1958 5181 operibus
2000 5111 2065 5167 S.
2091 5110 2280 5169 llasilii
2314 5132 2328 5170 :
2367 5115 2570 5184 quippe
2604 5114 3001 5184 Metaphrastes
3029 5120 3192 5185 paulo
3218 5131 3347 5176 ante
3383 5118 3621 5174 Psellum

356 5201 411 5255 in
443 5200 582 5256 vivis
606 5216 728 5257 esse
757 5200 939 5255 desiit.
976 5196 1048 5251 Ni
1081 5201 1190 5266 ipse
1220 5197 1454 5265 Psellus,
1495 5198 1776 5269 Symeonis
1817 5199 1897 5252 illi
1949 5198 2324 5273 Chronologia:
2363 5217 2427 5258 ea:
2480 5218 2534 5256 Ix
2584 5202 2883 5269 historicis,
2932 5221 2987 5259 se
3038 5205 3301 5260 decimum
3347 5209 3622 5279 adjunxit,

431 5380 504 5451 (ε)
544 5379 876 5434 lnserihitur
933 5378 1215 5451 Dialogus.
1276 5379 1383 5435 Sed
1420 5379 1553 5433 nihil
1602 5378 1763 5434 habet
1792 5379 1938 5450 quod
2049 5397 2169 5449 cap.
2204 5380 2288 5434 ιι.

355 5444 876 5527 dia_loguin_referat.
963 5524 972 5527 _
1072 5444 1210 5527 fw
1385 5520 1420 5527 _
1496 5520 1508 5527 _
1600 5521 1727 5527 _____
1810 5444 1825 5450 ”
1923 5522 1936 5527 _
2049 5523 2061 5527 _
2121 5444 2432 5527 (eilighoc
2467 5444 2740 5509 Demetrio
2768 5454 2888 5508 vide
2926 5452 3223 5508 Bamnium
3261 5462 3327 5511 ad
3354 5456 3627 5527 Martyro-

428 5520 589 5594 (d‘fln
614 5521 754 5577 Diss.
791 5524 859 5594 de
892 5523 1120 5593 epistola
1149 5521 1356 5594 Vigilii,
1385 5520 1563 5594 Paris.
1592 5521 1751 5585 1642,
1785 5531 1837 5575 et
1872 5522 1938 5576 ad
2049 5520 2476 5594 log.8__0ctohr.

354 5590 560 5649 calcem
584 5594 767 5661 operis
804 5593 881 5647 De
917 5590 1551 5664 concordia'sacerdotii
1622 5603 1672 5645 et
1733 5596 1939 5659 imperii
2055 5663 2058 5664 ν
2118 5590 2189 5664 (f)
2228 5590 2591 5649 Vehementer
2622 5610 2690 5649 eo
2724 5595 2944 5649 nomine
2977 5596 3029 5650 in
3060 5594 3345 5651 Nicolaum
3386 5596 3626 5664 scriptor

356 5667 503 5737 inter
530 5664 947 5737 dissertationes
970 5667 1151 5737 varias
1180 5664 1411 5737 Petride
1435 5662 1637 5737 Marco,
1666 5678 1785 5733 pag.
1807 5665 1935 5727 207,
2052 5662 2504 5737 hichinvehitnr.
2552 5676 2818 5735 vocatque
2883 5684 3008 5723 eum
3080 5684 3177 5737 per
3229 5662 3581 5735 ignominiam
3606 5704 3624 5729 ,

352 5735 457 5796 ἐἳ
491 5749 609 5805 seq.
648 5732 781 5791 Vide
813 5745 867 5790 et
896 5734 1178 5790 Baluaiuin
1203 5735 1265 5790 ad
1302 5734 1393 5789 lib.
1416 5751 1445 5788 v
1476 5733 1721 5801 ejusdem
1744 5732 1937 5805 aperis

1693 5749 1721 5786 n
1744 5732 1937 5805 aperis
2049 5752 2101 5806 p.
2136 5734 2261 5799 598,
2292 5734 2642 5805 ἁγρικὸλαον,
2678 5732 2740 5792 ρι’
2762 5756 2815 5809 p.
2850 5738 2971 5802 599,
3016 5732 3288 5808 ὴτλτίλαοκ).

3464 5907 3585 6001 cf,

3581 6078 3605 6115 ί
3614 6040 3665 6080 ἢ
