4038 6214
368 298 427 359 i3
1815 286 2156 350 NOTITIA.
3572 288 3636 352 Ῑι

359 412 452 464 σίνε
482 404 575 457 alii
601 396 865 453 addidere
889 412 908 450 :
943 410 1079 464 opus
1114 401 1255 448 certe
1279 410 1310 447 a
1340 392 1658 461 Theophane
1712 395 1783 449 ad
1831 379 2149 464 explendam
2204 397 2501 452 Historiam
2539 399 2903 470 Byzantinam
2946 418 3150 455 summe
3181 401 3636 457 necessarium...

366 494 517 550 l’selli
560 488 801 543 Historia
833 485 971 539 lucis
1005 484 1300 553 plurimum
1325 483 1573 550 accipiat,
1625 499 1691 538 ex
1743 483 1856 553 ejus
1893 484 2262 554 Epistolarum
2310 487 2446 540 lecta
2477 504 2636 541 manu
2672 487 2740 541 ad
2772 488 3143 556 imperatores,
3184 486 3451 551 Cwsares,
3484 503 3637 542 sum-

368 598 569 651 mosque
590 575 756 633 seaculi
787 575 1067 641 principes
1103 590 1166 626 ac
1215 573 1592 643 magistratus,
1625 573 1695 627 ad
1724 573 2091 641 patriarchas,
2134 575 2526 643 metropolitas,
2571 575 2936 630 Ecclesiarum
2966 576 3235 630 antistites
3269 592 3332 629 ac
3353 574 3633 645 praesides,

377 690 437 727 ne
459 670 594 725 llic/2.
622 663 892 718 Cerularii
922 677 1022 730 pro
1058 661 1260 733 synodo
1280 661 1681 715 accusationem
1699 660 1900 727 dicam,
1931 661 2270 733 ejusdemque
2297 680 2331 717 a
2358 665 2702 719 Constantini
2747 664 3000 720 Lichudis
3030 666 3121 736 qui
3144 665 3227 719 illi
3249 665 3504 734 suffectus
3532 674 3635 729 est,

389 775 548 816 necnon
568 752 832 821 Iiphilini
873 751 1229 818 ἐπιταφίους,
1265 750 1721 803 luculentissima:
1750 751 1949 804 scilicet
2000 752 2055 804 in
2088 767 2175 805 eos
2202 750 2564 814 laudationes,
2607 754 2747 807 viras
2778 754 3031 807 nimirum
3061 755 3391 824 quiutraque
3428 754 3636 807 militia

394 848 519 903 CPo/i
533 844 729 914 egregie
756 840 1059 909 fulserunt,
1087 854 1150 891 ac
1187 837 1283 891 illo
1315 838 1540 898 dicente.
1567 840 1658 907 qui
1681 839 2139 909 ipsepublicarum
2167 856 2419 893 curarum
2438 842 2502 894 iis
2526 843 2724 906 socius,
2749 859 2810 896 ac
2827 843 3218 898 πολιτευόντων
3240 844 3348 913 fere
3367 860 3632 910 summus,

386 934 684 993 Canstantino
714 929 1027 998 praesertim
1059 925 1420 981 Monomacho
1448 928 1789 994 imperatore,
1825 928 1892 981 ad
1934 945 2089 1001 quem
2123 941 2169 984 et
2206 930 2412 1000 politici
2441 932 2631 999 scripti
2665 948 2771 986 non
2801 934 3084 1001 spernendi
3111 943 3396 989 tractatus.
3432 933 3637 987 Prteter

375 1026 500 1079 llich.
528 1021 691 1077 Pselli
732 1018 1045 1073 Historiam
1090 1016 1261 1071 etiam
1302 1014 1507 1070 Leonis
1562 1014 1790 1070 Diaconi
1847 1017 2084 1074 similem
2138 1021 2580 1078 lucubrationem
2618 1023 2781 1077 edere
2820 1023 3186 1079 Combelisius
3224 1024 3399 1079 altera
3444 1024 3632 1079 statim

368 1110 608 1166 volumine
636 1106 962 1171 constituit,
989 1106 1086 1161 sed
1136 1112 1316 1187 morte
1353 1112 1631 1172 pra-vento
1656 1105 1773 1159 viro
1807 1106 1900 1161 illo
1946 1108 2183 1163 maxime
2212 1108 2501 1175 industrio,
2536 1126 2696 1165 nemo
2736 1110 2836 1162 fuit
2869 1110 3141 1166 hactenus
3184 1112 3278 1181 qui
3323 1112 3636 1167 litterarum

360 1199 608 1254 studiosos
624 1197 730 1251 hoc
755 1194 1034 1250 beneﬁcio
1054 1192 1329 1261 obligaret
1350 1189 1447 1259 (θ’).
1479 1188 1534 1243 In
1555 1191 1747 1247 codice
1765 1192 1931 1264 Regis

2040 1195 2159 1251 tiliae
2184 1196 2342 1263 1857,
2365 1205 2561 1267 praeter
2578 1197 2744 1254 Mich.
2776 1198 2956 1261 Psclli,
2983 1198 3290 1266 φιλοσόφων
3310 1199 3635 1271 ὑπερτίμου,

360 1286 593 1355 epistolas
621 1293 677 1340 et
715 1286 784 1339 de
810 1298 949 1338 casu
979 1282 1171 1350 templi
1202 1280 1261 1332 S.
1283 1279 1503 1348 Sopltiae
1536 1288 1700 1351 atque
1736 1282 1787 1335 in
1811 1280 2079 1339 Joannem
2108 1287 2394 1355 patricium
2432 1285 2741 1353 Monodias,
2771 1285 3087 1353 exstatejus
3116 1284 3273 1339 Varia
3294 1286 3637 1357 Chronogra—

355 1377 726 1448 ptiiaaBasilio
752 1386 803 1431 et
838 1374 1207 1429 Constantino
1261 1371 1710 1443 Porphyrogeniti
1740 1376 1808 1427 ad
1868 1374 2182 1430 Michaelem
2221 1378 2445 1432 Ducam.
2481 1378 2538 1432 In
2565 1379 2673 1433 alio
2719 1378 2909 1433 codice
2934 1377 3177 1447 ejusdem
3208 1379 3451 1434 thesauri
3480 1374 3636 1450 Regii

356 1467 566 1522 occurrit
594 1465 791 1520 Leonis
819 1464 1053 1517 Diaconi
1084 1459 1337 1515 Historia
1389 1461 1454 1514 ab
1505 1476 1721 1516 excessu
1767 1460 2112 1518 Constantini
2142 1465 2580 1537 Porphyrogeniti
2628 1464 2697 1518 ad
2745 1465 3012 1518 Joannem
3052 1464 3367 1520 Tzimiscem
3391 1468 3491 1522 sub
3527 1484 3635 1538 quo

353 1559 564 1626 scriptor
596 1556 689 1609 ille
708 1555 867 1609 vixit.
904 1553 1141 1615 Λέοντος
1170 1549 1429 1604 διακόνου
1477 1550 1687 1622 ἱστορία
1735 1552 1947 1621 ἀρχομέ

2053 1556 2157 1608 ἀπὸ
2200 1555 2301 1623 τῆς
2349 1556 2607 1623 τελευτῆς
2645 1552 2743 1607 τοῦ
2788 1553 3194 1624 αὐτοκράτορος
3231 1554 3326 1607 τοῦ
3375 1555 3629 1625 ἐπιλεγο-

354 1647 496 1715 μένου
531 1644 835 1713 Τζιμισχῆ.
879 1642 1133 1712 Utroque
1157 1646 1214 1693 et
1244 1639 1430 1692 Psello
1456 1645 1505 1693 et
1534 1638 1715 1695 Leone
1736 1638 1982 1697 Diacono
2020 1658 2124 1698 ms.
2188 1659 2326 1699 usus
2381 1644 2439 1698 in
2487 1641 2771 1699 Glossario
2803 1658 2905 1697 suo
2944 1644 3135 1699 Grmco
3166 1644 3554 1699 concinnando
3578 1652 3634 1699 et

353 1738 399 1787 in
425 1734 542 1787 aliis
569 1732 799 1801 scriptis
841 1731 962 1786 suis
1005 1727 1313 1800 praeclarus
1333 1728 1595 1798 Cangius.
1646 1729 1726 1783 Ex
1762 1728 2044 1785 Chronico
2095 1746 2200 1785 ms.
2252 1731 2657 1787 contionatoris
2706 1731 3085 1801 TheOphanis,
3127 1738 3182 1786 et
3223 1731 3401 1786 altero
3434 1731 3627 1785 itidem

352 1839 442 1877 ms.
469 1821 748 1876 Simeonis
781 1819 1109 1891 Logothetae
1134 1816 1404 1872 nonnulla
1429 1816 1497 1870 de
1535 1832 1645 1871 χιιι
1678 1820 2018 1895 martyribus
2061 1818 2481 1875 Amoriensibus
2514 1835 2609 1890 per
2637 1818 2946 1875 Saracenos
2985 1820 3133 1874 circa
3161 1818 3227 1873 Α.
3255 1816 3317 1873 C.
3345 1818 3444 1873 8H
3479 1819 3633 1874 occi-

347 1911 415 1965 sis
446 1909 766 1963 referuntur
792 1907 862 1961 ab
897 1904 1257 1962 Henschenio
1288 1912 1330 1958 t.
1357 1903 1379 1957 ι
1409 1904 1529 1958 Act.
1552 1903 1803 1958 Sanctor.
1830 1904 2044 1972 Martii,
2072 1922 2195 1977 pag.
2219 1906 2347 1969 466,
2376 1908 2502 1973 467,
2533 1918 2585 1961 et
2610 1907 2799 1963 Greece
2836 1923 2958 1977 pag.
2989 1907 3094 1962 894
3129 1921 3247 1978 seq.

404 1997 485 2050 11.
528 1995 783 2066 Denique
814 1994 1205 2050 collectionem
1232 1990 1701 2047 Combclisianam
1732 1992 2068 2063 scriptorum
2105 2003 2230 2064 post
2259 1995 2652 2065 Theophanem
2687 1995 2956 2050 claudunt
2978 1994 3212 2051 Geoncn
3237 1996 3484 2050 monachi
3522 1994 3637 2050 Bia:

337 2089 438 2141 τῶν
467 2089 607 2143 νέων
638 2088 714 2159 (θ’)
746 2087 1047 2157 βασιλέων,
1077 2083 1211 2138 Vitae
1242 2084 1634 2151 imperatorum
1668 2081 1861 2137 Leonis
1888 2083 1929 2137 Α

2044 2084 2128 2149 τηὶ,
2159 2094 2209 2138 et
2234 2084 2323 2154 qui
2362 2094 2479 2154 post
2512 2101 2630 2138 eum
2659 2086 2813 2139 rebus
2847 2085 3198 2155 pratfuerunt,
3221 2100 3397 2154 usque
3429 2085 3495 2139 ad
3526 2083 3639 2139 R0-

334 2193 566 2231 mannm
596 2176 979 2244 Lacapenum,
1018 2188 1139 2227 cum
1168 2172 1284 2242 jam
1330 2170 1732 2226 Constantinus
1760 2170 2329 2245 Porphyrogennetus
2367 2174 2521 2229 solus
2560 2174 2925 2243 imperitaret,
2967 2174 3291 2228 defunctum
3322 2173 3390 2229 A.
3415 2173 3477 2228 C.
3509 2174 3637 2229 9i8.

337 2266 602 2321 Diversus
628 2271 714 2318 est
740 2263 828 2316 hic
859 2260 1130 2331 Georgius
1158 2276 1189 2314 a
1218 2259 1458 2330 Georgio
1498 2256 1841 2327 Hantartolo,
1877 2261 2037 2331 cujus
2078 2261 2394 2317 Chronicon
2438 2262 2507 2316 ab
2532 2260 2760 2316 exordio
2788 2261 2977 2317 mundi
3010 2263 3076 2317 ad
3113 2261 3429 2318 Michaclem
3461 2261 3641 2317 Theo-

335 2354 465 2424 phili
494 2351 823 2415 tilium,sub
848 2365 961 2419 quo
989 2350 1109 2419 ipse
1141 2350 1315 2403 vitam
1342 2348 1562 2419 agebat,
1604 2349 1785 2404 adhuc
1836 2365 1942 2405 ms.
1986 2349 2262 2404 delitescit
2318 2351 2375 2404 in
2431 2350 2601 2405 variis
2633 2350 3006 2406 bibliothecis.
3062 2349 3361 2420 Utriusque
3391 2360 3445 2404 et
3491 2349 3640 2404 tertii

337 2445 561 2511 insuper
590 2439 817 2509 Georgii
849 2437 1461 2494 monachiCltronicon
1495 2436 1616 2491 sive
1644 2435 1945 2492 Historiam
1988 2453 2094 2492 ms.
2132 2438 2409 2494 evolvisse
2463 2453 2523 2493 se
2572 2446 2809 2494 testatus
2855 2446 2942 2494 est
2989 2438 3240 2494 Raderus
3263 2438 3319 2491 in
3366 2436 3640 2493 l’iridario

336 2540 595 2593 sanctor.,
627 2528 777 2583 natis
810 2525 878 2585 ad
912 2524 1096 2580 Vitam
1135 2522 1337 2596 Ignatii
1367 2524 1697 2596 patriarcha
1737 2525 1902 2582 CPol.
1939 2529 2206 2598 scriptam
2227 2544 2256 2580 ει
2280 2525 2474 2581 Niceta
2506 2527 2858 2597 Paphlagone
2886 2543 2901 2579 :
2940 2527 3146 2581 Prazter
3174 2542 3237 2580 ea
3272 2542 3391 2594 qua:
3429 2526 3636 2594 possint

338 2620 406 2670 ad
427 2633 579 2669 oram
610 2614 820 2677 notavi,
854 2613 1058 2681 placuit
1090 2614 1339 2683 quaedam
1368 2622 1582 2667 enatare
1607 2629 1671 2666 ea:
1697 2613 1920 2685 Georgio
1954 2615 2302 2682 Hamartolo,
2336 2616 2425 2685 qui
2456 2615 2698 2670 diversus
2730 2627 2809 2668 est
2855 2632 2887 2668 a
2930 2614 3153 2684 Georgio
3186 2612 3420 2682 syncello
3456 2611 3632 2667 Τανα-

339 2708 427 2769 sii,
458 2705 699 2774 quamvis
734 2704 791 2757 in
835 2704 1011 2768 fronte
1038 2720 1229 2758 nomen
1263 2703 1489 2774 syncelli
1514 2703 1767 2771 prazferat
1803 2705 2089 2760 :diversrts
2134 2706 2261 2759 item
2306 2721 2341 2757 a
2389 2702 2617 2774 Georgio
2642 2705 2901 2757 monacho
2930 2704 3020 2773 qui
3062 2701 3366 2756 Chronicon
3395 2702 3635 2769 scripsit,

339 2796 475 2865 quod
507 2813 540 2849 α
577 2795 846 2848 Panvinio
879 2793 1163 2859 laudatur,
1204 2794 1418 2848 tametsi
1447 2792 1747 2849 Chronicon
1767 2794 1903 2849 illud
1950 2792 2163 2863 Georgii
2192 2808 2382 2846 nomen
2425 2791 2798 2859 prwscriptum
2845 2806 2948 2843 non
2983 2788 3195 2843 habeat.
3228 2787 3355 2841 Tres
3387 2788 3526 2841 enim
3552 2788 3642 2841 di-

342 2901 513 2939 versos
564 2883 858 2937 monachos
912 2882 1309 2951 manuscriptos
1358 2884 1557 2950 partim
1599 2899 1664 2937 ea:
1693 2883 1951 2938 Palatina
1984 2882 2262 2948 Boiorum,
2313 2880 2515 2951 partim
2570 2894 2636 2933 ea:
2682 2881 2996 2950 Augustana
3041 2875 3378 2942 bibliotheca,
3416 2877 3642 2931 ineditos

340 2990 518 3027 omnes
550 2989 644 3027 nec
671 2971 977 3026 translatos
1010 2972 1265 3025 hactenus
1296 2987 1501 3026 mecum
1526 2972 1692 3027 habeo
1730 2973 2069 3044 canferoque.

413 3154 487 3224 (ρ)
518 3152 659 3207 Hinc
701 3161 935 3224 apparet
964 3168 1078 3224 non
1134 3152 1226 3224 diu
1260 3159 1383 3218 post
1405 3150 1631 3207 vixisse.
1660 3148 1932 3206 Caeterum
1970 3166 2008 3221 p;

2043 3167 2091 3222 g.
2126 3151 2231 3207 528
2250 3152 2595 3219 adnotatum,
2619 3151 2723 3216 ἕως
2751 3144 2853 3207 ὧδε
2916 3150 2976 3203 τὸ
3003 3148 3271 3220 Χρονικὸν
3335 3144 3638 3218 Γεωργίου,

338 3222 436 3282 καὶ
468 3227 581 3280 ἀπὸ
612 3225 723 3280 τῶν
744 3222 849 3279 ὦδε
890 3223 987 3275 τοῦ
1022 3222 1348 3290 Λογοθὲτου.

437 3366 500 3435 (⁸)
526 3366 635 3435 Hoc
658 3365 1059 3435 munus_nost_ris
1083 3363 1264 3415 diebus
1295 3363 1532 3426 praestitit
1557 3363 1632 3414 vir
1663 3360 1964 3412 clarissimus
1991 3362 2195 3413 Carolus
2220 3362 2524 3412 Benedictus
2548 3361 2749 3423 Ilasius,
2772 3359 2994 3412 Instituti
3028 3358 3248 3407 Francia:
3281 3362 3332 3406 et
3365 3356 3646 3411 Academia)

339 3429 732 3492 Inscriptionum
756 3429 947 3478 socius.
977 3429 1112 3478 Eutr.
