4038 6214
322 277 396 342 15

1406 267 1926 349 THEOPHANES
1964 264 2527 329 CONTINUATUS.

3528 267 3594 329 16

335 416 3568 447 M

1366 576 2565 718 ΧΡΟΝΟΓΡΑΦΙΑ

1841 838 2154 875 ΣΥΓΠἎΟΕΙΣΛ

524 979 736 1093 ΕΚ
834 973 2100 1093 ΠΡΟΣΤΑΓΜΑΤΟΣ
2185 966 3388 1089 ΚΩΝΣΤΑΝΤΙΝΟΥ

1053 1193 1178 1242 ΤΟΥ
1207 1189 1641 1241 ΦΙΛΟΧΡΙΣΤΟΥ
1687 1188 1801 1239 ΚΑΙ
1841 1186 2487 1239 ΠΟΡΦΥΡΟΓΕΝΝΗΤΟΥ
2516 1184 2845 1234 ΔΕΣΠΟΤΟΥ

1714 1314 1883 1369 ΥιοΥ
1916 1313 2250 1385 ΑΕοΝΤοΣ,

1184 1455 1318 1507 ΤΟΥ
1342 1453 1726 1507 ΣΟΦΩΤΔΤΟΥ
1753 1454 2081 1505 ΔΕΣΠΟΤΟΥ
2104 1454 2205 1506 ΚΑΙ
2230 1450 2744 1505 ΔΥΤΟΚΡΑΤΟΡΟΣ

328 1567 643 1642 ’Λρχομένη
680 1569 694 1599 ¹
726 1566 879 1622 ὅπου
906 1563 1091 1632 ἔληξε
1119 1560 1433 1631 Θεοφάνης
1464 1600 1479 1615 .
1512 1601 1528 1616 .
1564 1598 1581 1616 .
1622 1600 1637 1614 .
1668 1601 1683 1617 .
1716 1597 1731 1615 .

1778 1558 1860 1626 τῷ
1878 1559 2137 1625 ,βασιλεῖ
2157 1558 2396 1629 Μιχαὴλ
2424 1557 2561 1613 υἱοῦ
2587 1558 2907 1628 Θεοφίλου,
2966 1558 3075 1614 τοῦ
3119 1558 3600 1627 κουροπαλάτου,

1101 1654 1295 1724 ἤγουν
1341 1654 1462 1709 ἀπὸ
1495 1652 1607 1723 τῆς
1634 1654 1963 1719 ,βασιλείας
2004 1652 2264 1718 Λέοντος
2325 1650 2432 1706 τοῦ
2455 1651 2770 1720 Ἀρμενίου
2799 1652 2842 1706 ⁸.

609 1780 715 1826 Τῶν
738 1777 788 1825 δὲ
815 1778 917 1824 καθ’
940 1776 1121 1824 ἕκαστα
1142 1772 1226 1827 τὰς
1248 1770 1499 1825 ὑποθέσεις
1519 1772 1545 1817 ὀ
1569 1769 1710 1825 αὐτὸς
1751 1768 1972 1832 βασιλεὺς
2000 1767 2358 1823 Κωνσταντῖνος
2380 1768 2643 1829 φιλοπόνως
2664 1768 2879 1824 συνέλεξε
2914 1770 2994 1818 καὶ
3027 1769 3327 1825 ιύσννὸπτως

1146 1859 1343 1918 ἐξέθετο,
1368 1863 1423 1915 νῆ
1451 1858 1546 1905 τῶν
1572 1857 1593 1888 ³
1638 1856 1891 1916 μετέπειτα
1923 1855 2046 1914 δῆλα
2070 1854 2182 1917 xiv].
2216 1891 2227 1901 .
2256 1890 2268 1904 .
2296 1889 2307 1902 .
2337 1889 2349 1901 .
2382 1859 2466 1911 τῆς
2490 1853 2731 1916 βασιλείας
2749 1854 2789 1902 ⁸.

1924 2026 1996 2040 μ-

1238 2122 2705 2297 CHRONOGRAPHIA

1806 2374 2139 2416 CONSCBIPTA

1040 2504 1273 2565 JUSSU
1314 2504 1630 2565 CHRISTI
1670 2502 2010 2564 AMANTIS
2055 2502 2148 2562 AC
2198 2500 2957 2563 PORPHYROGENNETI

1302 2668 1755 2761 DOMINI
1815 2667 2633 2763 CONSTANTINI

1165 2877 1610 2923 SAPIENTISSIMI
1640 2878 1868 2924 DOMINI
1910 2878 2134 2939 LEONIS
2187 2879 2607 2927 IMPERATONIS
2633 2882 2777 2927 FILII

852 3006 1007 3069 Inde
1040 3006 1272 3068 ducens
1304 3008 1641 3069 exordium
1662 3007 1773 3069 ubi
1809 3007 2209 3088 Theophanes
2265 3008 2451 3072 desiit
2486 3057 2500 3073 .
2549 3055 2564 3072 .
2602 3054 2620 3075 .
2658 3056 2673 3071 .
2711 3059 2725 3073 .
2783 3012 3089 3075 Michaele

411 3116 655 3181 scilicet
691 3111 1025 3192 Theophili
1051 3112 1185 3191 ﬁlio
1212 3111 1607 3192 Curopolata
1632 3113 2037 3193 imperatore,
2076 3112 2192 3174 hoc
2226 3124 2313 3175 est
2344 3134 2382 3175 a
2416 3115 2642 3179 Leonis
2683 3117 2971 3180 Armenii
3032 3120 3319 3198 imperio.
3359 3165 3373 3179 .
3400 3164 3415 3181 .
3452 3137 3511 3181 .;

332 3247 640 3311 Argumenta
659 3240 855 3305 singula
883 3243 1151 3303 imperator
1173 3241 1282 3302 ipse
1300 3237 1657 3290 Constantinus
1680 3239 1905 3290 studiose
1928 3240 2153 3304 collegit,
2175 3250 2228 3292 et
2256 3257 2319 3292 ne
2345 3249 2573 3306 posteros
2594 3249 2909 3308 superiorum
2930 3256 3205 3310 temporum
3229 3255 3371 3312 gesta
3406 3250 3597 3300 lateant

1390 3326 1629 3387 dilucide,
1653 3333 1706 3376 et
1732 3332 1787 3376 ut
1812 3329 1919 3389 capi
1943 3327 2090 3379 facile
2114 3331 2325 3391 possint,
2351 3328 2527 3379 edidit.

407 3636 546 3707 1-3
611 3636 728 3690 Hoc
776 3646 997 3703 quoque
1055 3628 1302 3693 omnino,
1340 3627 1742 3699 sapientissime
1772 3628 1926 3699 prin-
1952 3631 2006 3692 Α

2099 3634 2211 3687 Καὶ
2272 3632 2431 3687 τοῦτο
2477 3634 2716 3700 πάντως·
2743 3636 2854 3691 τῶν
2914 3637 3044 3702 σῶν,
3099 3630 3145 3691 ὦ
3203 3634 3613 3706 φιλοσοφώτατε

334 3745 486 3801 ceps,
518 3729 584 3783 ad
623 3726 728 3782 alia
755 3736 854 3781 tua
885 3723 1168 3794 multaque
1199 3722 1316 3794 ipsa
1346 3730 1402 3777 et
1430 3720 1720 3793 magniﬁca
1751 3737 1918 3777 orna-

336 3830 519 3877 menta
561 3821 901 3888 virtutesque
946 3816 1178 3881 accedit,
1232 3815 1378 3885 quod
1414 3830 1478 3869 ea
1507 3831 1629 3885 qua:
1672 3824 1921 3885 tempore

336 3913 764 3985 perellluxerunt
809 3911 1037 3980 jamque
1089 3922 1213 3963 esse
1264 3906 1569 3973 desierunt,
1633 3907 1701 3962 ad
1753 3910 1918 3964 vitam

335 4008 517 4062 denuo
548 4014 845 4074 ortumque
880 4017 1085 4056 novum
1105 4000 1161 4073 4
1185 4000 1410 4056 studeas
1441 4016 1721 4069 revocare,
1754 4003 1923 4059 histo-

335 4104 539 4172 riaeque
569 4100 772 4156 bonum
805 4114 935 4153 cura
976 4096 1355 4169 prosequaris,
1399 4111 1501 4151 nec
1536 4097 1689 4152 velut
1740 4097 1781 4152 ii
1824 4099 1918 4167 qui

336 4205 462 4249 ante
496 4192 713 4263 imperii
751 4192 965 4246 clavum
1003 4186 1269 4245 moderati
1302 4196 1451 4254 sunt,
1496 4188 1594 4244 abs
1634 4198 1688 4245 te
1720 4190 1921 4261 negligi

335 4286 584 4359 patiaris.
633 4284 813 4354 Atque
852 4284 1050 4337 horum
1101 4280 1347 4351 quidem,
1411 4281 1501 4351 qui
1561 4296 1623 4337 ea
1676 4284 1919 4337 aemulati

333 4390 466 4438 sunt
511 4394 633 4451 qum
666 4393 829 4434 nemo
860 4378 1037 4434 bonus
1090 4392 1333 4448 unquam
1392 4376 1704 4444 aemuletur,
1771 4378 1921 4435 nulla

336 4473 497 4529 nobis
553 4471 833 4527 mentione
882 4470 1092 4534 habita,
1159 4467 1384 4523 fuerunt
1435 4468 1657 4538 quidam
1715 4469 1811 4539 qui
1865 4478 1922 4524 ut

335 4580 503 4637 supra
538 4564 738 4634 vulgus
772 4568 1124 4633 praestarent,
1168 4558 1307 4613 nihil
1358 4572 1543 4629 operae
1591 4567 1918 4629 posuerunt,

333 4660 482 4731 quod
528 4674 704 4729 neque
758 4655 957 4712 litteris
999 4654 1219 4709 educati
1249 4652 1383 4717 sint,
1439 4650 1537 4706 sed
1597 4651 1920 4708 rusticitatis

335 4751 634 4808 ludibrium
687 4748 1128 4819 prepudiumque
1181 4742 1517 4799 exstiterint.
1570 4740 1713 4809 Quid
1770 4744 1919 4799 enim

333 4843 605 4920 ejugmodi
646 4844 1039 4911 imperatorem
1073 4836 1330 4894 excolere
1372 4838 1586 4900 deceat,
1635 4838 1782 4906 quod
1818 4838 1921 4895 bo-

2024 3723 2267 3795 βασιλεῦ.
2294 3724 2498 3791 καλῶν,
2526 3727 2667 3798 μετά
2716 3744 2779 3796 γε
2810 3727 3023 3781 πολλῶν
3070 3726 3250 3782 ἄλλων
3284 3746 3345 3781 τε
3394 3730 3488 3782 καὶ
3522 3746 3613 3799 μευ

2025 3816 2227 3885 γάλων,
2258 3817 2320 3871 τὸ
2344 3818 2414 3872 τά
2436 3817 2514 3889 τῷ
2552 3818 2730 3889 χρόνῳ
2763 3820 3162 3891 παραρῤυέντα
3204 3820 3300 3873 καὶ
3355 3839 3611 3892 κεχωρη-

2026 3912 2159 3964 κότα
2190 3912 2327 3983 πρὸς
2354 3912 2415 3966 τδ
2449 3912 2523 3983 μὴ
2549 3911 2608 3965 ὃν
2652 3911 2791 3982 πρὸς
2822 3912 3159 3977 παλινζωῖαν
3196 3909 3351 3977 αὖθις
3384 3916 3477 3968 καὶ
3504 3932 3612 3967 πα-

2024 4002 2374 4073 λιγγενεσίαν
2414 4005 2715 4073 ἀναγαγεῖν
2746 4003 2833 4075 [Ρ.
2866 4002 2948 4077 2],
2983 4006 3079 4059 καὶ
3107 4005 3199 4060 τοῦ
3235 4007 3335 4076 τῆς
3369 4008 3610 4077 ἱστορίας

2027 4097 2435 4169 ἐπιμεληθῆναι
2460 4096 2651 4163 καλοῦ,
2680 4097 2819 4152 ἀλλά
2852 4098 2928 4167 μὴ
2954 4100 3070 4163 τοῖς
3101 4099 3207 4169 πρὸ
3242 4101 3336 4153 τοῦ
3373 4106 3475 4172 τὴν
3515 4103 3613 4173 βα-

2028 4191 2245 4262 σιλικὴν
2307 4190 2737 4262 ὲπειλημμένοις
2763 4191 2784 4223 ⁸
2809 4190 3149 4263 ἀμεληθῆναι
3181 4194 3381 4265 ἀρχήν.
3412 4197 3474 4249 Οἱ
3512 4198 3612 4267 μὲν

2026 4286 2137 4357 γὰρ
2163 4286 2327 4357 ζῆλον
2358 4287 2699 4356 ἐζηλωκότες
2728 4290 2840 4351 τοῖς
2865 4290 3093 4358 ἀγαθοῖς
3136 4291 3412 4363 ἀζήλωτον
3451 4294 3611 4359 ὑπεξ-

2025 4376 2351 4448 ῃρήσθωσαν
2362 4376 2456 4430 τοῦ
2470 4377 2651 4447 λόγου.
2667 4378 2821 4441 Τινὲς
2836 4378 3232 4452 ⁸διενηνοχέναι
3244 4382 3610 4436 ἐσπουδάκασι

2025 4471 2134 4525 τῶν
2157 4470 2367 4523 πολλῶν
2399 4470 2517 4524 κατ’
2547 4471 2722 4535 οὐδὲν,
2747 4472 2828 4524 ὅτι
2854 4470 2930 4543 μὴ
2962 4471 3124 4541 λόγου
3150 4476 3459 4543 σύντροφοι,
3491 4473 3608 4526 ἀλλ’

2026 4564 2317 4634 ἀγροικίας
2353 4564 2612 4633 γεγόνασι
2640 4566 3095 4637 κατεντρύφημα.
3133 4566 3198 4619 Τί
3232 4567 3339 4638 γὰρ
3364 4566 3608 4622 τοιοῦτον

2026 4654 2277 4721 ὲξασκείν
2330 4656 2711 4729 αὐτοκράτορα
2746 4657 2847 4716 δεῖ.
2892 4657 2919 4709 ὃ
2966 4658 3107 4728 μὴ...
3154 4658 3407 4730 ἐπιφέρει
3449 4662 3469 4692 ⁷
3507 4662 3610 4732 τὴν

2024 4750 2211 4820 ὄνησιν
2258 4750 2398 4820 μετά
2442 4750 2601 4819 λόγου
2650 4750 3032 4821 γινομένων⁸;
3066 4750 3182 4804 δέον
3229 4753 3607 4823 ἐπιμελεῖσθαι

2026 4842 2237 4913 ἀνδρῶν
2279 4843 2375 4895 καὶ
2417 4841 2519 4912 τῆς
2572 4840 2799 4911 λογικῆς
2858 4842 2939 4895 ὅτι
3000 4843 3232 4913 μάλιστα
3271 4844 3600 4917 ἐπιστήμης,

335 4938 470 4998 mini
512 4935 724 4991 ratione
769 4932 998 5004 praedito
1040 4931 1179 4986 nihil
1207 4930 1483 4985 commodi
1529 4929 1756 4986 aﬂ‘erat?
1791 4946 1916 4987 cum
1952 4985 1994 5006 ἢ
2028 4932 2052 4984 ὲ

2028 4930 2090 4995 ἐξ
2121 4924 2196 4984 ὧν
2242 4931 2305 4983 τὸ
2338 4932 2538 4999 κράτος
2576 4931 2881 5003 βασιλείας,
2906 4934 2982 4993 ὡς
3009 4934 3076 4989 ἂν
3109 4934 3183 5006 μὴ
3222 4935 3435 4989 λάθοιεν
3463 4938 3633 4992 κατὰ’

336 5032 511 5104 magis
534 5030 727 5085 deceat
759 5027 1006 5080 virorum
1041 5038 1233 5078 curam
1270 5023 1495 5088 habere,
1529 5025 1918 5095 praecipueque
1951 5021 1995 5042 ”
2029 5042 2054 5077 τ

2029 5021 2272 5095 πρανοῦς
2318 5025 2611 5095 φερόμενοι
2668 5025 3038 5094 ἀλογωθὲντες
3078 5030 3128 5081 οἱ
3178 5028 3474 5099 ἄνθρωποι,
3513 5031 3611 5086 καὶ

338 5125 584 5180 scientia:
608 5118 917 5183 rationalis,
937 5116 1140 5187 quibus
1170 5114 1387 5183 imperii
1420 5113 1592 5168 robur
1606 5126 1921 5187 praestatur,

336 5232 408 5272 ne
450 5216 701 5270 homines
751 5213 807 5267 in
859 5223 1103 5281 praeceps
1160 5215 1385 5262 ruentes
1420 5209 1685 5279 paulatim
1719 5213 1922 5268 obbru-

333 5317 572 5376 tescant,
604 5323 670 5363 ac
696 5322 764 5361 ne
793 5306 844 5361 id
869 5319 980 5375 quo
1018 5301 1294 5358 universis
1328 5301 1721 5373 praecellimus,
1756 5305 1923 5361 silen-

337 5408 414 5459 tio
448 5402 710 5459 traditum
743 5397 1106 5471 periclitetur.

2033 5114 2361 5189 κινδυνεύσῃ
2389 5116 2568 5183 τοῦτο,
2603 5111 2648 5187 ᾧ
2688 5118 2797 5173 τῶν
2827 5118 3043 5172 πάντων
3072 5120 3429 5192 διαφέρομεν,
3462 5124 3612 5191 ἀφω-

2031 5209 2122 5281 νία
2156 5226 2231 5262 πα
2240 5208 2481 5280 ραδοθέν.

1629 5494 1860 5554 νΑῐίΙᾹΞ
1894 5491 2188 5553 LECTION
2196 5490 2301 5547 ES.

404 5600 422 5629 ¹
450 5594 755 5668 ἀρχομένου
786 5589 828 5643 Ρ
875 5588 937 5659 (i.
972 5603 1023 5643 e.
1080 5587 1250 5668 editio
1294 5586 1672 5668 Parisiensisl
1702 5589 1907 5668 invito,
1937 5598 2027 5668 “ut
2060 5586 2274 5668 ﬂasjusﬁ
2314 5589 2572 5668 testatur,
2632 5581 2839 5668 codice.

2965 5584 2986 5613 ²
3036 5592 3159 5655 post
3211 5583 3504 5657 Ἀρμενίου
3552 5586 3606 5641 in

333 5669 377 5723 l‘
398 5653 616 5730 lacuna,
640 5678 763 5735 quae
791 5653 901 5735 noli
933 5668 1016 5735 est
1048 5675 1101 5735 In
1119 5660 1356 5735 codices
1408 5658 1514 5735 {vi}
1540 5653 1673 5735 τῶν]
1696 5653 1913 5735 ἷναίτῆς
1937 5661 1998 5718 Ρ.
2076 5661 2097 5691 ⁸
2126 5658 2223 5729 τῆς
2249 5654 2531 5727 βασιλείας
2557 5668 2669 5709 om.
2702 5653 2762 5708 Ρ.
2838 5655 2858 5685 ⁸
2890 5654 3016 5719 τοὺς
3038 5653 3114 5699 ⁷-
3137 5653 3613 5729 ἑπειλήμμένουςΐ

336 5744 357 5773 ⁸
379 5740 432 5794 οἴ
451 5729 634 5803 τινεςῖ
661 5729 672 5735 ’
709 5734 728 5766 ⁷
757 5732 836 5805 μὴ
866 5730 1051 5803 κοινὴν
1074 5730 1360 5803 ἐπιφέρειῖ
1428 5729 1449 5762 ⁸
1476 5729 1763 5802 γινόμενον
1788 5734 1813 5785 τ
