4038 6214
319 332 389 402 ιγ
1734 330 2194 395 PROCEMIUM.
3538 341 3605 410 te

402 441 543 497 Ἀλλ’
578 442 701 497 ὅσον
728 439 825 511 μίν
869 457 954 494 σο;
987 438 1320 510 πεπόνηται,
1350 436 1624 511 πραότατε
1651 439 1900 511 βασιλεῦ,

2078 440 2354 507 Quantam
2392 456 2523 498 vero
2580 450 2661 508 tu,
2696 442 2991 502 mitissime
3038 447 3317 520 princeps,
3365 464 3592 521 operam

331 535 466 607 περὶ
509 534 605 605 τὴν
628 534 841 604 λογικὴν
876 533 971 586 καὶ
1005 532 1108 603 τὴν
1136 530 1251 585 τῶν
1296 531 1509 603 ἀνδρῶν
1558 534 1906 606 ἐπιμέλειαν,

340 629 432 679 ἵνα
451 620 730 688 dum”...
763 624 1111 696 Θεωρήσουσι
1145 621 1247 693 μὲν
1280 622 1331 676 oi
1383 625 1559 693 σοφοὶ,
1590 623 1673 678 ὅτι
1704 625 1770 697 δὴ
1817 627 1913 680 καὶ

357 720 446 781 σὺ,
478 718 643 788 μᾶλλον
669 716 726 769 δὲ
776 716 844 788 δὴ
877 716 943 769 σὺ
972 714 1191 787 σαφῶς,
1224 718 1309 771 ὅτι
1338 733 1401 785 γε
1430 716 1528 771 καὶ
1572 717 1771 773 ἐκεῖνοι
1818 737 1910 773 σο-

365 812 463 880 φοί.
502 811 726 882 Ἰστορεῖς
778 811 837 865 δὲ
878 811 1067 874 αὐτὸς,
1088 812 1253 881 χεῖρα
1298 811 1477 881 μόνως
1505 811 1706 881 ,λαϐὼν
1752 815 1912 885 ⁴ἡμῶν

369 903 739 974 δισκονουμένην
791 920 901 972 σοι,
935 904 1036 958 ὅσα
1068 906 1181 968 τοῖς
1226 903 1334 975 πρὸ
1366 904 1460 958 σοῦ
1490 904 1770 976 βεσίωται,
1802 908 1910 963 κᾶν

362 996 676 1066 ἀποχρώντως
716 996 886 1068 ἔχωσι
913 997 974 1051 τὸ
1007 996 1215 1067 φαῦλον
1246 997 1343 1050 καὶ
1379 996 1442 1049 οὐ
1473 997 1753 1069 λαμπρὸν,
1785 999 1909 1054 ἐπεὶ

352 1087 423 1139 καί
466 1087 669 1143 τούτων
722 1089 904 1144 ἔνεστι
967 1088 1212 1161 θηρᾶσαι
1274 1090 1390 1153 τοῖς
1463 1089 1774 1154 σπουδαίοις
1844 1092 1913 1146 τὰ

338 1179 581 1249 χρήσιμα.
632 1181 855 1253 ’Δμέλει
911 1180 1211 1253 τοιγαροῦν
1258 1180 1443 1251 πάσης
1505 1181 1765 1253 ἀσχολίας
1805 1184 1904 1238 καὶ¹

334 1270 512 1341 ἀργίας
539 1272 641 1343 τὴν
689 1275 820 1345 περὶ
851 1273 1013 1344 λόγου
1047 1272 1470 1344 προτετιμηκὼς
1506 1274 1765 1346 σπουδὴν,
1814 1276 1911 1331 ἅτε

329 1362 385 1433 δὴ
409 1364 613 1437 τούτουκ
651 1366 894 1438 μάλιστα
918 1369 1034 1432 τοῖς
1069 1368 1340 1439 ὑπηκόοις
1364 1366 1698 1439 φιλομαθέσι
1732 1387 1793 1423 τε
1817 1371 1913 1426 καὶ

328 1455 725 1529 φιλιστοροῦσιν
782 1458 946 1531 ζῆλον
1001 1462 1097 1515 καὶ
1149 1460 1355 1532 ἀρετὴν
1414 1460 1802 1531 ὲγγεννῶντος,
1841 1463 1913 1517 τὰ

329 1548 421 1619 μὲν
456 1551 523 1605 ἐκ
542 1552 650 1607 τῶν
679 1554 1111 1625 γεγραμμένων,
1142 1553 1213 1608 τὰ
1242 1554 1299 1607 δὲ
1327 1554 1394 1608 ὲκ
1420 1554 1533 1608 τῶν
1565 1554 1703 1627 ἀκοῇ
1734 1574 1912 1629 παρα-

323 1639 618 1711 δεδομένων
660 1644 1038 1717 συνηΘροικὼς
1087 1644 1279 1717 ὥσπερ
1336 1662 1389 1698 τι
1423 1645 1602 1700 κοινὸν
1649 1646 1908 1703 διδασκα-

324 1729 458 1787 λεῖον
512 1735 793 1806 προθεῖναι
848 1738 1018 1790 πᾶσιν
1061 1734 1371 1790 ἐϐουλεύσω
1415 1736 1639 1803 καλῶς,
1692 1739 1911 1812 ἐκείνην

2016 534 2265 603 posueris
2297 542 2411 589 tum
2449 536 2503 591 in
2534 537 2788 592 rationali
2811 539 3044 595 scientia
3074 548 3191 596 tum
3220 542 3273 596 in
3319 543 3603 600 hominum

2013 640 2167 691 cura,
2218 636 2280 682 ut
2321 627 2429 682 alia
2460 629 2896 699 praetermittam,
2930 634 3450 692 commemorabunt
3480 653 3607 705 qui-

2013 718 2136 773 dem
2172 718 2426 775 homines
2456 721 2756 790 sapientes,
2796 723 3019 792 quando
3045 735 3099 780 et
3123 735 3178 781 tu
3210 728 3348 798 ipse,
3391 726 3475 782 vel
3509 742 3604 799 po-

2012 809 2124 865 tius
2155 815 2216 865 tu
2248 808 2366 880 ipse
2398 809 2600 880 palam,
2650 812 2797 882 quod
2829 820 2884 869 et
2915 813 2991 869 illi
3030 817 3331 886 sapientes.
3387 814 3606 872 Scribis

2012 909 2197 954 autem
2231 899 2370 970 ipse,
2423 915 2647 957 manum
2683 903 2952 959 duntaxat
2993 916 3239 962 nostram
3299 908 3397 964 tibi
3435 908 3602 964 mini-

2012 999 2283 1046 strantem
2336 1006 2651 1058 assumens,
2694 1007 3037 1064 quaecunque
3077 997 3382 1067 superioris
3427 997 3608 1053 aetatis

2013 1078 2335 1138 hominibus
2388 1091 2541 1154 gesta
2595 1093 2919 1151 noscuntur,
2974 1089 3195 1143 tametsi
3256 1089 3345 1143 illa
3387 1088 3609 1145 abunde

2014 1174 2215 1231 vitiosa
2238 1177 2348 1231 sint
2376 1191 2477 1231 nec
2497 1176 2720 1231 virtutis
2745 1176 2905 1233 laude
2925 1178 3227 1245 admodum
3256 1181 3604 1252 splendeant,

2014 1269 2161 1339 quod
2211 1269 2342 1324 hinc
2388 1285 2609 1341 quoque
2654 1270 2761 1325 viri
2808 1271 3043 1328 studiosi
3070 1273 3423 1329 commodum
3462 1274 3605 1331 refe-

2014 1369 2162 1418 rant.
2225 1362 2371 1418 Sane
2402 1364 2569 1434 igitur
2608 1362 2762 1418 omni
2815 1364 2923 1419 alia
2966 1369 3333 1436 occupatione
3381 1369 3611 1439 otioque

2014 1453 2342 1509 eruditionis
2391 1453 2819 1526 litterarumque
2879 1472 3026 1512 curae
3053 1458 3403 1528 posthabitis,
3463 1462 3612 1531 quod

2016 1544 2279 1600 nimirum
2331 1561 2395 1601 ea
2442 1562 2532 1602 res
2567 1547 2835 1603 doctrina:
2886 1547 3243 1621 historiaeque
3292 1552 3611 1609 amantibus

2018 1638 2367 1693 subditorum
2420 1639 2622 1695 animis
2674 1641 3083 1698 aemulationem
3118 1642 3499 1717 virtutemque
3521 1645 3614 1700 in-

2016 1727 2180 1794 ferat,
2227 1744 2295 1785 ex
2340 1730 2407 1784 iis
2443 1730 2493 1801 5
2530 1744 2652 1800 quae
2680 1740 2777 1787 aut
2808 1731 2877 1787 ah
2906 1731 3030 1789 aliis
3058 1733 3263 1804 scripta
3306 1744 3403 1791 aut
3444 1738 3609 1793 audi-

321 1824 526 1897 ταύτης
563 1829 583 1859 ⁹
616 1830 796 1900 ἀρχὴν
825 1824 967 1883 εἶναι
993 1831 1219 1902 νομίσας
1252 1829 1355 1900 τῆς
1382 1830 1628 1902 ἱστορίας
1653 1809 1909 1905 ἀρίστην,

2020 1823 2171 1877 tione
2205 1831 2429 1893 accepta
2463 1832 2593 1879 sunt
2637 1840 2807 1879 unum
2843 1840 3046 1896 corpus
3082 1836 3410 1897 contexens,
3451 1844 3611 1889 com-

319 1918 419 1985 τὴν
440 1921 520 1992 τῷ
544 1924 830 1997 μακαρίτῃ
857 1925 1123 1994 Θεοφάνει
1165 1923 1468 1997 γενομένην
1490 1926 1809 1997 κατάληξιν,
1836 1927 1912 1999 (1)

319 2008 570 2079 [πάντων
612 2015 725 2068 τῶν
768 2016 1038 2086 βασιλέων
1056 2017 1160 2080 ἓως
1186 2017 1278 2071 τοῦ
1311 2018 1433 2072 νυνὶ
1465 2019 1659 2090 καιροῦ
1692 2022 1786 2074 καὶ
1815 2021 1917 2092 τῆς

320 2103 619 2179 βασιλείας
658 2123 755 2160 σου
782 2107 856 2160 τὰ
895 2108 1255 2179 πεπραγμένα
1278 2110 1365 2165 διὰ
1397 2110 1560 2180 λόγου
1586 2110 1873 2166 συλλαϐεῖν
1898 2130 1913 2146 ·

323 2197 381 2248 ιι
407 2198 509 2251 καὶ
535 2196 632 2251 τοῦ
656 2199 907 2269 ἀοιδίμου
930 2217 1020 2253 σου
1069 2202 1292 2256 πάππου
1309 2203 1406 2258 τοῦ
1431 2205 1490 2260 ὲν
1519 2204 1802 2276 βασιλεῦσι
1823 2207 1917 2261 εὐ-

320 2286 523 2352 κλεοῦς
558 2287 825 2359 βασιλέως
850 2291 1124 2347 Βασιλείου
1152 2295 1218 2349 τὰ
1239 2295 1393 2367 παρὰ
1416 2297 1509 2351 σοῦ
1539 2298 1915 2370 ἱστορούμενα,

318 2378 416 2431 καὶ
443 2379 589 2449 μετὰ
617 2382 800 2453 πάσης
828 2386 1122 2456 σαφηνείας
1142 2388 1238 2441 καὶ
1262 2387 1422 2458 λόγου
1451 2390 1753 2462 εὐκοσμίας
1775 2393 1918 2446 κατὰ

312 2469 375 2523 τὸ
428 2470 544 2525 τῶν
608 2474 922 2545 γενομένων
975 2478 1177 2551 ἀληθὲς
1231 2481 1328 2534 καὶ
1383 2482 1680 2553 εἰλικρινὲς
1731 2485 1813 2547 είς
1856 2485 1920 2538 τὸ

313 2564 556 2634 φανερὸν
603 2566 758 2637 παρὰ
806 2568 907 2638 τῆς
957 2572 1055 2641 σῆς
1116 2571 1614 2645 πολυμαθεστάτης
1657 2576 1918 2646 είδήσεως

313 2652 778 2727 ὶξαγορευθέντα,
830 2663 1086 2734 περιττὸν
1127 2664 1194 2720 ἂν
1251 2665 1337 2738 εἴη
1398 2667 1674 2724 οὐδοτιοῦν
1728 2669 1921 2743 διηγή-

313 2748 545 2824 σασθαι]
591 2751 653 2806 δν
707 2755 853 2809 κατὰ
919 2759 1243 2827 συγγένειαν
1295 2762 1390 2817 καὶ
1456 2763 1798 2835 ἀγχιστείαν,
1857 2764 1918 2819 τὸ

312 2837 459 2895 εἶναι
495 2844 691 2909 υίωνδς
734 2845 943 2918 λαχὼν,
969 2850 1371 2924 ἁποσεμνύνεις
1427 2872 1489 2909 τε
1534 2858 1601 2911 ἐκ
1642 2856 1752 2912 τῶν
1806 2857 1918 2913 σῶν

316 2934 525 3079 ίιὲινῶς
574 2938 672 2991 καὶ
723 2940 1155 3013 ἀντιλαμϐάνεις
1194 2942 1354 3011 αὖθις
1402 2949 1534 3020 παρ’
1592 2950 1761 3007 αὑτοῦ
1794 2969 1918 3009 τινα

318 3043 341 3078 ε
382 3027 599 3079 κλειαν.

318 3027 599 3084 εὗκλειαν.

416 3289 492 3365 ῙΡ.
524 3294 597 3364 3].
645 3294 885 3363 Ἐκεῖνος
920 3297 1025 3370 μὲν
1054 3297 1148 3352 οὖν
1178 3299 1261 3363 είς
1283 3298 1384 3371 τὴν
1434 3299 1531 3354 τοῦ
1561 3300 1917 3372 κουροπαλά-

330 3401 426 3437 του
453 3387 672 3459 Μιχαὴλ
707 3389 990 3460 βασιλείαν
1011 3394 1107 3447 καὶ
1131 3388 1304 3467 ἧτταν
1354 3395 1455 3466 τὴν
1485 3395 1551 3449 ἐκ
1589 3394 1699 3450 τῶν
1747 3395 1920 3449 Βουλ⁹

327 3481 515 3550 γὰρων
543 3482 835 3553 συμϐᾶσαν
864 3485 1015 3558 αὐτῷ
1044 3489 1553 3560 καταπροδοθὼτος
1593 3491 1638 3523 ιο
1671 3490 1778 3545 ὑπὸ
1806 3492 1919 3545 τῶν

331 3572 525 3628 ἑαυτοῦ
575 3576 873 3648 κατέληγε,
904 3579 1005 3651 τῆς
1061 3579 1156 3633 τοῦ
1191 3580 1421 3646 Λέοντος
1465 3582 1626 3654 μόνον
1658 3584 1921 3655 μνησθεὶς

328 3670 705 3742 ἀναρρήσεως,
741 3673 911 3745 μηδὲν
937 3675 1065 3746 μήθ’
1088 3675 1212 3731 ὅθεν
1232 3673 1299 3746 ἦν
1352 3678 1480 3750 μήθ’
1504 3680 1655 3743 ὅπως
1703 3680 1918 3753 ἐτράφη

330 3763 485 3833 δῆλον
540 3768 656 3830 τοῖς
699 3767 1140 3837 ἀναγινώσκουσι
1179 3770 1523 3843 πεποιηκώς.
1584 3773 1781 3844 Ἡμεῖς
1826 3774 1918 3840 δὲ,

334 3854 519 3929 ῶσπερ
545 3861 613 3930 τῇ
651 3860 864 3933 κεφαλῇ
898 3860 970 3915 τὰ
992 3863 1129 3917 ἄλλα
1155 3866 1297 3936 μέρη
1326 3865 1715 3933 συνάπτοντες,
1748 3867 1921 3939 αὐτήν

336 3970 390 4007 τε
435 3957 539 4027 τὴν
579 3957 828 4029 ἱστορίαν
876 3957 1175 4033 όλόσωμον,
1201 3961 1316 4014 ἀλλ’
1340 3963 1439 4033 οὐχ
1498 3963 1752 4034 ἡμιτελῆ·
1784 3963 1923 4016 ἀπο-

336 4047 649 4121 δείκνυμεν,
694 4051 792 4105 καὶ
857 4052 996 4125 πρὸς
1048 4053 1139 4107 τὸν
1204 4054 1334 4126 ἑξῆς
1387 4053 1486 4108 καὶ
1526 4056 1681 4111 κάτω
1725 4056 1922 4127 χρόνον

336 4144 441 4207 τοῖς
463 4142 541 4215 μὴ
558 4144 935 4216 ῥᾳθυμότερον
966 4144 1101 4209 ζῶσι
1123 4147 1536 4221 διαϐιϐάζομεν,
1567 4148 1780 4221 κέρδος,
1805 4149 1922 4204 ἀλλ’

335 4237 389 4289 οὐ
425 4236 640 4307 ζημίαν
690 4239 875 4302 αὐτοῖς
924 4239 1295 4310 ποριζόμενοι,
1327 4243 1445 4309 είγε
1491 4242 1555 4311 δὴ
1604 4239 1771 4295 καλὸν
1827 4240 1925 4295 καὶ

336 4328 466 4399 πρὸς
494 4330 805 4398 ἀσφάλειαν
845 4329 1031 4386 εὔοδον
1067 4332 1176 4387 τῶν
1203 4331 1430 4402 ἀγαθῶν
1472 4350 1534 4388 τε
1580 4333 1783 4404 καὶμὴ
1831 4333 1923 4388 τὸν

337 4418 446 4489 βίον
476 4419 889 4490 διαγινώσκειν.

2020 1932 2243 1973 munem
2276 1919 2434 1989 quasi
2458 1919 2710 1975 scholam
2747 1920 3026 1977 universis
3069 1936 3377 1991 proponere
3422 1928 3611 1996 sagaci

2020 2012 2255 2067 consilio
2294 2012 2610 2080 decrevisti,
2658 1998 2826 2083 hujus
2877 2014 3119 2069 historiae
3157 2014 3292 2069 illud
3338 2015 3611 2086 optimum

2021 2111 2176 2160 ratus
2230 2105 2477 2170 initium,
2528 2106 2625 2161 ubi
2674 2106 2851 2163 felicis
2907 2107 3192 2163 memoriae
3244 2106 3613 2178 Theophanes

2021 2196 2299 2253 scribendi
2348 2198 2513 2254 ﬁnem
2556 2198 2797 2267 fecisset,
2832 2196 2934 2271 [ita
2962 2199 3222 2254 nimirum
3275 2210 3335 2256 ut
3363 2201 3609 2256 omnium

2022 2290 2419 2361 imperatorum
2450 2290 2519 2347 ad
2553 2291 2698 2348 hanc
2726 2307 2903 2363 usque
2949 2301 3165 2348 aetatem
3207 2302 3477 2365 tuumque
3507 2294 3614 2349 im-

2021 2383 2238 2453 perium
2282 2398 2372 2440 res
2419 2392 2602 2454 gestas
2636 2398 2893 2439 sermone
2945 2384 3367 2454 complectatur.
3426 2385 3615 2453 Quan-

2021 2490 2185 2544 quam
2217 2473 2407 2547 inclyti
2436 2477 2522 2531 avi
2562 2477 2664 2541 tui,
2708 2476 2852 2533 inter
2883 2478 3165 2547 Augustos
3193 2477 3342 2532 fama
3370 2478 3616 2533 celeber-

2021 2569 2174 2633 rimi,
2213 2568 2401 2625 Basilii
2445 2570 2799 2640 imperatoris
2848 2579 3002 2640 gesta
3041 2570 3142 2624 abs
3186 2578 3239 2625 te
3276 2570 3615 2640 conscripta,

2020 2660 2287 2731 omnique
2335 2660 2732 2731 perspicuitate
2780 2675 2847 2716 ac
2908 2660 3183 2717 sermonis
3232 2671 3430 2717 ornatu
3488 2676 3618 2718 vere

2020 2752 2347 2823 sincereque
2404 2753 2472 2808 ab
2518 2753 2894 2810 eruditissima
2949 2754 3243 2824 prudentia
3294 2763 3411 2821 tua,
3462 2754 3618 2809 omni

2019 2846 2255 2918 denique
2308 2847 2415 2903 [ide
2474 2856 2721 2913 narrata,
2784 2845 3123 2918 superﬂuum
3167 2846 3329 2903 nobis
3389 2847 3462 2904 sit
3499 2848 3614 2903 ullo

2021 2935 2185 2991 modo
2204 2933 2528 3007 retractare]
2565 2950 2723 3005 quem
2757 2935 3045 3007 sanguinis
3078 2934 3484 2992 necessitudine
3529 2935 3619 3007 (il-

2020 3027 2129 3084 lius
2164 3028 2280 3097 ipse
2313 3028 2509 3099 nepos)
2536 3027 2765 3099 propius
2800 3028 3130 3100 contingens
3156 3043 3282 3084 cum
3318 3028 3429 3085 tuis
3451 3043 3620 3084 orna-

1946 3160 1991 3218 ο
2024 3120 2223 3177 mentis
2249 3119 2468 3176 abunde
2495 3121 2773 3218 honestas,
2831 3131 2944 3177 tum
2998 3134 3196 3177 rursus
3219 3119 3512 3190 quamdam
3546 3120 3617 3177 ab

2023 3228 2089 3269 eo
2115 3213 2419 3267 claritatem
2452 3212 2676 3281 recipis.

2094 3303 2147 3358 ls
2180 3316 2347 3372 porro
2398 3304 2454 3357 in
2508 3302 2791 3358 Michaelis
2833 3305 3182 3375 Curopalata:
3226 3305 3463 3375 imperio
3516 3320 3616 3362 ac-

2023 3407 2291 3466 ceptaque
2312 3411 2345 3452 a
2373 3394 2625 3467 Bulgaria
2651 3395 2807 3451 clade
2832 3410 2931 3471 per
2959 3411 3192 3453 suorum
3217 3396 3615 3468 proditionem,

2024 3488 2223 3544 Leonis
2257 3488 2530 3545 duntaxat
2583 3489 2916 3560 proclamati
2950 3490 3185 3559 Augusti
3255 3489 3414 3545 evius
3441 3488 3616 3546 ‘facta

2024 3581 2327 3648 mentione,
2357 3581 2641 3638 scribendi
2673 3581 2839 3639 ﬁnem
2872 3580 3022 3648 fecit,
3050 3581 3285 3654 ejusque
3330 3597 3434 3639 nec
3459 3592 3620 3639 nata-

2021 3675 2104 3731 les
2147 3684 2243 3733 aut
2290 3676 2547 3745 patriam,
2584 3690 2688 3732 nec
2730 3675 3115 3732 educationem
3149 3675 3450 3732 lectoribus
3483 3690 3618 3746 ape-

2024 3768 2156 3824 ruit.
2212 3768 2326 3825 Nos
2365 3780 2547 3824 autem
2574 3769 2724 3825 velut
2756 3768 3007 3824 membra
3037 3769 3249 3840 reliqua
3278 3769 3445 3840 capiti
3485 3768 3619 3839 jun.

2025 3867 2217 3929 gentes
2258 3868 2372 3915 tum
2409 3859 2591 3930 ipsum
2634 3859 2883 3915 historiae
2922 3874 3128 3930 corpus
3166 3860 3464 3931 integrum,
3505 3874 3626 3918 non.

2025 3951 2185 4020 quasi
2223 3950 2450 4008 dimidia
2475 3959 2633 4024 parte
2662 3953 2945 4019 mutilum,
2968 3961 3454 4024 repraesentamus,
3502 3961 3630 4007 tuus.

2024 4042 2093 4097 ad
2131 4058 2196 4097 ea
2227 4058 2351 4111 quae
2388 4043 2651 4117 deinceps
2697 4046 3016 4117 secutisque
3065 4043 3417 4116 temporibus
3463 4052 3619 4115 gesta

2027 4144 2159 4190 sunt
2185 4136 2548 4204 traducimus,
2588 4154 2704 4194 rem
2733 4139 2948 4195 scilicet
2970 4145 3300 4211 praestantes
3330 4136 3403 4192 iis
3434 4136 3530 4207 qui
3562 4134 3616 4190 in

2027 4228 2140 4285 otio
2163 4237 2219 4285 et
2254 4228 2467 4284 desidia
2492 4230 2677 4287 vivere
2704 4232 2984 4289 noluerint
3012 4232 3227 4296 utilem,
3263 4229 3511 4299 nihilque
3535 4229 3638 4283 eis.

2026 4321 2214 4378 damni
2251 4320 2590 4378 aﬂerentem.
2644 4323 2860 4395 Quippe
2885 4324 3092 4381 bonum
3121 4332 3208 4378 est
3230 4329 3286 4377 et
3306 4320 3374 4375 ad
3402 4318 3616 4373 securi-

2029 4423 2196 4470 tatem
2236 4430 2362 4471 cum
2394 4414 2591 4486 primis
2624 4414 2757 4470 utile
2803 4426 2863 4470 ut
2902 4416 3177 4472 bonorum
3216 4413 3425 4485 pariter.
3450 4419 3617 4485 atque

2030 4509 2309 4565 maiorum
2342 4509 2512 4566 vitam
2545 4521 2972 4580 c0gnoscamus.

1631 4645 1866 4702 VARUE
1900 4644 2315 4707 LECTIONES.

414 4740 435 4772 ⁹
467 4739 676 4811 ταύτην
711 4739 891 4812 vulgo.
969 4737 1016 4772 ⁸⁸
1044 4738 1555 4812 καταπροδοθεξντιῖ

1836 4834 2069 4894 ΝΟΤΕ.

398 4935 473 5007 (1)
510 4935 732 4995 inclusa
768 4934 952 4993 addita
980 4950 1045 4992 ex
1082 4934 1397 5008 conjectura
1433 4932 1499 4991 ﬂ.
1531 4931 1595 4990 P.
1630 4930 1816 5002 Goari,
1844 4945 2020 5005 eaque
2049 4949 2157 4992 non
2189 4934 2316 5004 levi,
2348 4935 2443 4993 sed
2474 4949 2541 4992 ex
2572 4932 2857 5006 scriptoris
2890 4934 3063 5006 ipsius
3097 4932 3281 4991 verbis
3311 4935 3505 5006 petite.
