4038 6214
385 310 455 378 19
1487 317 1997 381 THEOPHANES
2029 316 2595 378 CONTINUATUS.
3588 305 3657 368 ΞΟ

1726 637 2095 725 ΛΟΓΟΣ
2168 630 2289 720 Λ’.

1438 819 1597 873 ΠΕΡΙ
1642 819 1781 873 ΤΗΣ
1823 817 2187 874 ΒΑΣΙΛΕΙΑΣ
2249 815 2593 872 ΛΕΟΝΤΟΣ.

1753 1151 2114 1239 LIBER
2198 1151 2277 1236 l.

1520 1339 1768 1396 LEONIS
1787 1337 2075 1395 ARMENII
2110 1334 2473 1394 IMPERIUM.

388 1692 403 1699 “
457 1689 518 1759 6
548 1684 605 1739 '1.
647 1682 780 1754 Ejus
808 1680 999 1751 itaque
1046 1692 1207 1749 quem
1256 1674 1506 1730 dicebam
1543 1669 1746 1725 Leonis
1791 1666 1963 1737 patria
1991 1664 2045 1725 Α

386 1757 645 1831 Armenia
676 1770 797 1826 fuit.
822 1768 1008 1825 Genus
1037 1765 1236 1837 partim
1273 1779 1337 1818 ex
1371 1761 1640 1833 Assyriis,
1667 1757 1870 1829 partim
1904 1771 1969 1809 ex

388 1869 526 1939 ipsis
569 1863 846 1920 Armeniis
886 1867 1251 1932 propagatum
1289 1856 1411 1911 fuit.
1464 1853 1530 1908 lli
1562 1868 1688 1909 cum
1724 1849 1974 1906 scelestae

389 1960 588 2015 mentis
632 1954 919 2027 proposito
951 1952 1094 2007 truci
1126 1965 1260 2006 nece
1292 1955 1550 2019 parentes
1593 1942 1974 2004 sustulissent,

388 2050 585 2105 exsilio
617 2046 863 2103 damnati
894 2052 1045 2111 sunt;
1085 2043 1280 2111 inquo
1309 2039 1458 2093 velut
1486 2033 1725 2107 profugi,
1766 2046 1976 2104 paupe-

389 2158 507 2198 rem
549 2140 849 2197 tolerantes
878 2137 1070 2202 vitam,
1112 2148 1275 2204 quem
1322 2130 1755 2190 nominavimus,
1802 2124 1975 2178 feram

389 2235 623 2292 bestiam
657 2238 1042 2301 susceperunt.
1101 2225 1222 2281 Jam
1273 2226 1457 2294 itaque
1506 2219 1618 2275 Leo
1668 2214 1977 2287 pubertatis

389 2343 564 2385 annos
598 2326 880 2397 ingressus
918 2322 975 2377 in
1019 2320 1278 2392 oppidum
1317 2316 1482 2371 Pidra
1530 2313 1775 2376 nomine,
1831 2307 1977 2379 quod

389 2421 749 2477 Orientalium
785 2414 1048 2472 thematis
1075 2421 1181 2479 est,
1213 2409 1512 2482 migravit:
1552 2406 1648 2463 ubi
1682 2419 1809 2460 cum
1843 2402 1977 2457 viri-

389 2516 470 2570 les
504 2527 678 2569 annos
708 2510 1004 2581 attigisset,
1033 2500 1478 2562 bellicosissimis
1512 2500 1646 2555 viris
1690 2496 1979 2553 truculen-

390 2605 732 2673 tissimisque
752 2604 1207 2659 connumeratus,
1229 2593 1439 2651 strenui
1459 2592 1727 2661 fortisque
1743 2585 1981 2659 pectoris

390 2699 494 2753 viri
531 2697 692 2751 laude
723 2693 945 2749 claruit.
991 2689 1340 2759 Nicephorus
1380 2700 1506 2741 cum
1539 2698 1636 2754 per
1675 2682 1728 2737 id
1762 2690 1983 2749 tempus

391 2789 610 2860 imperii
642 2786 890 2841 habenas
930 2781 1334 2841 moderaretur,
1391 2778 1445 2831 in
1482 2774 1735 2845 Bulgaria
1780 2771 1983 2840 insigni

394 2883 657 2937 Romana:
687 2876 766 2931 rei
807 2872 1049 2929 ludibrio
1079 2870 1379 2931 occubuit.,
1417 2867 1750 2937 Supremum
1793 2864 1842 2918 is
1879 2863 1983 2917 du-

392 2984 510 3025 cem
533 2963 892 3029 Bardanium,
913 2966 1281 3031 cognomento
1298 2955 1562 3018 Turcnm,
1590 2953 1977 3016 destinaverat,

393 3059 643 3127 quinque
669 3062 803 3109 tunc
843 3048 1196 3108 orientalium
1231 3046 1536 3101 thematum
1569 3052 1816 3113 agentem
1842 3055 1982 3110 prae-

396 3147 592 3209 sidem,
640 3156 707 3197 ac
738 3155 847 3211 qua
880 3138 1120 3208 pollebat
1163 3134 1360 3190 bellica
1399 3131 1718 3186 fortitudine
1747 3145 1812 3183 ac
1853 3129 1982 3183 reli-

396 3248 630 3306 quarum
648 3232 913 3286 virtutum
946 3226 1128 3292 laude,
1153 3223 1379 3295 provida
1409 3235 1538 3275 cura
1562 3224 1981 3289 gubernantem.

395 3329 567 3384 Porro
612 3320 942 3383 Bardanius,
981 3329 1044 3374 ut
1095 3316 1185 3372 cui
1243 3315 1483 3370 hostium
1539 3312 1703 3381 potiri
1740 3311 1795 3366 in
1844 3312 1986 3365 votis

396 3428 562 3484 esset,
593 3433 661 3473 ac
689 3429 813 3472 cum
850 3412 955 3468 sibi
986 3412 1103 3481 ipse
1137 3409 1384 3479 quotidie
1414 3406 1709 3477 imperium
1744 3405 1987 3460 somnia-

397 3520 503 3577 ret,
528 3512 677 3564 hunc
705 3507 901 3575 dequo
931 3503 1210 3572 loquimur
1233 3499 1496 3563 Leonem,
1527 3498 1803 3551 hominem
1834 3495 1984 3564 gravi

397 3603 654 3671 trucique
686 3606 914 3668 aspectu
946 3595 996 3665 7
1028 3602 1193 3664 atque
1223 3592 1410 3647 animo
1438 3605 1731 3662 generoso,
1780 3588 1987 3659 quique

397 3703 666 3767 praetcrea
699 3687 984 3758 colloquio
1030 3684 1266 3741 blandus
1297 3684 1578 3738 videretur
1624 3681 1986 3751 moribusque

400 3787 666 3848 urbanus,
706 3783 825 3839 suis
852 3791 969 3836 tum
1006 3778 1335 3835 satellitibus
1367 3791 1431 3830 ac
1456 3775 1739 3830 ministris
1758 3773 1981 3842 adlegit,

397 3890 563 3949 atque
588 3878 693 3933 hoc
709 3875 971 3947 priorem,
1009 3880 1105 3927 aut
1126 3878 1275 3928 certe
1302 3869 1455 3926 brevi
1482 3878 1629 3940 post,
1659 3867 1981 3925 Michaelem

400 3970 651 4034 Balbum,
707 3981 927 4022 necnon
977 3964 1246 4020 Thomam
1302 3964 1518 4021 Gazura
1552 3962 1750 4033 palude
1794 3960 1988 4017 oriun-

398 4064 531 4118 dum
565 4100 583 4128 ,
639 4059 872 4132 abiecta:
936 4072 1131 4115 omnes
1185 4057 1350 4112 sortis
1416 4056 1670 4110 homines
1729 4055 1988 4124 nullaque

402 4156 666 4215 hactenus
698 4152 946 4207 nominis
983 4150 1235 4207 claritate
1259 4148 1614 4218 conspicuos,
1646 4161 1710 4201 ac
1740 4147 1836 4216 qui
1870 4156 1985 4201 tum

399 4250 642 4319 primum
690 4246 1014 4301 militarium
1059 4244 1317 4299 ordinum
1371 4243 1605 4299 ducibus
1636 4241 1986 4311 tribunisque

401 4339 792 4396 innotuissent.

470 4475 525 4529 2.
565 4472 630 4527 Hi
670 4487 803 4543 ergo
856 4469 953 4525 toti
1002 4483 1035 4525 ο
1087 4465 1361 4523 Bardanio
1419 4466 1755 4538 pendebant,
1823 4465 1991 4535 inque

402 4587 523 4626 eum
548 4582 740 4624 omnes
771 4582 895 4636 spes
924 4579 1052 4619 suas
1084 4562 1364 4618 Saecularis
1398 4560 1659 4616 claritatis
1685 4558 1988 4628 jactabant.

406 4662 709 4717 Bardanius
739 4673 906 4731 porro
935 4658 1149 4728 imperii
1180 4652 1535 4710 nanciscendi
1566 4652 1864 4722 cupiditate
1899 4650 1992 4705 ﬂa-

404 4770 571 4827 grans
600 4755 723 4807 viro
752 4754 970 4808 cuidam
996 4753 1051 4807 in
1077 4750 1407 4805 Pbilomelio
1432 4747 1794 4803 monasticam
1824 4747 1989 4801 vitam

406 4846 591 4919 agenti
628 4845 849 4914 illicque
883 4843 1248 4898 commoranti
1281 4842 1398 4911 ejus
1424 4840 1755 4911 quandoque
1784 4840 1993 4909 adipis-

406 4938 567 4995 cendi
599 4937 850 4992 animum
889 4934 1085 5003 aperit,
1116 4948 1180 4986 ac
1212 4930 1429 4987 confert
1457 4931 1773 4994 c0nsilinm,
1806 4938 1992 4998 rogat-

406 5049 512 5103 que
547 5039 607 5087 ut
646 5027 927 5099 supplices
955 5024 1021 5080 ad
1066 5024 1239 5078 Deum
1284 5040 1380 5094 pro
1439 5039 1504 5078 co
1547 5039 1738 5089 preces
1776 5023 1989 5091 fundat,

406 5140 518 5195 quo
547 5123 670 5193 ejus
693 5135 919 5193 gressus
948 5117 1256 5187 dirigantur
1285 5130 1463 5185 exque
1497 5117 1609 5170 voti
1644 5117 1858 5171 ratione
1892 5118 1994 5169 im-

409 5218 546 5289 perii
583 5230 814 5283 compos
868 5211 982 5267 ﬁat.
1036 5209 1117 5264 Ad
1152 5224 1315 5280 quem
1355 5209 1605 5278 protinus
1644 5212 1991 5266 monachus:

410 5312 564 5378 Noli,
597 5309 864 5374 Bardani,
895 5305 1158 5377 ejusmodi
1204 5303 1406 5373 aliquid
1448 5314 1638 5358 temere
1674 5308 1889 5377 aggredi
1932 5326 1994 5362 ac

406 5417 751 5475 pra'sumere,
805 5400 944 5453 unde
983 5399 1227 5469 futurum
1273 5407 1331 5450 ut
1378 5398 1732 5452 substantiam
1776 5402 1994 5455 amittas

406 5508 457 5551 et
500 5494 642 5549 oculi
685 5494 1012 5562 effodiantur
1058 5491 1273 5561 aliaque
1319 5489 1417 5543 tibi
1446 5490 1685 5558 infausta
1730 5495 1993 5546 eveniant.

407 5585 512 5642 Sed
549 5588 594 5639 si
625 5587 749 5639 auiti
785 5585 941 5654 probe
972 5586 1130 5653 inque
1167 5600 1274 5636 rem
1302 5592 1444 5635 luant
1488 5584 1786 5636 consulenti
1832 5586 1996 5638 obau-

2142 1664 2225 1738 [P.
2262 1664 2318 1735 Δ]
2362 1662 2428 1719 α’.
2466 1663 2671 1734 Πατρὶς
2698 1662 2796 1733 μὲν
2825 1656 2918 1716 οὖν
2945 1658 3039 1714 τού
3066 1656 3399 1732 δηλωθέντος
3424 1658 3661 1720 Λέοντος

2088 1758 2373 1830 Ἀρμενία,
2402 1756 2558 1825 γένος
2584 1756 2639 1809 δὲ
2674 1756 2736 1808 τὸ
2769 1754 2872 1825 μὲν
2915 1754 2974 1822 ἐξ
3021 1753 3348 1823 Ἀσσυρίων,
3379 1750 3440 1803 τὸ
3473 1750 3531 1804 δὲ
3566 1750 3664 1803 καὶ

2079 1850 2257 1906 αὐτῶν
2314 1849 2639 1921 Ἀρμενίων,
2690 1848 2739 1901 οἳ
2802 1848 2898 1901 καὶ
2951 1847 3077 1911 τοὺς
3124 1845 3290 1905 ίδίους
3338 1843 3398 1907 ἐξ
3445 1841 3663 1895 ἀνοσίου

2079 1943 2309 2015 γνώμης
2367 1943 2550 2012 σφαγῇ
2582 1940 2877 2011 remeam
2939 1937 3275 2007 παραδόντες
3334 1934 3667 2005 γεννήτορας

2081 2036 2381 2107 ὑπερορίας
2428 2031 2928 2100 κατεδικάσθησαν,
2957 2031 3183 2084 κάκεῖσε
3224 2028 3291 2099 δὴ
3340 2028 3433 2080 τὸν
3456 2026 3667 2095 πένητα

2082 2128 2216 2200 βίον,
2252 2129 2346 2182 ἅτε
2371 2128 2434 2196 δὴ
2466 2129 2562 2180 καὶ
2595 2124 2855 2193 φυγάδες,
2884 2121 3229 2183 διαθλοῦντες
3254 2120 3345 2172 τὸν
3377 2118 3669 2189 εἰρημένον

2081 2222 2221 2291 θῆρα
2268 2218 2555 2272 ἀπέτεκον,
2608 2218 2771 2287 Ἀρτι
2819 2215 2952 2284 γοῦν
3018 2217 3099 2277 είς
3151 2213 3392 2283 ἐφήϐους
3438 2214 3468 2265 ό
3518 2208 3672 2263 Λέων

2080 2315 2350 2375 ἐτάττετο,
2371 2312 2466 2363 καὶ
2502 2308 2701 2380 κώμην
2742 2308 2951 2380 ῐΙίδραν
2984 2304 3530 2375 κατονομαζομένην,
3564 2302 3672 2352 ὑπὸ

2081 2408 2142 2461 τὸ
2176 2406 2319 2476 θέμα
2362 2404 2628 2457 τελοῦσαν
2672 2402 2785 2455 τῶν
2845 2397 3230 2461 Ἀνατολικῶν,
3267 2397 3367 2466 τῆς
3411 2392 3673 2465 πατρίδος

2083 2499 2413 2555 ἀλλάσσεται
2438 2514 2451 2527 ·
2494 2496 2623 2549 ἔνθα
2658 2493 2723 2566 δὴ
2752 2493 2848 2547 καλ⁸
2878 2492 3071 2562 ἀνδρὸς
3091 2489 3312 2561 ἡλικίαν
3349 2486 3669 2555 δεξάμενος,

2083 2595 2196 2656 τοῖς
2254 2590 2666 2663 μαχιμωτάτοις
2723 2588 2816 2639 καὶ
2873 2582 3267 2654 φονικωτάτοις
3303 2575 3674 2648 καταριθμού-

2089 2704 2248 2759 μενος
2286 2685 2444 2754 δόξης
2475 2681 2803 2752 εύμοίρησεν
2830 2680 2921 2731 ἐπὶ
2945 2680 3310 2747 γενναιότητι.
3359 2672 3674 2742 Νικηφόρος

2083 2781 2205 2834 τότε
2245 2777 2341 2840 τὰς
2400 2776 2497 2846 τῆς
2535 2773 2811 2846 βασιλείας
2863 2771 3044 2825 ἴθυνεν
3108 2768 3287 2840 ἡνίας,
3323 2766 3351 2818 ό
3412 2763 3672 2836 τρόπαιον

2085 2871 2144 2923 ἐν
2190 2866 2503 2938 Βουλγαρίᾳ
2555 2866 2868 2936 γενόμενος,
2923 2862 3020 2917 καὶ
3083 2856 3524 2931 μονοστράτηγον
3579 2854 3673 2905 τὸν

2087 2960 2403 3032 Βαρδάνιον,
2432 2954 2476 3028 ᾧ
2504 2960 2750 3031 Τούρκος
2800 2955 3060 3024 ἐπίκλην,
3091 2951 3198 3006 τῶν
3230 2952 3389 3004 πέντε
3422 2946 3672 3016 θεμάτων

2084 3057 2192 3112 τῶν
2225 3058 2367 3111 κατὰ
2396 3053 2496 3124 τὴν
2544 3050 2839 3119 Ἀνατολὴν
2863 3048 2962 3118 τὴν
3001 3044 3260 3115 ἐφορείαν
3295 3042 3390 3095 καὶ
3418 3040 3674 3110 πρόνοιαν

2085 3149 2457 3218 διοικούμενον
2491 3145 2580 3197 διά
2604 3161 2664 3195 τε
2687 3142 2784 3211 τὴν
2820 3142 2876 3191 ἐν
2917 3134 3416 3206 πολέμοιςτόλμαν
3441 3134 3535 3184 καὶ
3576 3129 3675 3192 τὰς

2087 3242 2252 3301 ἄλλοις
2278 3236 2513 3291 ἐπανθού
2525 3252 2621 3297 σας
2642 3232 2793 3301 αύτῷ
2816 3229 2901 3303 [Ρ.
2923 3228 2978 3301 5]
3008 3226 3207 3299 ἀρετὰς
3231 3223 3635 3291 ἐξαπέσταλκεν
3662 3237 3676 3251 ’

2087 3331 2145 3395 ὃς
2168 3330 2260 3385 ἅτε
2292 3328 2356 3400 δὴ
2387 3327 2495 3380 τῶν
2526 3324 2739 3395 ἐχθρῶν
2765 3319 2994 3390 ἀγαπῶν
3021 3316 3299 3389 κυριεύειν
3330 3316 3422 3368 καὶ
3454 3312 3552 3383 τὴν
3582 3311 3678 3380 βα·-

2090 3422 2294 3475 σιλείαν
2352 3420 2617 3471 ἑκάστοτε
2674 3410 3062 3485 ὀνειροπολῶν,
3096 3409 3283 3462 τοῦτόν
3330 3424 3411 3469 τε,
3447 3406 3575 3475 περὶ
3614 3398 3677 3459 οὗ

2086 3517 2115 3569 ό
2165 3514 2346 3580 λόγος,
2382 3512 2471 3565 τὸν
2507 3509 2712 3562 Λέοντα
2766 3503 3213 3574 καταπληκτικόν
3265 3499 3533 3570 βλέποντα
3583 3497 3680 3551 καὶ

2088 3608 2337 3677 γενναῖον
2389 3602 2684 3671 ἀνάστημα
2735 3598 2929 3668 ἔχοντα
2987 3596 3083 3649 καὶ
3134 3594 3312 3656 ἄλλως
3358 3594 3570 3647 ἀστεῖον
3622 3593 3680 3641 ἐν

2086 3702 2208 3764 ταῖς
2239 3696 2475 3769 ὁμιλίαις
2506 3694 2767 3748 δοκοῦντα
2786 3694 2900 3754 τοῖς
2942 3688 3138 3743 ἑαυτοῦ
3168 3686 3483 3759 δορυφόροις
3515 3686 3681 3751 ἐγκα-

2088 3792 2305 3860 ταλέγει
2332 3789 2423 3843 καὶ
2444 3786 2731 3850 διακόνοις,
2762 3785 2856 3838 καὶ
2876 3782 2983 3854 πρό
3013 3798 3074 3851 γε
3098 3778 3341 3848 τούτουῆ
3372 3777 3507 3847 μετὰ
3521 3774 3681 3827 τοῦτο

2093 3884 2289 3956 μικρὸν
2314 3879 2542 3952 Μιχαὴλ
2573 3896 2633 3932 τε
2668 3876 2758 3931 τὸν
2789 3874 3036 3948 Τραυλὸν
3085 3873 3181 3927 καὶ
3209 3870 3413 3942 Θωμᾶν
3442 3869 3532 3922 τὸν
3570 3866 3681 3919 άπὸ

2088 3977 2283 4048 λίμνης
2349 3970 2647 4043 Γαζουροῦ,
2705 3968 3012 4030 ταπεινοὺς⁹
3043 3966 3252 4025 πάντας
3306 3962 3401 4015 καὶ
3447 3960 3681 4030 ἀζήλους

2089 4068 2247 4130 ὄντας
2281 4063 2377 4119 καὶ
2427 4064 2633 4133 ἀρτίως
2676 4062 2757 4124 είς
2806 4057 3006 4127 γνῶσιν
3034 4054 3361 4127 ἀγομένους
3416 4054 3530 4117 τοῖς
3582 4050 3682 4114 τὰς

2091 4158 2399 4229 πολεμικὰς
2431 4153 2935 4225 ἐγκεχειρισμένοις
2964 4150 3160 4221 ἀρχάς.

2172 4476 2238 4546 β’.
2266 4473 2605 4543 Ἐκρέμαντο
2617 4466 2709 4523 οὖν
2728 4461 2980 4522 οὗτοιτοῦ
3011 4466 3087 4521 Βα
3098 4466 3332 4536 ρδανίου,
3354 4463 3448 4516 καὶ
3463 4462 3683 4532 ἐναύτῷ

2097 4569 2195 4630 τὰς
2218 4566 2491 4635 κοσμικὰς
2515 4563 2739 4624 ἐλπίδας
2778 4561 3034 4614 ἐσάλευον
3062 4575 3075 4589 ·
3102 4557 3196 4610 καὶ
3219 4549 3373 4617 οὗτος
3400 4554 3498 4622 τῆς
3530 4551 3684 4622 βασι-

2096 4660 2246 4725 λείας
2277 4658 2351 4712 ὣν
2376 4657 2612 4729 ἐραστὴς
2645 4655 2799 4725 ἀνδρί
2828 4671 2933 4707 τινι
2969 4651 3261 4723 μονάζοντι
3290 4645 3433 4701 κατὰ
3459 4646 3553 4700 τὸν
3586 4644 3682 4698 τοῦ

2098 4751 2422 4824 Φιλομηλίου
2450 4750 2629 4820 χῶρον
2651 4747 2746 4800 καὶ
2771 4744 3176 4815 ἐνδιαιτωμένῳ
3189 4741 3287 4813 τὴν
3314 4739 3519 4808 ταύτης
3547 4738 3682 4790 ἁνα-

2098 4842 2376 4897 κοινοῦται
2395 4838 2623 4909 γνώμην
2642 4836 2793 4907 αὐτῷ
2817 4837 2913 4890 καὶ
2926 4832 3248 4903 ἐπιθυμίαν,
3277 4830 3371 4885 καὶ
3398 4829 3532 4900 πρὸς
3549 4826 3680 4880 Θεὸν

2100 4933 2264 5003 εὐχὰς
2295 4929 2609 5000 ίκετηρίους
2638 4925 2939 4998 παρεκάλει
2975 4923 3167 4976 τοῦτον
3212 4920 3579 4988 ἀναπέμπειν,
3614 4914 3686 4968 τὰ

2100 5024 2268 5081 αὑτοῦ
2306 5024 2627 5093 διαδήματα
2657 5019 3102 5080 κατευθυνούσας
3150 5017 3250 5071 καὶ
3272 5015 3368 5085 τὴν
3403 5010 3686 5082 βασιλείαν

2100 5116 2576 5187 ἐπιϐραϐευούσας
2641 5112 2809 5183 αὐτῷ.
2853 5110 2994 5163 Ἀλλ’
3028 5111 3264 5182 ἤκουσεν
3299 5108 3572 5179 αὑθωρὸν,
3607 5106 3684 5169 ὡς

2106 5212 2188 5264 Οὐ
2215 5209 2339 5263 δέοι
2366 5205 2651 5262 τοιούτων
2698 5201 3087 5271 κατατολμᾷν
3124 5201 3507 5272 πραγμάτων,
3536 5204 3687 5266 Bap-

2103 5302 2291 5367 δάνιε,
2331 5300 2406 5353 δι’
2439 5294 2527 5353 ὧν
2553 5295 2821 5352 ἀπώλειά
2858 5311 2921 5349 τε
2963 5296 3321 5361 περιουσίας
3371 5295 3469 5347 καὶ
3504 5290 3688 5361 oppda

2104 5413 2224 5449 των
2252 5393 2549 5463 περικοπὴ
2576 5392 2671 5446 καὶ
2698 5391 3004 5456 δυστυχία
3025 5387 3226 5454 ἄλλως
3249 5390 3321 5442 οὐ
3362 5388 3562 5451 καλῶς
3589 5402 3689 5438 σοι

2104 5488 2425 5558 γενήσεται
2457 5503 2470 5517 ο
2497 5484 2636 5539 ἀλλ’
2660 5483 2715 5536 εἴ
2753 5500 2806 5535 τι
2835 5481 2998 5549 ἔχεις
3024 5480 3354 5551 πεισθῆναί
3399 5496 3500 5534 σοι
3542 5495 3690 5539 ovu-

2107 5582 2478 5646 ϐουλεύοντι,
2534 5575 2944 5644 ἀποπήδησον
2979 5577 3209 5629 τούτων
3244 5574 3341 5628 διὰ
3374 5573 3685 5645 βραχέων,

408 5682 516 5747 dis,
566 5698 725 5753 quam
761 5680 866 5734 cito
910 5679 976 5733 ab
1024 5696 1087 5733 ea
1140 5680 1376 5733 animant
1428 5680 1660 5749 transfer
1702 5681 1986 5749 molitione,

2107 5674 2301 5743 ἀρχήν
2330 5689 2464 5725 τινα
2481 5670 2623 5741 μηδ’
2655 5670 2810 5735 ὅλως
2830 5668 2951 5724 τῶν
2966 5670 3252 5723 τοιούτων
3280 5683 3397 5722 σου
3418 5666 3687 5736 πραγμά-

409 5770 615 5828 nullam
647 5769 877 5841 parandi
921 5768 1249 5837 principatus
1280 5768 1656 5839 cogitationem
1699 5786 1996 5839 assumens,

2106 5785 2223 5823 των
2260 5767 2515 5833 ,ϐάλλων
2546 5767 2630 5832 εἰς
2653 5765 2825 5821 γοῦν.
2876 5762 3206 5835 Ἐπληρώθη
3234 5760 3536 5835 κατηφείας
3594 5760 3687 5812 καὶ
