4038 6214
344 281 391 350 21
1124 218 1127 221 I
1416 264 1566 325 LIB.
1609 264 1751 324 I.—
1788 268 1932 328 uso
1971 264 2399 329 ARMENIUS.
3468 262 3542 325 ῃ

346 394 488 467 ἀχλύος
508 391 531 442 δ
553 383 832 454 ἅνθρωπος
863 375 1069 429 τούτων
1094 371 1202 426 τῶν
1236 370 1411 440 λόγων
1432 373 1708 444 ἀκηκοώς.
1742 375 1853 429 Καὶ
1881 428 1884 438 η

1986 374 2105 443 ujus
2142 390 2222 429 res
2251 389 2305 431 se
2337 372 2415 425 ita
2440 370 2689 425 habeant.
2742 368 2865 436 Quo
2900 370 3090 425 audito
3114 370 3371 426 maestitia
3395 386 3545 441 qum-

345 489 461 548 τέλος
485 480 603 549 ὶξῂει
628 476 714 530 τοῦ
741 472 1029 546 δωματίου
1084 471 1305 541 πλήρης
1334 468 1576 540 ἀθυμίας
1606 469 1702 521 καὶ
1732 468 1853 522 θλίο

356 582 489 650 ψεως.
518 574 578 635 Ὦς
598 570 647 623 δὲ
668 570 798 631 τοὺς
827 565 1157 638 εἰρημένους
1188 562 1412 631 ἄνδρας,
1441 562 1647 617 Λέοντα
1670 580 1727 616 τε
1762 564 1857 617 καὶ

363 666 523 737 Μιχαὴλ
552 662 633 715 καὶ
692 661 920 730 Θωμᾶν,
954 657 1047 710 τὸν
1084 654 1254 709 ἵππον
1299 654 1533 723 ἄγοντας
1588 655 1858 725 ἀναϐῆναι

370 762 518 831 coiret
535 756 767 828 μοναχὸς
812 754 1098 816 ὲθεάσατο,
1127 751 1220 804 τὸν
1248 751 1559 821 στρατηγὸν
1595 751 1861 823 ὑποστρέο

378 872 449 922 esu
489 847 867 920 παρεκελεύετο
902 861 915 876 ·
973 843 1071 898 καὶ
1129 842 1207 907 ὼς
1260 841 1467 896 καινῶν
1540 859 1706 899 τινων
1762 844 1857 897 καὶ

372 944 464 1007 ξένων
493 935 812 992 ἀκούσεσθαι
860 932 1202 1006 προσδοκῶν,
1236 930 1433 984 θᾶττον
1476 929 1508 1001 ἢ
1549 932 1704 1001 λόγος
1749 932 1861 986 ὐπ-

360 1030 550 1095 ίπριφεν.
586 1024 728 1077 Ἀλλ’
748 1024 959 1077 ἐκεῖνον
981 1020 1080 1090 μὲν
1098 1016 1259 1079 αὖθις
1283 1018 1596 1091 ὲξελιπάρει
1622 1020 1697 1091 μὴ
1723 1020 1859 1090 πρὸς

350 1120 389 1171 τά
410 1116 705 1186 ἐλπιζόμενα
742 1112 1119 1185 αὐτομολῆσαι
1145 1109 1297 1164 δεινά
1325 1111 1422 1164 καὶ
1465 1112 1564 1182 τὴν
1611 1112 1860 1167 ἀποῦσαν

341 1210 663 1280 κακοπραγίαν
714 1208 815 1279 τῆς
881 1206 1167 1279 παρούσης
1219 1205 1569 1275 εὐδαιμονίας
1625 1206 1859 1271 ἀλλάξα·

338 1304 459 1356 σθαι·
481 1304 675 1366 αὐτοὺς
706 1301 762 1354 δὲ
799 1300 1025 1363 τούτους
1056 1297 1357 1368 προφήτιδι
1385 1296 1605 1371 γλώττῃ
1631 1298 1864 1371 διεμαρ-

332 1394 489 1464 τύρετο,
521 1393 757 1464 βεὸαιῶν
792 1393 868 1456 ὡς
910 1391 971 1445 '0
997 1390 1218 1461 πρῶτος
1253 1389 1463 1443 τούτων
1486 1393 1578 1443 καὶ
1610 1391 1865 1462 δεύτερος

327 1488 399 1556 τῆς
417 1489 479 1541 σοὶ
489 1490 700 1558 πεποθη
709 1487 880 1558 μένης
898 1482 1181 1553 βασιλείας
1206 1482 1527 1551 γενήσονται
1552 1482 1864 1551 ἐγκρατεῖς,

326 1580 413 1633 ἀλλ’
436 1582 483 1634 οὐ
521 1584 605 1646 σὺ,
635 1581 663 1634 6
689 1581 872 1652 τρίτος
897 1578 952 1631 δὲ
982 1574 1260 1647 εὐφημίας
1299 1575 1471 1645 μόνης
1506 1577 1603 1629 καὶ
1625 1577 1865 1649 ἀναρρή-

322 1690 428 1736 σεως
465 1671 755 1744 μετασχὼν
787 1671 897 1725 οὐδ’
944 1669 1082 1733 ὅλως
1126 1666 1550 1736 εὐοδωθήσεται,
1591 1669 1727 1723 ἀλλά
1769 1672 1864 1723 καὶ

1958 465 2083 520 dam
2143 481 2207 519 ac
2253 464 2428 533 caligo
2470 464 2748 518 hominem
2794 464 3042 525 incessit,
3095 464 3350 533 tristique
3381 473 3435 518 et
3464 462 3547 517 af-

1957 559 2105 612 ﬂicto
2134 558 2323 611 animo
2368 572 2398 609 e
2435 557 2658 626 tugurio
2701 555 2891 625 pedem
2926 554 3114 611 refert.
3174 554 3315 609 Tum
3350 569 3544 609 mona-

1958 652 2119 711 chus.
2150 665 2291 719 quos
2320 649 2568 703 dicebam
2611 650 2780 711 viros,
2824 649 3061 703 Leonem
3104 648 3315 705 scilicet
3352 657 3407 703 et
3440 648 3546 702 Mi-

1960 743 2202 799 cliaelem
2251 750 2305 797 et
2354 739 2655 805 Thomam,
2702 756 2907 811 equum
2959 740 3331 803 adducentes,
3378 754 3543 808 quem

1961 836 2374 901 conscenderet,
2420 834 2634 899 videns,
2683 835 2879 889 ducem
2908 833 3290 902 redirejubet.
3331 831 3378 885 Is
3416 846 3544 886 vero

1961 945 2102 984 nova
2139 928 2390 999 qumdam
2425 936 2480 982 et
2513 926 2759 981 inaudita
2784 942 2842 983 se
2872 926 3190 981 auditurum
3225 938 3455 994 sperans
3490 923 3548 993 8

1964 1024 2112 1079 dicto
2160 1020 2326 1078 citius
2378 1037 2635 1078 reversus
2663 1029 2770 1077 est.
2824 1020 2963 1075 Tum
2997 1021 3087 1075 ille
3111 1023 3310 1075 iterum
3342 1018 3546 1073 Barda-

1964 1117 2119 1171 nium
2162 1131 2355 1186 rogare
2382 1130 2449 1170 ac
2479 1116 2765 1179 obtestari,
2793 1130 2859 1168 ne
2896 1116 3011 1183 ipse
3041 1122 3235 1182 sponte
3264 1114 3332 1167 ad
3360 1121 3547 1183 parata

1966 1206 2106 1261 mala
2134 1216 2441 1276 procurrat,
2462 1221 2598 1261 neve
2622 1205 2823 1261 absens
2851 1202 3215 1259 infortunium
3249 1218 3374 1256 cum
3409 1217 3547 1271 pra:-

1966 1300 2108 1355 senti
2145 1316 2329 1355 rerum
2384 1299 2749 1355 secundarum
2782 1306 2923 1355 Statu
2954 1303 3297 1352 commutare
3317 1305 3547 1365 quierat.

1968 1391 2062 1446 llis
2093 1401 2277 1447 autem
2310 1392 2444 1463 ipsis
2463 1391 2772 1447 futurorum
2800 1391 3025 1461 praescia
3058 1391 3241 1459 lingua
3274 1397 3553 1443 cuntcsta«

1969 1490 2055 1537 tus
2077 1491 2162 1536 est
2195 1493 2457 1553 certoque
2497 1481 2789 1537 allirmavit
2819 1480 2935 1535 fore
2968 1491 3027 1535 ut
3066 1481 3278 1550 primus
3308 1479 3554 1547 alterque

1970 1574 2206 1644 imperii,
2256 1576 2401 1645 quod
2452 1576 2531 1631 sic
2573 1575 2663 1629 ille
2693 1574 2988 1644 deperiret,
3025 1580 3308 1642 compotes
3336 1572 3552 1626 tierent.

1971 1673 2084 1743 ipse
2119 1673 2211 1728 illo
2255 1688 2538 1743 nunquam
2573 1673 2864 1742 potiretur.
2924 1670 3135 1735 Tertio,
3188 1684 3314 1725 cum
3372 1668 3554 1724 fausta

320 1766 465 1829 κακῶς
510 1768 608 1837 τὴν
641 1764 821 1837 ψυχὴν
867 1762 1173 1837 ἀπορρήξει
1220 1760 1320 1830 τὴν
1380 1761 1601 1844 ἑαυτοῦ.
1642 1760 1867 1827 Τούτοις

1985 1765 2158 1820 )mnia
2194 1766 2586 1835 publicamque
2622 1764 3072 1821 acclamationem
3108 1770 3444 1818 consecutus
3467 1778 3557 1817 es-

315 1857 607 1929 βιλλόμενος
634 1861 737 1930 τὴν
776 1858 958 1928 ψυχὴν
994 1856 1259 1917 ποικίλως
1287 1854 1442 1924 ἠφίει
1490 1854 1639 1909 κατά
1692 1856 1869 1924 πρόσ-

310 1968 433 2006 ωπον
454 1955 551 2019 τὰς
582 1953 775 2027 χροιὰς
796 1954 891 2006 καὶ
910 1951 1058 2015 αὖθις
1082 1948 1358 2023 ἀπῄειτὴν
1387 1948 1590 2013 οἴκαδε,
1611 1950 1747 2019 ὁμοῦ
1774 1951 1872 2018 μὲν

313 2041 587 2114 βλάσφημά
614 2062 742 2096 τινα
767 2042 913 2094 κατά
948 2040 1038 2093 τοῦ
1064 2039 1253 2109 ἀνδρὸς
1280 2039 1375 2093 καὶ
1408 2038 1596 2109 ὕϐρεις
1641 2041 1874 2114 ἀπορρί-

315 2134 582 2204 πτωνάῐ).
612 2134 676 2205 (ἢ
723 2132 863 2203 ὁμοῦ
891 2133 947 2184 δὲ
980 2129 1179 2194 τούτοις
1200 2134 1296 2195 τὰς
1332 2132 1547 2185 ἐκείνου
1576 2135 1643 2187 δι’
1672 2135 1873 2199 αὐτοὺς

322 2222 649 2293 ἐξαγγέλλων
665 2224 1005 2296 προρρήσεις,
1030 2223 1121 2276 καὶ
1151 2223 1367 2291 γέλωτα
1396 2225 1567 2280 πολὺν
1589 2228 1873 2298 διαταχέων

313 2314 404 2367 τῶν
424 2316 759 2385 εἰρημένων.

358 2490 417 2559 γ’.
452 2492 687 2564 Χαίρειν
736 2490 830 2551 οὖν
880 2496 1056 2551 εἰπὼν
1122 2500 1240 2563 τοῖς
1285 2500 1497 2554 ἐκείνου
1556 2500 1762 2570 λόγοις,
1804 2505 1873 2575 τῇ

297 2584 731 2657 ἐννεακαιδεκάτῃ
783 2586 878 2643 τοῦ
941 2589 1164 2644 Ἰουλίου
1228 2591 1400 2662 μηνὸς
1464 2592 1562 2662 τῆς
1625 2598 1694 2646 ια’
1748 2594 1877 2647 ίνδι-

294 2679 505 2744 κτιῶνος
536 2681 678 2733 κατά
702 2679 796 2733 τοῦ
819 2680 1206 2752 βασιλεύοντος
1222 2685 1270 2738 Ν
1279 2684 1545 2755 ικηφόρου
1573 2689 1731 2758 χεῖρα
1752 2704 1877 2742 συν·

294 2774 541 2844 ἀθροίσας
578 2774 803 2845 πολλὴν,
835 2776 933 2830 καὶ
956 2776 1024 2830 τὰ
1069 2778 1161 2848 ὑφ’
1181 2780 1374 2833 ἑαυτὸν
1393 2780 1635 2853 τέσσαρα
1665 2781 1878 2853 θέματα

291 2868 392 2929 τοῖς
451 2862 651 2919 ἑαυτοῦ
709 2865 894 2933 λόγοις
950 2867 1274 2938 ὑπαγαγὼν,
1326 2870 1434 2923 τῶν
1498 2872 1876 2944 Ἀρμενιακῶν

293 2957 446 3027 χωρὶς
478 2956 622 3026 (οὐδὲ
657 2954 768 3027 γὰρ
795 2957 1030 3023 ὑπεῖξαν
1079 2958 1274 3033 αὐτῷ),
1310 2961 1414 3031 τῆς
1445 2963 1878 3030 ἐπαναστάσεως

294 3048 525 3117 ἄρχεται.
568 3046 783 3117 Ἐμίσει
840 3048 943 3119 μὲν
988 3044 1083 3102 οὖν
1139 3050 1263 3103 τότε
1312 3052 1404 3106 τὸν
1451 3054 1765 3126 Νικηφόρον
1815 3057 1879 3111 τὸ

297 3142 517 3212 ὑπήκοον
542 3141 622 3212 τῷ
652 3141 813 3213 βάρει
839 3142 1169 3213 πιεζόμενον
1193 3144 1299 3197 τῶν
1334 3146 1615 3217 δημοσίων
1636 3150 1829 3216 τελῶν,
1853 3151 1883 3205 ὃ

304 3234 476 3297 γίγωὲ
510 3251 632 3297 πως
666 3235 763 3287 καὶ
802 3233 1036 3303 ἀφορμὴ
1092 3233 1189 3287 καὶ
1224 3234 1528 3307 σύνδρομον
1556 3240 1753 3310 ἐκείνῳ
1783 3243 1883 3310 τῆς

306 3324 703 3389 ἐπαναστάσεως
733 3342 749 3357 ·
785 3326 980 3394 γένονε
1010 3324 1075 3379 δέ
1100 3342 1153 3377 τι
1209 3327 1302 3380 καὶ
1335 3328 1525 3398 ἕτερον
1559 3330 1753 3385 αἴτιον.
1795 3331 1886 3394 Ὠς

300 3420 391 3489 γὰρ
424 3421 565 3473 κατά
606 3420 722 3473 τῶν
770 3419 1099 3490 Ἀγαρηνῶν
1126 3420 1153 3472 6
1210 3420 1509 3491 l3ap6a'tvto;
1539 3424 1886 3495 ἠνδραγαθη-

296 3528 379 3563 σεν
404 3513 496 3566 καὶ
520 3513 623 3583 τῆς
652 3512 967 3582 γενομένης
999 3511 1203 3584 πολλῆς
1232 3514 1667 3587 λαφυραγωγίας
1702 3516 1886 3589 δικαία

293 3604 509 3675 πῳνοίᾳ
556 3606 839 3671 πεποίηκε
897 3602 997 3676 τὴν
1049 3604 1348 3677 διανομὴν,
1409 3608 1725 3679 κατάλληλα
1772 3611 1887 3673 τοῖς

292 3697 713 3768 ἀγωνιζομένοις
746 3698 806 3751 ὲν
840 3697 1066 3769 πολέμῳ
1091 3698 1208 3753 ἀλλ’
1232 3700 1292 3752 οὐ
1329 3699 1472 3753 κατὰ
1505 3701 1797 3773 πρόσωπον
1820 3702 1888 3756 τὰ

297 3785 423 3847 ἆθλα
475 3792 733 3864 προθεὶς,
770 3792 921 3859 ἔδοξε
973 3794 1068 3847 καὶ
1113 3793 1395 3863 βασιλείας
1460 3795 1674 3859 τούτοις
1737 3796 1889 3861 ἄξιος

300 3884 642 3956 μεταλαχεῖν.
678 3883 849 3937 Ὅθεν
882 3885 1221 3957 ἀναρρηθεὶς
1260 3885 1500 3957 δημοσίᾳ
1528 3888 1680 3957 φωνῇ
1732 3870 1891 3957 βασιέ

297 3974 427 4043 λείις,
462 3978 563 4032 καὶ
606 3976 821 4031 πολλῶν
868 3975 1049 4030 ἄλλων
1081 3976 1445 4031 ἀπολαύσεων
1470 3994 1529 4030 τε
1564 3978 1661 4031 καὶ
1708 3978 1891 4048 γερῶν

299 4071 354 4122 ὲκ
386 4071 479 4125 τοῦ
506 4071 691 4141 δήμου
726 4069 1116 4135 καταξιωθεὶς,
1149 4068 1226 4133 ὠς
1257 4068 1351 4121 καὶ
1381 4070 1508 4123 ναὸν
1534 4070 1624 4122 ἐπ’
1662 4068 1891 4139 ὀνόματι

298 4163 450 4217 αὐτοῦ
469 4164 769 4234 ἀνεγεῖραί
801 4179 863 4215 τε
894 4163 992 4215 καὶ
1031 4162 1478 4224 κατασκευάσαι,
1508 4162 1609 4233 τὴν
1644 4162 1754 4228 ,ἐπὶ
1787 4160 1891 4215 Νι-

297 4256 582 4328 κομήδειαν
636 4254 921 4324 φέρουσαν
983 4251 1071 4323 ᾔει
1130 4253 1271 4307 ὀδόν.
1349 4252 1491 4305 Ἀλλ’
1558 4251 1893 4324 ἀποχρῶσαν

298 4352 381 4403 καὶ
406 4350 717 4422 ἐφάμιλλον
743 4351 771 4403 6
802 4346 1116 4420 βασιλεύων
1160 4346 1482 4419 Νικηφόρος
1510 4344 1746 4418 δύναμιν
1799 4348 1892 4399 ὲκ-

1974 1866 2079 1923 set,
2112 1858 2247 1912 nihil
2291 1873 2359 1913 ex
2407 1867 2537 1913 voto
2585 1873 2650 1911 ac
2684 1872 2943 1927 prospere
2972 1872 3282 1921 cessurum,
3317 1855 3411 1911 sed
3443 1854 3559 1911 fore

1976 1954 2034 1999 ut
2080 1957 2135 2001 et
2178 1947 2420 2001 animam
2456 1947 2597 2001 male
2630 1946 3000 2015 abrumperet.
3064 1946 3163 2002 His
3211 1958 3394 2002 mente
3439 1961 3562 2016 per-

1976 2037 2165 2093 culsus
2216 2038 2555 2105 Bardanius,
2606 2054 2672 2093 ac
2723 2040 2908 2094 vultus
2957 2039 3200 2094 colorem
3260 2040 3559 2095 identidem

1977 2140 2222 2195 mutans,
2261 2148 2453 2187 rursus
2486 2132 2710 2187 domum
2738 2133 2874 2197 ahit,
2898 2134 3061 2188 simul
3097 2134 3387 2189 maledicta
3418 2148 3561 2199 ιιιικη

1976 2222 2100 2279 dam
2130 2224 2403 2293 verbaque
2428 2226 2634 2280 atrocia
2669 2224 2725 2279 in
2758 2226 3097 2281 monachum
3122 2226 3561 2295 jactans,i|lius-

1977 2330 2083 2385 que
2123 2315 2202 2371 sic
2235 2317 2289 2371 in
2332 2332 2429 2372 eos
2463 2316 2643 2373 fausta
2686 2318 2943 2374 vaticinia
2987 2334 3245 2385 narrans,
3279 2319 3564 2392 multoque

1978 2409 2093 2462 risu
2122 2408 2367 2463 hominis
2393 2409 2539 2464 dicta
2574 2409 2881 2480 excipiens.

2049 2501 2102 2557 5.
2146 2502 2275 2570 Ejus
2310 2504 2498 2571 itaque
2530 2503 2880 2559 sermonibus
2903 2503 3299 2571 valerejussis.
3321 2504 3388 2556 ad
3416 2503 3567 2558 deci-

1981 2605 2125 2645 mam
2177 2607 2379 2646 nonam
2430 2588 2558 2646 Julii
2612 2592 2837 2655 mensis,
2894 2591 3194 2646 indictione
3255 2591 3564 2655 undecima.

1981 2684 2189 2755 ingenti
2228 2684 2494 2740 adversus
2531 2682 2905 2754 Nicephorum
2939 2687 3331 2753 imperatorem
3377 2697 3566 2741 coacto

1980 2777 2251 2843 exercitu,
2286 2791 2427 2845 eque
2466 2776 2734 2845 subjectis
2777 2776 3114 2831 thematibus
3146 2776 3439 2831 verborum
3489 2776 3570 2831 Ie-

1983 2870 2205 2927 nocinio
2253 2879 2490 2939 quatuor
2544 2870 2599 2924 in
2640 2870 2970 2925 sententiam
3018 2867 3332 2939 pertractis,
3376 2867 3569 2924 Arme-

1982 2964 2091 3019 niis
2135 2964 2403 3019 duntaxat
2448 2963 2503 3018 in
2560 2962 2665 3018 fide
2718 2961 3094 3032 perstantibus
3143 2962 3271 3029 (nec
3314 2961 3483 3027 enim:
3512 2970 3572 3016 ut

1987 3053 2259 3110 Bardanio
2289 3069 2497 3110 morem
2546 3062 2800 3123 gererent
2853 3051 3037 3107 induci
3091 3051 3433 3120 potuerant),
3486 3066 3572 3104 re-

1987 3146 2281 3200 bellionem
2307 3146 2540 3200 orditur.
2580 3143 2712 3198 Erat
2742 3159 2871 3200 vero
2914 3142 3260 3212 Nicephorus
3297 3152 3412 3197 tum
3440 3141 3573 3196 sub-

1986 3234 2115 3291 ditis
2158 3251 2383 3299 exosus,
2436 3236 2584 3304 quod
2636 3236 2987 3305 publicorum
3042 3234 3388 3305 vectigalium
3418 3236 3571 3305 gravi

1989 3342 2156 3381 onere
2202 3341 2299 3382 eos
2353 3328 2711 3398 opprimeret.
2764 3327 2902 3382 Hinc
2956 3329 3340 3381 novandarum
3389 3343 3572 3382 rerum

1988 3433 2124 3472 ausa
2153 3418 2402 3487 quaedam
2430 3430 2483 3474 et
2522 3418 2744 3473 occasio
2774 3417 2898 3483 fuit;
2952 3418 3047 3472 sed
3083 3427 3137 3471 et
3179 3416 3282 3470 alia
3323 3417 3572 3484 quaedam

1991 3511 2119 3566 huic
2152 3526 2317 3567 causa
2347 3513 2597 3567 accessit.
2631 3508 2767 3566 Nam
2811 3526 2939 3567 cum
2975 3508 3283 3565 Bardanius
3309 3511 3574 3565 adversus

1989 3608 2275 3675 Agarenos
2298 3624 2412 3663 rem
2454 3607 2687 3663 feliciter
2727 3607 3010 3679 gessisset,
3054 3605 3426 3675 praedamque,
3468 3620 3574 3673 qua

1990 3703 2197 3770 potitus
2227 3710 2365 3768 erat,
2408 3702 2704 3757 maximam
2742 3701 3061 3771 aequissime
3085 3700 3227 3754 inter
3262 3700 3462 3754 milites
3491 3700 3577 3753 di-

1990 3793 2232 3859 visisset,
2262 3794 2409 3849 nulla
2451 3809 2811 3866 personarum
2845 3794 3083 3856 ratione,
3121 3792 3217 3848 sed
3254 3807 3353 3863 pro
3385 3792 3579 3846 merito

1991 3902 2181 3942 eorum
2209 3887 2306 3958 qui
2338 3899 2719 3958 pugnaverant
2747 3888 2979 3959 largitus
3001 3887 3057 3957 9
3085 3886 3334 3956 praemia,
3372 3894 3578 3941 tantam

1993 3984 2267 4038 exercitus
2298 3983 2479 4037 omnis
2533 3982 2653 4036 iniit
2683 3982 2939 4052 gratiam,
2992 3989 3054 4035 ut
3095 3988 3149 4035 et
3200 3979 3428 4049 dignum
3478 3994 3583 4047 pu-

1993 4076 2231 4130 taverint
2282 4076 2376 4144 qui
2432 4076 2657 4147 imperio
2698 4079 2987 4142 potiretur.
3044 4074 3293 4144 llincque
3326 4074 3462 4126 adeo
3493 4088 3585 4140 pu-

1997 4168 2139 4223 blice
2190 4167 2488 4236 imperator
2540 4166 2937 4238 proclamatus,
2994 4164 3288 4235 pluresque
3316 4165 3453 4219 alios
3488 4165 3586 4217 lio-

1999 4272 2165 4313 uores
2220 4272 2287 4311 ac
2349 4257 2574 4326 praemia
2641 4256 2827 4327 populi
2899 4256 2952 4310 in
3015 4269 3141 4309 eum
3196 4252 3398 4308 studiis
3452 4267 3588 4305 con—

2000 4354 2249 4411 secutus,
2312 4354 2373 4399 ut
2420 4353 2475 4399 et
2526 4345 2787 4414 templum
2842 4344 2965 4413 ejus
3021 4340 3245 4396 nomine
3285 4340 3584 4402 erexerint,

298 4445 657 4515 στρατεύσας,
691 4445 789 4497 καὶ
819 4442 952 4514 περὶ
972 4440 1066 4494 τοῦ
1122 4440 1408 4511 μέλλοντος
1437 4440 1700 4494 δύσελπιν
1732 4441 1884 4509 ποιή-

2003 4434 2380 4491 Nicomediam
2412 4448 2604 4489 versus
2635 4433 2736 4488 iter
2755 4431 3059 4487 contendit.
3094 4428 3293 4483 Verum
3329 4443 3454 4482 cum
3490 4424 3587 4479 Ni.

303 4539 563 4601 σαςαὺτὸν
588 4537 670 4610 τῷ
699 4535 902 4609 πλήθει
923 4534 1036 4588 τῶν
1057 4534 1707 4606 ἀντιπαραταττομένων,
1743 4534 1897 4588 ἐπει-

305 4651 386 4690 σεν
440 4638 610 4693 αὑτὸν
684 4633 1033 4705 συγγνώμην
1116 4631 1409 4703 φθάσαντα
1474 4632 1895 4704 ἐξαιτήσασθαι.

306 4731 452 4801 ’.ὶρτι
480 4734 587 4807 μὲν
618 4733 734 4803 γὰρ
763 4732 946 4792 Λέων,
978 4728 1105 4800 ἄρτι
1135 4726 1192 4780 δὲ
1222 4725 1315 4779 καὶ
1344 4724 1566 4797 Μιχαὴλ
1588 4727 1900 4800 ἀπορρυέν-

305 4841 383 4891 τες
414 4830 548 4901 πρὸς
582 4826 845 4899 βασιλέα,
879 4818 1046 4877 ἆθλον
1094 4822 1122 4876 6
1155 4820 1257 4892 μὲν
1292 4821 1392 4891 τὴν
1423 4819 1760 4890 φοιδεράτων
1800 4820 1897 4875 καὶ

306 4918 571 4989 βασιλικὸν
615 4916 776 4975 οἷκον
822 4917 920 4971 τοῦ
952 4915 1206 4985 Ζήνωνος
1247 4914 1342 4967 καὶ
1384 4912 1475 4967 τὸν
1517 4911 1826 4981 Δαγισθέα,
1871 4912 1901 4965 ὁ

301 5012 351 5067 δὲ
374 5015 467 5089 τὴν
495 5018 599 5087 τῆς
631 5014 847 5085 κόρτης
896 5010 1141 5079 κόμητος
1176 5007 1353 5078 ἀρχὴν
1401 5006 1498 5060 καὶ
1528 5004 1619 5058 τὸν
1660 5004 1754 5059 τοῦ
1784 5006 1904 5058 Κα-

306 5109 476 5178 ριανοῦ
516 5107 675 5164 οἷκον
731 5103 1230 5173 ἀπενεγκάμενοι,
1289 5100 1390 5152 οὐκ
1446 5098 1629 5166 ἀγαθὰ
1683 5100 1904 5168 φρονεῖν

306 5201 453 5258 αὐτὸν
509 5204 647 5275 περὶ
710 5197 916 5255 ἑαυτοῦ
969 5195 1364 5267 πεποιήκασιν.
1417 5192 1583 5245 Ὅθεν
1646 5190 1797 5262 αι’)τῷ
1844 5207 1906 5243 τε

312 5296 496 5370 καὶτῷ
528 5298 653 5370 λαῷ
724 5292 1072 5365 συγγνώμην
1120 5291 1450 5359 αἰτούμενος
1509 5288 1575 5341 ἐκ
1635 5284 1905 5357 βασιλέως

319 5393 461 5465 μέχρι
480 5394 590 5447 τῶν
632 5392 757 5447 Ma.)
769 5388 983 5458 αγίνων
1010 5383 1359 5454 ὑπέστρεφεν
1386 5398 1400 5412 ·
1443 5381 1607 5433 κάκεῖ
1634 5380 1763 5441 τοὺς
1804 5378 1906 5446 τῆς

318 5486 565 5550 ἀπαθείας
589 5485 793 5553 λόγους
835 5477 1134 5545 δεξάμενος
1168 5475 1262 5528 καὶ
1303 5471 1364 5524 τὸ
1410 5468 1650 5543 χρυσοῦν
1681 5465 1906 5537 σταυρί-

2007 4525 2283 4596 cephorus
2323 4523 2625 4593 imperator
2673 4518 2931 4575 idoneum
2970 4532 3067 4572 nec
3103 4516 3377 4571 ullatenus
3412 4516 3587 4585 impa-

2007 4634 2125 4674 rem
2155 4617 2457 4673 exercitum
2490 4614 2544 4669 in
2568 4628 2693 4670 eum
2718 4612 3025 4676 eduxisset,
3058 4619 3113 4664 et
3134 4609 3367 4664 militum
3400 4610 3590 4664 multi-

2006 4713 2200 4769 tudine
2229 4710 2545 4783 perculsum
2576 4706 2643 4763 de
2674 4717 2874 4761 eventu
2898 4704 3021 4759 belli
3048 4702 3341 4773 desperare
3373 4702 3587 4773 coegis-

2007 4811 2112 4866 set,
2158 4802 2433 4871 persuasit
2482 4798 2560 4852 illi
2614 4804 2677 4851 ut
2724 4794 2874 4865 prior
2922 4792 3138 4848 veniam
3182 4803 3410 4862 peteret.
3468 4791 3587 4847 Jam

2004 4895 2151 4951 enim
2187 4893 2297 4947 Leo
2330 4900 2497 4961 atque
2545 4890 2712 4946 etiam
2742 4887 2980 4943 Michael
3029 4901 3156 4942 cum
3189 4888 3257 4943 ad
3295 4889 3591 4957 imperato-

2006 5004 2121 5047 rem
2148 4985 2498 5051 defecissent,
2529 4984 2597 5039 ab
2617 4997 2795 5053 eoque
2808 4980 2994 5037 donati
3017 4990 3223 5043 essent,
3251 4980 3386 5035 alter
3415 4977 3591 5034 foede-

2007 5092 2254 5137 ratorum
2302 5076 2633 5149 praafectura
2696 5074 2959 5145 regiaque
3014 5071 3255 5127 Zenonis
3311 5070 3475 5124 domo
3540 5079 3596 5123 et

2007 5176 2281 5245 Dagistea,
2332 5173 2468 5228 alter
2514 5170 2653 5225 aulae
2696 5168 2918 5223 comitis
2950 5166 3216 5235 dignitate
3258 5178 3325 5217 ac
3369 5160 3594 5217 Cariani

2013 5268 2245 5332 aedibus,
2283 5264 2525 5321 fecerant
2555 5272 2615 5318 ut
2646 5262 2763 5319 suis
2800 5262 2892 5315 ille
2923 5258 3091 5315 rebus
3122 5255 3405 5311 dillideret.
3443 5255 3602 5321 Qua-

2014 5370 2237 5435 propter
2267 5368 2381 5416 tum
2412 5358 2517 5415 sibi
2548 5357 2667 5428 ipse
2702 5364 2819 5409 tum
2849 5352 3027 5422 copiis
3054 5349 3267 5405 veniam
3305 5349 3373 5404 ab
3420 5348 3595 5416 impe—

2014 5464 2196 5512 ratore
2242 5462 2499 5525 precatus
2540 5450 2606 5506 ad
2643 5447 2940 5515 Malagiuas
2994 5459 3165 5513 usque
3220 5442 3321 5497 iter
3361 5439 3593 5501 reflexit,

318 5536 792 5650 διοᾷξιῗῖτὶαρᾶ
839 5536 938 5628 τού
973 5536 1319 5642 ’Νικηφόρον
1374 5536 1717 5637 φορούμενον
1760 5536 1884 5627 αὐτῇ

2009 5564 2120 5619 quo
2164 5548 2287 5605 locu
2323 5544 2639 5605 securitatis
2684 5541 2843 5596 fidem
2896 5536 3125 5607 accepit.
3166 5552 3329 5606 parva
3375 5549 3597 5604 quoque

1614 5654 1842 5714 VARUE
1880 5646 2289 5707 LECTIONES.

387 5770 421 5801 "
455 5771 512 5824 τὸ
544 5771 727 5841 vulgo.
