4038 6214
377 278 444 342 23
996 257 1007 275 ’
1389 310 1400 319 -
1487 286 1999 350 THEOPHANES
2028 289 2587 355 CONTINUATUS.
3588 307 3659 373 25

375 410 541 451 cruce
572 410 763 461 aurea,
804 393 1110 466 Nicephoro
1154 397 1355 467 gestari
1400 397 1584 465 solita,
1633 409 1784 455 certo
1818 400 1957 455 data:

2065 404 2373 495 ἀπέσταλτο
2422 406 2561 477 πρὸς
2610 406 2913 476 ἀσφάλειάν
2962 427 3020 463 τε
3058 410 3155 465 καὶ
3201 413 3484 487 πίστωσιν,
3514 422 3654 495 πρὸς

376 489 500 543 ηιιρί
532 488 761 559 pignore
806 490 873 543 ad
908 505 1032 545 eum
1066 490 1255 546 missa.
1307 489 1448 545 Tum
1476 493 1541 547 ad
1576 490 1810 549 Heraclii
1844 512 1962 550 mo-

374 581 679 635 nasterium
710 580 874 638 noctu
906 583 1139 653 aufugit,
1161 598 1270 637 uno
1289 581 1500 639 Thema
1532 584 1763 655 periculi
1785 587 1957 653 socio;

376 687 614 741 cumque
667 676 860 743 capitis
898 687 1154 729 ornatum
1210 676 1370 731 vellet
1424 676 1663 744 auferre,
1719 694 1830 733 non
1867 696 1959 735 ac-

378 765 581 835 quievit
641 768 963 824 monasterii
1028 783 1250 837 prases.
1307 768 1445 824 Tum
1508 770 1596 826 ille
1645 786 1800 839 ense,
1849 789 1960 843 quo

371 860 701 925 praecinctus
730 870 872 928 erat,
907 876 1121 918 comam
1145 874 1461 933 amputans,
1494 865 1696 937 vilique
1731 867 1959 925 indutus

373 963 519 1025 toga,
565 970 758 1011 versus
791 955 989 1012 Protcn
1020 958 1254 1012 insulam
1294 957 1397 1012 iter
1427 959 1644 1029 arripit,
1691 974 1801 1032 quo
1830 961 1955 1017 loco

374 1048 638 1116 pra-dium
675 1049 899 1119 pulchre
927 1049 1205 1105 excultum
1238 1050 1367 1103 olim
1397 1051 1734 1120 possidebat:
1768 1051 1823 1106 in
1848 1068 1959 1123 quo

372 1149 427 1195 et
448 1150 726 1196 extorrem
749 1157 912 1211 agere
940 1142 1240 1211 imperator
1273 1144 1648 1200 mandaverat.
1682 1146 1790 1215 ιο
1824 1146 1958 1201 lllnc

370 1232 559 1301 itaque
610 1231 907 1299 trajiciens,
970 1233 1258 1304 solitisqne
1306 1232 1562 1301 precibus
1605 1234 1859 1288 initiatus
1892 1248 1955 1287 ac

372 1326 771 1381 monachorum
794 1325 1041 1380 divinum
1073 1325 1323 1382 habitum
1356 1335 1713 1391 consecutus,
1742 1335 1957 1383 mutato

370 1420 594 1474 nomine
643 1416 856 1473 Sabbas
906 1419 1236 1489 appellatur,
1286 1434 1387 1490 pro
1437 1418 1731 1475 sanctioris
1786 1418 1856 1474 ab
1889 1430 1956 1474 eo

369 1509 575 1580 arrepti
608 1510 840 1564 instituti
878 1511 1093 1565 ratione
1122 1510 1275 1581 plura
1313 1525 1378 1566 ac
1418 1525 1619 1581 magna
1649 1510 1955 1567 certamina

372 1605 664 1660 desudans.
718 1603 871 1660 [laud
904 1605 1127 1675 longum
1161 1614 1382 1676 tempus
1412 1606 1666 1670 ﬂuxerat,
1697 1620 1821 1661 cum
1856 1604 1957 1677 Ly-

369 1713 603 1752 caonum
655 1697 876 1767 quidam
941 1696 1147 1767 impetu
1208 1697 1263 1751 in
1320 1712 1447 1752 eum
1499 1696 1643 1753 facto
1680 1704 1845 1764 atque
1888 1710 1953 1751 eo

370 1790 544 1845 oculis
594 1791 812 1854 orbato,
868 1791 1080 1845 sciente
1116 1805 1179 1845 ac
1210 1790 1450 1856 volente,
1481 1791 1575 1861 qui
1613 1801 1727 1845 tum
1769 1806 1952 1846 rerum

368 1883 705 1963 potiebatur,
737 1881 1070 1952 Nicephoro,
1104 1882 1159 1936 in
1187 1882 1433 1936 divinum
1462 1896 1834 1952 magnumque
1860 1881 1954 1935 Dei

371 1971 632 2041 templum
668 1968 1015 2041 confugiunt.
1045 1969 1216 2037 Inque
1241 1984 1368 2025 cum
1394 1970 1619 2025 modum
1646 1969 1955 2024 Philomelii

368 2080 593 2135 quoque
622 2064 881 2119 monachi
924 2064 1244 2119 vaticinatio
1290 2064 1498 2119 exitum
1527 2063 1739 2119 habuit.
1781 2063 1956 2119 Caete-

369 2174 491 2211 rum
527 2157 634 2217 ille.
683 2157 833 2211 velut
887 2171 917 2211 a
966 2157 1169 2227 quibus
1219 2156 1489 2212 beneﬁcio
1523 2156 1754 2211 aﬁectus
1787 2165 1951 2221 esset,

368 2248 567 2304 faustis
616 2249 760 2305 votis
807 2249 1060 2304 homines
1093 2258 1425 2318 prosecutus
1466 2248 1792 2303 austerioris
1832 2247 1955 2301 vitae

367 2341 714 2412 disciplinam
745 2341 992 2408 colebat,
1043 2341 1194 2406 vino,
1228 2341 1500 2411 piscibus,
1556 2340 1679 2397 oleo
1736 2339 1954 2412 penitus

368 2434 675 2499 abstinens,
706 2435 854 2490 nudo
886 2450 1103 2504 semper
1124 2436 1303 2506 capite
1332 2450 1395 2491 ac
1422 2434 1676 2505 pedibus,
1705 2434 1790 2489 vel
1826 2448 1952 2488 cum

370 2528 549 2583 acrior
577 2528 756 2583 hiems
785 2528 1094 2583 desaeviret.
1130 2529 1215 2583 Ad
1251 2529 1367 2583 haec
1394 2543 1502 2583 una
1535 2527 1721 2583 tunica
1751 2540 1954 2595 corpus

368 2620 921 2690 contegebat,a35tate
943 2619 1163 2690 quidem
1195 2620 1476 2689 pelliceam
1507 2618 1957 2686 induens,hieme

372 2726 504 2766 vero
546 2712 847 2767 cilicinam.
900 2709 1019 2765 Non
1076 2712 1293 2766 triticeo
1334 2725 1476 2781 pane
1515 2712 1683 2766 vitam
1734 2720 1956 2767 susten-

370 2803 544 2863 tabat,
570 2801 663 2855 sed
693 2800 797 2855 sibi
831 2801 950 2870 ipse
985 2800 1326 2855 bordeaceos
1355 2801 1754 2856 subcinericios
1788 2816 1959 2871 panes

372 2893 627 2948 faciebat.
659 2891 812 2947 Hanc
851 2893 1039 2961 itaque
1072 2892 1367 2948 severioris
1400 2893 1523 2946 vitae
1554 2892 1797 2962 regulam
1824 2907 1958 2947 con-

372 2991 617 3042 sectatus
664 2983 885 3038 duravit
932 2983 1110 3038 donec
1156 2982 1266 3039 Leo
1310 2983 1545 3054 imperio
1592 2983 1801 3055 potitus
1847 2991 1954 3039 est.

2064 494 2163 565 τὴν
2189 493 2284 548 τοῦ
2322 495 2647 566 Ἡρακλείου
2671 499 2842 569 μονὴν
2870 498 3111 573 νύκτωρ,
3138 502 3232 557 τὸν
3259 505 3462 577 Θωμᾶν
3494 493 3651 579 μόνον

2067 587 2556 655 συγκινδυνεύοντα
2596 588 2758 660 ἔχων,
2792 591 3100 662 ἀπέφυγεν,
3134 593 3226 650 τὸν
3267 598 3367 668 τῆς
3413 604 3650 675 κεφαλῆς

2063 681 2272 752 κόσμον
2307 683 2615 754 ἀφαιρῆσαι
2648 685 2986 751 σπουδάζων.
3022 688 3133 741 Kal
3154 690 3182 741 ό
3219 689 3319 759 μὲν
3351 693 3452 760 τῆς
3482 697 3653 766 μονῆς

2064 775 2350 846 προεστὼς
2373 775 2532 829 τοῦτο
2561 777 2761 847 δρᾶσαι
2791 779 2983 833 τοῦτον
3018 780 3079 834 οὐ
3114 781 3453 855 συνεχώρει·
3489 788 3656 853 αὐτὸς

2062 866 2120 921 δὲ
2170 861 2304 942 τῇ
2340 866 2743 940 περιεζώννυτο
2800 870 2983 943 σπάθῃ
3027 871 3119 926 τὸν
3167 872 3451 946 πλόκαμον
3482 878 3652 932 αὑτοῦ

2063 958 2300 1027 ἀφελὼν,
2333 959 2429 1013 καὶ
2456 961 2721 1033 πενιχράν
2744 961 2953 1033 ἐσθῆτα
2990 964 3434 1037 ἀμφιασάμενος,
3472 970 3654 1039 εῐχετο

2062 1053 2162 1123 τῆς
2189 1052 2321 1124 πρὸς
2356 1053 2453 1125 τὴν
2488 1053 2724 1125 Πρὼτην
2746 1054 2912 1125 νῆσον
2945 1057 3197 1129 πορείας,
3227 1058 3358 1113 ἔνθα
3377 1059 3441 1130 δὴ
3475 1061 3651 1132 τούτῳ

2062 1143 2256 1215 κτῆμα
2281 1144 2459 1208 καλῶς
2484 1146 2872 1219 πεπονημένον
2905 1146 3054 1217 ἐνῆν,
3081 1149 3177 1201 καὶ
3204 1149 3231 1202 ὁ
3250 1147 3505 1219 βασιλεὺς
3534 1154 3653 1205 ἐκεῖ

2067 1235 2251 1306 μένειν
2310 1239 2751 1310 περιωρισμένον
2802 1239 3126 1311 ἐπέτρεψεν.
3184 1240 3265 1314 [Ρ.
3320 1241 3379 1315 7]
3441 1244 3650 1298 Ἐκεῑσε

2061 1327 2195 1395 γοῦν
2252 1327 2612 1397 περαιωθεὶς,
2638 1330 2733 1384 καλ⁹
2791 1330 2888 1396 τὰς
2943 1331 3196 1399 συνήθεις
3243 1333 3409 1405 εὐχὰς
3450 1334 3545 1389 καὶ
3588 1336 3648 1389 τὸ

2060 1420 2170 1474 τῶν
2200 1419 2453 1491 μοναχῶν
2487 1420 2633 1475 θεῖον
2670 1422 2855 1494 σχῆμα
2890 1423 3209 1492 δεξάμενος,
3250 1428 3647 1499 μετωνομάσθη

2060 1511 2297 1577 Σάϐϐας,
2333 1513 2552 1580 ἀγῶνας
2567 1513 2905 1583 ἀσκητικοὺς
2936 1515 3169 1579 πολλοὺς
3208 1516 3645 1588 ἐνδεικνύμενος.

2061 1605 2135 1658 Ob
2168 1605 2302 1659 πολὺ
2332 1604 2393 1658 τὸ
2428 1606 2486 1658 ὲν
2523 1604 2696 1676 μέσῳ,
2722 1608 2818 1660 καί
2852 1626 2999 1671 τινες
3035 1609 3145 1662 τῶν
3180 1610 3244 1663 ὲκ
3293 1610 3396 1681 τῆς
3429 1611 3649 1663 Λυκαο-

2060 1697 2180 1761 νίας
2228 1697 2377 1768 αὐτῷ
2409 1698 2730 1768 ἐπιθέμενοι
2772 1700 2869 1754 καὶ
2902 1700 3233 1772 ποιήσαντες
3272 1700 3480 1773 ἔρημον
3536 1702 3649 1756 τῶν

2058 1788 2382 1860 ὀφθαλμῶν,
2415 1789 2615 1858 γνώσει
2647 1792 2745 1845 καὶ
2768 1794 2973 1863 είδήσει
3008 1794 3103 1848 τοῦ
3141 1794 3544 1866 βασιλεύοντος,
3570 1796 3650 1868 τῷ

2057 1882 2151 1936 τοῦ
2194 1881 2329 1935 Θεοῦ
2369 1883 2779 1953 προσφεύγουσι
2804 1886 2934 1958 θείῳ
2957 1888 3050 1941 καὶ
3103 1889 3323 1960 μεγάλῳ
3360 1889 3501 1960 ναῷο
3553 1893 3652 1945 καὶ

2056 1975 2212 2039 τέλος
2253 1971 2399 2047 εἶχεν
2434 1977 2529 2029 καὶ
2569 1977 2602 2046 ἡ
2638 1978 2949 2051 πρόρρησις
2995 1980 3089 2032 τοῦ
3121 1981 3183 2034 τὸ
3240 1983 3283 2013 ¹¹
3319 1982 3649 2055 Φιλκομήλιον

2058 2067 2479 2139 ὲνδιαιτωμένου
2536 2069 2887 2138 μονάζοντος.
2944 2071 3084 2123 Ἀλλ’
3156 2073 3363 2136 ἐκεῖνος
3420 2074 3519 2143 μὲν
3571 2074 3649 2138 ὡς

2056 2160 2378 2230 εὐεργέταις
2421 2161 2607 2224 αὐτοῖς
2682 2161 3057 2232 ἐπευξάμενος
3104 2164 3207 2232 τῆς
3270 2164 3654 2236 σκληροτέρας

2056 2251 2232 2320 εἴχετο
2248 2251 2494 2321 ἀγωγῆς,
2514 2250 2657 2303 οἴνου
2688 2266 2746 2303 τε
2769 2250 2865 2303 καὶ
2893 2250 3092 2319 ἰχθύων
3112 2252 3206 2303 καὶ
3233 2252 3417 2304 ἐλαίου
3434 2254 3653 2321 ὁλοσχε-

2058 2341 2169 2414 ρῶς
2210 2340 2574 2411 ἀπεχόμενος,
2617 2340 2834 2411 γυμνήν
2860 2357 2922 2393 τε
2954 2341 3041 2393 ἀεὶ
3072 2341 3255 2411 φέρων
3280 2340 3380 2410 τὴν
3411 2341 3653 2412 κεφαλὴν

2056 2434 2301 2497 καὶτοὺς
2324 2432 2522 2486 ἑαυτοῦ
2560 2433 2749 2499 πόδας,
2782 2430 2886 2485 κᾶν
2919 2432 2972 2485 εἴ
3011 2449 3093 2496 τις
3127 2432 3488 2504 σφοδρότερος
3531 2435 3653 2502 ὲγε-

2056 2528 2206 2598 γόνει
2241 2526 2472 2599 χειμών.
2501 2528 2624 2580 Ἔτι
2670 2525 2727 2579 δὲ
2772 2527 3071 2597 μονοχίτων
3109 2526 3363 2591 διετέλει,
3393 2525 3471 2597 τῷ
3502 2526 3653 2598 θέρει

2062 2623 2161 2693 μὲν
2190 2621 2516 2693 δερμάτινον
2562 2617 2765 2689 χιτῶνα
2802 2617 3270 2689 ἀμφιεννύμενος,
3306 2617 3384 2689 τῷ
3420 2620 3653 2689 χειμῶνι

2058 2716 2114 2769 δὲ
2137 2715 2378 2787 τρίχινον
2405 2711 2895 2785 περιϐαλλόμενος.
2928 2711 3069 2781 Ἕζη
3091 2711 3146 2765 δὲ
3182 2715 3243 2765 οὐ
3281 2711 3489 2781 σιτίνῳ,
3528 2710 3653 2783 κρί-

2060 2809 2160 2881 θης
2184 2810 2240 2862 δὲ
2268 2807 2486 2879 ἀλεύρῳ
2509 2804 2816 2877 ἐγκρυφίαν
2843 2806 3033 2859 ποιῶν.
3062 2806 3171 2859 Καὶ
3194 2802 3338 2858 οὕτω
3366 2805 3654 2875 παρέπεμ-

2058 2920 2160 2955 πεν
2207 2901 2297 2955 τὸν
2346 2898 2544 2954 ἑαυτοῦ
2589 2898 2725 2970 βίον,
2776 2897 3075 2970 διαρκέσας
3126 2896 3232 2960 ἕως
3284 2898 3313 2949 ὁ
3355 2896 3509 2951 Λέων
3551 2897 3651 2966 τῆς

2062 2995 2342 3067 βασιλείας
2388 2994 2607 3060 ἐγένετο
2671 2992 2972 3062 ἐγκρατής.
3015 2991 3391 3061 Ἀποκαρῆναι
3447 2990 3504 3043 δὲ
3558 2991 3655 3043 καὶ

372 3079 517 3145 Quin
547 3090 602 3135 et
632 3078 949 3133 Donmieam
990 3077 1279 3148 coniugem
1330 3093 1455 3132 cum
1501 3078 1607 3132 lilia
1653 3078 1956 3147 liberisque

2065 3090 2160 3159 τὴν
2188 3086 2384 3142 ἑαυτοῦ
2418 3084 2649 3155 σύμϐιον
2679 3082 2954 3152 Δομνίκαδ
2989 3081 3106 3150 ἅμα
3152 3081 3389 3152 θυγατρὶ
3421 3082 3515 3135 καὶ
3542 3083 3655 3143 τοῖς

374 3170 522 3225 domi
568 3169 945 3226 detondendus
976 3170 1215 3235 curavit,
1259 3168 1619 3225 Athanasiam
1652 3169 1955 3239 appellans,

372 3272 710 3334 cunctasque
732 3278 863 3334 opes
885 3263 937 3317 in
958 3277 1258 3333 pauperum
1292 3262 1672 3333 eleemosynas
1694 3276 1955 3332 erogans.

370 3361 551 3428 Atque
588 3358 671 3412 ha:
699 3357 919 3428 quidem
952 3371 1018 3412 ac
1050 3354 1322 3425 ejusmodi
1366 3354 1621 3411 Bardanii
1648 3369 1758 3411 res.

446 3540 501 3593 Δ.
530 3539 704 3593 Porro
733 3533 845 3591 Leo
876 3536 1059 3591 clarus
1101 3534 1407 3589 habebatur
1436 3548 1501 3589 ac
1529 3534 1786 3607 superbia
1815 3533 1960 3589 ferc-

376 3633 559 3704 batur,
594 3645 659 3684 ex
686 3628 881 3684 humili
930 3637 1095 3698 atque
1136 3627 1375 3683 obscuro
1408 3628 1746 3696 conspicuus
1795 3636 1961 3696 atque

374 3722 633 3785 illustris,
669 3736 768 3790 pro
802 3719 1195 3776 fmderatorum
1224 3718 1581 3790 praefectura,
1613 3733 1775 3788 quam
1806 3734 1965 3789 gere-

373 3816 491 3872 bat.
526 3813 632 3868 Sed
664 3826 765 3868 nec
796 3813 1044 3884 ingratos
1066 3826 1250 3867 mores
1281 3820 1531 3873 exuerat,
1569 3811 1734 3865 talem
1767 3825 1828 3866 se
1860 3826 1959 3865 ex-

376 3908 574 3963 hibens
614 3907 877 3961 adversus
909 3906 1007 3975 11
1042 3920 1168 3959 eum
1219 3904 1315 3974 qui
1364 3903 1631 3959 beneﬂcio
1681 3902 1958 3959 all‘ecerat.

376 4000 651 4056 Ca‘terum
673 4001 936 4065 clarebat,
967 3999 1186 4069 aliaque
1209 3999 1332 4054 aliis
1354 4007 1583 4054 nectens
1612 3999 1796 4068 praelia
1821 4010 1961 4055 stre-

377 4112 488 4153 nue
514 4093 1101 4150 adversus‘lsmaelitas
1118 4108 1181 4148 ac
1205 4092 1451 4148 secundo
1476 4092 1646 4146 Marte
1662 4093 1958 4163 pugnabat,

378 4191 582 4260 quippe
610 4188 703 4259 qui
732 4198 788 4243 et
808 4202 910 4242 sua
949 4187 1069 4256 ipse
1124 4186 1310 4241 indole
1364 4194 1419 4241 et
1470 4185 1864 4242 exercitatione
1905 4188 1959 4240 in

378 4299 498 4339 eam
529 4298 644 4337 rem
694 4280 865 4335 multa
904 4279 1109 4334 virtute
1152 4278 1410 4349 pollebat.
1452 4275 1794 4348 Quandoque
1829 4292 1961 4330 vero

379 4378 545 4432 abeo
587 4375 678 4447 qui
731 4384 846 4429 tum
900 4386 1084 4427 rerum
1140 4370 1451 4441 potiebatur
1504 4368 1885 4441 (Nicephorus
1917 4369 1962 4425 is

2067 3180 2266 3235 ἑαυτοῦ
2299 3177 2490 3232 παισὶν
2521 3178 2579 3229 ὲν
2601 3173 2679 3244 τῷ
2707 3174 2824 3242 ἰδίῳ
2855 3173 2989 3242 οἴκῳ
3034 3172 3322 3243 ἐποίησεν,
3351 3173 3657 3240 μετονομά-

2070 3289 2171 3336 σας
2191 3271 2362 3341 αὐτὴν
2396 3265 2747 3331 Ἀθανασίαν,
2787 3263 3006 3318 ἅπαντα
3035 3261 3239 3333 δηλαδὴ
3300 3261 3391 3315 τὸν
3424 3260 3657 3315 πλοῦτον

2069 3361 2360 3431 διανείμας
2384 3358 2649 3426 πτωχοῖς.
2684 3352 2796 3407 Καὶ
2824 3352 2895 3406 τὰ
2919 3351 3020 3423 μὲν
3066 3351 3210 3406 κατὰ
3243 3352 3335 3406 τὸν
3359 3351 3659 3423 Βαρδάνιον

2067 3454 2210 3509 οὕτω
2237 3467 2295 3506 τε
2319 3451 2415 3505 καὶ
2441 3448 2689 3505 τοιαῦτα.

2139 3544 2203 3599 δ’.
2253 3545 2313 3599 '0
2344 3544 2401 3598 δὲ
2434 3543 2587 3597 Λέων
2629 3542 2807 3613 εἴχετο
2845 3541 2945 3611 τῆς
2978 3538 3138 3609 δόξης
3185 3538 3281 3593 καὶ
3316 3539 3553 3609 ὲγαυρία
3593 3539 3659 3593 ἐκ

2067 3637 2328 3694 ταπεινοῦ
2370 3637 2465 3691 καὶ
2504 3634 2694 3700 ἀδόξου
2735 3634 3101 3705 περίϐλεπτος
3130 3632 3354 3706 ὁραθεὶς
3384 3632 3527 3686 κατὰ
3556 3634 3658 3703 τὴν

2068 3733 2179 3786 τῶν
2225 3731 2560 3803 φοιδεράτων
2593 3724 2809 3801 ἀρχήν,
2844 3726 2986 3782 Ἀλλ’
3022 3728 3143 3781 οὐδὲ
3181 3727 3282 3797 τῆς
3329 3728 3658 3798 ἀχαριστίας

2070 3826 2349 3897 ἀπείχετο,
2384 3823 2627 3887 τοιοῦτος
2657 3822 2787 3893 περὶ
2813 3822 2905 3876 τὸν
2937 3821 3233 3891 εὐεργέτην
3264 3821 3477 3891 φανείς.
3509 3820 3658 3892 Πλὴν

2069 3921 2268 3991 εἴχετο,
2309 3919 2404 3972 καὶ
2449 3918 2652 3989 μάχαις
2700 3916 2880 3987 μάχας
2929 3914 3318 3968 ὲπισυνάπτων
3355 3914 3499 3969 κατὰ
3546 3914 3659 3969 τῶν

2084 4011 2447 4085 Ἰσμαηλιτῶν
2503 4009 2955 4082 ὴνδραγαθίζετο,
3020 4008 3117 4062 ἅτε
3176 4008 3423 4080 μεγάλην
3470 4009 3529 4061 ὲν
3577 4006 3658 4079 τῷ

2072 4105 2297 4176 τοιούτῳ
2340 4104 2496 4175 μέρει
2531 4103 2626 4156 καὶ
2664 4102 2824 4172 φύσει
2864 4102 2959 4155 καὶ
2991 4101 3155 4173 τριϐῇ
3205 4100 3659 4173 προσφερόμενος

2064 4200 2317 4271 δύναμιν.
2358 4200 2471 4253 Καί
2508 4215 2637 4252 ποτε
2672 4199 3082 4267 στρατιωτικῶν
3126 4197 3431 4267 χρημάτων
3478 4198 3660 4250 διανο-

2070 4292 2175 4363 μὴν
2230 4292 2383 4361 παρὰ
2445 4289 2541 4344 τοῦ
2592 4290 2661 4343 τὰ
2710 4290 2968 4360 σκῆπτρα
3003 4274 3656 4358 διέποντοέΝικηφόρου

2067 4384 2453 4455 ἐγχειρισθεὶς,
2485 4384 2607 4436 ἐπεὶ
2637 4382 2790 4435 οὐδὲν
2811 4381 3007 4451 ἔμελεν
3036 4380 3188 4451 αὐτῷ
3216 4382 3325 4434 τῶν
3357 4375 3655 4450 βασιλικῶν

378 4477 557 4542 erat),
585 4486 748 4540 quam
780 4469 836 4523 in
868 4468 1057 4536 copias
1094 4466 1363 4520 militares
1396 4474 1668 4536 erogaret,
1697 4463 1957 4533 pecunia-

2070 4477 2321 4544 ἐντολῶν,
2344 4478 2456 4531 οὐδ’
2493 4476 2814 4548 ἐξεπέραινέ
2838 4493 2911 4540 τι,
2945 4474 3061 4529 ἀλλ’
3092 4476 3150 4527 ὲν
3184 4472 3407 4541 πολίχνῃ
3449 4468 3655 4538 Εὐχαῖ-

379 4582 501 4621 rum
530 4566 580 4618 vi
613 4562 846 4626 credita,
885 4560 1037 4615 nihili
1069 4558 1316 4630 pendens
1358 4558 1667 4629 imperialia
1696 4556 1853 4626 jussa
1893 4572 1963 4611 ne

379 4674 496 4714 rem
551 4657 773 4727 quidem
828 4653 1255 4725 exsequebatur,
1310 4651 1407 4706 sed
1459 4651 1514 4705 in
1568 4649 1963 4705 Eucbaitarum

380 4750 608 4822 ignobili
645 4748 847 4818 oppido
881 4756 1097 4815 tempus
1126 4745 1404 4815 voluptate
1427 4758 1491 4798 ac
1516 4741 1731 4815 ignavia
1762 4750 1963 4808 terens,

383 4844 688 4901 constituta
720 4840 990 4894 exercitui
1032 4838 1309 4911 stipendia
1354 4836 1599 4907 praebere
1638 4836 1962 4901 differebat;

2071 4588 2180 4624 των
2210 4569 2299 4623 τὸν
2346 4568 2538 4640 καιρὸν
2578 4568 2833 4642 ῥαστώνῃ
2874 4568 2969 4620 καὶ
3025 4564 3256 4636 ἀμελείᾳ⁸
3304 4560 3673 4631 κατατρίϐωφ

2070 4658 2398 4717 ἀνεϐάλλετο
2439 4656 2508 4710 τὰ
2539 4654 2906 4725 νενομισμένα
2938 4651 3016 4722 τῷ
3066 4650 3286 4722 στρατῷ
3323 4647 3656 4716 παρασχεῖν·

2072 4755 2168 4808 καὶ
2197 4749 2446 4823 φυλακῆς
2472 4746 2730 4817 οὐδεμίαν
2761 4745 3017 4814 πρόνοιαν
3052 4742 3216 4812 έχων,
3252 4739 3379 4791 ὀθτε
3412 4734 3522 4806 μὴν
3545 4734 3659 4789 τῶν

2073 4844 2268 4898 κοινῶν
2296 4839 2618 4912 χρημάτων,
2641 4835 2761 4889 οὐδὲ
2782 4834 2877 4889 καὶ
2896 4832 2990 4885 τοῦ
3016 4828 3215 4885 ἑαυτοῦ
3246 4826 3522 4898 σώματος,
3545 4823 3656 4877 οὐδ’

383 4954 485 4995 nec
514 4934 680 4991 ullam
708 4932 934 4987 omnino
980 4947 1167 4987 curam
1225 4945 1290 4986 ac
1331 4930 1665 5002 diligentiam
1701 4930 1957 4985 adhibens

2077 4935 2257 4991 αὐτῶν
2285 4933 2393 4987 τῶν
2433 4931 2539 4985 ὑπὸ
2565 4931 2744 4999 χεῖρα,
2774 4926 2882 4979 τῶν
2923 4921 3244 4997 Ἀγαρηνῶν
3273 4917 3662 4989 ἐκδραμόντων

384 5044 498 5088 tum
530 5026 777 5103 pecuniae
798 5024 1051 5097 publicae,
1084 5035 1198 5079 tum
1228 5039 1328 5078 suo
1359 5024 1530 5094 ipsius
1570 5023 1801 5079 tutando
1847 5038 1957 5077 cora

2080 5030 2174 5084 καὶ
2198 5028 2268 5081 τὰ
2306 5023 2591 5092 Ῥωμαίων
2605 5018 2943 5091 ληϊζομένων
2968 5017 3069 5086 τὴν
3093 5014 3244 5068 λείαν
3266 5014 3451 5076 αὐτοῖς
3480 5004 3662 5077 οὗτος,

383 5126 526 5198 pori,
554 5140 617 5179 ac
644 5138 745 5179 nec
769 5118 1201 5192 provincialibus
1230 5116 1647 5182 conservandis,
1678 5132 1801 5172 cum
1829 5118 1957 5187 Aga-

2080 5121 2195 5178 ἀλλ’
2221 5121 2320 5174 οὐκ
2346 5116 2503 5179 ἄλλος
2518 5132 2625 5179 τις,
2644 5111 2862 5183 ἀπεπλή
2874 5128 2968 5181 pou
2994 5105 3417 5177 ἀταλαιπώρως,
3443 5105 3581 5159 ἀλλὰ
3596 5104 3667 5158 δι’

386 5195 505 5274 reni
556 5215 913 5272 excursiones
947 5212 1193 5268 facerent
1243 5208 1661 5279 Romanamque
1708 5208 1957 5263 ditioncrr

2083 5210 2248 5267 αὐτοῦ
2271 5210 2368 5282 μὲν
2385 5204 2445 5261 οὒ
2464 5204 2635 5277 (ὀξείᾳ
2657 5201 2767 5273 γὰρ
2788 5202 2933 5270 φυγῇ
2954 5200 3054 5269 τὴν
3080 5195 3358 5269 σωτηρίαν
3379 5198 3669 5266 ὲπραγμα-
3706 5244 3718 5256 _

388 5308 713 5377 diriperent,
766 5307 919 5363 solus
960 5306 1076 5377 ipse
1129 5318 1195 5359 ac
1254 5318 1420 5358 nemo
1470 5301 1614 5357 alius
1668 5300 1957 5355 conferta"

2082 5299 2357 5368 τεύσατο),
2392 5296 2463 5350 τὰ
2484 5288 2854 5365 στρατιωτικὰ
2888 5286 2947 5339 δὲ
2972 5285 3207 5357 προδοὺς
3236 5283 3331 5338 καὶ
3355 5282 3669 5377 μόνον-οὐχὶ

398 5404 639 5473 pra-dam
698 5402 836 5456 citra
887 5415 1110 5463 omnem
1170 5399 1413 5455 laborem
1442 5397 1521 5452 eis
1556 5395 1824 5459 tradebat,
1866 5411 1957 5450 nor

2086 5395 2246 5467 χερσὶ
2287 5387 2565 5457 πολεμίοις
2615 5379 2870 5453 ἐμϐαλὼν
2918 5376 3335 5473 χρήματα.ῃ[Ρ.
3372 5374 3429 5446 8]
3473 5368 3548 5428 Οὗ
3605 5373 3672 5473 δὴ

393 5465 616 5565 quidem
651 5494 767 5551 suis
799 5494 913 5565 ipse
955 5493 1190 5549 fortunis
1230 5508 1295 5548 ac
1327 5489 1572 5563 periculo
1598 5489 1839 5560 (quippe
1883 5504 1955 5560 qu

2090 5465 2254 5544 ἕνεκα
2280 5486 2459 5546 δίκας,
2492 5479 2539 5535 εί
2570 5477 2667 5532 καὶ
2716 5474 2792 5546 μὴ
2825 5473 2926 5537 τὰς
2953 5470 3132 5539 ἀξίας,
3174 5469 3253 5542 τῷ
3304 5465 3673 5574 καταπιστεύ-

393 5559 558 5644 celeri
601 5588 723 5659 luga
755 5559 920 5643 saluti
956 5602 1069 5643 sua:
1102 5559 1481 5656 consulebat),
1518 5559 1612 5640 sed
1646 5559 1957 5638 militaribus

2091 5596 2244 5635 σαντι
2279 5576 2403 5641 δοὺς
2450 5569 2773 5643 Νικηφόρῳ,
2811 5567 3050 5639 πληγαῖς
3079 5583 3140 5622 τε
3183 5567 3303 5629 ταῖς
3327 5559 3671 5617 κατάνὼτου

1644 5673 1725 5727 γλ
1739 5673 1879 5728 “LE
1942 5669 2237 5730 LECTION
2250 5668 2351 5722 ES.

472 5774 513 5805 “
545 5775 636 5829 τοῦ
676 5773 814 5828 κατὰ
857 5764 953 5826 τοί
