4038 6214
325 263 396 326 ξε
1469 237 1693 300 unt.
1729 259 1789 271 -
1837 232 1980 295 LEO
2021 233 2451 296 ARMENIUS.
3547 231 3618 293 26

334 374 563 447 ὑπήχθη
607 370 707 424 καὶ
752 364 986 435 στέρνων
1032 360 1129 414 καὶ
1180 358 1327 428 φυγῇ
1375 355 1532 426 ἀῐδίῳ
1571 352 1924 447 ship—{nutus

2039 348 2278 416 pecuniis
2312 343 2552 417 proditis
2575 352 2630 400 et
2662 344 2821 416 quasi
2853 344 2907 398 in
2941 357 3139 399 manus
3163 342 3403 399 hostium
3433 360 3622 415 conje-

342 444 639 524 ἀπέτισεν.
680 459 819 515 Ἀλλὰ
853 454 952 509 τοῦ
998 451 1325 522 Νικηφόρον
1374 448 1518 502 κατὰ
1567 444 1791 499 Σκυθῶν
1839 445 1934 496 ὲκ-

355 580 421 616 et
431 557 769 630 ρατεύσσντος
795 550 894 602 καί⁵
913 564 1055 616 τραυ
1065 541 1424 616 ματίουικατὰ
1450 541 1554 608 τὴν
1573 536 1933 630 παρεμϐολην

365 628 468 705 tota
502 650 697 717 πολέμου
729 642 994 702 πεσόντος
1027 638 1168 710 μηνὶ
1208 632 1416 702 Ἰουλίῳ
1453 630 1633 683 εἰκάδι
1659 628 1794 699 ἕκτη
1830 629 1933 695 τῆς

383 743 609 812 τετάρτης
630 735 984 797 ίνδιχτιῶνος,
1017 732 1108 784 καὶ
1140 727 1237 781 τοῦ
1268 723 1388 779 υἱοῦ
1413 721 1758 792 Σταυρακίου
1787 720 1931 773 κατὰ

390 837 464 889 τὸν
482 831 685 899 πᾶεμον
713 826 942 897 καιρίαν
983 820 1290 895 τρωθέντος
1334 818 1409 880 ὡς
1447 816 1543 869 δύο
1590 815 1692 885 μὲν
1738 813 1934 886 μόνους

376 906 517 994 ,μῆνας
539 921 630 975 καὶ
655 919 767 990 ημέ
778 935 878 989 ρας
901 916 1164 985 ὲπιζῆσαι
1187 909 1359 976 ὀκτὼ,
1386 906 1933 979 συμϐασιλεύσαντος

366 1016 407 1067 δὲ
443 1014 700 1083 πῴτερον
729 1011 811 1082 τῷ
844 1010 1019 1075 πατρὶ
1060 1006 1159 1076 ἐτη
1190 1002 1341 1058 ὀκτὼ
1390 1004 1570 1073 μῆνας
1614 999 1756 1053 ἑπτὰ
1780 1041 1797 1067 ,
1836 998 1932 1052 καὶ

350 1106 553 1173 Μιχαὴλ
583 1105 678 1157 τοῦ
715 1101 1131 1174 κουροπαλάτου
1166 1094 1308 1169 μετά
1338 1094 1440 1166 τὴν
1466 1094 1561 1147 τοῦ
1592 1091 1931 1160 Σταυρακίου

344 1197 475 1250 κατὰ
497 1196 596 1266 τὴν
618 1196 883 1266 δευτέραν
903 1194 999 1247 τοῦ
1033 1188 1370 1259 Ὀκτωσρίου
1397 1185 1566 1257 μηνὸς
1588 1185 1918 1248 ἀποόίωσιν,

341 1286 589 1358 γαμϐροῦ
642 1286 1098 1358 μὲνΝικηφόρου
1132 1280 1464 1346 τελοῦντος,
1523 1282 1588 1333 ὲκ
1636 1280 1831 1347 γενεᾶς
1874 1277 1930 1330 δὲ

335 1381 715 1451 καταγομένου
747 1378 841 1432 τοῦ
886 1375 1160 1446 Ῥαγγαὸὲ
1192 1375 1289 1428 καὶ
1326 1372 1471 1426 κατὰ
1502 1370 1602 1441 τὴν
1639 1370 1789 1423 θέσιν
1821 1369 1930 1422 τῶν

330 1474 650 1541 Μαγγάνων
683 1472 1038 1544 σκηνοῦντος,
1065 1471 1168 1539 τὴν
1191 1469 1290 1537 τῆς
1326 1465 1603 1535 βασιλείας
1632 1464 1930 1535 δεξαμένου

328 1565 509 1635 ἀρχὴν
544 1565 689 1619 κατὰ
716 1566 809 1618 τὸν
861 1564 1197 1632 Ὀκτὼδριον
1235 1562 1379 1630 μῆνα
1410 1560 1509 1627 τῆς
1541 1556 1799 1626 πέμπτης
1851 1557 1930 1609 ἰν-

326 1658 639 1722 δικτιῶνος,
690 1658 988 1711 ἀπολύεται
1022 1658 1051 1709 ό
1086 1655 1238 1709 Λέων
1279 1653 1377 1722 τῆς
1428 1652 1731 1723 ὑπερορίας
1783 1650 1928 1704 κατὰ

323 1749 388 1803 τὸ
437 1751 824 1822 ὲπικρατῆσαν
865 1750 990 1812 ἔθος
1026 1750 1128 1818 τῆς
1176 1745 1549 1817 χρηστότητος
1596 1743 1785 1797 ἕνεκεν
1814 1746 1929 1805 τοῖς

340 1843 646 1914 Ῥωμαίων
690 1841 973 1916 βασιλεῦσι
1000 1883 1014 1904 ,
1071 1841 1169 1895 καὶ
1214 1839 1314 1908 τῆς
1359 1838 1538 1907 φυγῆς
1589 1836 1926 1903 κατάγεται,

323 1939 427 1990 καὶ
493 1941 614 2001 τοῖς
679 1935 849 1991 αὑτοῦ
921 1934 1113 1988 τούτου
1174 1933 1239 2005 δὴ
1270 1931 1365 1985 τοῦ
1421 1931 1643 2002 Μιχαὴλ
1694 1930 1927 2001 ῥαϐδού-

324 2044 459 2095 χοις
528 2031 646 2091 τοῖς
710 2027 860 2080 κατὰ
928 2027 1000 2079 τὰ
1070 2026 1334 2095 ἀνάκτορα
1367 2024 1761 2091 εσυντάττεται
1833 2025 1932 2094 ὲφ-

339 2119 671 2183 εδρεύουσι,
696 2122 791 2171 καὶ
821 2119 1122 2187 πατρικίων
1141 2114 1499 2186 τιμᾶταιμετ⁸
1525 2118 1585 2170 ού
1609 2116 1745 2170 πολὺ
1769 2120 1927 2187 τιμῇ,

340 2208 446 2258 καὶ
510 2208 816 2277 στρατηγὸς
873 2205 1227 2260 Ἀνατοὶικῶν
1283 2207 1709 2272 ἀναδείκνυται,
1768 2208 1931 2277 ἡνίκα

327 2300 433 2353 καὶ
497 2300 599 2367 τὴν
643 2301 881 2355 παλαιὰν
936 2302 1122 2371 φιλίαν
1190 2301 1286 2355 τοῦ
1341 2302 1441 2356 σὺν
1497 2301 1648 2372 αὐτῷ
1694 2303 1933 2371 τραφέν-

321 2406 421 2453 τος
463 2390 669 2460 ἀνδρὸς
695 2392 918 2463 Μιχαὴλ
956 2393 1222 2459 ἀνανεῶν,
1257 2393 1315 2446 δν
1345 2394 1563 2464 κόμητα
1596 2392 1698 2462 τῆς
1729 2394 1930 2464 κόρτης

322 2484 356 2553 ή
390 2484 462 2537 ὲκ
494 2483 593 2537 τοῦ
618 2485 918 2554 Βαρδανίου
942 2486 1240 2557 μετάταξις
1268 2488 1663 2559 προετίμησεν,
1699 2489 1794 2542 καὶ
1818 2488 1931 2541 τῶν

320 2574 672 2645 ἀπορρήτων
708 2574 921 2646 μύστην
965 2576 1287 2645 λαμὸἀνων,
1335 2578 1446 2632 τῶν
1490 2577 1639 2631 ἔνδον
1673 2595 1734 2632 τε
1784 2573 1932 2650 εἶχεν

321 2666 664 2721 πιστότατον
693 2670 789 2721 καὶ
824 2668 933 2722 τῶν
966 2668 1125 2733 ἐκτὸς
1155 2668 1637 2742 πρακτικώτατον.

406 2852 467 2901 ε’.
512 2845 658 2900 Ἀλλ’
682 2846 911 2918 ἔμελλεν
940 2845 1101 2915 αὖθις
1125 2851 1458 2923 ἀχαριστίας
1482 2849 1689 2905 ἁλῶναι
1715 2850 1930 2921 γραφῇ,

324 2937 585 3009 ὠμότητι
639 2943 977 3012 συντραφεὶς
1024 2945 1122 2997 καὶ
1169 2946 1459 3016 ἀγριότητι
1520 2944 1819 3015 ἐκτραφεὶς
1862 2944 1931 3011 ³³,

325 3034 434 3087 καὶ
466 3035 583 3095 τοῖς
621 3034 900 3108 δευτέροις
921 3037 990 3090 τὰ
1029 3036 1225 3108 πρῶτα
1269 3037 1514 3107 καλύψαι
1558 3040 1588 3091 ό
1620 3037 1929 3107 ἀλιτήριος.
1963 3077 2005 3133 C

336 3126 508 3181 Ὅθεν
536 3128 661 3199 ἄρτι
690 3130 988 3201 Κρούμνου
1030 3131 1128 3185 τοῦ
1160 3131 1271 3184 τῶν
1303 3132 1634 3204 Βουλγάρων
1664 3130 1936 3201 ἡγεμόνος

358 3219 647 3288 συμσάσεις
694 3224 791 3276 καὶ
843 3223 1035 3293 φιλίας
1077 3223 1523 3292 ὑποκριναμένου
1560 3224 1657 3276 καὶ
1702 3222 1938 3285 σπονδὰς

343 3308 629 3382 ζητοῦντος
655 3314 965 3385 εἰρηνικὰς,
991 3315 1041 3368 εί
1072 3314 1236 3384 μόνον
1269 3313 1338 3367 τὰ
1373 3312 1493 3367 κατ’
1527 3312 1650 3375 ἔτος
1683 3312 1939 3383 διδόμενα

340 3406 419 3468 εἰς
445 3405 623 3474 τάξιν,
658 3403 839 3477 οἶμαι,
877 3406 1109 3461 δοθῶσιν
1145 3406 1315 3479 φόρου
1345 3406 1520 3477 αὐτῷ,
1545 3407 1617 3470 ὡς
1646 3410 1760 3471 τοῖς
1796 3408 1934 3478 πρό-

345 3516 495 3571 τερον
528 3502 703 3566 ἐδοξε,
734 3504 830 3555 καὶ
867 3501 1257 3572 προστιθέντος
1287 3502 1363 3565 ὡς
1387 3503 1483 3555 καὶ
1520 3502 1649 3565 τοὺς
1681 3501 1933 3573 πρόσφυ-

337 3610 437 3660 γας
463 3594 819 3665 Βουλγάρων,
857 3595 995 3664 πρὸς
1026 3594 1084 3647 δὲ
1111 3596 1209 3648 καὶ
1254 3593 1546 3665 Ῥωμαίων
1576 3596 1656 3658 είς
1691 3595 1937 3649 τούπίσω

334 3688 644 3742 ἐκδίδοσθαι
683 3688 761 3759 τῷ
802 3689 1013 3742 ἑαυτῶν
1045 3687 1190 3741 ἔθνει
1218 3727 1233 3751 ,
1266 3689 1471 3743 ἄτοπον
1506 3688 1684 3758 ἐφάνη
1716 3688 1777 3741 τδ
1827 3689 1937 3744 τῶν

336 3782 679 3851 προσφύγων
728 3784 844 3846 τοῖς
879 3782 982 3851 τῆς
1028 3782 1339 3853 συγκλήτου
1395 3781 1626 3852 βουλῆς,
1679 3783 1727 3836 εί
1778 3783 1874 3836 καὶ
1908 3782 1937 3833 ό

338 3875 644 3941 βασιλεύων
689 3874 909 3945 Μιχαὴλ
951 3874 1088 3937 ὅλως
1120 3874 1164 3906 ⁸⁸
1217 3874 1439 3942 ἐγένετο
1487 3875 1588 3942 τῆς
1631 3874 1792 3943 δόξης
1839 3874 1937 3928 τοῦ

335 3968 603 4036 ἄρχοντος
626 3966 709 4038 τῷ
752 3984 817 4036 γε
848 3966 913 4037 δὴ
952 3967 1055 4037 τῆς
1084 3968 1315 4039 εἰρήνης
1344 3966 1638 4038 βούλεσθαι
1674 3968 1751 4038 μὴ
1796 3968 1937 4021 ἁπο-

336 4062 543 4129 τυχείν.
602 4059 745 4112 Ἀλλ’
788 4058 1097 4131 ἐκράτησεν
1142 4060 1176 4130 ὴ
1226 4058 1418 4130 βουλὴ,
1450 4058 1785 4112 Θεόκτιστον
1833 4059 1938 4129 μά-

332 4168 561 4224 γιστρον
615 4149 989 4223 ὲπικυροῦντα
1034 4152 1132 4206 καὶ
1191 4151 1580 4222 συντιθέμενον
1622 4150 1823 4221 ἔχουσα
1868 4153 1935 4222 τῇ

332 4245 484 4320 δόξῃ,
516 4247 613 4300 καὶ
641 4245 968 4316 διελύθησαν
1013 4245 1176 4298 πάλιν
1205 4245 1286 4309 εἰς
1317 4244 1457 4316 ἔργα
1498 4244 1743 4316 πολέμου
1765 4287 1780 4311 ,
1810 4245 1939 4311 τοὺς

332 4338 531 4406 λόγους
579 4338 978 4399 καταλιπόντες
1031 4337 1299 4407 γυμνούς.
1347 4336 1460 4390 Καὶ
1510 4336 1656 4390 τοῦτ’
1709 4336 1938 4400 εἰκότως

2037 441 2162 496 etis.
2208 438 2579 506 Quamobrem
2613 441 2779 494 etiam
2823 438 2999 494 eidem
3054 437 3387 509 Nicephoro,
3436 455 3467 494 a
3513 456 3624 508 quo

2037 533 2298 603 pecunias
2328 533 2683 604 consignatas
2732 542 3042 603 acceperat,
3075 548 3270 603 ptenas
3299 533 3468 599 dedit,
3519 534 3622 588 etsi

2038 625 2271 679 leviores
2299 640 2465 694 quam
2494 626 2679 680 delicti
2715 627 2856 680 ratio
2883 627 3242 696 exposcebal,
3265 641 3461 695 nempe
3488 626 3620 680 dor-

2036 734 2157 773 sum
2183 733 2449 788 renesque
2482 719 2804 775 verberibus
2832 717 3092 785 allectus,
3133 730 3505 790 perpetuoque
3536 735 3625 774 ex-

2037 812 2159 866 silio
2186 811 2471 866 multatus.
2508 811 2781 866 Caeterum
2816 828 2940 868 cum
2973 811 3312 883 Nicephorus
3360 814 3625 869 adversus

2038 902 2270 973 Scythas
2296 920 2524 959 movens
2566 916 2790 974 accepto
2826 906 2880 960 in
2911 907 3028 961 acie
3073 908 3301 962 vulnere
3331 906 3461 963 fatis
3491 922 3626 963 con-

2036 997 2300 1051 cessisset
2354 995 2484 1051 Julii
2539 998 2745 1052 mensis
2796 998 3057 1068 vigesima
3095 1010 3269 1065 sexta,
3320 1001 3626 1056 indictione

2036 1099 2255 1158 quarta,
2288 1088 2725 1161 Stauraciusque
2752 1094 2873 1162 ejus
2892 1092 3037 1148 filius
3057 1092 3171 1163 ipse
3193 1109 3412 1164 quoque
3438 1094 3623 1148 lethali

2037 1188 2090 1236 In
2120 1182 2313 1253 prmlio
2341 1184 2570 1239 allectus
2604 1184 2832 1240 vulnere
2856 1200 2963 1240 non
2998 1186 3183 1257 plures
3217 1189 3433 1244 duobus
3463 1204 3624 1242 men—

2036 1288 2124 1327 ses
2148 1272 2382 1341 diesque
2408 1282 2533 1326 octo
2564 1273 2705 1342 patri
2730 1284 3013 1343 superstes
3038 1276 3362 1341 exstitisset,
3388 1275 3623 1330 Michael

2040 1364 2143 1433 12
2168 1379 2295 1419 vero
2321 1363 2652 1431 Curopalata
2674 1375 2797 1436 post
2820 1367 3161 1424 Stauracium
3184 1371 3425 1425 secunda
3458 1370 3622 1425 Octo-

2037 1457 2151 1511 bris
2181 1459 2294 1511 vita
2322 1461 2571 1512 functum
2607 1459 2763 1528 (erat
2812 1460 2858 1515 is
2898 1476 3065 1531 gener
3113 1460 3430 1533 Nicephori,
3480 1465 3624 1522 Ran-

2036 1551 2187 1619 gaba:
2238 1558 2391 1605 ortus
2424 1551 2701 1621 prosapia,
2735 1552 2801 1607 ad
2850 1557 3266 1627 armamentarii
3299 1558 3445 1614 aedes
3498 1576 3624 1614 mo-

2036 1644 2198 1713 rans)
2230 1643 2445 1712 imperii
2481 1652 2696 1713 sceptra
2728 1646 2955 1714 adeptus
2981 1656 3130 1703 esset
3160 1664 3349 1706 mense
3373 1650 3621 1719 Octobri,

2035 1738 2332 1793 indictione
2363 1740 2577 1809 quinta,
2608 1737 2717 1792 Leo
2738 1739 2932 1792 exsilio
2954 1741 3208 1807 solvitur,
3245 1742 3623 1801 Romanorum

2033 1828 2368 1897 principum,
2428 1845 2553 1884 cum
2616 1828 2853 1895 primunt
2912 1831 3353 1900 inaugurantur,
3391 1837 3623 1892 solemni

2036 1922 2373 1990 clementia;
2407 1932 2568 1991 atque
2602 1938 2633 1977 a
2676 1921 2801 1994 fuga
2827 1933 3116 1980 revocatus
3146 1928 3315 1995 ipsius
3348 1929 3626 1986 Michaelis

2034 2015 2293 2085 palatinis
2342 2016 2634 2072 lictoribus
2676 2027 3020 2073 accensetur.
3074 2016 3185 2074 Nec
3242 2020 3401 2090 longa
3446 2038 3623 2088 mora,

2033 2108 2249 2179 patricii
2283 2108 2548 2178 dignitate
2570 2118 2802 2179 augetur
2829 2109 3051 2180 duxque
3081 2109 3441 2168 Orientalium
3468 2130 3628 2171 crea-

2034 2212 2146 2267 tur,
2173 2202 2396 2272 quando
2417 2212 2472 2257 et
2503 2200 2736 2257 Michael
2767 2211 3007 2257 veterem
3044 2204 3168 2270 viri,
3205 2221 3447 2277 quocqu
3499 2208 3626 2264 fue-

2037 2301 2122 2347 rat
2162 2294 2453 2359 educatus,
2482 2293 2782 2349 amicitiam
2818 2311 3114 2364 renovans,
3148 2313 3309 2367 quem
3340 2300 3481 2354 aulae
3529 2317 3625 2356 co-

2035 2387 2225 2441 mitem
2298 2387 2490 2441 relicta
2546 2386 2807 2443 Dardanii
2873 2388 3039 2445 factio
3097 2400 3225 2446 ante
3279 2403 3627 2462 provexerat,

2034 2494 2472 2548 ari-auorumqne
2504 2482 2787 2537 conscium
2837 2498 3151 2548 assumens,
3212 2501 3398 2540 rerum
3438 2486 3629 2542 dome-

2035 2573 2295 2628 sticarum
2348 2574 2678 2629 ﬁdissimum
2723 2572 2913 2630 testem
2965 2592 3269 2650 eorumque
3325 2594 3448 2648 qua:
3493 2579 3629 2635 foris

2036 2666 2248 2734 agenda
2322 2677 2509 2723 essent
2565 2666 3009 2737 ellicacissimum
3078 2670 3394 2727 ministrum
3465 2674 3628 2729 adhi-

2036 2758 2177 2814 buit.

2107 2854 2160 2908 ὅ.
2198 2854 2410 2912 Rursus
2442 2865 2623 2911 tamen
2657 2856 2855 2929 ingrati
2890 2858 3058 2913 animi
3085 2859 3261 2915 labem
3300 2860 3403 2916 sibi
3431 2877 3624 2932 asper-

2036 2960 2200 3001 surus
2232 2956 2353 3001 erat
2384 2947 2550 3002 homo
2581 2948 2789 3003 crudeli
2827 2949 3050 3019 ingenio
3083 2952 3399 3021 agrestique
3435 2952 3623 3008 indole

2038 3037 2327 3105 educatus,
2351 3053 2416 3093 ac
2445 3038 2539 3107 qui
2565 3038 2751 3107 priora
2784 3053 2908 3103 sua,
2956 3041 3272 3096 mortalium
3301 3041 3630 3096 scelestissi-

2040 3144 2185 3195 mus,
2226 3130 2584 3199 sequentibus
2612 3141 2761 3187 esset
2807 3133 3230 3188 obscuraturus.
3261 3174 3267 3181 .
3297 3131 3451 3188 Unde
3503 3150 3627 3187 cum

2036 3220 2149 3289 jam
2174 3219 2537 3290 Bulgarorum
2566 3224 2675 3277 dux
2701 3224 2982 3281 Crumnus
3011 3226 3364 3280 concordiam
3394 3236 3446 3281 et
3478 3227 3634 3296 pacis

2042 3313 2249 3369 foedera
2284 3313 2672 3385 amicitiasque
2723 3317 2936 3371 ambire
2981 3333 3041 3371 se
3088 3317 3378 3373 simularet
3410 3334 3474 3373 ac
3504 3318 3632 3379 ani.

2041 3423 2191 3461 mum
2220 3407 2371 3475 pacis
2399 3408 2657 3477 cupidum
2702 3407 3009 3478 praeferret,
3061 3408 3364 3464 dummodo
3415 3425 3623 3475 annua,

2039 3516 2163 3571 quae
2196 3501 2359 3570 pendi
2398 3501 2559 3556 solita
2588 3510 2747 3557 erant
2780 3518 2879 3572 pro
2909 3517 2975 3557 eo
3001 3518 3066 3557 ac
3095 3502 3399 3572 majoribus
3451 3503 3631 3558 visum

2038 3604 2177 3657 erat,
2214 3594 2444 3651 Romani
2469 3596 2669 3651 tributa
2702 3605 3054 3666 praestarent,
3076 3612 3140 3651 ea
3168 3597 3387 3651 demum
3418 3595 3631 3665 adjecta

2039 3689 2378 3757 conditione,
2410 3702 2471 3745 ut
2491 3702 2546 3745 et
2576 3689 2937 3761 Bulgarorum
2967 3690 3322 3760 vicissimque
3348 3688 3632 3746 Romano-

2039 3800 2162 3840 rum
2196 3784 2555 3854 imposterum
2586 3784 2889 3847 transfugae
2914 3799 3030 3838 sua:
3058 3782 3267 3852 quique
3318 3781 3466 3853 genti
3498 3783 3628 3837 red-

2039 3878 2323 3941 derentur,
2372 3875 2788 3946 transfugarum
2827 3875 2929 3945 13
2955 3883 3117 3943 caput
3149 3873 3280 3929 illud
3328 3873 3629 3929 absurdum

2040 3961 2255 4022 senatui
2292 3968 2473 4022 visum
2519 3978 2626 4033 est,
2681 3982 2999 4038 quanquam
3052 3966 3285 4022 Michael
3335 3967 3634 4036 imperator

2043 4068 2193 4114 totus
2247 4061 2304 4113 in
2364 4060 2633 4129 principis
2693 4048 3060 4129 Bulgarorum
3112 4060 3442 4131 sententiam
3494 4057 3631 4122 ibat,

2040 4153 2187 4222 quod
2223 4152 2475 4207 ineunda:
2503 4153 2655 4222 pacis
2695 4152 3047 4208 occasionem
3080 4152 3229 4206 illam
3267 4151 3370 4206 sibi
3407 4150 3634 4205 nolebat

2040 4245 2330 4315 aulngere.
2357 4245 2611 4301 Obtinuit
2636 4256 2820 4302 tamen
2871 4256 3099 4302 senatus
3132 4246 3429 4309 sententia,
3464 4259 3631 4313 quam

2042 4341 2397 4401 'l‘heoctisms
2448 4340 2709 4410 magister
2771 4349 3098 4408 sequeretur
3149 4354 3215 4394 ac
3260 4341 3350 4394 cui
3405 4339 3516 4393 vim
3567 4352 3633 4395 ac

333 4434 515 4502 ἐφάνη
559 4432 748 4485 καλόν·
794 4431 877 4505 [Ρ.
936 4428 993 4503 9]
1028 4430 1146 4494 πῶς
1175 4430 1286 4501 γὰρ
1325 4432 1391 4486 ἄν
1423 4449 1507 4496 τις
1553 4431 1933 4503 φιλάνθρωπος

2044 4435 2260 4505 pondus
2284 4433 2614 4489 auctoritate
2641 4448 2741 4487 sua
2769 4432 3055 4500 adjiceret.
3103 4431 3309 4486 lterum
3342 4445 3475 4501 ergo
3506 4431 3633 4485 reli-

332 4526 467 4599 δόξῃ
498 4527 597 4580 καὶ
627 4524 923 4596 συμπαθὴς
952 4524 1046 4577 τόν
1075 4540 1141 4591 γε
1172 4524 1263 4578 διά
1288 4541 1410 4577 τινα
1444 4526 1721 4596 σφαλέντα
1753 4527 1818 4599 δὴ
1846 4544 1939 4580 πε-

338 4620 628 4691 ριπέτειαν
667 4620 763 4673 καὶ
786 4619 885 4690 τὴν
914 4615 1112 4671 ἑαυτοῦ
1147 4617 1249 4688 μὲν
1280 4618 1666 4689 ἁρνησὰμενον
1705 4622 1936 4689 ἐνεγκα-

340 4714 536 4783 μένην,
570 4708 641 4783 ἦς
674 4711 830 4766 οὐδὲν
862 4712 1108 4781 γλύκιον,
1143 4711 1220 4775 ὥς
1258 4727 1414 4780 φασι,
1450 4710 1586 4782 πρὸς
1620 4711 1677 4766 δὲ
1707 4713 1803 4767 καὶ
1836 4729 1939 4783 γα-

339 4807 513 4876 μετήν
547 4822 609 4858 τε
650 4806 746 4858 καὶ
784 4805 1008 4873 ἔγγονα,
1054 4806 1131 4869 ὡς
1174 4807 1255 4870 εἰς
1300 4804 1499 4860 ἄσυλον
1546 4808 1938 4876 καταφυγόντα

339 4898 527 4969 βωμὸν
547 4902 615 4970 τῇ
642 4899 751 4952 τῶν
787 4898 1080 4969 Ῥωμαίων
1110 4897 1380 4969 πολιτείᾳ,
1409 4898 1601 4953 τοῦτον
1624 4901 1934 4957 ἐκδίδοσθαι

340 4995 587 5066 ὠμότητι
634 4993 881 5060 Σκυθῶν,
918 4993 1126 5065 θηρίων
1170 4994 1567 5065 διενηνοχότων
1613 4996 1801 5063 ούδέν;
1850 4992 1935 5063 οἷς

340 5091 445 5159 γὰρ
473 5090 539 5143 τὸ
572 5089 807 5160 φοϐερὸν
837 5089 933 5142 καὶ
962 5088 1155 5160 ἄγριον
1184 5088 1388 5159 ὁρῶσιν
1420 5089 1603 5142 αὐτῶν
1633 5091 1764 5155 τοὺς
1806 5091 1935 5145 πολ-

336 5183 462 5246 λοὺς
509 5183 583 5255 μὴ
635 5182 1012 5252 ὑποφέροντας
1065 5179 1161 5233 καὶ
1209 5179 1299 5233 διὰ
1349 5181 1511 5234 τοῦτο
1556 5182 1935 5255 ἀπορρέοντας

340 5278 478 5348 πρὸς
511 5275 573 5329 τὸ
606 5275 820 5345 ἥμερον
862 5274 958 5326 καὶ
1004 5276 1182 5345 πρᾶον
1217 5274 1377 5344 ἡμῶν
1410 5275 1653 5346 συχνῶς,
1691 5278 1787 5331 ἆτε
1831 5277 1931 5350 δὴ,

343 5372 417 5442 μὴ
441 5370 583 5424 κατὰ
611 5368 811 5439 μικρὸν
829 5366 1068 5422 λάθωσιν
1092 5368 1322 5432 ἑαυτοὺς
1353 5368 1493 5438 πρὸς
1526 5370 1676 5440 ἡμᾶς
1696 5365 1941 5425 ἐκκενώ-’

342 5480 555 5531 σαντες,
612 5462 848 5525 δεδιότες
897 5463 947 5515 οἱ
992 5462 1144 5531 σφῶν
1188 5462 1427 5534 ἀρχηγοὶ
1466 5462 1559 5516 τὸν
1604 5464 1770 5519 πολὺν
1804 5467 1935 5538 περὶ

339 5554 547 5609 τούτων
597 5554 764 5620 λόγον
802 5553 1066 5617 πολλάκις
1100 5554 1197 5608 καὶ
1251 5553 1449 5626 μέχρις
1489 5555 1649 5627 ἡμῶν
1702 5563 1931 5635 κεκινή-

2041 4529 2148 4583 etis
2176 4525 2469 4598 colloquiis
2497 4524 2565 4579 ad
2599 4524 2724 4579 belli
2749 4523 2926 4578 aleam
2963 4532 3282 4578 revocatum
3309 4523 3585 4594 negotium
3614 4541 3631 4588 ;

2043 4621 2209 4692 idque
2238 4621 2415 4692 magis
2437 4621 2632 4676 decere
2655 4618 2851 4673 merito
2870 4617 3177 4687 iudicatum
3207 4627 3312 4674 est.
3347 4617 3637 4684 Quomodo

2041 4718 2188 4770 enim
2226 4731 2336 4771 non
2370 4729 2590 4769 onmem
2620 4711 2985 4767 humanitatis
3010 4726 3236 4768 sensum
3265 4712 3493 4768 exuisse
3539 4726 3631 4766 ar-

2041 4809 2332 4864 bitrandus
2367 4818 2472 4872 est,
2502 4808 2596 4878 qui
2630 4807 2908 4862 hominem
2947 4820 3081 4862 casu
3111 4805 3301 4876 aliquo
3331 4814 3428 4860 aut
3468 4804 3637 4859 vicis-

2042 4904 2283 4959 situdine
2307 4903 2361 4957 in
2386 4918 2627 4958 errorem
2655 4902 2995 4974 prolapsum,
3019 4902 3331 4972 patriaque,
3360 4914 3470 4969 qua
3497 4896 3634 4951 nihil

2043 4996 2263 5052 dulcius
2292 5010 2415 5050 esse
2456 4995 2632 5061 aiunt,
2687 5003 3029 5066 contempta,
3074 4992 3143 5047 ad
3190 4993 3309 5047 lucc
3368 5003 3542 5044 uxore
3576 4994 3633 5041 et
3716 5058 3721 5063 ο

2042 5090 2253 5156 liberis,
2274 5103 2373 5144 ceu
2402 5088 2471 5144 ad
2494 5104 2621 5144 aras
2644 5087 3010 5153 inviolabiles,
3029 5087 3097 5141 ad
3116 5085 3379 5140 Romanae
3403 5078 3632 5138 ditionis

2042 5187 2165 5241 loca
2223 5184 2658 5257 confugientem,
2714 5182 2987 5255 Scythica:
3047 5180 3225 5249 gentis
3275 5176 3631 5241 immanitati',

2047 5279 2212 5350 cujus
2245 5294 2273 5333 a
2306 5277 2438 5335 feris
2465 5278 2602 5334 nihil
2631 5278 2844 5333 indoles
2873 5273 3110 5335 differat,
3145 5271 3430 5325 dedendos
3455 5279 3620 5339 puta-

2045 5372 2232 5427 verit?
2270 5388 2396 5428 cum
2437 5372 2585 5427 enim
2615 5368 2890 5425 terribiles
2928 5374 3226 5433 trucesque
3256 5378 3322 5418 ac
3353 5360 3455 5417 feri
3492 5360 3626 5425 sint,

2047 5465 2249 5521 multos
2306 5479 2536 5519 suorum
2601 5461 2653 5516 id
2706 5475 2813 5514 non
2854 5458 3093 5513 ferentes
3139 5456 3207 5511 ad
3243 5455 3520 5511 lenitatem
3573 5460 3630 5506 ct

2042 5545 2523 5620 mansuetudinem
2556 5564 2801 5613 nostram
2834 5566 3211 5625 saepenumero
3241 5547 3477 5605 transire
3505 5544 3623 5600 ani-

1627 5654 1856 5718 VARUE
1903 5664 2080 5723 LECT
2088 5662 2201 5721 1οΝ
2209 5662 2308 5718 ΕΞ.

417 5746 459 5777 ¹³
492 5744 813 5816 ικτραφιίς]
844 5762 910 5802 an
953 5745 1281 5819 ἐντραφείςέ
1362 5750 1401 5782 ³⁸
1436 5749 1602 5814 ὄλοςῖ
