4038 6214
358 252 429 315 21
1504 278 1605 338 Tll
1616 278 1859 341 EOPHA
1869 280 1920 343 N
1923 283 2014 344 ES
2043 283 2267 347 CONTI
2279 288 2611 353 NUATUS.
3572 314 3642 370 98

362 368 733 427 madvertunt.
787 372 865 428 Ne
886 376 1054 448 igitur
1102 381 1359 439 universa
1408 386 1657 457 ipsorum
1703 408 1839 462 gens
1891 394 1945 447 in

362 470 602 516 nostram
634 464 894 532 paulatim
924 483 1050 527 sese
1075 472 1343 541 elfundat,
1374 480 1533 534 veriti
1564 497 1757 538 eorum
1792 486 1946 553 prin-

1981 414 2023 467 Α
2056 412 2241 453 κασιν.
2287 400 2448 457 Ἀλλά
2476 404 2660 476 κενὴν,
2686 407 2747 461 τδ
2777 409 2843 479 δὴ
2871 409 3166 482 λεγόμενον
3197 417 3339 471 κατὰ
3368 417 3466 489 τὴν
3492 438 3640 495 παρ·

2072 490 2284 559 οιμίαν,
2313 492 2539 567 ἐψηλαν,
2569 497 2884 571 ἀνθρώποις
2916 504 3234 575 ἐντυχόντες
3263 512 3530 581 στερροῖς.

2135 555 2144 558 -
2271 555 2279 559 .
2354 555 2418 567 ..
2524 555 2537 563 .
2679 555 2690 571 ,
2862 555 2930 565 -ν
3023 555 3530 581 κλ--η.---,,,.-.,.

358 555 513 625 cipes
545 560 747 630 saepius
778 572 834 617 et
861 565 926 619 ad
967 578 1211 624 nostram
1245 587 1421 643 usque
1465 584 1685 632 aetatem
1741 579 1947 633 multos
1986 580 2054 635 de
2096 582 2199 639 bac
2249 602 2311 643 re
2355 606 2641 648 sermones
2691 608 3000 650 moverunt.
3034 597 3092 652 In
3161 614 3362 655 vanum
3437 613 3635 672 tamen,

362 652 506 672 ΜΛΔ
563 667 776 672 μω
830 657 841 668 .
919 658 942 672 ,.
1005 668 1013 672 ,
1202 663 1217 672 .
1296 666 1308 672 -
1533 671 1536 672 ν
1866 671 1871 672 ν

3200 652 3361 655 ηπ--
3438 652 3635 672 -_----..,

358 652 506 716 quod
558 657 842 710 communi
917 658 1094 716 fertur
1152 663 1369 735 adagio,
1430 671 1769 736 cecinerunt,
1825 671 1974 727 viros
2022 678 2166 730 nacti
2200 678 2340 735 flrmi
2371 686 2743 755 propositi,et
2772 689 2867 759 qui
2911 706 2941 744 a
2993 692 3266 747 sententia
3300 708 3413 748 non
3480 695 3645 773 facile

361 747 775 773 ,ΙΣ-νιηκΑ-Αηι--..

358 747 793 805 dimoverentur.

428 840 483 895 6.
510 832 682 897 'Brevi
722 846 908 915 itaque
953 862 1228 907 cessatum
1261 871 1437 921 mora,
1494 859 1781 929 ambaeque
1815 875 1941 915 mox

358 942 547 1002 gentos
574 932 640 988 ad
670 938 822 990 arma
848 953 1200 999 concurrere.
1240 944 1295 999 In
1329 947 1416 1002 his
1439 947 1672 1005 Michael
1703 953 1939 1021 legatum

357 1042 517 1080 suum
549 1030 748 1083 reverti
767 1031 941 1099 jubet,
975 1050 1153 1103 exque
1182 1036 1406 1096 Oriente
1430 1057 1553 1096 cum
1580 1044 1752 1113 copiis
1772 1062 1939 1116 quam

356 1118 465 1170 cito
495 1123 867 1177 transmittere
900 1141 913 1177 :
950 1127 1234 1185 enimvero
1263 1147 1373 1200 quo
1400 1150 1458 1189 se
1494 1138 1743 1208 adjutore
1799 1159 1940 1197 usu-

355 1226 479 1264 rum
530 1216 883 1283 exspectabat
920 1217 1158 1288 bellique
1197 1224 1367 1291 socio,
1401 1226 1797 1296 implacabilem
1837 1237 1941 1310 14

354 1301 566 1357 hostem
592 1303 835 1360 oﬂ‘endit.
867 1306 1004 1361 Cum
1036 1311 1182 1365 enim
1204 1328 1267 1367 ex
1304 1317 1590 1374 verborum
1610 1324 1702 1377 illa
1721 1301 1939 1394 jacta—n:

355 1395 427 1447 tia
463 1411 525 1449 ac
549 1395 814 1455 Romanis
856 1400 1142 1460 intentatis
1185 1409 1371 1473 minis,
1408 1414 1605 1481 quibus
1630 1434 1690 1474 se
1737 1421 1935 1477 Crum-

351 1505 456 1544 nus
481 1490 764 1549 hominum
802 1504 1040 1567 stragem
1067 1500 1358 1569 facturum,
1387 1523 1547 1579 agros
1571 1525 1932 1587 vastaturum,

351 1582 576 1639 arbores
598 1589 936 1655 excisurum,
963 1591 1159 1648 domos
1207 1612 1626 1671 succensurnm,
1675 1611 1934 1666 omnino-

349 1689 455 1741 que
480 1679 737 1735 torrentis
769 1698 937 1748 more,
962 1684 1196 1741 violento
1218 1689 1270 1743 in
1301 1707 1402 1749 nos
1427 1694 1653 1765 impetu,
1680 1698 1937 1771 irruptio-

349 1779 473 1820 nem
516 1783 575 1822 se
605 1769 878 1827 facturum
937 1775 1246 1834 afﬁrmabat
1281 1798 1345 1837 ac
1376 1799 1569 1841 omnes
1605 1791 1706 1844 sub
1742 1769 1934 1863 juigtim

349 1856 672 1924 missurum,
706 1865 985 1921 animatus
1016 1869 1316 1938 imperator
1343 1889 1595 1947 suscepta
1626 1880 1739 1948 jam
1774 1900 1934 1955 expe-

347 1948 573 2016 ditione,
612 1958 833 2011 modum
869 1974 1086 2015 omnem
1128 1966 1460 2024 excellentes
1492 1969 1717 2030 Barbari
1753 1978 1934 2037 minas

346 2044 788 2110 compressisset,
810 2049 1009 2119 vixque
1032 2068 1139 2107 non
1164 2060 1280 2111 suis
1306 2074 1367 2113 se
1396 2061 1598 2118 finibus
1624 2068 1931 2136 continere,

346 2148 449 2188 nec
478 2134 605 2190 inde
636 2154 1002 2213 prorumpere
1048 2162 1327 2219 agrosque
1376 2152 1660 2214 Romanos
1713 2171 1933 2217 vastare

344 2229 614 2299 coegisset
632 2248 646 2297 ;
667 2237 976 2308 saepiusque
999 2253 1329 2310 provocante
1357 2243 1635 2313 Michaele,
1662 2249 1930 2307 instructa

347 2320 402 2372 in
448 2336 574 2376 eum
605 2326 744 2391 acie,
784 2343 979 2399 pugnae
1009 2331 1056 2387 is
1106 2333 1281 2411 aleam
1333 2350 1649 2407 compressa
1702 2343 1929 2400 audacia

344 2410 731 2483 detrectasset,
756 2419 890 2486 quin
929 2422 1040 2477 imo
1074 2424 1220 2480 vires
1264 2410 1399 2483 suas
1447 2442 1791 2499 agnosceret,
1830 2452 1931 2493 nec

290 2527 306 2547 η
344 2502 609 2561 adversus
639 2508 1027 2579 imperatorem
1058 2532 1284 2573 manum
1327 2536 1624 2579 conserere
1654 2527 1882 2584 auderet
1911 2548 1926 2597 ;

343 2595 593 2654 suiiicere
615 2600 868 2659 Michaeli
892 2608 1198 2675 videbatur,
1224 2614 1372 2682 quod
1410 2615 1752 2673 barbaricam
1780 2595 1928 2677 illam

340 2686 607 2746 ferociam
649 2709 714 2749 ac
745 2699 1111 2755 temeritatem
1146 2704 1264 2759 suis
1313 2707 1465 2762 velut
1518 2711 1771 2767 terminis
1809 2714 1931 2770 sine
1978 2778 1981 2782 η

340 2795 546 2849 pugna,
608 2785 768 2852 cujus
834 2788 1079 2845 incertus
1130 2794 1315 2849 exitus
1366 2805 1469 2862 est,
1538 2802 1925 2861 conclusisset.

345 2892 364 2922 ι
395 2871 628 2938 Quando
643 2878 814 2939 enim,
839 2880 1040 2945 aiebat,
1073 2885 1276 2952 quibus
1296 2886 1420 2942 freti
1447 2891 1626 2959 copiis
1646 2908 1840 2950 sumus
1856 2896 1925 2950 ad

338 2981 574 3037 pugnam
599 2972 1047 3029 committendam
1075 2978 1259 3033 excire
1311 2996 1421 3036 non
1473 2985 1776 3053 possimus,
1828 2990 1922 3044 sed

335 3074 456 3113 eam
490 3061 795 3120 detrectare
822 3069 1049 3138 suisque
1077 3085 1137 3125 se
1167 3071 1373 3128 finibus
1421 3078 1707 3134 continere
1753 3097 1920 3152 coga-
1948 3100 1990 3158 ο

337 3171 482 3219 ιιιιιε,
510 3156 833 3225 quidetiam
872 3177 1099 3218 necesse
1130 3174 1190 3219 ut
1232 3166 1299 3221 ad
1331 3170 1722 3236 experiendum
1776 3174 1923 3230 Mar-

336 3257 445 3303 tem
489 3254 794 3318 cogamus?
828 3273 846 3305 ι
877 3254 1015 3310 Cum
1048 3259 1234 3328 itaque
1265 3262 1470 3315 sensim
1506 3265 1696 3331 pedem
1724 3265 1927 3322 referre

334 3344 710 3415 paulatimque
764 3346 1079 3404 Romanum
1145 3353 1324 3407 solum
1386 3365 1631 3425 repetere
1697 3358 1925 3416 Michael

335 3437 620 3506 cogitaret,
657 3438 773 3493 visa
808 3455 897 3494 res
929 3441 1150 3511 indigna
1183 3443 1375 3508 Leoni,
1403 3461 1504 3502 nec
1525 3462 1589 3501 ex
1624 3448 1924 3518 imperato-

334 3530 411 3582 ris
444 3529 674 3584 Romani
701 3530 1005 3599 majestate,
1033 3544 1180 3602 terga
1214 3535 1465 3593 hostibus
1512 3548 1749 3596 vertere.
1809 3542 1924 3599 Hoc

333 3622 481 3677 enim
522 3621 635 3676 Leo
657 3625 928 3693 optimum
960 3625 1093 3680 illud
1127 3627 1481 3705 imperatoris
1505 3633 1795 3687 consilium
1830 3636 1921 3689 di-

333 3715 514 3780 cebat,
542 3716 690 3783 quod
718 3718 978 3772 nimirum
1020 3735 1129 3773 non
1160 3730 1315 3776 recte
1340 3739 1407 3778 ac
1434 3725 1649 3781 sincere
1669 3728 1919 3795 sentiret,

325 3806 429 3861 sed
462 3807 607 3876 putri
643 3809 863 3878 dolique
885 3811 1048 3879 pleno
1074 3813 1328 3876 consilio,
1361 3831 1530 3870 unum
1561 3817 1665 3872 hoc
1693 3821 1920 3875 molire-

320 3910 445 3964 :tur,
487 3901 637 3955 utin
686 3917 746 3955 se
794 3918 976 3957 rerum
1034 3921 1307 3962 summam
1360 3909 1701 3966 transferret.
1755 3912 1918 3979 Sane,

320 3996 532 4060 aiebat,
568 3997 877 4063 imperator,
934 3999 1186 4053 movenda
1226 4001 1377 4056 nobis
1423 4004 1477 4055 in
1518 4002 1621 4073 15
1648 4021 1734 4058 eos
1766 4006 1918 4075 signa

331 4094 493 4151 sunt;
526 4086 824 4157 videbisque
851 4105 931 4142 me
963 4089 1144 4159 palam
1188 4091 1346 4145 hodie
1377 4093 1538 4147 robur
1576 4111 1638 4148 ac
1685 4097 1819 4151 vires
1862 4098 1921 4153 in

331 4185 505 4233 hostes
534 4195 791 4244 exserere,
820 4191 1010 4251 tuoque
1037 4183 1104 4235 ad
1135 4184 1389 4253 ﬁduciam
1412 4195 1545 4239 nutu
1574 4189 1919 4260 precibusque

332 4274 549 4342 fretum,
581 4274 634 4326 in
653 4275 837 4342 primis
856 4276 1139 4329 ordinibus
1157 4285 1367 4331 strenue
1390 4280 1754 4347 dimicantem,
1776 4300 1917 4351 pra:-

2123 863 2200 928 ς’.
2243 868 2552 941 Τοιγαροῦν
2603 873 2802 944 μικρὸν
2847 874 3188 942 διαλιπόντες
3228 878 3350 932 κατ’
3386 880 3639 953 ἀλλήλων

2043 955 2380 1020 ὁπλίζονται.
2428 962 2541 1015 Kal.
2579 964 2800 1035 Μιχαὴλ
2845 965 2937 1019 τὸν
2971 967 3168 1021 ἑαυτοῦ
3212 969 3636 1042 ὑποστράτηγον

2043 1046 2248 1101 Λέοντα
2278 1051 2577 1121 ἐπανάγειν
2607 1056 2704 1108 καὶ
2747 1056 3204 1127 διαπεραιοῦσθαι
3235 1062 3301 1114 ἐκ
3338 1062 3440 1131 τῆς
3468 1064 3635 1118 Ἀνα-

2042 1139 2207 1211 τολῆς
2253 1142 2450 1197 θᾶττον
2502 1147 2655 1217 ἠξίου
2687 1151 2827 1218 μετά
2879 1154 2977 1206 καὶ
3018 1154 3129 1207 τῶν
3173 1156 3477 1227 δυνάμεων·
3535 1161 3632 1213 καὶ

2049 1232 2229 1303 βοηθῷ
2284 1236 2496 1306 μέλλων
2555 1242 2796 1311 χρῆσθαι
2868 1246 3017 1317 αὐτῷ
3085 1250 3279 1318 ἐχθρὸν
3334 1252 3633 1305 κατέλαϐεν

2045 1324 2337 1380 ἄσπονδον.
2383 1329 2473 1395 Ὧς
2494 1332 2605 1404 γάρ
2638 1338 2702 1388 ἐκ
2725 1336 2831 1391 τῶν
2859 1339 3220 1410 μεγαλαύχων
3250 1344 3513 1414 ῥημάτων
3536 1346 3631 1399 καὶ

2045 1418 2287 1473 ἀπειλῶν
2312 1414 2387 1475 ὧν
2422 1427 2565 1481 κατά
2600 1428 2889 1498 Ῥωμαίων
2914 1433 2943 1485 ό
2988 1434 3277 1504 Κροῦμνος
3306 1437 3628 1507 ἀπέπεμπε,

2046 1508 2281 1581 φθόρους
2325 1517 2597 1586 σωμάτων
2644 1520 2963 1576 ἐπαπειλῶν
3007 1525 3102 1578 καὶ
3140 1530 3244 1596 γῆς
3289 1526 3489 1598 δῂωσιν
3533 1529 3629 1582 καὶ

2041 1598 2276 1672 δένδρων
2325 1608 2566 1677 ἐκτομὰς
2604 1613 2701 1665 καὶ
2746 1615 3065 1684 οἰκημάτων
3113 1618 3480 1690 πυρπόλησιν,
3534 1620 3629 1673 καὶ

2044 1689 2181 1754 ὅλως
2210 1693 2331 1747 καθ’
2356 1696 2518 1766 ἡμῶν
2546 1696 2637 1753 οἷά
2684 1718 2768 1765 τις
2812 1705 3148 1776 χειμάρρους
3178 1689 3422 1777 ποταμὸς
3458 1709 3627 1780 φερό-

2044 1800 2206 1850 μενος
2249 1786 2461 1852 πάντας
2488 1789 2580 1858 ὑφ’
2610 1793 2803 1848 ἐαυτὸν
2849 1798 3077 1866 ποιῆσαι
3117 1799 3446 1867 διεϐεόαίου,
3496 1803 3623 1875 ἄρτι

2036 1873 2101 1946 δὴ
2130 1875 2226 1929 τοῦ
2262 1877 2530 1945 βασιλέως
2564 1884 3066 1957 ἐκστρατεύσαντος
3112 1892 3208 1944 καὶ
3241 1894 3626 1959 συστείλαντος

2036 1964 2135 2028 τάς
2177 1967 2505 2039 ὑπερορίους
2534 1972 2750 2038 ἐκείνας
2797 1977 3054 2042 ἀπειλὰς,
3088 1982 3181 2033 καὶ
3218 1982 3379 2051 μόνον
3419 1985 3481 2037 οὐ
3510 1988 3626 2051 τοῖς

2035 2057 2262 2121 οἰκείοις
2306 2060 2455 2131 ὅροις
2501 2064 2765 2135 ἐμμένειν
2809 2072 3345 2139 καταναγκάζοντος,
3371 2074 3487 2128 ἀλλ’
3523 2077 3624 2130 οὐκ

2033 2147 2281 2218 ἐκπηδᾷν
2302 2150 2398 2203 καὶ
2424 2153 2525 2221 τὴν
2546 2155 2588 2187 ⁸⁸
2609 2156 2889 2227 ἡμετέραν
2915 2158 3220 2229 ληῒζεσθαι,
3245 2163 3342 2215 καὶ
3364 2164 3626 2225 πολλάκις

2032 2238 2098 2289 ἐκ
2140 2241 2507 2309 παρατάξεως
2548 2246 3042 2315 προσκαλουμένου
3097 2252 3201 2317 μὲν
3240 2253 3337 2305 τοῦ
3381 2253 3623 2323 Μιχαὴλ,

2030 2329 2245 2384 ἐκείνου
2272 2331 2329 2385 δὲ
2370 2333 2448 2405 μὴ
2499 2334 3079 2409 ἀπαυθαδιαζομένου,
3117 2343 3254 2397 ἀλλά
3296 2343 3397 2415 τὴν
3414 2348 3623 2400 οἰκείαν

2030 2420 2488 2491 ἐπιγινώσκοντος
2530 2427 2821 2484 ἀσθένειαν
2862 2432 2961 2486 καὶ
2997 2432 3073 2505 μὴ
3125 2436 3267 2505 πρὸς
3316 2436 3544 2507 βασιλέα
3576 2441 3622 2472 ⁸⁸

2030 2517 2187 2584 χεῖρα
2208 2517 2442 2589 ἀντᾶραι
2464 2522 2942 2594 κατατολμῶντος,
2963 2526 3136 2581 ἐδόκει
3157 2530 3256 2599 μὲν
3286 2529 3365 2601 τῷ
3396 2532 3622 2604 Μιχαὴλ

2030 2607 2318 2676 ἀρκεῖσθαι
2347 2611 2409 2665 τὸ
2436 2616 2713 2683 προπετὲς
2762 2617 2976 2672 ἐκείνου
3028 2620 3124 2673 καὶ⁵
3153 2618 3386 2687 αὔθαδες
3419 2626 3478 2677 ἐν
3505 2629 3620 2691 τοῖς

2031 2700 2124 2753 ὑπ’
2155 2702 2320 2755 αὑτοῦ
2355 2706 2400 2737 ¹⁷
2432 2708 2875 2775 κατακλείσαντα
2897 2752 2913 2776 ,
2948 2712 3026 2782 μὴ
3060 2714 3154 2768 καὶ
3185 2714 3366 2787 μάχην
3393 2719 3619 2773 ἐπισυν-

2028 2792 2181 2861 άψαι,
2211 2795 2286 2861 ὡς
2329 2797 2526 2868 ἀδήλου
2557 2800 2714 2864 ὄντος
2744 2803 2840 2856 τοῦ
2877 2804 3184 2875 μέλλοντοςο
3222 2826 3242 2859 ι
3292 2810 3445 2862 Ἐπεὶ
3485 2811 3616 2883 γὰρ,

2027 2884 2236 2955 ἔλεγεν,
2295 2890 2360 2944 ἐκ
2391 2894 2759 2962 παρατάξεως
2800 2897 2965 2966 ἡμῶν
2993 2899 3093 2952 οὐκ
3122 2901 3202 2964 είς
3247 2902 3485 2973 πόλεμον
3514 2899 3617 2958 οἷοί

2024 2976 2085 3029 τέ
2131 2977 2298 3048 ἐσμεν
2329 2981 2773 3050 ἐκκαλέσασθαι,
2802 2987 2940 3043 ἀλλά
2987 2996 3333 3063 φυγομαχεῖν
3379 2996 3476 3048 καὶ
3523 2998 3615 3066 ἐφ’

2029 3067 2226 3121 ἑαυτοῦ
2274 3072 2317 3103 ¹⁸
2372 3073 2558 3142 μένειν
2607 3076 3019 3149 ἀναγκάζομεν,
3070 3080 3122 3133 τί
3169 3083 3264 3134 καὶ⁸
3313 3082 3618 3154 δράσαιμεν

2030 3156 2342 3230 βιαζόμενοι
2363 3181 2411 3231 ς»
2438 3166 2539 3219 Διά
2565 3166 2726 3220 τοῦτο
2757 3165 2849 3222 οὖν
2877 3170 3270 3243 παλινδρομεῖν
3298 3176 3482 3245 ἠρέμα
3498 3195 3619 3241 πως

2028 3251 2122 3303 καὶ
2148 3255 2291 3307 κατὰ
2322 3258 2522 3327 μικρὸν
2554 3259 2691 3329 πρὸς
2719 3261 2818 3332 τὴν
2846 3262 3058 3317 οἰκείαν
3112 3264 3389 3335 βασιλείαν
3428 3269 3619 3339 βουλο-

2031 3342 2218 3410 μένου,
2245 3347 2497 3417 ἀπρεπὲς
2546 3351 2720 3423 ἐφάνη
2769 3354 2850 3424 τῷ
2877 3355 3070 3410 Λέοντι
3116 3358 3213 3411 καὶ
3246 3360 3308 3411 οὐ
3347 3361 3487 3414 κατά
3520 3362 3619 3432 βαο

2029 3434 2179 3487 σιλέα
2221 3437 2508 3506 Ῥωμαίων
2534 3441 2681 3497 νῶτα
2708 3444 2910 3500 διδόναι
2938 3452 3054 3512 τοῖς
3080 3451 3317 3521 ἐχθροῖς,
3351 3452 3493 3507 οὕτω
3525 3472 3619 3509 και

2025 3522 2205 3579 λοῦντι
2236 3528 2455 3600 ἐκείνην
2484 3532 2584 3601 τὴν
2625 3534 2926 3609 καλλίστην
2956 3540 3153 3611 βουλὴν
3188 3540 3275 3614 [Ρ.
3317 3542 3406 3615 10]
3431 3545 3509 3614 τῷ
3539 3547 3619 3617 μὴ

2024 3615 2163 3687 ὀρθά
2194 3620 2316 3689 μηδ’
2348 3622 2479 3691 ὑγιᾶ
2507 3629 2750 3695 φρονεῖν,
2789 3631 3193 3702 σεσαορωμένα
3220 3634 3277 3688 δέ
3296 3637 3391 3690 καὶ
3435 3615 3615 3705 δόλια,

2025 3710 2122 3763 καὶ
2149 3712 2279 3783 ὅλην
2314 3715 2403 3785 ὑφ’
2435 3718 2628 3773 ἐαυτὸν
2662 3721 2891 3792 ποιῆσαι
2922 3723 3023 3795 τὴν
3052 3726 3161 3779 τῶν
3196 3727 3485 3797 Ῥωμαίων
3516 3746 3619 3799 με-

2023 3801 2245 3858 λετῶντι
2265 3808 2363 3877 ἡγε
2373 3809 2585 3879 μονίαν.
2606 3814 2760 3868 Ἀλλ’
2780 3815 3019 3883 ίτητέον
3054 3818 3183 3889 ἔφη,
3203 3819 3353 3887 πρὸς
3367 3820 3615 3888 αὐτοὺς,

2020 3891 2363 3964 ὧβασιλεῦ,
2385 3902 2484 3956 καί
2503 3903 2642 3974 ὄψει
2655 3923 2733 3974 με
2752 3906 3024 3977 σήμερον
3036 3912 3099 3964 τὸ
3118 3912 3334 3979 κράτος
3346 3913 3617 3982 καθαρῶς

2021 3989 2441 4061 ἀναδούμενον
2474 4000 2627 4051 κατὰ
2649 3999 2769 4053 τῶν
2779 4001 3010 4069 ἐχθρῶν
3028 4002 3126 4056 καί
3146 4005 3479 4073 νικηφόρον
3503 4009 3617 4060 δει-

2021 4099 2362 4153 κνυμενον,
2394 4086 2469 4157 τῇ
2511 4088 2598 4159 σῇ
2637 4094 3132 4162 καταθαρῤοῦντα
3172 4098 3274 4151 καί
3318 4106 3621 4169 προπολε-

2016 4174 2608 4247 μοῦνταπεποιθήσει
2654 4201 2719 4238 τε
2755 4185 2856 4239 καὶ
2876 4187 3054 4255 εὐχῇ.
3084 4190 3310 4256 Τούτοις
3338 4195 3366 4247 ό
3394 4194 3615 4265 Μιχαὴλ

2018 4271 2130 4332 τοῖς
2158 4269 2337 4337 λόγοις
2371 4273 2671 4344 ἐκτραπείς
2689 4294 2748 4332 τε
2775 4278 2869 4332 καὶ
2887 4282 3328 4351 παρασαλευθεὶς
3348 4288 3613 4358 συρρῆξαι

336 4368 485 4421 clare
536 4368 786 4421 victorem
844 4369 976 4437 fore.
1028 4368 1124 4425 His
1168 4369 1400 4425 Michael
1435 4374 1622 4429 verbis
1667 4391 1697 4429 a
1733 4391 1829 4430 sua
1861 4377 1914 4430 in

2029 4365 2464 4433 παρεκελεύσατο
2502 4372 2595 4423 τὸν
2637 4372 2897 4442 πόλεμον.
2962 4374 3050 4439 Ὡς
3088 4376 3147 4430 δὲ
3190 4380 3351 4449 μόνον
3390 4382 3609 4447 ἐγένετο

331 4458 609 4513 diversum
655 4467 813 4514 actus
861 4461 1135 4514 sententia
1175 4476 1414 4532 pugnam
1464 4465 1681 4519 conseri
1727 4466 1916 4535 jussit.

2029 4457 2267 4529 συμϐολὴ
2290 4498 2303 4521 ,
2336 4460 2484 4514 νῶτα
2508 4462 2634 4526 δοὺς
2663 4467 2691 4517 ό
2722 4466 2874 4519 Λέων
2918 4467 3018 4539 τὴν
3055 4443 3355 4538 φυγαδείαν
3417 4443 3606 4539 hand-

330 4550 563 4622 Moxque
588 4554 764 4623 prima
795 4553 913 4623 ipsa
945 4555 1339 4624 congressione
1365 4555 1476 4610 Leo
1512 4566 1664 4628 terga
1694 4567 1916 4634 vertens

328 4642 515 4713 fugam
548 4644 808 4713 capessit,
841 4645 1045 4715 quippe
1074 4646 1416 4716 tyrannidem
1453 4648 1713 4703 continue
1740 4650 1915 4705 medi-

329 4745 474 4801 tans,
500 4738 602 4789 etsi
632 4737 898 4793 hactenus
923 4739 1044 4807 ejus
1077 4739 1181 4794 hoc
1206 4739 1501 4795 consilium
1535 4749 1648 4796 tum
1674 4742 1916 4800 Michae-

326 4830 462 4895 lem,
495 4839 607 4882 tum
637 4829 824 4884 hostes
842 4832 1093 4886 latuerat.
1128 4830 1282 4898 Quod
1310 4834 1455 4887 enim
1484 4834 1617 4889 nihil
1647 4836 1913 4895 hactenus

326 4920 640 4979 istiusmodi
673 4921 1002 4990 contigerat,
1055 4925 1239 4990 qualia
1269 4926 1437 4994 prtelii
1473 4926 1554 4981 vis
1588 4927 1784 4985 afferre
1815 4945 1913 4985 so-

324 5016 423 5082 let,
457 5016 778 5084 nullumque
802 5014 924 5067 belli
963 5013 1176 5069 facinus
1221 5018 1431 5071 utravis
1466 5020 1615 5074 acies
1645 5031 1911 5089 gesserat,

329 5112 421 5169 sed
454 5111 662 5181 primus
692 5111 808 5179 ipse
836 5107 1127 5163 conﬂictus
1171 5110 1510 5177 vertebatur,
1545 5113 1745 5182 vixque
1780 5116 1910 5170 dum

330 5203 564 5273 t‘mpisse
595 5200 910 5257 conﬂictum
971 5210 1157 5270 partes
1188 5201 1565 5268 advertebant,
1620 5214 1736 5263 tum
1776 5206 1909 5275 ipsis

328 5295 585 5366 Bulgaria
618 5304 730 5349 tum
762 5295 987 5364 reliquis
1023 5293 1278 5349 ciuilibus
1303 5309 1389 5349 res
1418 5296 1577 5352 dolus
1606 5297 1911 5366 videbatur,

322 5390 506 5461 qualis
544 5388 782 5444 hostium
816 5403 938 5444 esse
989 5389 1166 5445 solet:
1198 5404 1394 5458 nempe
1438 5405 1467 5444 a
1519 5406 1619 5445 sua
1650 5392 1771 5447 illas
1797 5393 1913 5449 dis-

327 5482 631 5535 trahentem
668 5480 806 5543 acie,
858 5496 1126 5537 conversa
1173 5482 1390 5537 domum
1436 5482 1492 5535 in
1524 5497 1619 5538 eos
1665 5498 1733 5539 ex
1780 5484 1909 5556 fuga

322 5574 527 5639 fronte,
569 5572 965 5642 velleirruere,
997 5574 1087 5628 ubi
1119 5580 1302 5629 autem
1351 5574 1527 5630 amba:
1580 5575 1723 5631 acies
1769 5578 1905 5634 nihil

2022 4566 2174 4615 σατο,
2196 4552 2296 4622 τὴν
2332 4553 2614 4623 βασιλείαν
2652 4558 2739 4611 ἀεί
2784 4577 2902 4623 πως
2943 4561 3240 4629 ἐπιζητῶν.
3291 4560 3403 4614 Καὶ
3449 4562 3607 4617 τοῦτο

2018 4641 2155 4705 τέως
2180 4643 2375 4716 ἄδηλον
2415 4643 2485 4718 ἦν
2524 4649 2674 4721 αὐτῷ
2705 4668 2764 4704 τε
2796 4652 2874 4722 τῷ
2912 4653 3135 4724 Μιχαὴλ
3169 4653 3264 4707 καὶ
3295 4657 3407 4717 τοῖς
3438 4655 3608 4709 ὑπεν-

2017 4737 2242 4803 αντίοις*
2273 4741 2447 4812 μήπω
2478 4743 2587 4815 γάρ
2624 4763 2770 4809 τινος
2804 4747 3109 4815 γεγονότος,
3142 4741 3232 4800 οἷα
3268 4747 3413 4816 φιλεῖ
3461 4748 3608 4803 κατὰ

2018 4829 2278 4901 πόλεμον,
2315 4834 2600 4907 μηδετέρῳ
2637 4837 3165 4910 ἀνδραγαθήματος,
3206 4839 3321 4893 ἀλλ’
3355 4840 3434 4894 ἔτι
3484 4841 3606 4894 κατ’

2017 4920 2191 4989 ἀρχὰς
2221 4920 2386 4993 οὔσης
2412 4925 2510 4994 τῆς
2540 4926 2722 4997 μάχης
2754 4931 2850 4982 καὶ
2881 4927 3081 4999 μικροῦ
3109 4930 3192 4982 ὅτι
3217 4930 3313 4982 καὶ
3338 4930 3606 5000 συνερρά-

2017 5027 2195 5081 γησαν
2242 5014 2548 5083 ἀγνώστου,
2603 5020 2790 5084 αὐτοῖς
2844 5039 2901 5075 τε
2956 5023 3071 5085 τοῖς
3122 5022 3457 5091 Βουλγάροις
3509 5023 3606 5075 καλ⁸

2016 5105 2185 5159 πᾶσιν
2215 5107 2389 5178 ἐφάνη
2418 5110 2618 5181 τρόπος
2650 5107 2795 5168 εἶναι
2821 5115 2881 5167 τὸ
2916 5115 3175 5185 πρᾶγμα.
3203 5114 3277 5179 ὡς
3313 5114 3606 5184 μέλλουσιν

2016 5198 2216 5263 αὐτοὺς
2249 5200 2486 5274 διασπᾷν
2521 5205 2617 5259 καὶ
2646 5206 2803 5271 αὖθις
2837 5207 2896 5275 ἐξ
2925 5208 3273 5279 ὑποστροφῆς
3296 5206 3605 5261 καταπολε-

2020 5289 2160 5352 μεῖν.
2204 5286 2293 5352 Ὠς
2316 5290 2373 5343 δὲ
2414 5293 2717 5364 ἀμφότεροι
2752 5298 2813 5350 οὐ
2849 5298 2991 5351 κατὰ
3038 5298 3238 5369 τρόπον
3280 5298 3395 5353 ἀλλ’
3429 5296 3605 5368 άληθῆ

2018 5378 2081 5450 δὴ
2119 5374 2359 5445 ἔγνωσαν
2391 5376 2532 5437 εἶναι
2567 5386 2665 5455 τὴν
2699 5386 2903 5458 φυγὴν,
2943 5388 3067 5442 τότε
3102 5389 3511 5460 προσπεσόντες
3556 5387 3603 5439 οἱ

2020 5473 2121 5543 μὲν
2151 5476 2381 5531 ἐναντίοι
2416 5478 2574 5545 φόνον
2614 5480 2782 5533 πολὺν
2812 5478 3195 5549 ἐνειργάζοντο
3234 5483 3345 5536 τῶν
3374 5483 3601 5553 φευγόν.

2012 5592 2121 5631 των
2159 5571 2460 5639 νεανικῶς,
2491 5574 2520 5625 ὁ
2556 5571 2613 5624 δὲ
2638 5572 2857 5644 Μιχαὴλ
2902 5574 3096 5631 ἑαυτὸν
3131 5574 3328 5640 σώζειν
3359 5574 3475 5629 ἀλλ’
3503 5578 3605 5632 οὐκ

1612 5667 1847 5726 VARI/IS
1882 5666 2288 5729 LECTIONES.

404 5767 447 5800 “
472 5767 567 5841 τὴν
599 5782 705 5825 om.
732 5768 793 5825 Ρ.

880 5767 944 5839 ιι
969 5766 1233 5839 βασιλέως
1263 5766 1342 5821 P;
1381 5769 1447 5825 cf.
1497 5786 1548 5841 p,
1583 5768 1680 5826 109
1712 5769 1766 5826 ἀ,
1852 5771 1889 5801 ιτ
1929 5770 2078 5842 αὐτῷ
2107 5772 2128 5823 ις

2209 5768 2248 5800 ¹⁸
2274 5766 2473 5838 ἑαυτὴν
2504 5764 2688 5837 vulgo.
