4038 6214
355 230 427 293 29
1557 233 1703 294 LIB.
1738 234 1786 294 Ι.
1816 257 1886 269 -
1900 235 1942 294 L

2083 234 2514 298 ARMENIUS.
3221 258 3224 262 λ
3584 243 3656 305 30

361 330 732 394 ἀντιπίπτειν
768 335 1121 412 μετ’όλίγων
1167 335 1246 389 ὢν
1275 335 1613 406 διεπείραζε.
1663 339 1774 392 Καὶ
1823 338 1942 392 οὔτε

2069 338 2198 396 belli
2240 348 2358 396 arte
2407 339 2547 408 ﬁeri,
2609 339 2703 398 sed
2769 356 2955 398 veram
3014 344 3385 402 Romanorum
3441 347 3650 421 fugam,

369 433 474 503 μὲν
503 430 728 502 ταύτην
750 429 987 499 γενέσθαι
1010 429 1112 498 τὴν
1139 430 1322 504 μάχην
1341 429 1487 492 τινὲς
1513 431 1646 501 ἡμῖν
1671 431 1964 502 ἐγγράφως

376 524 846 593 παραδεδώκασιν
895 519 1009 573 εἰσὶ
1037 519 1084 571 δ’
1123 519 1173 570 οἳ
1206 521 1301 571 καὶ
1333 521 1431 597 τὰς
1462 521 1726 592 δυνάμεις
1761 522 1964 592 μᾶλλον

383 614 472 684 τῷ
509 613 681 666 Λέοντι
730 610 935 664 διδόασι
983 609 1250 663 διασῶσαι
1284 609 1381 662 καὶ
1425 612 1709 681 καρτερῶς
1737 613 1962 681 ’ἀγωνμ

398 707 617 769 σασθαι,
643 703 746 756 τῶν
774 701 1077 774 βασιλικῶν
1105 703 1406 773 ταγμάτων
1439 703 1744 775 ὲθελοκακη
1755 704 1962 760 σάντων

401 799 486 852 καί
514 798 600 864 τὴν
635 796 849 851 οἰκείαν
896 795 1325 867 προδεδωκότων
1374 795 1706 866 παράταξιν,
1750 798 1867 852 ἀλλ’
1897 799 1958 851 οὐ

397 889 474 941 τοῦ
509 888 648 940 κατὰ
684 889 778 942 τὸν
831 887 1044 942 Λέοντα
1097 887 1324 958 μέρους.
1349 957 1352 959 Α
1377 887 1524 958 Πλὴν
1561 888 1962 961 καθυπερτερεῖ

377 987 467 1053 μὲν
485 983 553 1036 τὰ
579 985 920 1055 Βουλγάρων
943 984 1342 1049 δυσελπίστως,
1364 983 1433 1037 τὰ
1454 984 1510 1038 δὲ
1531 983 1640 1039 τῶν
1673 986 1960 1056 Ῥωμαίων

367 1077 492 1146 trra
543 1077 891 1148 συνεχόμενα
939 1077 1139 1148 βαρείᾳ
1189 1075 1289 1129 καὶ
1335 1076 1542 1148 φοὸερᾷ
1591 1080 1682 1131 τὸν
1735 1079 1960 1150 βασιλέα

353 1168 610 1236 ἔπεμπον
651 1169 980 1236 ἀγωνιῶντα
1010 1172 1140 1241 περὶ
1175 1169 1381 1240 ψυχῆς.
1429 1169 1571 1223 Ἀλλ’
1602 1172 1811 1238 ἐκεῖνος
1860 1175 1960 1244 μὲν

347 1257 489 1325 πρὸς
515 1259 627 1324 τὰς
654 1259 964 1330 βασιλείους
985 1260 1159 1324 αὐλὰς
1178 1260 1602 1331 παρεπέμπετο,
1631 1263 1724 1317 τὸν
1751 1266 1959 1321 Λέοντα

342 1345 458 1402 οἷόν
483 1368 621 1407 τινα
649 1351 916 1424 πρόϐολον
946 1351 1268 1424 καταλιπὼν
1293 1353 1495 1418 ἔξωθεν
1519 1356 1836 1428 ἐφεδρεύειν
1864 1359 1957 1412 τοῦ

340 1441 421 1510 μή
454 1459 593 1497 τινα
641 1445 897 1513 γενέσθαι
930 1446 1373 1516 λαφυραγωγίαν
1404 1448 1629 1502 πλείονα
1659 1450 1810 1522 παρά
1834 1450 1957 1518 ζτῶν

335 1533 600 1604 ἐχθρῶν.
669 1537 726 1590 '0
774 1537 831 1590 δὲ
881 1538 1077 1610 καιροῦ
1135 1539 1438 1610 λαϐόμενος
1499 1541 1810 1611 ἐπιτηδείου
1865 1541 1956 1600 τὸν

336 1625 708 1698 στρατιώτην
747 1629 906 1698 ὄχλον
952 1629 1176 1700 ἠρέθιζε
1233 1647 1294 1684 τε
1339 1632 1434 1684 καὶ
1485 1631 1786 1702 βλάσφημα
1835 1649 1955 1686 τινα

331 1716 580 1785 ῥιπτεῖν
624 1722 767 1773 κατὰ
811 1721 908 1774 τοῦ
959 1722 1225 1792 βασιλέως
1271 1723 1572 1792 ἠνάγκαζε,
1613 1725 1708 1778 καὶ
1752 1723 1838 1792 μὴ
1878 1723 1954 1778 ἂν

295 1839 306 1847 -
334 1808 621 1879 ἔλαφον,
659 1812 857 1867 ἐκεῖνο
887 1814 962 1881 δὴ
992 1815 1099 1868 τοῦ
1124 1815 1344 1882 μύθου,
1374 1814 1649 1883 ἡγεῖσθαι
1687 1817 1954 1870 λεόντων

327 1903 559 1957 καλὸν
616 1904 808 1974 ἔλεγεν
867 1908 1055 1974 εἶναι,
1107 1907 1222 1974 τὴν
1261 1906 1469 1977 φυγὴν
1503 1908 1953 1979 fdo-naminer

326 1994 473 2048 νῦν
510 1997 618 2050 καί
656 1999 810 2067 πρὸς
849 1999 993 2064 τοὺς
1025 2000 1285 2065 κόλπους
1308 2000 1580 2070 φυγόντα
1610 1999 1720 2069 τῆς
1747 2019 1953 2071 γυναι-

335 2086 500 2152 κὸς,
536 2090 646 2142 τὸν
677 2089 897 2143 ἑαυτοῦ
932 2088 1085 2159 ἡμᾶς
1125 2093 1558 2147 ιιιιιταλιπόντιι⁸
1599 2093 1758 2147 λαὸν
1803 2110 1951 2162 παρ-

339 2179 674 2248 ανάλωμα
729 2180 848 2233 τῶν
890 2180 1131 2250 ἐχθρῶν.
1181 2181 1350 2236 οὔπω
1401 2183 1578 2254 πέρας
1634 2184 1771 2255 πρὸς
1821 2185 1950 2248 τοὺς

326 2265 431 2336 [Ρ.
467 2268 495 2320 1
517 2267 572 2339 Ι]
602 2271 896 2334 κοινωνοὺς
921 2271 1028 2323 τῶν
1061 2271 1236 2341 λόγων
1269 2273 1297 2325 ὁ
1324 2272 1482 2341 λόγος
1514 2273 1810 2344 ἐλάμϐανε,
1848 2277 1944 2329 καὶ

322 2359 419 2421 είς
451 2358 630 2428 ἔργον
663 2355 732 2431 ἦν
762 2361 952 2416 τοῦτον
980 2365 1300 2420 ἀπκὸἀντα
1344 2365 1494 2434 ἰδεῖν,
1529 2371 1596 2440 τῇ
1640 2368 1750 2422 τῶν
1787 2369 1949 2424 κολά-

323 2465 456 2501 κων
515 2453 944 2522 κατασπαρέντα
1000 2455 1289 2528 στωμυλίᾳ
1341 2458 1435 2512 καὶ
1482 2459 1783 2530 συνδρομῇ.
1836 2459 1947 2512 Καὶ

319 2540 497 2605 τέλος
551 2543 858 2614 ἁνάῥρησις
904 2545 1170 2618 αὑθωρὸν,
1223 2549 1318 2602 καὶ
1366 2550 1460 2602 τὸν
1516 2549 1678 2603 αὑτὸν
1729 2547 1840 2620 εἶχε
1889 2549 1949 2603 τὸ

323 2633 689 2704 βραχύτατον
719 2637 910 2709 μόριον
940 2643 1039 2712 τῆς
1069 2641 1288 2714 ἡμέρας
1313 2641 1532 2714 ἰδιώτην
1559 2642 1677 2714 ἆμα
1706 2642 1803 2697 καὶ
1833 2642 1934 2696 αὐ-

321 2730 684 2800 τοκρὰτορα.

2067 432 2215 502 quod
2271 434 2342 486 ita
2387 432 2670 504 agebatur,
2724 450 2854 490 esse
2907 436 3211 502 advertere,
3262 440 3446 494 bestes
3495 458 3655 498 verso

2069 524 2272 592 impetu
2319 522 2647 594 fugientium
2699 535 2938 597 stragem
2977 530 3203 584 inultam
3253 531 3475 588 dedere.
3533 533 3654 602 Ipse

2065 618 2297 670 Michael
2332 617 2568 672 salutem
2613 619 2894 687 expedire,
2946 637 3054 676 non
3119 637 3245 678 cum
3299 625 3489 693 paucis
3545 627 3651 680 sibi

2066 705 2274 764 relictis
2319 709 2575 766 hostibus
2632 721 2865 765 conatur
2911 713 3201 770 obsistere.
3259 714 3458 786 Sicque
3513 718 3652 773 adeo

2064 809 2365 869 pugnatum
2403 811 2531 858 sunt
2557 802 2652 871 q'ui
2679 801 2986 858 litterarum
3027 807 3402 862 monumentis
3452 808 3519 862 ad
3549 823 3652 865 nos

2063 894 2494 948 transmiserint.
2521 892 2640 947 Non
2674 895 2871 948 desunt
2902 903 3082 949 tamen
3118 897 3206 962 qui
3245 898 3415 953 Leoni
3463 901 3650 970 potius

2065 983 2307 1039 tribuant
2348 986 2539 1056 copias
2573 999 2940 1040 conservasse
2974 1002 3038 1041 ac
3090 998 3318 1046 strenue
3355 1005 3650 1062 pugnasse,

2063 1090 2188 1128 cum
2226 1075 2387 1130 aulici
2418 1090 2482 1129 ac
2510 1076 2769 1145 palatina:
2804 1076 3060 1131 cohortes
3091 1078 3306 1146 ignavia
3359 1082 3466 1135 acti
3505 1083 3650 1136 ultro

2063 1164 2244 1234 fugam
2294 1167 2573 1233 iniissent,
2609 1176 2773 1237 atque
2837 1167 3011 1222 aciem
3048 1184 3203 1222 suam
3257 1172 3647 1240 prodidissent,

2061 1251 2169 1312 non
2198 1275 2320 1329 quae
2351 1275 2416 1314 ex
2452 1259 2652 1316 Leonis
2679 1259 2930 1330 partibus
2955 1274 3159 1315 essent.
3202 1262 3497 1319 Enimvero
3527 1265 3650 1320 Bul-

2060 1353 2175 1421 gari
2198 1351 2504 1420 inopinato,
2530 1367 2592 1406 ac
2611 1367 2734 1406 cum
2761 1352 2898 1406 nihil
2920 1351 3188 1420 ejusmodi
3215 1364 3645 1422 eXspeclaretur,

2059 1443 2372 1512 superiores
2427 1443 2668 1496 evadunt
2729 1459 2744 1498 :
2814 1445 2966 1514 gravi
3019 1455 3200 1500 autem
3259 1448 3648 1517 tremendaque

2059 1535 2214 1589 clade
2248 1534 2416 1589 attriti
2444 1533 2676 1589 Romani
2705 1536 3094 1604 imperatorem
3123 1538 3228 1608 16
3251 1538 3316 1592 de
3344 1539 3518 1592 salute
3545 1554 3646 1594 sua

2059 1627 2279 1681 anxium
2307 1641 2337 1680 e
2366 1627 2549 1696 pra-lio
2578 1627 2872 1682 reducunt.
2904 1626 3104 1683 Verum
3137 1629 3183 1682 is
3211 1628 3430 1698 quidem
3461 1631 3643 1686 aulam

2056 1718 2270 1788 repetit,
2309 1733 2373 1774 ac
2423 1733 2523 1773 ceu
2567 1719 2840 1789 quoddam
2887 1721 3352 1789 propugnaculum
3406 1720 3644 1779 Leonem

2056 1812 2189 1867 foris
2244 1814 2628 1876 exeuhantem,
2679 1827 2746 1866 ne
2791 1827 2959 1884 quam
3017 1813 3201 1868 hostes
3233 1816 3371 1868 ultra
3403 1817 3642 1886 prmdam

2055 1904 2276 1977 abigant
2307 1920 2370 1959 ac
2413 1905 2641 1961 liberius
2677 1920 2837 1976 agros
2882 1905 3230 1975 populentnr,
3268 1907 3544 1979 relinquit.
3577 1911 3646 1964 At

2052 1997 2162 2054 Leo
2191 1999 2541 2054 commodum
2563 2008 2756 2055 nactus
2776 2011 2992 2068 tempus
3015 1999 3278 2054 militares
3307 2001 3640 2066 irritatalas,

2051 2099 2108 2146 et
2147 2089 2438 2144 maledicta
2490 2089 2739 2158 quaedam
2783 2088 2835 2142 in
2873 2088 3257 2159 imperatorem
3305 2090 3516 2160 jactare
3545 2106 3643 2146 eos

2049 2182 2214 2250 cogit.
2245 2178 2453 2234 Hande
2487 2197 2561 2248 re,
2601 2181 2804 2245 aiebat,
2831 2192 2886 2234 ut
2916 2182 3054 2250 quod
3087 2182 3276 2251 fabula
3303 2192 3402 2248 est,
3430 2182 3642 2238 leonum

2048 2287 2231 2341 agmen
2265 2289 2444 2325 cervus
2469 2272 2665 2336 ducat;
2697 2273 2788 2342 qui
2822 2273 3059 2326 videlicet
3089 2275 3244 2328 modo
3269 2286 3479 2344 arrepta
3510 2276 3640 2345 fuga

2047 2365 2102 2418 in
2121 2365 2306 2418 uxoris
2335 2365 2513 2418 sinum
2543 2364 2882 2430 concesserit,
2918 2366 3066 2420 nobis
3111 2366 3167 2420 in
3194 2370 3385 2421 castris
3417 2370 3638 2439 relictis,

2047 2473 2176 2522 quos
2209 2455 2383 2510 hostes
2415 2457 2664 2509 vastitate
2713 2466 3053 2511 consumant.
3110 2455 3345 2514 Vixdum
3402 2460 3456 2514 in
3511 2477 3639 2515 cunt

2049 2546 2273 2600 modum
2308 2546 2490 2600 socios
2530 2545 2726 2601 aﬂ‘atus
2760 2557 3132 2616 peraraverat,
3164 2565 3288 2602 cum
3321 2566 3406 2604 res
3440 2561 3636 2607 eventu

2050 2637 2314 2702 succedit,
2365 2637 2573 2710 sparsis
2633 2638 2686 2691 in
2742 2653 2959 2713 omnem
3003 2650 3305 2696 castrorum
3372 2645 3635 2698 ambitum

2046 2730 2281 2803 garrulis
2313 2739 2718 2785 assentatorum
2759 2730 2987 2786 vocibus
3033 2747 3099 2787 ac
3146 2747 3444 2799 concursu,
3495 2751 3636 2806 quos

324 2822 423 2878 ille
455 2823 712 2892 ejusdem
757 2823 874 2882 fere
921 2829 1131 2884 tenoris
1166 2843 1447 2886 sermones
1496 2829 1783 2886 habuerat.
1835 2829 2118 2884 Postremo
2149 2831 2396 2879 actutum
2456 2832 2643 2879 secuta
2701 2819 3043 2893 acclamatio,
3113 2825 3472 2898 ejusdemque
3525 2827 3634 2884 diei

326 2929 464 2984 pars
494 2918 872 2974 modicissima
900 2922 1156 2978 eumdem
1190 2925 1465 2993 privatum
1495 2925 1665 2979 simul
1693 2934 1746 2978 et
1781 2923 2171 2993 imperatorem
2213 2903 2452 2988 aspexit.

405 3010 481 3076 ζ’.
518 3013 678 3082 Ἄρτι
705 3013 838 3081 γοῦν
861 3016 1231 3089 ἀνηγορεύετο
1261 3019 1416 3090 παρὰ
1431 3018 1528 3072 τοῦ
1560 3019 1822 3090 στρατοῦ,
1845 3019 1942 3072 καὶ⁹

2125 3015 2177 3072 7.
2231 3012 2472 3069 Vixdum
2526 3013 2827 3085 imperator
2890 3014 2960 3069 ab
3007 3017 3246 3082 exercitu
3301 3017 3634 3075 acclamalus

336 3104 500 3172 φόΰοι
534 3105 728 3158 τοῦτον
778 3109 869 3159 καὶ
905 3107 1002 3176 δέη
1049 3101 1338 3180 ὐῴεἰρπον,
1380 3112 1492 3162 εἴτε
1539 3111 1742 3181 σκηνὴν
1773 3111 1940 3172 ὅντως

2046 3116 2181 3171 erat,
2231 3122 2357 3160 cum
2393 3107 2468 3161 illi
2501 3117 2678 3162 metus
2703 3124 2766 3162 ac
2798 3122 3029 3178 pavores
3074 3109 3362 3178 obrepunt,
3409 3111 3525 3166 sive
3577 3127 3635 3166 re

342 3197 802 3267 ὑποκρινόμενον,
829 3199 896 3251 ἶν’
919 3199 1222 3266 ἀπολογίαν
1253 3202 1410 3270 σχοίη
1439 3203 1520 3262 είς
1550 3201 1801 3271 ὕστερον,
1827 3201 1938 3254 εἴτε

2046 3199 2160 3266 ipsa
2214 3213 2382 3252 scena
2422 3199 2538 3252 haec
2583 3213 2648 3251 ac
2678 3200 2958 3253 simulatio
3009 3209 3189 3267 erant,
3229 3218 3339 3272 quo
3364 3203 3416 3256 in
3452 3213 3635 3274 poste-

335 3291 438 3341 καὶ
463 3290 695 3362 ἀληθείᾳ
730 3292 798 3346 τὰ
845 3294 966 3354 ταῖς
1000 3290 1364 3361 τηλικαύταις
1397 3291 1665 3363 πράξεσιν
1707 3293 1934 3346 ἀκολου-

2046 3303 2168 3340 rum
2223 3286 2440 3340 facinus
2500 3302 2764 3340 excusare
2796 3297 3003 3356 posset,
3065 3293 3180 3344 sive
3243 3306 3372 3346 vere
3426 3303 3634 3362 quanta

331 3380 536 3435 θοῦντα
549 3383 828 3438 ἀντίπαλα
853 3383 1317 3453 διαλογιζόμενον,
1337 3385 1463 3436 ἐπεὶ
1489 3383 1587 3437 καὶ
1613 3386 1727 3448 τοῖς
1752 3384 1936 3454 ἀρπά-

343 3491 435 3527 σαι
461 3475 534 3527 τὰ
566 3475 832 3545 ἀλλότρια
867 3476 1340 3546 προθυμουμένοις
1373 3476 1761 3546 μαλακώτεραι
1797 3476 1934 3547 πρὸς

335 3567 406 3619 τὰ
431 3567 584 3620 δεινὰ
613 3567 816 3638 τόλμαι
863 3568 1076 3637 φιλοῦσι
1111 3570 1360 3638 γίνεσθαι
1381 3609 1397 3633 ,
1433 3569 1529 3622 καὶ
1562 3568 1621 3621 τὸ
1652 3571 1930 3639 μέγιστον,

337 3659 488 3723 ὅπως
531 3660 644 3714 τῶν
678 3659 967 3730 βασιλείων
1005 3663 1252 3732 μετάσχῃ
1295 3662 1498 3726 αὐλῶν,
1549 3662 1840 3733 θυραυλῶν
1868 3681 1931 3717 τε

341 3755 435 3809 καὶ
487 3756 684 3826 πόρρω
717 3773 820 3808 που
862 3755 1238 3825 αὐλιζόμενος.
1292 3755 1431 3809 Ἀλλ’
1467 3755 1665 3828 ἔμελλε
1711 3757 1933 3822 πάντως

343 3851 436 3902 καὶ
470 3850 635 3911 αὐτὸς
663 3848 1008 3917 ὲνσκηνῶσαι
1032 3850 1146 3910 τοῖς
1167 3847 1497 3918 βασιλείοις,
1524 3849 1620 3903 καὶ
1648 3848 1738 3902 διὰ
1773 3849 1932 3902 τοῦτο

342 3942 560 4012 πνεῦμα
597 3943 970 4012 πονηρότατον
1009 3942 1283 4012 διεγεῖραν
1313 3941 1533 4012 Μιχαὴλ
1560 3943 1652 3997 τὸν
1685 3942 1932 4014 Τραυλδν

339 4037 562 4104 καιρίαν
598 4037 650 4088 οἱ
703 4034 1024 4088 καθικέσθαι
1070 4033 1360 4106 διηπείλει,
1400 4035 1449 4087 εί
1493 4035 1570 4104 μὴ
1625 4033 1723 4104 τὴν
1756 4034 1928 4104 avde.

337 4134 498 4202 ρησιν
544 4131 806 4200 ἀσμένως
851 4128 1224 4202 προσδέξοιτο·
1275 4129 1354 4193 ὡς
1400 4130 1551 4197 αὐτῷ
1595 4145 1660 4197 γε
1711 4127 1930 4180 πάντων

337 4225 603 4296 μελήσειν
626 4225 738 4277 τῶν
770 4224 1144 4294 νομιζομένων
1180 4223 1482 4292 δυσχερῶν,
1517 4221 1609 4275 καὶ
1648 4220 1822 4288 αὐτῆς
1863 4235 1928 4287 γε

332 4313 542 4384 ταύτης
568 4315 672 4386 τῆς
703 4315 840 4386 πρὸς
881 4315 952 4369 τὰ
1000 4299 1249 4385 βαᾶῖλεια
1293 4314 1556 4384 ἀφίξεως.
1617 4311 1684 4368 ’Ὁ
1723 4311 1789 4381 δὴ
1833 4313 1929 4366 καὶ

332 4408 585 4476 γέγονεν.

405 4597 479 4660 η’.
522 4589 612 4652 Ὠς
644 4587 700 4641 δέ
737 4605 822 4650 τις
866 4586 1008 4656 ἀνὴρ
1043 4585 1062 4656 (
1097 4583 1356 4654 Ἰωάννης
1387 4578 1541 4647 οὗτος
1580 4586 1607 4638 ό
1649 4583 1792 4638 κατὰ
1831 4584 1923 4638 τὸν

2041 3377 2355 3433 istiusmodi
2407 3378 2786 3433 molitionibus
2827 3379 3058 3434 molesta
3101 3381 3392 3446 obsistant,
3443 3399 3630 3438 secum

2036 3474 2222 3525 animo
2271 3469 2561 3540 reputabat
2600 3489 2614 3526 :
2649 3487 2772 3525 nam
2815 3481 2866 3526 et
2913 3473 3116 3542 quibus
3155 3474 3510 3527 constitutum
3561 3476 3634 3528 sit

2036 3561 2211 3615 aliena
2252 3577 2465 3632 rapere,
2507 3561 2591 3616 his
2636 3563 2703 3616 ad
2737 3563 2877 3617 mala
2922 3564 3255 3634 designanda
3310 3564 3629 3634 plerumque

2034 3656 2202 3709 animi
2231 3655 2409 3711 solent
2441 3655 2781 3712 mollescere.
2830 3659 3055 3728 Hocque
3091 3658 3396 3712 maximum
3425 3660 3633 3730 cogita-

2035 3748 2146 3814 bat,
2173 3765 2280 3819 qua
2305 3749 2524 3803 tandem
2551 3750 2842 3804 rationein
2868 3750 3065 3805 castris
3091 3751 3312 3806 stativis
3341 3768 3402 3804 ac
3436 3757 3630 3820 procul

2035 3857 2203 3911 agens
2233 3844 2372 3896 aulze
2405 3857 2630 3912 compos
2677 3843 2956 3898 evaderet.
2992 3841 3229 3898 Omnino
3267 3853 3452 3898 tamen
3483 3843 3627 3898 futu-

2033 3950 2153 3988 rum
2185 3943 2304 3989 erat
2330 3945 2466 3990 utet
2496 3935 2620 3989 aula
2645 3937 2920 4005 potiretur
2966 3946 3021 3992 et
3066 3937 3119 3992 in
3148 3937 3293 4003 regia
3331 3937 3633 3991 habitaret.

2032 4026 2240 4092 Idcirco
2272 4030 2438 4084 etiam
2485 4033 2587 4104 17
2617 4032 2844 4102 spiritus
2895 4048 3129 4102 nequam
3173 4032 3360 4088 afﬂatu
3393 4029 3628 4087 Michael

2031 4120 2233 4175 Balbus
2256 4122 2452 4179 lethale
2480 4140 2537 4179 se
2564 4127 2612 4179 ei
2638 4126 2833 4181 vulnus
2868 4125 3200 4180 inilicturum
3240 4126 3636 4191 comminatur,

2031 4213 2132 4267 nisi
2156 4213 2388 4268 militum
2406 4215 2855 4287 acclamationem
2877 4234 3145 4287 suamque
3165 4219 3626 4288 nuncupationem

2031 4311 2242 4380 placide
2271 4311 2562 4367 admittat:
2596 4312 2712 4370 {ore
2740 4316 3000 4369 nimirum
3035 4315 3137 4369 sibi
3172 4330 3317 4368 cura:
3365 4329 3627 4380 quazcun-

2025 4417 2134 4472 que
2164 4403 2336 4460 ardua
2364 4403 2676 4468 videantur,
2723 4420 2786 4458 ac
2816 4407 2996 4473 ipsum
3029 4421 3153 4458 cum
3184 4404 3379 4474 primis
3431 4405 3485 4457 in
3527 4418 3618 4458 re-

2028 4494 2171 4564 giam
2208 4510 2516 4551 accessum.
2556 4494 2714 4560 Quod
2745 4497 2817 4550 ita
2854 4494 3055 4548 factum
3081 4506 3184 4548 est.

2099 4586 2151 4641 8.
2177 4581 2280 4640 Ubi
2306 4594 2485 4640 autem
2506 4583 2749 4641 Joannes
2769 4585 2987 4653 quidam
3005 4584 3362 4649 llexahulius,
3379 4583 3465 4639 cui
3490 4599 3629 4640 mm-

344 4681 738 4749 Ἑξαϐούλιον)
777 4679 878 4749 τὴν
912 4679 1024 4731 τῶν
1055 4677 1254 4748 τειχῶν
1287 4677 1614 4748 ἐπιμέλειαν
1659 4679 1752 4731 καὶ
1794 4678 1927 4748 πρό-

2046 4679 2186 4731 nium
2217 4694 2348 4732 cura
2377 4679 2576 4734 credita
2601 4686 2734 4744 erat,
2773 4678 2875 4731 sub
2901 4679 3077 4746 ipsum
3116 4691 3241 4730 mox
3278 4677 3626 4745 imperatoris

331 4788 485 4825 νοιαν
520 4770 844 4841 ποιούμενος
889 4769 1090 4840 ᾔσθετο
1119 4769 1210 4823 τὸν
1243 4769 1448 4822 Λέοντα
1482 4765 1670 4823 τοῦτον
1703 4766 1933 4820 καταλε-

331 4862 626 4933 λειμμένον
669 4863 805 4932 πρὸς
829 4861 1080 4931 φυλακὴν
1118 4860 1236 4934 ἅμα
1280 4863 1347 4932 τῇ
1379 4859 1474 4914 τοῦ
1509 4859 1779 4930 βασιλέως
1815 4861 1932 4913 εἰσ-

339 4955 441 5024 όδῳ
501 4955 735 5027 (δεινὸς
815 4954 871 5009 δὲ
927 4954 1036 5025 ἄρα
1092 4953 1284 5025 ἀνδρὸς
1345 4953 1509 5022 φύσιν
1566 4953 1934 5024 στοχάσασθαι

334 5047 670 5119 πόρρωθεν),
701 5048 803 5102 οὐκ
835 5048 896 5101 ὲν
929 5047 1078 5119 καλῷ
1111 5048 1211 5117 τὴν
1234 5047 1443 5100 ἐκείνου
1476 5046 1646 5117 ἔφησε
1675 5047 1930 5115 γενέσθαι

333 5141 675 5207 προστασίαν
697 5139 805 5193 τῶν
833 5139 1282 5211 στρατευμάτων⁸
1305 5139 1426 5191 ὅθεν
1450 5139 1513 5192 σύ
1524 5139 1757 5207 μϐουλος
1781 5141 1929 5209 γίνε-

329 5247 421 5282 ται
452 5230 528 5298 τῷ
557 5229 767 5300 βασιλεί
791 5229 1185 5301 διανοήσασθαί
1212 5249 1265 5284 τι
1297 5232 1389 5284 καὶ
1421 5231 1514 5283 τὸν
1537 5232 1704 5303 ἄνδρα
1754 5251 1926 5303 μετα-

330 5320 532 5391 στῆσαι
581 5322 787 5387 καλῶς.
821 5323 966 5395 Πλὴν
1011 5324 1119 5378 ἔδει
1159 5324 1250 5378 τὸν
1283 5324 1420 5388 τέως
1465 5324 1542 5396 τῷ
1574 5326 1752 5396 κωδίῳ
1780 5327 1923 5398 θῆρα

331 5415 714 5486 κρυπτόμενον
743 5415 1191 5486 ἀνακαλυφθῆναί
1221 5433 1350 5469 ποτε
1384 5417 1479 5470 καὶ
1519 5418 1920 5490 δοκιμασθῆναι

329 5502 404 5566 ώς
433 5506 493 5556 ὲν
525 5505 703 5574 χοάνῳ
731 5507 932 5575 χρυσὸν
963 5507 1086 5570 τοὺς
1128 5505 1220 5560 τοῦ
1255 5505 1392 5560 Θεοῦ
1429 5509 1721 5572 ἐκλεκτούς
1743 5526 1756 5540 ·
1789 5525 1920 5578 συγ-

329 5597 596 5666 χωρεῖται
638 5597 696 5649 δὲ
726 5597 884 5651 τοῦτο
913 5597 1171 5663 πολλάκις
1210 5599 1354 5654 κατά
1401 5618 1524 5654 τινα
1576 5600 1670 5655 τοῦ
1720 5602 1914 5674 χρόνου

331 5685 601 5758 κυκλικὴν
624 5688 871 5758 περίοδον
891 5689 1159 5758 γίνεσθαι,
1191 5690 1250 5755 ἐξ
1277 5693 1572 5764 αἰτήσεως,
1603 5690 1779 5766 οἶμαι,
1804 5695 1919 5749 δαι-

2036 4767 2091 4821 ἰη
2141 4768 2333 4822 urbem
2391 4769 2725 4839 ingrcssum,
2773 4766 3014 4822 Leonem
3066 4767 3321 4837 cngnovit
3365 4767 3628 4822 Romana:

2034 4859 2262 4913 ditionis
2298 4874 2364 4914 ac
2412 4859 2628 4914 tuendis
2658 4859 2804 4930 agris
2836 4859 3095 4928 praesidio
3127 4859 3376 4914 relictum
3413 4861 3551 4931 (crat
3579 4861 3626 4914 is

2029 4953 2117 5006 vir
2170 4950 2283 5006 acri
2337 4950 2556 5020 ingenio
2583 4991 2597 5015 ,
2638 4968 2699 5006 ac
2739 4952 2832 5022 qui
2876 4952 3114 5008 hcininis
3156 4954 3346 5021 procul
3389 4952 3633 5007 indolem

2032 5045 2408 5114 cunjectaret),
2443 5045 2584 5100 haud
2616 5045 2791 5101 fanste
2823 5063 3106 5102 cessurum
3140 5049 3217 5101 ait
3252 5046 3395 5116 quod
3427 5047 3471 5101 is
3498 5062 3628 5100 eum

2033 5136 2262 5206 imperio
2277 5138 2541 5192 exercitui
2563 5140 2846 5207 praefectus
2866 5149 3030 5193 esset.
3048 5138 3411 5204 Quamobrem
3434 5146 3625 5191 auctor

2030 5237 2113 5283 est
2140 5239 2197 5283 ut
2222 5245 2405 5283 secum
2436 5230 2639 5300 aliquid
2679 5241 3028 5286 commentus
3059 5231 3359 5300 imperator
3392 5229 3634 5285 honesto

2027 5321 2265 5392 quodam
2307 5324 2492 5378 colore
2545 5322 2725 5379 virum
2765 5323 3091 5392 magistratu
3139 5330 3376 5375 moveat.
3419 5319 3622 5374 Verum

2027 5429 2250 5469 necesse
2280 5427 2398 5470 erat
2436 5425 2494 5470 ut
2529 5432 2650 5487 quae
2684 5417 2951 5470 hactenus
2989 5413 3148 5468 ovina
3187 5414 3323 5486 pelle
3368 5423 3626 5469 contecta

2021 5508 2276 5576 latuerat,
2323 5509 2602 5580 ingenium
2655 5509 2770 5564 fera
2816 5508 3086 5579 proderet,
3115 5517 3169 5561 et
3212 5517 3271 5561 ut
3313 5507 3470 5562 electi
3526 5503 3620 5563 Dei

2025 5603 2389 5674 probarentur
2418 5603 2559 5659 haud
2590 5619 2747 5658 secus
2776 5617 2841 5658 ac
2871 5602 3088 5656 ﬂamma
3114 5616 3312 5655 aurum
3343 5601 3396 5655 in
3423 5598 3621 5656 conﬂi-

2028 5695 2202 5751 ctorio
2246 5705 2462 5766 purgat.
2506 5695 2647 5751 Sinit
2681 5703 2864 5752 autem
2904 5695 2956 5751 id
2987 5709 3097 5750 non
3133 5708 3278 5760 raro,
3311 5708 3406 5762 per
3433 5706 3632 5748 recurm
