4038 6214
298 228 364 294 at
1062 288 1067 293 ,
1434 233 1947 297 THEOPHANES
1975 233 2543 296 CONTINUATUS.
3513 237 3585 299 τη
3654 198 3664 207 ’

295 342 534 399 rentium
562 353 868 415 temporum
895 347 1186 417 quamdam
1220 345 1523 418 periodum,
1548 350 1618 404 ita
1646 350 1884 414 evenire,

1996 349 2259 420 μονικῆς,
2304 348 2558 417 καθάπερ
2614 346 2706 399 ἐπὶ
2758 345 2909 410 Ἰὼϐ,
2959 345 3041 411 είς
3088 344 3293 415 γνῶσιν
3341 345 3438 417 μὲν
3489 342 3581 400 καὶ

296 437 566 500 daemone,
622 446 772 506 puto,
825 438 945 508 ejus
980 440 1085 495 sibi
1135 440 1351 510 copiam
1384 440 1681 512 ﬂagitante,
1718 442 1797 497 uti
1834 443 1888 497 in

294 525 432 581 Jobo
459 529 705 583 noscitur
734 531 1048 596 contigisse,
1076 541 1137 587 ut
1156 532 1227 602 pii
1247 534 1660 589 innotescante:
1676 533 1888 590 discer-

297 627 521 684 nuntur,
556 620 683 674 mali
718 636 850 676 vero
882 621 1206 695 abdicentur
1238 639 1303 679 ac
1332 624 1644 694 ejiciantur.

366 713 420 766 9.
476 713 577 767 Vix
626 730 858 784 namque
908 730 1218 772 sermonem
1272 717 1508 783 finierat,
1560 733 1685 772 cum
1740 718 1887 774 fama

294 807 603 876 praevolans
650 808 1011 863 acclamatum
1047 809 1429 879 imperatorem
1468 822 1757 889 tyrannum
1790 829 1887 868 an-

296 903 533 956 nuntiat.
588 900 662 956 Eo
708 918 931 959 rumore
974 905 1277 974 nuntioque
1314 906 1543 960 attonita
1590 908 1786 962 civitas
1821 924 1886 963 ac

294 993 409 1048 fere
437 1003 618 1049 mente
646 1003 793 1050 mota
817 995 905 1049 vix
940 1011 999 1050 se
1029 996 1367 1062 continebat,
1398 997 1528 1052 belli
1557 999 1735 1054 civilis
1771 1000 1886 1055 for-

294 1086 521 1150 midine,
545 1087 703 1156 cujus
733 1087 876 1141 mole
909 1086 1054 1142 haud
1084 1103 1208 1143 raro
1248 1090 1415 1145 urbes
1443 1090 1667 1161 integrae
1698 1093 1885 1149 conci-

293 1177 447 1230 dant.
495 1178 691 1231 Verum
733 1179 1032 1246 imperator
1068 1179 1355 1249 obstupuit
1401 1182 1621 1252 quidem
1672 1184 1880 1250 animo,

294 1268 439 1323 haud
466 1279 642 1323 tamen
672 1279 852 1324 mente
877 1270 1127 1325 turbatus
1155 1280 1257 1336 est,
1284 1274 1377 1327 sed
1409 1274 1507 1327 viri
1538 1275 1645 1345 18
1670 1285 1881 1330 tantum

293 1359 537 1426 ingratos
562 1373 745 1414 mores
776 1359 1100 1427 detestatus,
1120 1361 1225 1415 leni
1251 1363 1407 1433 quasi
1428 1366 1654 1420 susurro
1676 1366 1881 1423 bonum

292 1451 445 1505 aiens
477 1451 706 1521 obsequi
725 1452 923 1507 divina:
947 1454 1234 1523 voluntati,
1262 1471 1466 1525 pavore
1493 1473 1557 1513 ac
1575 1459 1882 1517 turbatione

292 1543 484 1599 urbem
542 1544 840 1599 liberavit:
883 1555 1112 1601 cunctos
1150 1548 1402 1604 hortatus
1430 1560 1483 1602 ut
1528 1561 1762 1619 tyranno
1790 1568 1881 1607 ve-

293 1634 459 1688 nienti
487 1644 803 1702 occurrant,
838 1651 946 1703 quo
984 1638 1243 1692 nimirum
1282 1640 1433 1694 nullo
1467 1641 1668 1695 civium
1701 1643 1880 1712 pollu-

292 1734 401 1778 tam
459 1741 655 1781 cruore
713 1742 777 1781 ac
844 1728 1174 1783 incolumem
1230 1730 1507 1786 civitatem
1558 1735 1879 1790 custodiret.

292 1813 464 1872 Porro
509 1820 788 1874 nonnullis
841 1819 1189 1877 hortantibus
1238 1831 1296 1877 ttt
1332 1822 1455 1879 forti
1488 1826 1675 1881 animo
1726 1828 1886 1884 malis

291 1910 585 1965 obsisteret
610 1927 900 1982 pugnaque
913 1928 1038 1968 cum
1062 1923 1295 1986 tyranno
1313 1916 1653 1980 decerneret.
1673 1934 1736 1975 ac
1761 1936 1885 1976 cum

293 2004 330 2056 ii
391 2004 577 2058 firmos
624 2019 684 2059 se
727 2021 792 2060 ac
837 2018 1156 2065 constantes
1197 2012 1419 2067 tuendis
1466 2014 1888 2073 clementissimi

292 2095 503 2166 fideque
533 2100 848 2167 praestantis
879 2098 1227 2169 imperatoris
1277 2104 1525 2173 partibus
1567 2104 1684 2161 fore
1717 2108 1889 2177 ,polli-

289 2197 565 2255 cerentur,
622 2192 755 2260 quin
804 2202 857 2246 et
897 2193 1013 2263 ipsa
1058 2195 1209 2250 illius
1258 2211 1399 2252 uxor
1457 2197 1719 2269 Proc0pia
1770 2215 1886 2255 rem

293 2270 571 2350 prebaret,
607 2299 817 2338 necnon
847 2284 1078 2341 Michael
1110 2288 1336 2357 quidam
1364 2289 1712 2358 Amalecites,
1730 2293 1889 2363 cujus

289 2382 409 2426 tum
443 2374 495 2427 in
531 2375 653 2429 aula
682 2380 1098 2445 protostratoris
1130 2396 1333 2437 munus
1355 2392 1519 2449 esset,
1552 2383 1696 2439 nolle
1720 2400 1780 2440 se
1809 2387 1893 2440 ait

292 2465 585 2534 imperium
631 2467 887 2525 fraternis
926 2472 1168 2528 caedibus
1204 2484 1572 2529 cruentatum.
1608 2475 1892 2543 Quamob-

295 2574 410 2612 rem
474 2561 643 2614 etiam
686 2561 902 2616 cuidam
936 2563 1266 2619 famulorum
1305 2566 1629 2623 ﬁdelissimo
1674 2570 1892 2627 traditis

293 2652 675 2720 imperialibus
699 2656 1032 2725 quibusdam
1083 2662 1424 2716 ornamentis
1471 2677 1535 2716 ac
1583 2662 1894 2734 insignibus

293 2739 531 2795 Leonem
560 2743 712 2798 adire
729 2755 894 2814 atque
923 2747 970 2800 ei
996 2747 1208 2803 deferre
1230 2751 1428 2820 coegit.
1456 2752 1533 2806 Ea
1557 2769 1615 2808 re
1643 2755 1895 2825 indigna-

294 2833 531 2890 bundam
580 2837 701 2905 ejus
746 2838 1035 2909 coniugem
1081 2840 1403 2911 Procopiam
1462 2859 1527 2899 ac
1573 2845 1894 2903 bacchantis

294 2940 433 2995 pene
464 2926 700 2981 similem
742 2930 1084 2986 exclamasse
1123 2932 1278 2989 aiunt
1313 2934 1595 3005 indignum
1625 2952 1689 2993 ac
1728 2955 1893 3011 grave

1989 441 2266 512 διάκρισιν
2306 440 2415 494 τῶν
2466 437 2741 506 εὐσεϐῶν,
2793 438 3153 509 ἀλλοτρίωσιν
3197 437 3257 493 δὲ
3307 439 3403 493 καὶ
3447 438 3581 492 άποο

1990 533 2117 605 ποίη
2126 550 2209 588 σιν
2238 532 2349 588 τῶν
2381 532 2593 587 κακῶν.

2059 710 2124 768 θ’.
2172 712 2343 767 Οὔπω
2386 712 2495 784 γὰρ
2543 712 2721 783 πέρας
2770 711 2931 783 ἔσχον
2971 713 3021 766 0i
3058 711 3210 781 λόγοι
3236 752 3251 777 ,
3289 712 3386 765 καὶ
3424 712 3586 784 φήμη

1989 804 2297 875 προθέουσα
2326 806 2427 877 τὴν
2471 804 2567 859 τοῦ
2611 804 2881 874 τυράννου
2924 804 3164 875 ἐμήνυεν
3198 803 3582 873 ἀναγόρευσιν.

1988 895 2418 968 Προσπεσούσης
2445 897 2503 951 δὲ
2528 897 2758 969 ταύτης,
2789 899 2822 969 ἡ
2860 897 2960 969 μὲν
2984 897 3140 960 πόλις
3173 896 3310 967 πρὸς
3339 895 3586 951 τοιοῦτον

1987 990 2243 1062 ἄγγελμα
2276 990 2474 1061 μικροῦ
2502 991 2613 1045 δεῖν
2640 990 2862 1061 ἔκφρων
2892 990 3161 1062 γενομένη
3196 990 3349 1059 μόλις
3380 990 3583 1061 ἑαυτὴν

1989 1086 2264 1154 συνεῖχεν,
2300 1084 2429 1147 τοὺς
2477 1083 2779 1154 ἐμφυλίους
2818 1082 3243 1156 κατορῤωδοῦσα
3282 1082 3580 1153 πολέμους,

1986 1179 2047 1244 ἐξ
2080 1171 2141 1232 οῦ
2173 1177 2434 1239 πολλάκις
2464 1175 2757 1249 αὔτανδροι
2796 1176 2983 1241 πόλεις
3023 1174 3546 1247 κατεϐαπτίσθησαν
3566 1192 3581 1207 ο

1985 1273 2013 1323 ὁ
2043 1268 2089 1323 δ’
2120 1268 2482 1339 αὐτοκράτωρ
2513 1267 2795 1341 ὲξεπλήγη
2833 1268 2933 1338 μὲν
2961 1269 3060 1340 τὴν
3087 1267 3292 1340 ψυχὴν,
3328 1268 3430 1322 οὐκ
3463 1267 3586 1321 ἐτα-

1986 1362 2162 1433 ράχθη
2194 1360 2250 1414 δὲ
2282 1360 2381 1432 τὴν
2416 1361 2670 1431 γνώμην,
2719 1358 2805 1434 [Ρ.
2841 1360 2932 1433 12]
2966 1361 3083 1415 ἀλλ’
3118 1360 3451 1432 ἀχαριστίαν
3484 1360 3586 1413 αὑ-

1982 1455 2077 1508 τοῦ
2127 1454 2288 1524 μόνον
2328 1453 2736 1521 κατεγνωκὼς,
2781 1452 2966 1524 ἠρέμα
3010 1470 3127 1517 πως
3178 1452 3585 1524 ὕποψιθυρίσας

1981 1548 2057 1611 ὼς
2090 1546 2257 1601 καλὸν
2282 1546 2360 1616 τῷ
2388 1545 2519 1615 θείῳ
2548 1544 2818 1615 θελήματι
2845 1544 3101 1611 ἕπεσθαι,
3141 1545 3343 1615 ἀφῄρει
3366 1545 3463 1615 τῆς
3488 1546 3588 1597 πό-

1981 1642 2119 1706 λεως
2152 1642 2213 1695 τὸ
2243 1638 2592 1712 περιθαμϐὲς
2628 1639 2727 1693 καὶ
2763 1637 3116 1710 ταραχῶδες,
3161 1638 3411 1702 ἅπαντας
3452 1655 3587 1709 προ-

1986 1735 2329 1807 τρεψάμενος
2351 1733 2598 1804 χωρῆσαι
2619 1735 2808 1786 τούτου
2833 1734 2968 1804 πρὸς
2988 1732 3260 1803 ἁπαντὴν,
3286 1731 3374 1785 ἵνα
3394 1731 3588 1801 μένου-

1992 1847 2090 1881 σαν
2116 1825 2266 1900 σώζῃ
2298 1826 2397 1897 τὴν
2421 1826 2620 1880 ἑαυτοῦ
2647 1824 2804 1879 πόλιν
2838 1824 3105 1895 ἐμφυλίου
3129 1824 3363 1894 αἵματος
3383 1825 3590 1895 ἄχραν-

1990 1921 2084 1974 τόν
2131 1936 2191 1972 τε
2246 1920 2343 1974 καὶ
2380 1917 2653 1990 καθαράν.
2711 1917 3000 1971 Ἴστασθαι
3034 1917 3092 1970 δέ
3129 1934 3293 1970 τινων
3342 1915 3479 1987 «pb;
3518 1916 3589 1969 τὰ

1990 2011 2139 2075 δεινὰ
2168 2012 2264 2064 καὶ
2296 2012 2436 2082 πρὸς
2460 2010 2552 2064 τὸν
2580 2010 2671 2063 διὰ
2704 2009 2887 2080 μάχης
2917 2008 3104 2077 ἀγῶνα
3137 2006 3592 2079 παρακελευομέ-

1992 2123 2100 2158 νιυν
2139 2094 2361 2175 χωρεῖν,
2412 2104 2507 2157 καὶ
2559 2103 2743 2172 μένειν
2778 2102 2962 2156 αὐτῶν
3013 2100 3467 2172 ὑπισχνουμένων
3502 2100 3596 2170 βε-

1991 2196 2167 2249 ϐαίων
2212 2196 2354 2266 ὑπὲρ
2395 2193 2665 2265 βασιλέως
2712 2191 2890 2261 πράου
2933 2209 2993 2244 τε
3043 2193 3140 2247 καὶ
3180 2190 3409 2257 πιστοῦ,
3458 2191 3594 2245 ἀλλὰ

1992 2288 2087 2342 καί
2114 2287 2286 2356 αὐτῆς
2326 2283 2740 2353 ἁποδεχομένης
2766 2282 2927 2336 τοῦτο
2957 2282 3056 2352 τῆς
3098 2283 3348 2353 γαμετῆς
3378 2282 3593 2349 Προκο-

1992 2382 2123 2445 πίας
2154 2382 2252 2434 xal
2291 2377 2551 2449 Μανουήλ
2587 2394 2736 2440 τινος
2769 2376 2878 2429 τῶν
2916 2374 2975 2439 ἐξ
3022 2372 3411 2445 Ἀμαληκιτῶν
3440 2390 3595 2444 πρω-

1992 2473 2351 2545 τοστράτορος
2387 2468 2692 2541 τηνικαῦτα
2734 2468 3121 2538 τυγχάνοντος,
3164 2466 3266 2520 οὐκ
3309 2464 3415 2536 ἔφη
3455 2461 3591 2536 χρῄ-

1994 2566 2111 2633 ζειν
2157 2565 2256 2637 τὴν
2291 2562 2571 2635 βασιλείαν
2614 2562 2809 2633 αἵμασι
2847 2562 2888 2594 ¹⁹
2936 2560 3389 2632 καταρρεομένην
3435 2556 3595 2611 ’ἀδελ-

1994 2656 2196 2727 φικοῖς.
2240 2655 2405 2708 Ὅθεν
2452 2652 2546 2706 καί
2592 2671 2701 2706 τινι
2750 2652 2860 2705 τῶν
2910 2651 3050 2723 πρὸς
3094 2648 3395 2721 θεραπείαν
3424 2648 3592 2703 αὐτοῦ

1993 2747 2234 2817 γνησίων
2269 2745 2578 2817 παράσημά
2607 2762 2729 2798 τινα
2769 2744 2897 2807 δοὺς
2928 2745 3028 2814 τῆς
3075 2740 3356 2812 βασιλείας
3388 2741 3586 2811 φοιτᾷν

1994 2839 2175 2891 ἐκεῖσε
2209 2836 2550 2903 ὲξεϐιάσατο.
2606 2836 2722 2905 Ἐφ’
2767 2829 2849 2898 οἷς
2880 2834 2976 2888 καὶ
3018 2832 3463 2904 δεινοπαθήσασα
3496 2830 3594 2885 καὶ

1993 2921 2107 2981 οἷον
2136 2926 2572 2997 ἐκϐακχευθεῖσα
2601 2928 2635 2997 ὴ
2669 2924 2864 2979 τούτου
2899 2924 2964 2995 δὴ
2995 2923 3213 2995 γαμετὴ
3242 2923 3414 2976 δεινὸν
3440 2922 3597 2991 λέγε-

295 3016 341 3070 si
369 3013 540 3071 Barca
570 3017 673 3087 (sic
708 3016 908 3075 Leonis
934 3037 1161 3077 uxorem
1189 3026 1439 3081 convicio
1473 3036 1700 3097 vocans)
1728 3032 1891 3101 capiti

1996 3036 2085 3072 ται
2119 3021 2452 3091 ἀνακραγεῖν
2479 3061 2494 3085 ,
2532 3020 2581 3073 εί
2616 3018 2805 3089 Βάρκα
2849 3016 3019 3089 (οὕτω
3056 3016 3122 3087 δὴ
3148 3016 3209 3069 τὸ
3238 3015 3333 3069 τοῦ
3368 3014 3596 3077 Λέοντος

294 3108 597 3165 modiolum
623 3110 948 3181 imponeret.
977 3116 1158 3172 Atille
1177 3119 1544 3176 severioribus
1567 3122 1750 3176 verbis
1773 3138 1892 3177 eam

293 3200 595 3269 castigans,
640 3218 808 3272 seque
851 3213 1028 3260 totum
1065 3207 1173 3263 Deo
1214 3210 1569 3264 committens
1592 3251 1607 3276 ,
1644 3210 1893 3266 futurum

293 3293 374 3346 rei
405 3305 657 3350 eventum
692 3298 1131 3367 praestolabatur.
1164 3299 1286 3356 .Iam
1316 3303 1462 3357 enim
1506 3305 1898 3374 percrebuerat

297 3401 488 3441 rumor
536 3389 845 3460 ingressum
887 3401 1184 3461 tyrannum
1235 3410 1332 3464 per
1359 3397 1600 3450 Auream
1650 3407 1890 3467 portam,

296 3496 631 3550 omnemque
679 3492 934 3537 senatum
978 3484 1046 3537 ad
1085 3500 1274 3540 sacras
1316 3488 1679 3556 praecursoris
1727 3489 1894 3554 aedes,

297 3574 477 3629 Studii
531 3588 697 3642 Opera
748 3590 778 3628 a
836 3573 1206 3631 fundamentis
1258 3588 1605 3643 exstructas,
1676 3580 1895 3635 obviam

296 3666 639 3735 processisse
667 3707 681 3731 ,
715 3681 779 3721 ac
809 3666 1025 3736 supinis
1060 3669 1317 3725 manibus
1352 3670 1546 3740 plausu
1588 3671 1897 3744 faustisque

295 3755 577 3812 ominibus
637 3756 693 3811 in
750 3758 941 3813 urbem
999 3762 1254 3830 excipere
1299 3777 1365 3819 ac
1412 3763 1703 3821 deducere.
1756 3764 1892 3821 Cum

296 3857 480 3902 autem
503 3849 569 3904 ad
597 3850 859 3919 palatium
881 3850 995 3921 jam
1016 3855 1501 3925 appropinquaret,
1526 3857 1686 3927 eique
1706 3873 1893 3913 coram

298 3940 486 3994 divina
514 3942 620 4011 19
646 3940 741 3996 Dei
770 3940 1188 4015 Verbi‘propter
1219 3962 1316 4003 nos
1334 3948 1461 4003 facti
1479 3949 1721 4006 hominis
1753 3950 1893 4004 ima-

296 4033 422 4099 gine
447 4070 464 4099 ,
500 4031 568 4085 ad
606 4031 786 4087 locum
820 4050 982 4103 quem
1012 4034 1269 4091 Chalccm
1302 4048 1521 4104 vocant,
1552 4048 1680 4094 vota
1714 4040 1897 4095 reddi-

297 4131 424 4177 turo
472 4124 744 4194 tantisper
788 4127 1204 4183 consistendum
1249 4141 1417 4194 esset,
1478 4133 1624 4203 quod
1678 4135 1895 4204 punicei

295 4215 498 4273 coloris
526 4216 746 4272 brevem
770 4219 1068 4288 quamdam
1098 4230 1308 4278 vestem
1333 4224 1556 4280 militari
1592 4241 1748 4281 more
1777 4226 1893 4283 dis-

295 4308 532 4362 cinctam
566 4316 803 4377 gestaret
835 4310 853 4379 (
888 4310 1131 4379 aquilam
1167 4322 1386 4380 vocant,
1426 4315 1544 4370 sive
1586 4330 1759 4383 mare,
1794 4316 1890 4385 qui

296 4402 349 4456 in
383 4403 469 4457 his
515 4403 846 4474 elegantiam
893 4405 1126 4477 cohtut),
1158 4422 1278 4461 eam
1309 4424 1431 4463 mox
1474 4410 1627 4464 exuit
1660 4426 1675 4475 ;
1723 4424 1888 4479 quam
1916 4388 1970 4448 Ῐ)

295 4497 469 4560 ipsam
510 4495 568 4549 in
612 4511 811 4551 manus
837 4510 1121 4569 acceptam
1166 4500 1394 4556 Michael
1423 4518 1491 4557 ex
1519 4502 1719 4572 lingua;
1758 4503 1891 4560 vitio

294 4585 448 4641 Balbi
496 4604 799 4661 cognomen
838 4592 1090 4661 adeptus,
1126 4592 1329 4649 Leonis
1387 4603 1520 4650 tunc
1566 4595 1887 4666 praefectum

292 4679 495 4733 stabuli
529 4696 719 4751 agens,
761 4684 906 4741 illico
943 4685 1141 4741 induit.
1180 4686 1307 4743 Fuit
1341 4688 1449 4744 hoc
1475 4689 1663 4745 multis
1689 4690 1891 4747 ominis

293 4768 440 4835 loco,
486 4770 603 4827 fore
635 4784 692 4828 ut
740 4774 969 4832 Michael
1006 4779 1238 4847 imperio
1284 4781 1525 4853 regendo
1564 4780 1734 4836 Leoni
1762 4798 1892 4838 suc-

293 4879 483 4920 cessor
503 4875 672 4921 esset.
698 4863 799 4921 Ubi
821 4878 1004 4923 autem
1034 4874 1100 4925 ad
1125 4872 1285 4943 Scyla
1310 4884 1579 4931 venerunt
1604 4875 1781 4947 (locus
1806 4883 1892 4932 est

293 4957 378 5013 sic
407 4958 589 5015 dictus
620 4959 673 5013 in
702 4960 950 5029 ingressu
983 4964 1218 5034 palatii),
1251 4981 1488 5037 sequens
1510 4984 1540 5024 a
1570 4980 1721 5041 tergo
1746 4970 1887 5025 idem

294 5050 523 5109 Michael
544 5054 674 5109 dum
695 5053 973 5109 incautius
994 5056 1244 5126 graditur
1264 5072 1327 5113 ac
1344 5062 1578 5115 celerius
1595 5063 1892 5131 praeeuntis

294 5148 523 5218 vestigia
554 5150 772 5219 premit,
796 5150 1029 5207 summis
1047 5150 1276 5220 pedibus
1292 5166 1359 5207 ac
1383 5153 1631 5209 articulis
1652 5154 1893 5226 impera-

294 5239 453 5293 toria:
482 5240 651 5295 vestis
679 5257 833 5296 oram
871 5242 1124 5307 calcavit,
1156 5241 1233 5296 ita
1267 5251 1326 5297 ut
1354 5242 1471 5313 ipse
1498 5243 1609 5299 Leo
1655 5247 1893 5303 senserit

294 5333 724 5404 audaciorisquc
750 5336 955 5406 aliquid
987 5336 1248 5394 facinoris
1275 5336 1344 5393 ab
1368 5351 1433 5392 eo
1460 5326 1889 5409 exspectandum

294 5426 572 5483 ominatus
610 5428 683 5483 sit
712 5445 727 5493 ;
760 5432 904 5501 quod
936 5440 991 5487 et
1021 5441 1208 5502 postea
1241 5431 1462 5487 accidit.

370 5521 456 5575 10.
483 5520 639 5579 Tunc
665 5521 897 5581 Michael
921 5522 1102 5584 Leone
1123 5527 1393 5599 ingresso,
1415 5542 1522 5583 una
1549 5541 1674 5582 cum
1700 5526 1889 5590 liberis

1999 3113 2278 3166 καλέσασα
2315 3112 2573 3181 γύναιον)
2609 3113 2677 3181 τῇ
2714 3109 2927 3179 κεφαλῇ
2959 3107 3203 3161 ἐπίθοιτο
3231 3107 3291 3160 τὸ
3335 3106 3597 3178 μοδίολον.

2010 3203 2071 3256 '0
2126 3203 2184 3256 δὲ
2252 3204 2506 3273 στερροῖς
2565 3201 2749 3269 λόγοις
2794 3199 3005 3269 ταύτην
3056 3198 3472 3270 ἐπιρῤαπίσας,
3507 3197 3602 3252 καὶ

1998 3296 2120 3349 ὅλον
2146 3295 2210 3366 δὴ
2237 3294 2459 3357 ἀναθεὶς
2490 3293 2685 3346 ἑαυτὸν
2715 3291 2793 3361 τῷ
2832 3290 2976 3361 Θεῷ,
3009 3290 3339 3363 ἐκαραδόκει
3364 3291 3433 3344 τὰ
3464 3289 3599 3361 μέλ-

1999 3388 2181 3441 λοντα.
2227 3388 2391 3456 Ἀρτι
2419 3384 2553 3454 γοῦν
2582 3383 2992 3455 κατηγγέλλετο
3023 3384 3117 3437 τὸν
3144 3382 3410 3454 τύραννον
3438 3382 3601 3437 εἰσιέ-

1998 3499 2088 3536 ναι
2114 3481 2202 3535 διὰ
2229 3479 2406 3551 πύλης
2446 3481 2545 3550 τῆς
2574 3479 2946 3549 χρυσηλάτου,
2981 3480 3077 3533 καὶ
3106 3480 3255 3533 πᾶσα
3292 3480 3323 3550 η
3355 3477 3599 3549 σύγκλη-

1996 3591 2089 3637 τος
2108 3573 2252 3629 κατὰ
2276 3573 2369 3628 τὸν
2399 3571 2542 3625 θεῖον
2563 3570 2658 3625 τοῦ
2686 3571 3005 3643 Προδρόμου
3033 3570 3195 3638 νεὼν,
3222 3570 3281 3624 ὃν
3303 3572 3332 3625 ό
3352 3570 3602 3634 Στούδιος

1998 3666 2062 3719 ὲκ
2100 3663 2315 3735 βάθρων
2355 3665 2681 3736 ἀνήγειρεν,
2716 3664 2939 3736 ἀπήντα
2987 3665 3082 3719 καὶ
3121 3664 3345 3728 ὑπτίαις
3379 3664 3600 3735 ἐδέχετο

1996 3763 2117 3824 ταῖς
2137 3759 2317 3831 χερσὶ,
2350 3758 2759 3831 προπέμπουσα
2786 3778 2847 3813 τε
2871 3760 2967 3813 καὶ
2998 3758 3380 3822 ὲκθειάξουσα.
3426 3757 3515 3823 Ὠς
3543 3756 3602 3810 δὲ

1995 3852 2110 3914 τοῖς
2158 3849 2454 3920 βασιλείοις
2487 3848 2687 3922 ἤγγιζε
2733 3852 2831 3904 καὶ
2884 3849 3027 3903 κατὰ
3066 3848 3360 3920 πρόσωπον
3388 3848 3454 3917 δὴ
3499 3847 3603 3917 τῆς

1998 3943 2150 4007 θείας
2184 3943 2395 4008 εἰκόνος
2441 3944 2537 3997 τοῦ
2575 3944 2647 3996 δι’
2686 3944 2837 4014 ἡμᾶς
2886 3943 3416 4014 ὲνανθρωπήσᾳντος
3460 3939 3601 3995 Θεοῦ

1996 4037 2195 4106 Λόγου,
2215 4037 2358 4091 κατὰ
2370 4036 2463 4091 τὸν
2481 4036 2628 4090 οὕτω
2640 4035 3151 4108 κατονομαζόμενον
3168 4035 3334 4090 τόπον
3353 4033 3600 4104 Χαλκῆνο

1996 4129 2189 4200 ἔμελλε
2226 4131 2417 4203 στῆναι
2446 4129 2549 4194 τὰς
2583 4128 2752 4200 εὐχὰς
2791 4126 3092 4182 ἀποδώσων
3113 4170 3129 4197 ,
3167 4127 3291 4182 ἐπεί
3323 4144 3377 4181 τι
3425 4144 3601 4196 φοινι-

1996 4225 2236 4296 κοϐαφὲς
2269 4222 2553 4293 θοιμάτιον
2586 4222 2731 4275 κατά
2760 4237 2814 4275 τι
2855 4220 3255 4294 στρατιωτικὸν
3302 4220 3424 4284 ἔθος
3453 4219 3601 4284 ἄζω-

1999 4336 2124 4373 στον
2166 4320 2477 4389 ὲπημφίετο
2509 4318 2530 4387 (
2550 4314 2710 4369 ἀετὸν
2742 4313 2903 4368 τοῦτο
2943 4313 3211 4369 καλοῦσιν
3253 4314 3286 4385 ἢ
3321 4313 3600 4367 θάλασσαν

1995 4414 2046 4466 οἱ
2070 4411 2201 4484 περὶ
2224 4410 2399 4464 ταῦτα
2430 4407 2691 4480 κομψοὶ),
2718 4405 2880 4461 τοῦτο
2915 4407 3018 4479 μὲν
3047 4408 3248 4463 αὐτίκα
3280 4401 3595 4473 ἀπαμφιέν-

1997 4522 2176 4570 νυται,
2208 4504 2306 4558 καὶ
2329 4503 2554 4574 Μιχαὴλ
2580 4504 2607 4556 ό
2628 4503 2729 4571 τὴν
2756 4501 3005 4570 γλῶτταν
3030 4500 3213 4571 φέρων
3236 4496 3594 4568 παράσημον,

1997 4598 2341 4669 ἐπιμελητὴς
2368 4595 2478 4650 τῶν
2512 4593 2609 4649 τοῦ
2645 4595 2875 4657 Λέοντος
2902 4593 3087 4647 ἵππων
3126 4588 3431 4661 τηνικαῦτα
3463 4605 3598 4656 τυγ-

1999 4689 2202 4761 χάνων,
2258 4687 2353 4740 ἐπὶ
2396 4687 2588 4757 χεῖρας
2635 4681 2820 4738 λαϐὼν
2865 4679 3110 4750 αὖθωρὸν
3157 4676 3596 4748 ὲπαμπὶσχεται.

2002 4781 2223 4848 Ἔδοξεν
2271 4779 2363 4834 οὖν
2405 4778 2566 4832 τοῦτο
2612 4780 2727 4841 τοῖς
2775 4774 2992 4838 πολλοῖς
3036 4772 3228 4835 οἰωνὸς
3272 4772 3340 4839 ἐξ
3381 4769 3597 4824 ἐκείνου

1993 4873 2250 4944 δεύτερον
2303 4870 2404 4940 τῆς
2461 4868 2742 4941 βασιλείας
2796 4868 3008 4938 τυχεῖν.
3077 4866 3167 4929 Ὠς
3218 4862 3277 4916 δὲ
3332 4861 3475 4916 κατὰ
3528 4860 3601 4913 τὰ

1994 4965 2179 5021 Σκῦλα
2205 4966 2252 4997 ¹⁶
2286 4963 2558 5033 ἐγένοντο,
2583 4962 2728 5017 οὕτω
2753 4961 2817 5034 δή
2851 4977 2975 5014 τινα
2998 4959 3166 5012 τόπον
3190 4955 3337 5011 κατὰ
3366 4956 3468 5019 τὰς
3495 4954 3599 5020 βα·-

1996 5062 2232 5125 σιλείους
2256 5060 2499 5123 εἰσόδους
2532 5058 2856 5130 λεγόμενον,
2885 5054 3146 5127 ἀκρατῶς
3176 5070 3295 5117 πως
3322 5050 3600 5122 ἐπιρρέων

1997 5156 2093 5211 καὶ
2126 5154 2249 5209 κατ’
2292 5154 2443 5225 ἴχνος
2475 5153 2614 5206 θέων
2656 5150 2824 5206 αὑτοῦ
2864 5148 2927 5203 τδ
2961 5147 3100 5220 πρὸς
3147 5148 3215 5218 τῇ
3257 5144 3398 5217 πέζῃ
3433 5143 3600 5213 λῆγον

1997 5248 2092 5303 τοῦ
2119 5246 2337 5319 ἱματίου
2366 5246 2559 5317 ἄκροις
2580 5243 2755 5312 ἐπέϐη
2787 5243 2968 5308 ποσὶν,
2994 5241 3072 5305 ὡς
3097 5241 3195 5295 καὶ
3223 5238 3387 5293 αὐτὸν
3409 5234 3600 5290 αἰσθάο

1999 5343 2191 5399 νεσθαι
2234 5342 2327 5395 τὸν
2359 5340 2569 5395 Λέοντα
2615 5337 2710 5391 καί
2756 5354 2881 5391 τινα
2924 5333 3239 5406 παράϐολον
3278 5332 3493 5401 κίνησιν
3540 5326 3602 5390 ἐξ

1999 5437 2165 5493 αὐτοῦ
2193 5434 2527 5506 προσδοκᾷν.
2560 5431 2735 5484 Τοῦτο
2769 5432 2870 5502 μὲν
2899 5424 2993 5483 οὖν
3021 5427 3252 5500 ὕστερον
3285 5423 3524 5494 ἐγένετο.

2075 5538 2127 5586 ι’.
2156 5529 2289 5583 Τότε
2324 5527 2379 5583 δὲ
2414 5524 2504 5580 τοῦ
2536 5524 2764 5589 Λέοντος
2798 5521 3180 5593 ἐπιφανέντος,
3219 5514 3442 5589 Μιχαὴλ
3482 5513 3600 5585 ἅμα

1598 5619 1835 5703 vanu;
1864 5623 2271 5688 LECTIONES.

372 5711 413 5742 ίθ
446 5710 571 5765 ἰδεῖν
608 5710 833 5783 αἵμασιῖ
909 5712 950 5744 ³ο
982 5712 1074 5784 τὴν
1118 5712 1294 5767 Σκῦλα
1331 5712 1367 5769 Ρ
1403 5712 1514 5770 :ef.
1557 5712 1586 5769 ~i
1629 5713 1709 5771 l9.
