4038 6214
306 274 367 336 33
1036 333 1043 341 .
1465 275 1614 338 LIB.
1652 275 1702 335 Ι.
1744 298 1812 309 -
1843 272 1927 334 LE

2029 273 2447 336 ARMENIUS.
3526 272 3597 337 3i

306 393 453 449 παισί
491 410 554 447 τε
584 390 687 447 καὶ
720 390 951 462 γυναικὶ
978 391 1080 461 τὴν
1108 391 1289 463 κόμην
1331 391 1662 464 ἀποθέμενοι
1695 393 1832 464 πρὸς
1863 392 1923 445 τὸ

2029 402 2193 462 atque
2224 407 2415 455 uxore,
2449 391 2678 446 detonsa
2710 404 2866 446 coma
2900 388 2968 445 ad
3004 388 3097 444 Dei
3139 388 3429 445 delubrum
3459 404 3615 445 sece-

303 487 390 540 τοῦ
446 484 594 539 Θεοῦ
630 483 1025 555 τεμένισμα¹¹,
1062 481 1149 557 [Ρ.
1195 482 1289 555 15]
1327 484 1355 536 ὃ
1387 484 1564 555 Φάρος
1607 483 1917 554 κατονομά-

308 579 470 643 ζεται
521 575 625 629 ἀπὸ
666 573 761 628 τοῦ
809 573 929 643 φῶς
990 574 1259 628 ἀνάπτειν
1310 574 1447 627 πᾶσι
1484 574 1581 627 καὶ
1626 574 1772 628 κατὰ
1820 572 1920 636 τὰς

316 671 525 733 νύκτας
554 669 914 740 χειραγωγεῖν
948 668 1043 720 ἐπὶ
1074 666 1409 735 καταγωγάς
1438 683 1595 731 τινας
1626 667 1915 734 ἀσφαλεῖς,

325 758 603 827 ἀντίμιμον
626 756 721 810 τοῦ
760 756 906 810 κατὰ
951 755 1052 827 τὴν
1105 755 1520 827 Ἀλεξάνδρειαν
1560 756 1691 811 ὄντα
1733 774 1791 810 τε
1826 758 1920 811 καὶ

332 850 626 919 λεγόμενον,
650 848 752 920 τὴν
776 848 945 902 αὐτοῦ
969 846 1265 919 εὐμένειαν
1287 851 1459 921 χωρεῖ
1478 848 1916 920 ἐκκαλούμενος.

344 942 393 996 Ὀ
418 942 470 995 δὲ
500 942 738 1011 συλῆσαι
778 942 879 1013 μὲν
909 943 973 995 ἐκ
1007 940 1145 994 Θεοῦ
1174 939 1273 994 καὶ
1303 939 1509 1012 ἔρημον
1538 940 1713 996 θεῖναι
1741 941 1920 1011 ψυχῆς

325 1036 405 1087 οὐκ
449 1035 509 1088 ἐν
552 1035 715 1106 καλῷ
770 1033 1020 1106 θέμενος,
1069 1035 1279 1087 ἐκεῖνον
1321 1034 1422 1103 μὲν
1457 1035 1515 1088 ἐν
1549 1038 1617 1107 τῇ
1664 1034 1917 1108 Πλόιτῃη

316 1128 444 1197 νήσῳ
478 1126 787 1198 ὑπερόριον
833 1126 950 1191 θεὶς
989 1123 1291 1197 ἡσυχάζειν
1335 1124 1641 1197 ἐπέτρεψεν
1669 1169 1684 1194 ,
1716 1129 1919 1201 χρυσόν

311 1236 421 1271 τινα
455 1219 586 1272 κατ’
631 1220 755 1284 ἔτος
788 1220 1166 1292 ἐπιχορηγῶν,
1207 1218 1363 1272 ἔνθεν
1396 1220 1493 1274 καί⁵
1530 1221 1591 1274 τὸ
1624 1224 1918 1292 μοναχικὺν

311 1312 494 1383 σχῆμα
519 1312 763 1367 λαϐόντα
791 1314 888 1366 καὶ
929 1312 1252 1366 Ἀθανάσιον
1286 1310 1771 1382 μετονομασθέντα
1798 1317 1919 1367 ἐπι-

310 1402 501 1457 διῶναί
536 1421 707 1473 φασιν
740 1399 835 1475 έτη
866 1404 962 1458 δύο
1000 1405 1093 1457 καὶ
1122 1403 1442 1475 τριάκοντα.
1471 1404 1647 1474 Συνῆν
1681 1405 1737 1457 δὲ
1770 1406 1919 1476 αὐτῷ

311 1497 400 1548 καὶ
437 1497 787 1567 Εύστράτιος
818 1500 846 1550 6
891 1498 1007 1560 υίὸς
1035 1494 1229 1561 αὑτοῦ,
1274 1498 1302 1549 6
1339 1497 1437 1549 καὶ
1480 1497 1789 1569 ἀποκαρεὶς
1824 1499 1920 1551 καὶ

314 1587 691 1659 εὐνουχισθεὶς
729 1587 805 1642 ὣν
835 1589 972 1643 ἐτῶν
999 1590 1177 1642 εἴκοσι
1208 1586 1507 1657 προστάξει
1540 1585 1635 1640 τοῦ
1667 1587 1915 1653 Λέοντος,

316 1682 402 1734 καὶ
434 1682 712 1751 Νικήτας,
745 1679 802 1745 ὃς
838 1682 1107 1753 πρότερον
1140 1680 1240 1750 μὲν
1266 1682 1393 1742 παῖς
1418 1678 1494 1734 ὢν
1523 1679 1622 1751 τὴν
1654 1680 1761 1734 τῶν
1797 1681 1919 1734 ίκα-

316 1774 489 1828 νάτων
534 1775 743 1828 διεῖπεν
782 1774 995 1845 ἀρχὴν,
1032 1772 1129 1827 ᾶτε
1164 1771 1230 1843 δὴ
1277 1771 1453 1841 φίλιος
1485 1774 1599 1835 τοῖς
1638 1771 1923 1844 στρατιώ-

315 1884 433 1931 ταις
465 1868 562 1921 καὶ
600 1869 661 1920 ἐν
711 1866 971 1938 ὑπαίθρῳ
1019 1866 1301 1935 διάγουσιν
1341 1861 1483 1919 εἶναι
1530 1883 1589 1919 τε
1629 1865 1799 1920 θέλων
1828 1867 1922 1920 καὶ

316 1958 422 2014 τῶν
448 1960 671 2013 πολλῶν
696 1960 1043 2032 πραγμάτων
1074 1959 1359 2030 ἔμπειρος,
1384 1959 1507 2013 τότε
1538 1959 1596 2013 δὲ
1623 1960 1669 1991 ’³
1699 1959 1799 2030 τὴν
1830 1959 1921 2013 κό-

321 2069 431 2122 μην
457 2052 558 2105 καὶ
588 2051 757 2115 αὐτὸς
785 2050 1118 2120 ἀποθέμενος
1157 2050 1414 2117 Ἰγνάτιος
1440 2049 1690 2103 ἐκαλεῖτο
1718 2050 1813 2102 καὶ
1842 2048 1921 2119 τῷ

324 2144 507 2213 πατρὶ
531 2145 781 2197 συνεῖναι
811 2142 1103 2211 ἐτύγχανεν
1124 2140 1194 2211 τῷ
1218 2142 1440 2213 μονήρει
1466 2141 1567 2212 βίῳ
1590 2141 1922 2213 προσκείμε-

331 2254 444 2301 νος.
468 2235 583 2306 Τὴν
605 2235 649 2288 δ’
670 2235 834 2289 αὐτοῦ
867 2234 1112 2288 σύνευνον
1129 2234 1476 2306 ἁπεσχοίνισε
1506 2234 1602 2288 καὶ
1628 2234 1920 2289 ἀπέσπασε

323 2329 424 2383 καὶ
460 2328 598 2399 πρὸς
629 2328 731 2398 τὴν
760 2326 931 2399 μονὴν
967 2327 1062 2398 τὴν
1096 2328 1241 2382 οὕτω
1270 2329 1573 2399 λεγομένην
1606 2328 1923 2399 Προκοπίας

320 2420 655 2492 μετέθηκεν,
700 2421 881 2474 καίτοι
916 2438 976 2490 γε
1008 2420 1167 2475 τοῦτο
1196 2422 1273 2493 μὴ
1315 2422 1572 2491 γενέσθαι
1621 2421 1798 2475 πολλὰ
1826 2421 1922 2475 τοῦ

316 2516 542 2589 Μιχαὴλ
587 2516 994 2581 ἱκετεύσαντος.
1044 2517 1157 2571 Καὶ
1201 2519 1229 2571 6
1274 2517 1373 2588 μὲν
1406 2516 1629 2587 Μιχαὴλ
1676 2515 1772 2571 τοῦ
1807 2514 1923 2587 βίου

316 2608 426 2674 ἔξω
463 2608 762 2678 γενόμενος
809 2610 942 2680 μηνὶ
985 2609 1308 2681 Ἰανουαρίῳ
1352 2607 1443 2676 ια’,
1485 2609 1597 2662 ἔτει
1640 2609 1803 2682 ,ςτβᾏ
1834 2610 1924 2664 τὸν

318 2702 449 2772 χοῦν
496 2702 839 2773 ἀποθέμενος
878 2703 935 2754 ἐν
976 2703 1115 2773 αὐτῇ
1172 2704 1241 2773 τῇ
1297 2703 1476 2773 νήσῳ,
1530 2704 1588 2756 ἐν
1639 2702 1719 2773 τῷ
1764 2701 1926 2772 δεξιῷ

319 2795 479 2865 μέρει
542 2794 642 2863 τῆς
696 2793 999 2864 ἐκκλησίας
1052 2793 1345 2850 ἐτέθαπτο·
1398 2798 1427 2849 ὁ
1478 2793 1816 2865 Εὐστράτιος
1867 2794 1925 2847 δὲ

321 2886 463 2955 μετὰ
511 2886 609 2957 τὴν
642 2886 736 2939 τοῦ
773 2888 982 2959 πατρὸς
1030 2887 1290 2958 τελευτὴν
1336 2888 1433 2959 ἔτη
1468 2887 1717 2950 ἐπιϐιοὺς
1761 2888 1925 2941 πέντε

318 2979 436 3049 [καὶ
466 2978 603 3033 δέκα
631 2978 700 3050 ³⁵]
744 2979 839 3032 καὶ
885 2978 1049 3043 αὐτὸς
1085 2980 1357 3051 ἐκοιμήθη
1409 2980 1553 3034 κατὰ
1590 2981 1690 3049 τὴν
1725 2987 1785 3035 ιε’
1828 2979 1923 3034 τοῦ

2023 483 2183 546 dunt,
2216 487 2363 553 quod
2402 482 2641 538 Pharum
2666 492 2865 539 vocant
2894 498 2955 537 ea
2980 482 3213 545 ratione,
3237 482 3381 553 quod
3400 482 3617 538 cunctis

1986 602 1992 607 ε
2023 574 2203 630 lucem
2233 576 2495 630 accendat
2521 586 2799 644 noctuque
2832 580 2897 629 ad
2928 585 3107 631 certas
3132 576 3397 644 quasdam
3435 575 3620 629 statio-

2022 682 2122 723 nes
2153 667 2413 731 deducat.
2439 669 2604 723 Phari
2638 669 2787 725 illius
2813 670 2867 723 in
2899 669 3135 739 AEgypto
3158 670 3388 725 celebris
3415 684 3616 724 nomen

2023 759 2249 815 imitans
2280 759 2631 831 oiliciumque
2661 771 2951 833 praestans,
2991 761 3186 817 Leonis
3219 763 3330 819 illic
3358 771 3618 817 exoratu-

2022 867 2120 908 rus
2148 853 2519 908 clementiam.
2559 853 2652 908 Ille
2691 870 2857 924 porro
2882 856 3023 908 haud
3056 870 3119 909 ex
3152 855 3365 911 honesti
3406 855 3618 909 ratione

2022 956 2178 1002 ratus
2221 947 2541 1019 religionem
2572 947 2679 1003 loci
2717 948 2923 1002 violare
2952 958 3046 1003 aut
3091 949 3143 1002 in
3180 965 3243 1003 eo
3276 949 3618 1020 supplicibus

2022 1055 2210 1095 necent
2268 1040 2496 1105 inferre,
2560 1041 2715 1095 illum
2766 1041 2985 1112 quidem
3039 1042 3091 1096 in
3143 1042 3377 1097 insulam
3428 1042 3617 1096 Platen

2023 1135 2277 1203 relegans
2309 1135 2584 1205 privatum
2614 1135 2730 1190 illic
2766 1151 2927 1206 agere
2953 1136 3142 1205 jussit,
3182 1137 3300 1190 auri
3339 1151 3616 1191 summam

2022 1225 2321 1293 quotannis
2367 1227 2423 1279 in
2457 1226 2578 1294 ejus
2612 1236 2867 1295 sumptus
2906 1227 3337 1281 suhministrans
3372 1244 3386 1293 ;
3436 1229 3525 1281 uhi
3562 1236 3618 1281 et

2023 1317 2274 1370 monachi
2303 1317 2411 1386 20
2434 1327 2715 1388 assumpto
2740 1319 2926 1373 habitu
2950 1330 3114 1389 atque
3135 1319 3417 1373 Athanasii
3444 1318 3618 1373 indito

2024 1408 2244 1461 nomine
2272 1408 2339 1461 ad
2373 1423 2545 1461 annos
2576 1410 2715 1463 duos
2739 1402 2912 1480 supra
2949 1410 3166 1478 triginta
3198 1410 3400 1463 vixisse
3422 1407 3613 1463 fertur.

2024 1493 2152 1548 Erat
2176 1510 2300 1549 cum
2320 1511 2384 1550 eo
2401 1504 2455 1551 ct
2486 1496 2797 1553 Eustratius
2819 1500 2939 1568 ejus
2967 1499 3129 1563 filius,
3160 1500 3249 1569 qui
3284 1500 3399 1569 ipse
3420 1498 3619 1555 Leonis

2020 1585 2175 1653 jussu
2202 1588 2469 1642 detonsus
2483 1604 2546 1642 ac
2562 1590 2809 1645 virilibus
2828 1591 3057 1646 orbatus
3077 1600 3179 1658 est,
3210 1594 3388 1646 aetatis
3413 1608 3620 1647 annum

2026 1680 2353 1749 vigesimum
2376 1697 2569 1752 agens.
2599 1683 2818 1738 Nicetas
2842 1699 3082 1755 quoque,
3109 1686 3201 1755 qui
3226 1687 3378 1755 prius
3405 1686 3621 1741 adoles-

2025 1787 2155 1827 cens
2188 1771 2535 1829 lcanatorum
2574 1774 2960 1845 praefecturam
2997 1787 3262 1846 gesserat,
3293 1778 3495 1848 quippe
3528 1779 3621 1848 qui

2024 1866 2127 1920 hoc
2177 1876 2363 1936 ageret
2422 1877 2482 1922 ut
2533 1869 2766 1924 militum
2823 1870 2992 1937 inque
3038 1870 3382 1927 subdialihus
3424 1873 3623 1928 sraliva

2024 1957 2343 2013 habentium
2378 1959 2617 2030 gratiam
2672 1960 2837 2015 iniret
2868 1962 3154 2032 multaque
3194 1977 3381 2016 rerum
3424 1964 3621 2031 peritia

2025 2050 2275 2120 polleret,
2312 2052 2427 2121 ipse
2456 2067 2679 2123 quoque
2726 2064 2857 2109 tunc
2886 2070 3041 2110 coma
3079 2055 3263 2124 posita
3293 2055 3487 2126 lgnatii
3518 2070 3621 2109 no-

2025 2159 2146 2198 men
2178 2145 2407 2214 accepit,
2449 2160 2789 2215 versansque
2825 2161 2950 2201 cum
2988 2156 3143 2216 patre
3169 2147 3423 2202 monachi
3454 2149 3619 2200 vitam

2024 2250 2132 2290 una
2158 2236 2415 2291 instituit.
2452 2237 2692 2292 Uxorem
2720 2252 2853 2293 vero
2882 2240 2951 2292 ab
2991 2239 3087 2293 illo
3114 2240 3428 2308 abjunctam
3459 2250 3625 2308 atque

2024 2328 2275 2385 avulsam
2326 2329 2380 2384 in
2435 2331 2828 2385 monasterium
2886 2332 3032 2400 quod
3095 2330 3379 2401 Procopiae
3428 2342 3625 2387 vocant

2027 2424 2329 2489 transtulit,
2361 2439 2678 2495 quanquam
2717 2423 2948 2481 Michael
2985 2427 3093 2480 hoc
3127 2428 3290 2480 enixe
3325 2428 3623 2480 amolientc

2023 2528 2089 2569 ac
2135 2512 2488 2584 deprecante.
2532 2516 2611 2569 Ac
2665 2515 2894 2571 Michael
2947 2516 3169 2585 quidem
3220 2517 3275 2570 in
3312 2517 3451 2571 vivis
3498 2531 3624 2569 esse

2026 2606 2191 2662 desiit
2238 2606 2530 2660 undecimo
2557 2606 2830 2671 Januarii,
2865 2607 3053 2661 mundi
3088 2622 3235 2662 anno
3258 2605 3421 2669 6032,
3455 2606 3625 2677 depo-

2026 2699 2243 2768 sitaque
2276 2697 2618 2752 mortalitate
2647 2698 2702 2752 in
2731 2698 2922 2753 eadem
2965 2700 3169 2761 insula,
3200 2699 3267 2753 ad
3294 2715 3461 2753 cornu
3492 2700 3626 2754 dex-

2028 2799 2174 2845 trum
2204 2790 2471 2856 ecclesiae,
2504 2790 2754 2860 sepultus
2790 2799 2893 2846 est.
2927 2791 3239 2847 Eustratius
3268 2807 3398 2846 vero
3428 2807 3552 2846 cum
3593 2809 3625 2847 a

2027 2894 2205 2938 morte
2229 2884 2399 2953 patris
2429 2898 2606 2937 annos
2627 2884 2873 2954 quinque
2892 2884 3142 2945 vixisset,
3175 2884 3401 2940 dormiit
3428 2893 3482 2939 et
3510 2885 3626 2954 ipse

2028 2975 2095 3030 ad
2149 2974 2681 3044 quintumdecimum
2723 2975 2928 3031 mensis
2958 2973 3244 3040 Januarii,
3281 2976 3410 3030 anni
3460 2976 3623 3041 6057,

335 3070 671 3142 Ἰανουάριου
697 3072 893 3142 μηνὸς,
925 3070 1080 3136 ἔτους
1113 3073 1270 3145 ιςτζλ
1298 3075 1355 3127 ἐν
1384 3075 1461 3143 τῷ
1488 3072 1755 3144 εὐωνύμῳ
1775 3074 1927 3145 μέρει

2037 3070 2091 3124 in
2123 3069 2345 3125 sinistra
2367 3068 2614 3123 ecclesiae
2636 3080 2790 3138 parte
2809 3068 3082 3124 conditus.
3104 3067 3345 3139 lgnatius
3367 3069 3623 3138 denique,

322 3171 419 3239 τῆς
448 3166 756 3240 ἐκκλησίας·
783 3166 989 3223 πεσών.
1042 3169 1104 3221 '0
1136 3169 1194 3221 δὲ
1235 3167 1494 3235 Ἰγνάτιος
1522 3168 1552 3218 6
1590 3170 1687 3231 καὶ
1722 3170 1924 3237 πρότεο

336 3276 428 3330 ρον
452 3260 700 3333 Νικήτας
739 3260 1107 3327 καλούμενος,
1151 3258 1255 3327 τῆς
1299 3259 1928 3321 Κωνσταντινουπόλεως

333 3353 587 3425 πρόεδρος
612 3350 757 3409 εἶναι
788 3353 995 3424 λαχὼν,
1026 3351 1243 3415 πολλοῖς
1275 3350 1508 3422 ὕστερον
1537 3350 1752 3422 χρόνοις
1777 3352 1837 3405 ἐν
1860 3354 1925 3423 τῇ

323 3449 458 3519 μονῇ
516 3446 839 3519 καλουμένῃ
860 3446 906 3478 ’⁵
963 3445 1247 3513 Σατύρου,
1292 3444 1362 3515 ἣν
1416 3443 1544 3515 ἄρτι
1590 3443 1658 3496 ἐκ
1710 3442 1929 3514 βάθρων

324 3538 653 3610 δειμάμενος
684 3539 897 3609 ἔτυχεν,
929 3537 989 3591 τὸ
1026 3538 1170 3607 ἱερὸν
1201 3535 1369 3591 αὐτοῦ
1403 3536 1566 3607 σῶμα
1595 3536 1926 3608 κατέθηκεν.

327 3630 471 3702 Αὕτη
514 3624 578 3685 δὲ
630 3632 665 3702 ἡ
719 3630 857 3702 μονὴ
907 3629 1005 3684 καὶ
1045 3628 1139 3683 τοῦ
1207 3628 1616 3693 Ἀνατέλλοντος
1668 3628 1931 3698 κέκληται

322 3728 513 3796 τρόπῳ
554 3724 772 3795 τοιῷδε.
818 3722 983 3776 Ἀλλὰ
1031 3722 1274 3793 Σάτυρος
1331 3722 1467 3793 μὲν,
1505 3722 1588 3775 ὅτι
1618 3721 1683 3774 ἐκ
1728 3720 1929 3791 μικροῦ

321 3819 710 3890 διαστήματος
750 3816 851 3887 τῆς
884 3813 1145 3886 τοιαύτης
1184 3816 1352 3888 μονῆς
1391 3816 1420 3869 6
1465 3815 1697 3878 παλαιὸς
1731 3813 1930 3883 ὀνομά-

322 3914 479 3980 ζεται
511 3914 796 3983 Σάτυρος,
823 3912 881 3965 ἐν
926 3904 970 3979 ᾧ
1012 3905 1082 3983 ἦν
1127 3911 1273 3981 ἱερὸν
1314 3910 1469 3980 παρὰ
1501 3910 1610 3963 τῶν
1664 3908 1932 3980 Ἐλλήνων

319 4006 691 4077 οἰκοδομηθὲν
731 4003 810 4075 τῷ
859 4002 1008 4074 αύτῷ
1047 4002 1279 4074 Σατύρῳ
1326 3996 1388 4056 οὗ
1433 4002 1557 4056 καθ’
1586 4002 1929 4071 ὁμωνυμίαν,

318 4100 410 4153 διὰ
437 4101 499 4153 τὺ
522 4099 760 4168 πλησίον
784 4094 925 4151 εἶναι
951 4097 1052 4165 τὴν
1075 4096 1377 4168 εἰρημένην
1396 4095 1588 4166 μονὴν,
1614 4094 1692 4165 τῴ
1708 4093 1935 4164 τοιούτῳ

320 4192 584 4245 καλεῖται
607 4190 859 4258 ὀνόματιο
881 4186 942 4251 ἐξ
962 4179 1134 4257 οὗπερ
1150 4188 1245 4239 καὶ
1266 4187 1294 4238 ὁ
1312 4183 1406 4238 τοῦ
1429 4184 1474 4216 ’⁸
1491 4182 1672 4254 Βρύου
1694 4182 1934 4235 παλάτια

323 4283 521 4347 κτίσας
550 4282 816 4351 Θεόφιλος
840 4279 1092 4352 βασιλεὺς
1116 4278 1212 4350 τὴν
1237 4276 1372 4348 ὓλην
1401 4276 1737 4346 ἀφελόμενος
1762 4272 1935 4328 ταῦτα

323 4378 610 4448 ἐδείματο.
665 4374 998 4428 Ἀνατέλλων
1048 4371 1106 4425 δέ
1140 4372 1206 4426 δι’
1246 4371 1429 4425 αἰτίαν
1455 4368 1711 4439 τοιαύτην
1735 4384 1749 4399 ο
1786 4370 1933 4422 Κυν-

324 4466 625 4538 ηγετοῦντί
656 4481 787 4519 ποτε
812 4461 1119 4535 Νικηφόρῳ
1151 4460 1229 4531 τῷ
1262 4460 1474 4530 βασιλεῖ
1520 4459 1578 4511 ἐν
1611 4451 1694 4521 οἷς
1734 4454 1937 4527 ἀρτίως

325 4562 480 4615 ἐστὶν
510 4562 547 4631 ἡ
582 4558 724 4629 μονὴ
758 4556 988 4628 μέρεσι,
1020 4553 1109 4607 διὰ
1138 4552 1202 4605 τὸ
1231 4551 1453 4618 ἀλσώδη
1486 4551 1581 4604 καὶ
1608 4548 1873 4602 δύσὸατον
1893 4546 1939 4579 ⁸⁷

328 4648 475 4705 εἶναι
493 4652 596 4704 καὶ
617 4648 757 4719 πρὸς
779 4646 953 4720 θήραν
976 4644 1131 4710 ζώων
1152 4640 1492 4711 ἐπιτηδείαν,
1518 4639 1602 4712 [Ρ.
1629 4637 1718 4711 14]
1738 4638 1937 4707 ἐλάφου

332 4743 611 4814 μεγίστης
653 4738 920 4809 φανείσης
957 4738 1052 4790 καὶ
1085 4731 1574 4804 καταδιωκομένης
1615 4730 1709 4783 καὶ
1738 4746 1939 4800 χειρω-

331 4837 527 4909 θείσ-ης
560 4838 618 4889 ἐν
649 4832 801 4905 αὐτῷ
830 4818 1094 4904 τῷντόπῳ
1127 4832 1185 4885 ἐν
1212 4824 1256 4900 ᾧ
1293 4827 1391 4883 νῦν
1428 4827 1491 4881 τὸ
1521 4827 1620 4898 τῆς
1653 4827 1823 4898 μονῆς
1849 4826 1943 4881 θυ-

336 4930 668 4998 σιαστήριον
707 4924 954 4994 ἵδρυται,
1013 4920 1214 4994 εὑρέθη
1265 4918 1519 4993 τράπεζα
1570 4917 1781 4972 παλαιὰ
1839 4916 1945 4971 ὑπὸ

334 5022 520 5086 κίονος
554 5016 943 5092 βασταξομένη
965 5057 979 5082 ,
1025 5016 1315 5086 γράφουσα
1344 5012 1548 5076 οὕτως’
1598 5009 1784 5066 Τοῦτό
1810 5009 1945 5064 ἐστι

336 5116 407 5168 τὸ
438 5111 886 5181 θυσιαστήριον
914 5108 1023 5163 τοῦ
1052 5103 1536 5178 ἀρχιστρατήγου
1565 5102 1810 5173 Μιχαὴλ
1838 5100 1946 5158 τοῦ

336 5208 799 5273 ἀνατέλλοντος
817 5246 833 5271 ,
889 5204 1037 5272 ὅπερ
1078 5201 1467 5270 ἐνεθρόνισεν
1518 5200 1552 5252 ό
1597 5198 1945 5263 ἀπόστολος

350 5300 665 5370 Ἀνδρέας.
702 5297 867 5352 Ἀλλὰ
907 5296 1085 5350 ταῦτα
1110 5295 1209 5365 μὲν
1236 5293 1299 5347 ού
1320 5295 1443 5346 τότε
1462 5332 1478 5359 ,
1500 5290 1695 5363 χρόνου
1721 5289 1779 5344 δέ
1804 5305 1947 5360 παρα

337 5394 671 5464 εληλυθότος
692 5389 889 5445 πολλοῦ
918 5388 1045 5443 ὕστε
1052 5404 1167 5460 ρον.

2029 3161 2123 3230 qui
2156 3171 2209 3216 et
2236 3160 2388 3230 prius
2419 3158 2638 3215 Nicetas
2661 3168 2889 3215 vocatus
2910 3169 3014 3225 est,
3047 3160 3306 3215 Ecclesiae
3326 3159 3628 3230 Cpolitana:

2030 3252 2231 3320 praesul
2286 3249 2535 3313 eﬂectus,
2580 3251 2772 3305 multis
2808 3259 2932 3319 post
2981 3253 3142 3304 annis
3183 3252 3237 3305 in
3288 3253 3627 3307 monasterio

2031 3342 2181 3411 quod
2213 3341 2643 3412 Satyri‘vocant,
2672 3340 2818 3410 quod
2845 3349 2902 3395 et
2928 3339 3047 3409 ipse
3080 3342 3245 3410 paulo
3271 3352 3398 3396 ante
3437 3358 3466 3395 a
3497 3343 3625 3396 fun-

2031 3436 2305 3490 damentis
2323 3434 2662 3501 condiderat,
2688 3449 2905 3489 sacrum
2930 3448 3131 3502 corpus
3157 3438 3317 3489 suum
3349 3435 3625 3505 deposuit.

2033 3526 2149 3584 Hoc
2204 3541 2374 3597 porro
2420 3528 2817 3583 monasterium
2855 3526 3021 3581 etiam
3052 3516 3291 3581 Orientis
3322 3542 3520 3582 nomen
3569 3527 3627 3583 in

2031 3639 2156 3680 eum
2180 3622 2404 3678 modum
2427 3621 2684 3677 sortitum
2716 3622 2819 3690 21
2837 3633 2941 3676 est.
2970 3621 3172 3676 Verum
3198 3618 3378 3691 Satyri
3404 3621 3626 3691 quidem

2034 3716 2137 3771 fuit
2169 3716 2523 3785 appellatum,
2545 3713 2693 3783 quod
2717 3712 2863 3767 haud
2894 3713 3081 3783 procul
3105 3712 3175 3767 ab
3203 3728 3268 3767 eo
3295 3714 3628 3768 monasterio

2033 3817 2194 3863 vetus
2216 3806 2446 3878 Satyrus
2468 3806 2767 3869 diceretur,
2782 3805 2877 3860 ubi
2900 3804 3219 3861 Graecanica
3239 3807 3631 3875 superstitione

2034 3900 2211 3955 eidem
2232 3897 2430 3966 Satyro
2454 3897 2642 3953 fanum
2665 3907 3007 3953 exstructum
3040 3907 3257 3961 erat,ex
3282 3900 3402 3968 ejus
3429 3899 3629 3954 vicinia

2036 3991 2153 4045 haec
2202 3990 2321 4060 ipsa
2364 3990 2658 4059 appellatio
2692 3990 3035 4045 monasterio
3066 3990 3300 4046 haeserat
3334 4008 3349 4056 ;
3400 4006 3466 4045 ex
3509 3991 3630 4060 ejus

2036 4097 2207 4154 porro
2246 4081 2423 4136 ruinis
2454 4081 2792 4151 Theophilus
2843 4082 3142 4153 imperator
3183 4082 3361 4137 ablata
3403 4085 3633 4139 materie

2039 4176 2220 4247 regias
2252 4175 2397 4230 mdes
2429 4176 2718 4241 exstruxit,
2750 4191 2886 4247 quas
2914 4186 3111 4231 vocant
3146 4175 3308 4247 Brya.
3342 4172 3414 4231 Ut
3447 4186 3628 4230 autem

2041 4266 2237 4325 Oriens
2265 4276 2576 4331 vocaretur,
2612 4267 2884 4334 ejusmodi
2918 4284 3084 4325 causa
3108 4269 3324 4324 accidit.
3364 4266 3634 4322 Veniente

2044 4361 2342 4432 aliquando
2389 4359 2702 4430 Nicephoro
2739 4360 3065 4428 imperatdre
3094 4361 3163 4415 ad
3200 4375 3293 4414 eas
3319 4368 3503 4428 partes
3539 4360 3632 4414 ubi

2044 4454 2154 4525 jam
2193 4453 2592 4510 monasterium
2624 4451 2903 4506 conditum
2944 4458 3050 4517 est,
3081 4465 3147 4504 eo
3170 4450 3316 4519 quod
3347 4451 3502 4505 locus
3532 4450 3636 4504 du-

2045 4562 2233 4604 mosus
2263 4556 2412 4603 esset
2432 4553 2489 4600 et
2514 4542 2815 4614 impervius
2842 4542 3289 4611 silvestriuinque
3312 4541 3635 4596 animalium

2041 4638 2325 4695 venationi
2373 4636 2643 4700 idoneus,
2705 4649 2831 4689 cum
2899 4632 3247 4703 apparuisset
3298 4635 3635 4704 praegrandis

2043 4746 2259 4798 cervus,
2290 4729 2613 4798 infestisque
2635 4726 2867 4783 canibus
2894 4740 2961 4780 eo
2985 4725 3106 4796 ipso
3136 4727 3256 4780 loco
3274 4726 3326 4780 in
3356 4741 3466 4796 quo
3490 4742 3637 4783 nunc

2045 4823 2365 4878 monasterii
2397 4820 2704 4876 sacrarium
2733 4829 2980 4874 erectum
3022 4825 3107 4873 est
3128 4827 3322 4888 captus
3351 4828 3517 4884 esset,
3552 4820 3640 4874 in-

2045 4925 2209 4973 venta
2258 4926 2343 4971 est
2388 4922 2547 4969 vetus
2596 4927 2785 4969 mensa
2811 4953 2827 4979 ,
2870 4927 3033 4983 quam
3066 4912 3319 4969 columna
3361 4912 3638 4977 fulciebat,

2048 5009 2221 5066 hocce
2245 5005 2403 5061 tituio
2433 5022 2446 5059 :
2485 5002 2602 5058 Hoc
2623 5014 2703 5059 est
2728 5005 2908 5059 altare
2936 5004 3214 5059 Michaelis
3250 5004 3473 5059 cmlestis
3493 5004 3647 5057 mili-

2047 5103 2137 5157 ιὶω
2159 5099 2442 5168 principis,
2468 5098 2607 5168 quod
2637 5097 2881 5152 Andreas
2913 5097 3183 5167 apostolus
3209 5096 3407 5166 posuit.
3434 5095 3639 5150 Verum

2049 5192 2165 5247 haec
2204 5204 2313 5246 non
2354 5199 2486 5245 tunc
2537 5198 2690 5261 gesta
2730 5198 2880 5255 sunt,
2923 5189 3019 5244 sed
3067 5188 3159 5242 ubi
3196 5196 3384 5257 postea
3415 5186 3643 5255 longum

2058 5297 2274 5358 tempus
2294 5286 2597 5343 etlluxerat.

1680 5542 1912 5599 nam:
1954 5534 2361 5610 LECTIQNES.

419 5704 464 5741 "
499 5664 790 5756 Cedrenns
829 5714 842 5751 :
872 5694 964 5747 τὸν
991 5693 1090 5762 τῆς
1113 5688 1378 5762 Θεοτόκου
1406 5686 1553 5762 ναόν.
1597 5686 1675 5762 ,⁸³
1697 5683 1927 5762 Qedrent

2029 5680 2292 5762 Ιριθτζην.-
2334 5677 2381 5709 ’³
2409 5676 2483 5762 δὴ.
2643 5672 2999 5762 {tandem}
3028 5675 3282 5734 videntur
3307 5674 3643 5732 redundare.

342 5744 860 5843 ωυτςῐ”ὖ’.”’ίὶίζρ
986 5744 1123 5835 μονῇ
1155 5762 1225 5831 τῇ
1250 5759 1346 5815 κ.⁵ί
1418 5758 1464 5791 ⁸⁸
1498 5758 1526 5811 ὁ
1554 5755 1622 5811 τὰ
1642 5756 1734 5810 τοῦ
1758 5756 1780 5810 ?
1807 5755 1880 5812 cf.
1911 5758 1927 5810 ί

2055 5744 2125 5827 ﬁ"
2157 5744 2403 5805 δύσϐατα
2436 5744 2485 5803 ct
2515 5744 2842 5818 ἐπιτίξδειαῇί
