4038 6214
405 278 475 339 35
1119 252 1125 257 ’
1509 260 2020 327 THEOPHANES
2049 248 2617 327 CONTINUATUS.
3625 265 3694 331 εδ

480 381 566 435 il.
594 378 816 433 lnterim
845 374 1151 432 revocanda
1177 374 1242 429 ad
1274 373 1583 428 institutum
1606 373 1786 428 oratio
1811 382 1916 439 est,
1936 386 2002 427 ac

2177 372 2267 427 ια’.
2307 370 2677 426 Ἐπανακτέον
2709 369 2766 424 δὲ
2794 367 2888 423 τὸν
2912 368 3089 439 λόγον,
3126 369 3223 425 καὶ
3251 368 3349 441 τὴν
3383 371 3559 427 αἰτίαν
3595 372 3693 447 ζη-

410 473 763 545 ἰυεειοιιιιυιη
797 471 928 541 quid
964 471 1112 525 velut
1137 484 1203 525 ex
1250 468 1504 522 condicto
1534 467 1726 521 ambos
1770 466 2000 520 induxe-

407 570 501 633 rit,
535 577 649 621 tum
680 580 874 635 nempe
908 563 1228 618 Michaelcm
1248 572 1308 615 ut
1335 562 1465 615 nihil
1496 559 1999 630 operae'asscrendo

409 660 511 716 sibi
549 659 781 727 imperio
814 657 1066 725 hostique
1101 654 1403 709 obuitendo
1442 653 1703 721 posuerit,
1739 666 1865 706 cum
1898 664 2000 704 nec

412 751 676 814 formicae,
706 760 766 803 ut
793 749 987 819 adagio
1015 746 1207 807 fertur,
1244 746 1325 799 ira
1358 745 1521 808 desit;
1548 752 1663 797 tum
1699 758 1829 797 vero
1862 741 2001 796 Leo-

413 859 535 897 nem
566 844 726 898 utsic
755 842 1012 896 audacter
1051 839 1184 894 illud
1217 836 1513 891 invaderet.
1545 835 1697 890 Hanc
1726 835 1872 890 enim
1901 851 2001 903 ego

414 934 756 989 verissimam
815 931 1163 999 disciplinam
1214 936 1267 981 et
1327 927 1394 981 ad
1446 927 1695 997 politieas
1754 928 2000 981 actiones

412 1026 861 1081 exercitationem
894 1022 1149 1085 dixerim,
1179 1020 1650 1075 evidentissimum
1688 1019 1766 1073 rei
1809 1019 2003 1087 cujus-

413 1136 518 1189 que
557 1134 801 1182 causam,
839 1131 1015 1185 neque
1046 1115 1185 1167 hanc
1230 1113 1433 1176 solum,
1482 1113 1575 1167 sed
1621 1127 1743 1182 quae
1788 1111 2003 1167 occulta

415 1216 507 1281 sit,
529 1220 864 1280 compertam
886 1208 1086 1262 habere
1112 1225 1126 1273 ;
1153 1223 1259 1276 qua
1282 1207 1389 1275 22
1420 1205 1511 1275 qui
1539 1214 1720 1260 careat
1744 1220 1809 1260 ac
1830 1205 2006 1258 nuda-

416 1318 504 1361 tus
524 1308 595 1361 sit
612 1304 965 1359 historiarum
1005 1301 1164 1365 liber,
1190 1300 1335 1353 haud
1357 1302 1474 1354 scio
1494 1315 1561 1352 an
1588 1297 1763 1367 [rugis
1796 1297 2003 1366 aliquid

416 1398 711 1452 lectoribus
750 1395 1020 1448 allaturus
1053 1392 1151 1447 sit.
1206 1390 1339 1444 Erat
1401 1391 1651 1445 Michaeli
1686 1390 2005 1459 imperatori

415 1489 592 1543 vicina
644 1486 892 1555 quit-dam
953 1483 1233 1537 ancillula.
1290 1481 1418 1536 llaac
1468 1462 2003 1551 cr-rtifquibusd'am

413 1590 723 1648 temporum
761 1576 1063 1630 intervallis
1102 1574 1291 1629 furore
1332 1584 1452 1628 acta
1501 1589 1566 1627 ac
1599 1574 1795 1642 spiritu
1828 1574 2004 1628 aﬂlata

414 1670 819 1727 vaticinabatur
868 1667 1165 1735 futuraque
1194 1665 1463 1720 edicebat.
1495 1664 1596 1718 Cui
1631 1665 1699 1719 ad
1733 1665 1887 1720 littus
1915 1666 2002 1719 cui

414 1765 709 1821 Bucoleoni
763 1777 962 1816 nomen
1023 1760 1221 1829 saepius
1270 1758 1529 1821 venienti,
1577 1758 1705 1813 inde
1750 1769 2005 1814 contenta
2038 1737 2080 1791 Β

418 1858 753 1914 inclamabat
772 1870 903 1909 voce
932 1873 944 1907 :
973 1853 1237 1907 Descende
1261 1852 1401 1917 inde,
1435 1852 1683 1917 Michael,
1709 1852 1963 1906 descende
1988 1869 2005 1917 ;

416 1970 478 2006 ac
505 1950 691 2005 alienis
718 1949 860 2013 cede,
895 1948 993 2002 has
1021 1947 1233 2002 scilicet
1265 1946 1318 1999 in
1347 1960 1472 1999 eum
1508 1960 1670 1999 voces
1698 1944 2006 1999 intendens.

416 2045 534 2099 Hoc
593 2043 667 2096 ita
726 2029 925 2109 saepius
981 2040 1289 2094 factitatum
1340 2037 1421 2092 sic
1469 2036 1786 2105 percrebuit
1812 2045 1872 2089 ut
1910 2051 2012 2090 nec

416 2143 611 2206 sponte
640 2138 838 2189 surdos
870 2133 1105 2201 unisque
1141 2132 1423 2186 studentes
1466 2130 1587 2183 vitae
1623 2128 1835 2183 deliciis
1870 2127 2013 2181 latu-

415 2230 542 2282 erit.
573 2227 711 2282 Sero
745 2242 876 2297 ergo
911 2226 1129 2279 tandem
1157 2223 1222 2277 ad
1262 2223 1408 2292 ipsas
1451 2220 1798 2290 imperatoris
1823 2233 2007 2283 aures,

416 2322 627 2377 sinistri
656 2320 861 2390 aliquid
890 2318 1132 2372 rumoris
1154 2316 1277 2386 ejus
1307 2315 1492 2369 animo
1521 2315 1796 2384 ingerens,
1826 2328 1889 2365 ea
1921 2326 2010 2368 res

418 2414 686 2485 pervenit.
736 2412 858 2466 Mox
895 2412 983 2466 ille
1018 2410 1239 2480 (lubens
1269 2408 1416 2463 enim
1446 2406 1683 2477 quisque
1712 2405 1880 2459 animi
1911 2405 2011 2459 do-

416 2503 589 2559 iorem
621 2501 813 2557 amicis
839 2498 1076 2569 detegit)
1112 2496 1400 2551 Theodoto
1423 2495 1650 2550 cuidam
1687 2493 2011 2557 Melisseno,

418 2601 786 2666 cognomento
803 2591 1112 2655 Cassiterae,
1138 2604 1250 2659 quo
1274 2605 1399 2644 vere
1418 2588 1596 2644 amico
1617 2588 1695 2641 uti
1718 2586 2014 2649 videretur,

417 2702 559 2757 quos
591 2685 735 2739 fama
760 2686 993 2754 jactaret
1030 2697 1316 2738 sermones
1349 2682 1747 2738 cummunicat.
1772 2679 1824 2735 is
1852 2694 2018 2750 porro

417 2776 697 2845 singulare
752 2775 882 2844 quid
929 2788 1165 2843 vereque
1221 2782 1398 2827 tutum
1457 2774 1829 2842 praestandum
1902 2785 2018 2826 mo-

422 2877 552 2937 net;
618 2882 837 2937 nempe,
872 2881 982 2934 quo
1046 2876 1297 2935 tempore.
1331 2864 1512 2934 puella
1537 2864 1723 2919 furore
1754 2863 2017 2933 corripie-

418 2971 531 3026 tur,
572 2958 757 3013 solerti
786 2973 854 3012 ex
889 2958 982 3012 illa
1017 2956 1275 3027 indagine
1320 2956 1714 3027 inquirendum
1760 2969 2014 3025 quamam

2100 466 2293 535 τητέον
2322 465 2423 535 τὴν
2453 463 2630 527 οὕτως
2670 464 2746 526 ὡς
2773 462 2832 528 ἐξ
2862 464 3125 534 όμολόγου
3157 463 3427 517 πείσασαν
3461 466 3697 535 ἀμφοτέ-

2104 564 2253 628 ρους,
2290 556 2383 609 τὸν
2414 556 2513 625 μὲν
2539 556 2761 627 Μιχαὴλ
2791 556 2915 627 μηδ’
2941 556 3077 619 ὅλως
3113 555 3255 626 ὑπὲρ
3289 557 3389 624 τῆς
3424 554 3695 627 βασιλείας

2102 652 2373 721 ἀντισχεῖν
2408 650 2626 720 (ἔνεστι
2655 650 2785 718 γὰρ,
2812 649 2888 713 ὡς
2917 651 2949 719 ἡ
2985 649 3275 719 παροιμία,
3313 651 3417 703 κάν
3448 649 3696 722 μύρμηκι

2103 745 2236 817 χολὴ
2258 748 2299 812 ),
2323 745 2415 798 τὸν
2446 745 2650 798 Λέοντα
2676 745 2733 797 δὲ
2760 743 3106 816 θαρρούντως
3128 742 3383 812 ἐπιϐῆναι
3413 744 3508 796 καὶ
3538 760 3700 797 κατα-

2102 838 2372 907 τολμῆσαι
2414 837 2605 907 αὐτῆς.
2656 836 2763 890 Καὶ
2792 837 2903 906 γὰρ
2935 835 3141 906 ταύτην
3175 835 3344 907 μόνην
3377 830 3597 906 εἴποιμι
3634 834 3701 888 ἂν

2105 928 2215 999 ἐγὼ
2257 925 2395 982 εῖναι
2440 929 2850 1000 ἁληθινωτάτην
2886 929 3135 983 παιδείαν
3165 945 3224 981 τε
3264 928 3360 982 καὶ
3391 926 3701 998 γυμνασίαν

2105 1023 2245 1093 πρὸς
2264 1025 2364 1083 τὰς
2384 1023 2674 1087 πολιτικὰς
2692 1023 2945 1094 πράξεις,
2968 1023 3069 1093 τὴν
3091 1021 3500 1091 ἐναργεστάτην
3521 1020 3700 1074 αἰτίαν
3738 1037 3753 1050 ο

2106 1116 2201 1169 καὶ
2227 1114 2287 1168 τὸ
2319 1114 2393 1183 μὴ
2420 1116 2583 1185 τήνδε
2614 1114 2753 1168 ἀλλὰ
2777 1114 2958 1185 τήνδε,
2980 1111 3503 1183 ὲπικεκαλυμμένην
3529 1127 3700 1165 κατα-

2108 1209 2312 1280 φορὰν,
2340 1206 2409 1282 ἦς
2440 1209 2591 1262 πᾶσα
2625 1206 2689 1276 δὴ
2728 1206 2909 1277 βίϐλος
2938 1206 3185 1277 ἱστορικὴ
3220 1203 3558 1275 στερουμένη
3605 1201 3701 1256 καὶ

2106 1302 2571 1373 ἀπογυμνουμένη
2601 1299 2701 1353 οὐκ
2730 1295 2827 1351 οἷδ’
2855 1298 2909 1351 εἴ
2925 1315 3047 1351 τινα
3075 1298 3264 1367 ὄνησιν
3291 1295 3564 1368 παράσχοι
3589 1297 3703 1357 τοῖς

2107 1396 2545 1466 ἐντυγχάνουσιν.
2591 1392 2839 1463 ’Υπῆρχε
2869 1390 2924 1444 δὲ
2958 1392 3003 1423 ’⁸
3036 1390 3259 1461 Μιχαὴλ
3300 1387 3701 1459 θεραπαινίδιόν

2106 1508 2159 1543 τι
2199 1489 2513 1557 πρόσοικον,
2546 1486 2574 1540 ὃ
2616 1487 2760 1540 κατὰ
2805 1502 2960 1547 τινας
3006 1481 3486 1553 ἐκϐακχευόμενόν
3517 1499 3577 1535 τε
3606 1481 3703 1535 καὶ

2108 1581 2504 1653 ὲνεργούμενον
2559 1579 2844 1650 περιόδους
2898 1576 3237 1646 ἀπεφοίϐαζέ
3296 1593 3353 1628 τε
3391 1574 3485 1629 καὶ
3535 1575 3705 1644 ἐμαν-

2106 1677 2318 1742 τεύετο,
2380 1678 2475 1728 καὶ
2531 1673 2669 1744 πρὸς
2731 1672 2809 1744 τῷ
2866 1669 2960 1724 τοῦ
3026 1670 3415 1732 Βουκολέοντος
3473 1665 3706 1737 αἰγιαλῴ

2108 1768 2483 1841 προσφοιτῶν,
2514 1765 2810 1833 Κατάόηθι
2836 1763 3089 1827 ἐκεῖθεν,
3122 1762 3433 1830 κατάϐηθι,
3467 1762 3707 1830 γεγωνό-

2109 1879 2291 1933 τερον,
2339 1855 2386 1914 ὧ
2433 1857 2701 1926 Μιχαὴλ,
2757 1856 3002 1919 ἐπεϐόα,
3056 1854 3155 1908 καὶ
3210 1852 3330 1907 τῶν
3375 1851 3709 1922 ἀλλοτρίων

2110 1954 2461 2023 ἀφίστασο,
2503 1948 2642 2018 πρὸς
2700 1947 2863 2001 αὐτὸν
2918 1947 2983 2015 δὴ
3036 1946 3226 1999 τοῦτον
3286 1943 3707 2019 ἀποῤῥιπτοῦσα

2113 2044 2318 2115 φωνάς.
2362 2044 2478 2096 Ούκ
2526 2039 2686 2095 ἔλαθε
2732 2039 2866 2107 γοῦν
2910 2039 3069 2093 τοῦτο
3117 2037 3377 2100 πολλάκις
3419 2038 3708 2106 γενόμενον

2111 2136 2234 2190 οὐδὲ
2262 2136 2389 2198 τοὺς
2424 2133 2787 2198 ὲθελοκωφεῖν
2819 2131 3106 2195 ἐθέλοντας
3135 2130 3231 2183 καὶ
3259 2130 3352 2183 τὸν
3385 2129 3499 2200 βίον
3534 2144 3712 2198 παρα-

2112 2227 2355 2297 πέμπειν
2386 2225 2742 2294 εύφρόσυνον,
2783 2221 2899 2274 ἀλλ’
2940 2222 3177 2289 ἔφθασεν
3206 2220 3306 2289 ὀψὲ
3336 2220 3467 2287 γοῦν
3506 2221 3587 2279 είς
3611 2216 3713 2281 τὰς

2115 2317 2403 2391 βασιλικὰς
2429 2317 2600 2380 ἀκοὰς
2626 2355 2640 2378 ,
2674 2313 2840 2386 θροῦν
2866 2314 2961 2366 καὶ
2991 2312 3184 2366 λαλιάν
3215 2330 3336 2364 τινα
3360 2313 3461 2364 οὐκ
3491 2310 3711 2363 εὔελπιν

2114 2410 2402 2482 ἐμποιοῦν.
2460 2408 2567 2461 Καὶ
2616 2406 2675 2470 ὃς
2729 2405 2918 2476 (φιλεῖ
2969 2404 3077 2475 γὰρ
3123 2404 3357 2465 ἕκαστος
3392 2402 3452 2455 τὸ
3505 2398 3711 2453 λυποῦν

2114 2503 2489 2578 ὲκπομπεύειν
2512 2504 2627 2567 τοῖς
2648 2501 2802 2570 φιλου
2814 2497 3038 2571 μένοις)
3068 2496 3312 2566 Θεοδότῳ
3334 2493 3445 2547 τινὶ
3472 2489 3549 2562 τῷ
3567 2490 3713 2545 κατὰ

2115 2602 2207 2657 τὸν
2259 2598 2605 2667 Μελισσηνὸν
2653 2595 2866 2665 γνησίῳ
2911 2590 3189 2656 δοκοῦντι,
3247 2583 3291 2657 ᾧ
3340 2586 3634 2657 ἐπώνυμον
3684 2587 3713 2637 ό

2118 2692 2486 2764 Κασσιτερᾶς,
2542 2690 2611 2743 τὰ
2653 2690 2761 2742 τῶν
2802 2688 2978 2757 λόγων
3023 2682 3403 2746 ἀνεκοινοῦτο,
3449 2682 3541 2735 καί
3590 2694 3714 2734 τινα

2120 2786 2315 2857 βουλὴν
2348 2781 2672 2849 ὲξανύεσθαι
2723 2778 3124 2850 ὲσυμϐούλευεν
3169 2776 3356 2829 αἰσίαν
3404 2774 3573 2836 δντως
3619 2774 3714 2825 καὶ

2116 2876 2358 2947 ἀσφαλῆ.
2398 2875 2462 2929 'H
2492 2873 2549 2926 δὲ
2578 2868 2645 2944 ἦν
2673 2870 2766 2925 τοῦ
2795 2870 2939 2925 κατὰ
2963 2868 3056 2923 τὸν
3090 2866 3281 2938 καιρὸν
3312 2865 3403 2919 ὅτε
3434 2863 3498 2934 δὴ
3527 2860 3716 2931 φοιϐό-

2116 2969 2324 3038 ληπτον
2365 2965 2591 3036 γένηται
2628 2962 2691 3015 τὸ
2722 2961 3012 3033 κοράσιον,
3060 2956 3490 3029 ἀκριὸολογῆσαι
3528 2951 3716 3023 τρόπῳ

418 3051 592 3106 futuri
642 3050 991 3121 imperatoris
1041 3049 1245 3104 familia
1294 3063 1610 3118 nomenque
1660 3063 1727 3103 ac
1761 3047 2014 3117 corporis

2119 3060 2288 3113 παντὶ
2314 3058 2396 3121 τίς
2419 3074 2478 3111 τε
2503 3054 2590 3127 εἴη
2619 3054 2767 3108 οἰκία
2799 3051 2894 3106 τοῦ
2930 3049 3368 3121 βασιλεύσοντος,
3402 3046 3496 3101 καὶ
3523 3043 3718 3113 κλῆσιν

420 3148 594 3218 ﬁgura
646 3147 739 3200 sit.
797 3143 1012 3199 Placuit
1047 3142 1347 3199 consilium
1388 3158 1404 3208 ;
1462 3139 1771 3208 mulierque
1812 3139 2013 3208 spiritu

418 3239 721 3311 Pythonico
743 3237 920 3292 alllata
953 3235 1098 3290 nulla
1123 3248 1278 3288 mora
1304 3232 1387 3287 sic
1418 3229 1759 3301 percantanti
1790 3244 2016 3299 respon-

420 3332 511 3388 det
537 3349 550 3386 :
584 3330 717 3385 Cum
746 3330 815 3383 ad
834 3344 1034 3391 arcem,
1061 3326 1262 3395 inquit,
1286 3324 1387 3378 tali
1414 3333 1646 3392 tempore
1664 3324 1886 3388 veneris,
1908 3322 2015 3376 duo

419 3424 641 3497 quidam
665 3421 956 3492 ingressuri
983 3426 1107 3474 sunt
1132 3433 1152 3472 :
1187 3418 1344 3470 unius
1374 3431 1563 3470 nomen
1597 3413 1722 3479 Leo,
1753 3416 1841 3484 qui
1872 3414 2016 3467 mulo

422 3518 662 3581 vehatur,
708 3514 931 3567 alterius
962 3510 1076 3564 alia
1118 3510 1443 3578 nuncupatio
1474 3525 1494 3563 :
1543 3510 1588 3564 is
1628 3525 1788 3578 porro
1817 3518 1895 3562 est
1925 3510 2015 3572 qui

422 3606 643 3676 imperio
674 3604 926 3672 potietur.
955 3599 1080 3655 Haec
1106 3601 1290 3670 itaque
1307 3600 1767 3656 sceleratissimus
1792 3601 1899 3671 23
1927 3601 2017 3655 ille

426 3696 743 3768 imperatori
773 3695 995 3749 audisse
1017 3692 1226 3763 dejorat
1262 3709 1277 3746 :
1323 3708 1426 3748 nec
1454 3708 1640 3747 rerum
1669 3709 1797 3764 quae
1844 3705 2014 3763 gestae

416 3798 581 3843 erant
602 3787 902 3858 quidquam
932 3786 1197 3856 loquitur,
1217 3784 1313 3840 sed
1344 3799 1542 3856 nugas,
1562 3800 1628 3840 ac
1650 3786 1852 3855 quibus
1879 3786 2016 3840 nihil

426 3880 633 3936 inesset.
669 3879 811 3945 sani,
843 3878 1092 3933 mulieris
1122 3892 1407 3933 sermones
1436 3885 1618 3932 vorat.
1648 3876 1807 3932 Haud
1838 3878 2017 3932 cnim-

424 3988 555 4027 vero
598 3973 717 4041 ipse
764 3984 1039 4040 nugarum
1081 3969 1203 4025 loco
1249 3969 1441 4024 habuit
1486 3977 1583 4023 aut
1629 3978 1836 4024 temere
1862 3968 2015 4025 fusas

425 4080 590 4120 voces
620 4062 976 4118 existimavit.
1001 4063 1130 4117 Abit
1154 4062 1299 4118 enim
1331 4061 1540 4127 statim,
1571 4077 1638 4117 ac
1663 4063 1805 4118 sicut
1832 4064 2019 4120 audie-

426 4168 514 4213 rat
557 4157 613 4211 in
648 4155 714 4209 ι).
765 4155 922 4211 Pauli
971 4155 1201 4211 delubro
1234 4154 1461 4225 pupillis
1506 4156 1719 4213 alendis
1744 4158 2017 4217 destinato

424 4250 606 4305 virum
638 4248 941 4315 oll‘endens,
971 4248 1285 4319 collataque
1322 4260 1579 4306 sermone
1598 4266 1664 4306 ac
1703 4252 1831 4307 data
1859 4267 2017 4309 acce-

426 4356 627 4415 ptaque
677 4344 804 4410 tide,
849 4343 1105 4413 bonoque
1149 4350 1206 4397 et
1239 4342 1427 4398 ﬁdenti
1477 4345 1663 4400 animo
1696 4360 1818 4402 esse
1862 4346 2018 4401 illum

422 4436 643 4507 jubens,
661 4436 902 4491 divinam
927 4436 1032 4491 sibi
1049 4436 1106 4490 in
1127 4444 1341 4492 secreto
1360 4436 1629 4493 detectam
1654 4452 1841 4493 vocem
1861 4440 2021 4506 dixit,

425 4544 549 4601 quae
578 4529 729 4584 illum
759 4529 1148 4599 imperatorem
1176 4528 1295 4584 fore
1316 4530 1465 4586 clare
1493 4530 1867 4587 denuntiaret.
1892 4532 2021 4589 Haec

425 4636 557 4691 ergo
586 4622 854 4678 secretius
888 4630 943 4677 et
965 4621 1037 4677 ad
1078 4638 1267 4677 aurem
1301 4622 1468 4690 dicta,
1502 4623 1761 4694 velutque
1789 4626 2018 4682 secundi

427 4714 642 4769 colores
691 4716 710 4785 (
747 4716 826 4770 uti
857 4715 970 4771 fere
1016 4715 1071 4770 in
1105 4715 1315 4785 pictura
1350 4716 1454 4787 lit)
1502 4717 1777 4787 prioribus
1808 4719 2020 4777 umbris

430 4801 624 4871 majori
672 4806 1025 4872 expressioue
1064 4806 1262 4875 adiecti
1294 4807 1386 4878 (iis
1421 4808 1631 4879 scilicet
1658 4824 1782 4879 qua
1827 4809 2018 4865 Philo-

432 4893 580 4948 melii
607 4894 911 4949 monachus
941 4895 1176 4963 primum
1213 4898 1546 4957 vaticinatus
1576 4900 1760 4972 erat),
1791 4900 1873 4956 sic
1902 4901 2019 4956 alii-

428 4986 583 5045 ciunt
633 4994 693 5040 ut
739 5000 852 5039 non
909 4985 1059 5040 inani
1097 4986 1212 5055 jam
1250 4990 1434 5058 specie
1474 4992 1714 5062 exilique
1784 4993 2023 5062 quadam

428 5076 915 5150 repraesentatione
937 5092 1003 5131 ac
1032 5078 1331 5135 simulacro
1350 5082 1645 5151 imperium
1674 5084 1900 5153 videret,
1931 5085 2027 5141 sed

431 5169 636 5225 nudum
673 5185 736 5224 ac
761 5169 910 5225 velut
937 5169 1087 5226 clare
1119 5183 1187 5224 eo
1211 5171 1422 5240 potitus
1447 5182 1615 5229 esset.
1651 5176 1726 5230 Ea
1748 5175 1919 5246 igitur
1940 5192 2028 5231 res

429 5274 599 5328 prope
646 5271 958 5317 emortuam
1006 5275 1071 5317 ac
1102 5261 1248 5317 velut
1280 5262 1631 5332 elanguidam
1667 5266 1869 5324 Leonis
1914 5269 2028 5339 spei

429 5353 707 5407 ﬂammam
746 5356 901 5409 novis
930 5355 1224 5411 ardoribus
1258 5358 1530 5423 accendit,
1576 5360 1795 5431 altaque
1818 5362 2031 5418 maesti-

433 5445 645 5501 tudinis
666 5446 867 5517 abysso
882 5446 1204 5504 llicbaelem
1226 5448 1440 5515 mersit,
1459 5458 1624 5520 atque
1641 5451 1786 5509 illius
1807 5455 2027 5524 quidem

429 5540 601 5596 animi
644 5541 814 5597 robur
846 5543 1041 5607 erexit,
1077 5542 1241 5613 hujus
1283 5557 1415 5599 vero
1444 5546 1686 5615 graviter
1720 5550 2023 5604 concussit.

2120 3154 2314 3223 ἥντινα
2344 3149 2525 3219 φέρει,
2553 3147 2648 3200 καὶ
2675 3146 2860 3207 ὁποῖος
2880 3142 3075 3196 τούτου
3107 3141 3135 3193 ό
3160 3140 3469 3209 χαρακτήρ.
3513 3136 3720 3191 Ἐδόκει

2121 3245 2299 3299 ταῦτα
2328 3244 2527 3307 ποιεῖν,
2553 3240 2650 3294 καλ⁸
2684 3239 2718 3309 ἡ
2752 3234 3122 3306 ἐνεργουμένη
3157 3231 3432 3303 πνεύματι
3466 3230 3721 3295 Πύθωνος

2121 3338 2276 3391 οὐδὲν
2313 3332 2747 3405 ύποστειλαμένη
2771 3373 2785 3398 ,
2816 3330 2978 3385 Κατὰ
3008 3326 3124 3397 τὴν
3169 3326 3526 3395 ἀκρόπολιν,
3563 3327 3719 3395 φησκ,

2123 3429 2425 3500 γενομένῳ
2468 3439 2572 3481 σοι
2622 3424 2775 3478 κατὰ
2814 3423 2924 3477 τὸν
2956 3422 3127 3476 δεῖνα
3168 3419 3378 3488 καιρὸν
3421 3418 3531 3472 δύο
3560 3416 3724 3482 τινὲς

2122 3520 2423 3586 ἂνθρωποι
2466 3516 2946 3570 εἰσελεύσονται·
2975 3510 3145 3566 Λέων
3170 3508 3360 3578 ὄνομα
3387 3505 3470 3572 τῷ
3496 3506 3586 3560 ἐνὶ
3616 3504 3723 3558 ἑπ-

2122 3611 2433 3683 οχουμένφ
2456 3609 2708 3679 ἡμιόνῳ.
2734 3603 2961 3673 θατέρῳ
2987 3602 3056 3656 δὲ
3076 3601 3303 3672 ἕτερον’
3322 3593 3502 3665 οὗτος
3524 3595 3593 3651 δὲ
3612 3594 3723 3665 τῆς

2118 3704 2452 3772 βασιλείας
2486 3697 3043 3770 κατευμοιρήσειεν.
3080 3695 3270 3750 Ταῦτα
3296 3692 3427 3762 γοῦν
3462 3692 3666 3754 ἐκεῖνος
3694 3690 3724 3743 ό

2123 3797 2386 3869 θεομισὴς
2417 3794 2559 3866 ἀνὴρ
2594 3792 2888 3864 ἐξόμνυταί
2941 3808 3001 3844 τε
3034 3788 3172 3861 πρὸς
3211 3786 3303 3842 τὸν
3350 3783 3578 3857 βασιλέα
3628 3782 3724 3835 καὶ

2122 3892 2273 3960 λέγει
2307 3889 2423 3942 τῶν
2467 3884 2784 3957 γενομένων
2824 3882 3001 3947 οὐδὲν,
3037 3882 3206 3951 λῆρον
3253 3876 3313 3931 δὲ
3359 3877 3489 3940 τοὺς
3532 3874 3725 3944 λόγους

2123 3982 2391 4037 ἀποκαλεῖ
2414 3980 2511 4036 καὶ
2543 3978 2712 4052 μηδὲν
2745 3976 2966 4048 ἔχοντας
2995 3973 3168 4043 ὑγιές.
3219 3970 3361 4025 Ἀλλ’
3390 3969 3493 4024 οὐκ
3531 3967 3725 4037 ἐκείνῳ

2125 4074 2345 4147 λῆροιῆ
2393 4072 2589 4145 ἔμετος
2623 4070 2828 4133 ἀλλως’
2883 4067 3071 4121 ἄπεισι
3118 4065 3227 4136 γὰρ
3262 4063 3460 4130 εὐθὺς,
3496 4060 3591 4116 καὶ
3632 4059 3722 4113 τὸν

2127 4169 2295 4240 ἄνδρα
2318 4166 2405 4240 [Ρ.
2428 4163 2518 4238 15]
2544 4164 2621 4227 ὡς
2641 4160 2896 4233 ἀκηκόει,
2923 4155 3252 4213 καταλαδὼν
3276 4158 3335 4210 ὲν
3353 4155 3434 4223 τῷ
3457 4148 3553 4209 τοῦ
3578 4153 3724 4208 θείου

2125 4262 2344 4315 Παύλου
2385 4256 2537 4330 σηκῷ
2576 4255 2651 4327 τῷ
2697 4253 2975 4326 ὀρφανοὺς
3013 4252 3241 4323 τρέφειν
3278 4249 3543 4321 λαχόντι,
3595 4262 3724 4301 συν·-

2126 4353 2383 4425 ιδριόισας
2409 4353 2507 4404 καὶ
2526 4348 2845 4419 ὁμολογίαις
2869 4344 3309 4416 κατεμπεδώσας
3334 4342 3427 4395 καὶ
3442 4338 3725 4409 ὀχυρώσας

2058 4448 2103 4505 D
2130 4446 2227 4499 καὶ
2252 4442 2480 4515 θαρρεῖν
2507 4441 2600 4494 καὶ
2628 4439 2842 4510 χαίρειν
2874 4435 3447 4510 παρακελευσάμενος,
3479 4431 3543 4482 ὲκ
3572 4427 3725 4492 θείας

2131 4540 2319 4613 φωνῆς
2343 4541 2528 4610 ἔλεγεν
2550 4538 2867 4610 διδαχθῆναί
2893 4554 2959 4608 με
2982 4536 3312 4607 ἀποῤῥήτως
3340 4532 3410 4585 τὰ
3438 4528 3728 4601 μέλλοντα,

2126 4635 2227 4706 τήν
2252 4652 2313 4688 σε
2343 4632 2571 4704 βασιλέα
2601 4630 2939 4702 διαπρυσίως
2962 4627 3362 4699 κηρύττουσαν.
3386 4621 3576 4677 Ταῦτα
3598 4618 3731 4690 γοῦν

2128 4721 2546 4793 ύπολαληθέντα
2577 4722 2672 4775 καὶ
2701 4718 2814 4774 οἷον
2853 4717 3084 4789 δεύτερά
3114 4732 3235 4769 τινα
3266 4713 3537 4785 χρώματα
3566 4710 3643 4771 ὡς
3674 4709 3732 4761 ἐν

2128 4814 2426 4886 ζωγραφίᾳ
2486 4815 2611 4877 ταῖς
2681 4810 2984 4883 προτέραις
3053 4804 3492 4877 ὲμμορφωθέντα
3547 4803 3732 4864 σκιαῖς

2130 4905 2371 4975 (ὲκείνας
2409 4903 2555 4973 λέγω
2586 4902 2811 4975 πρώτας
2841 4902 2938 4963 τὰς
2963 4900 3010 4933 ”
3041 4898 3147 4952 ὑπὸ
3180 4897 3275 4951 τοῦ
3320 4894 3462 4948 κατά
3491 4892 3551 4944 τὺ
3578 4890 3733 4944 Φιλο-

2136 4998 2331 5070 μήλιον
2364 4995 2604 5068 μοναχοῦ
2650 4992 3053 5065 ἐκφανθείσας)
3080 4991 3265 5046 οὐκέτι
3301 4991 3359 5041 ιν
3404 4985 3609 5057 εἰδώλῳ
3640 4986 3738 5039 καὶ

2132 5087 2373 5157 ὲμφάσει
2404 5086 2512 5139 τινὶ
2545 5088 2765 5156 ἐμποιεῖ
2792 5085 2894 5156 τὴν
2938 5080 3219 5155 βασιλείαν
3247 5080 3403 5150 όρᾷν,
3437 5075 3654 5148 γυμνὴν
3679 5075 3737 5127 δὲ

2134 5180 2230 5234 καὶ
2275 5176 2387 5233 οἷον
2420 5180 2477 5233 ὲν
2510 5179 2739 5233 ἐκϐάσει
2790 5176 2998 5247 σαφῶς.
3045 5173 3220 5227 Τοῦτο
3260 5171 3355 5225 οὖν
3400 5171 3501 5239 τήν
3543 5184 3601 5220 τε
3632 5165 3737 5237 ἤδη

2134 5271 2605 5345 κατῃθαλωμένην
2626 5271 2721 5324 τοῦ
2748 5271 2976 5333 Λέοντος
2995 5267 3095 5323 καὶ
3118 5260 3229 5320 οἷον
3246 5259 3738 5335 ἀπομαρανθεῖσαν

2140 5366 2316 5436 φλόγα
2359 5369 2460 5435 τῆς
2509 5364 2725 5427 ἐλπίδος
2769 5361 3150 5432 ὑποτύφεσθαι
3201 5358 3465 5425 ἐποίησεν
3511 5352 3606 5407 καὶ
3647 5348 3741 5404 τὸν

2138 5458 2362 5529 Μιχαὴλ
2388 5458 2446 5511 ὲν
2472 5456 2696 5526 ἀϐύσσῳ
2718 5455 2959 5526 ἀθυμίας
2981 5453 3281 5509 καταδῦναι
3310 5448 3503 5517 πολλῇ,
3527 5439 3740 5498 καὶτοῦ

2143 5553 2241 5621 μὲν
2270 5552 2371 5621 τῆς
2398 5550 2578 5623 ψυχῆς
2606 5549 2818 5622 πύργον
2845 5548 3171 5620 ἀνέστησεν,
3198 5544 3294 5599 τοῦ
3334 5543 3392 5596 δὲ
3421 5535 3744 5609 ὲγκατέσει-

1723 5644 1804 5698 νΑ
1819 5644 1956 5700 ΙὶΙᾸΞ
1991 5644 2397 5703 ιΕοτιοΝΕδ.

502 5727 546 5759 ει
581 5725 657 5801 δὲ]
692 5726 747 5781 δὲ
774 5724 893 5797 sq)?
998 5728 1040 5759 ιν
1070 5726 1165 5791 τὰς
1200 5743 1312 5783 om.
1353 5730 1417 5783 Ρ.
