4038 6214
290 290 350 355 37
1436 236 1609 336 .LIB.
1654 275 1702 334 Ι.
1748 296 1807 306 -—
1840 274 1885 333 L

2013 272 2438 340 A'RMENIUS.
3508 291 3579 355 38

296 424 384 461 etv.
411 401 480 455 Οὐ
512 397 680 451 τοῦτο
706 393 768 450 δὲ
795 370 963 464 μόνον
982 390 1045 444 τὸ
1072 389 1319 459 γύναιον,
1350 387 1489 442 ἀλλὰ
1513 388 1577 458 δὴ
1603 390 1632 441 ὁ
1653 403 1877 440 πιστευ-

1994 392 2102 448 Nec
2134 390 2313 445 solum
2350 391 2693 460 muliercula,
2731 396 2824 451 sed
2870 404 2923 451 et
2961 399 3052 468 qui
3086 399 3243 455 ﬁdem
3270 403 3571 467 meruerat,

296 498 391 559 θεὶς
416 494 517 548 καὶ
540 486 902 557 ὶξαπατήσας
937 484 1016 554 τῷ
1044 483 1158 536 ὄντι
1188 480 1561 549 Κασσιτερᾶς.
1607 479 1749 532 Ἀλλ’
1784 476 1881 531 αὒ-

304 589 380 649 θις
406 586 500 640 {sit
527 583 621 654 τὴν
646 579 894 651 ἱστορίαν
927 576 1091 630 ἰτέον.

390 679 472 741 Ὦς
495 677 535 729 δ’
560 671 647 729 οὖν
673 674 776 744 τὴν
789 669 1174 739 αὐτοκράτορα
1190 665 1413 735 εἴληφεν
1437 666 1466 718 ό
1493 662 1651 717 Λέων
1677 661 1878 733 ἀρχὴν,

330 766 611 839 semesa;
635 761 878 833 δημοσία
909 758 1055 812 κατὰ
1105 757 1198 810 τὸν
1242 754 1460 809 Ἰούλιον
1486 754 1636 824 μῆνα
1681 753 1781 823 τῆς
1827 750 1883 815 ς’

340 858 635 921 ῐνὸικτιῶνος,
659 852 887 924 Μιχαὴλ
919 849 1021 920 μὲν
1051 847 1146 900 τὸν
1172 846 1273 918 τὴν
1324 844 1573 913 γλῶτταν
1621 845 1883 913 ὑποσυρί⁸

339 954 450 1016 ζοντα
468 951 527 1019 τῇ
554 948 671 1001 τῶν
699 944 1012 1015 πατρικίων
1047 939 1430 1012 ὲγκαταλέγει,
1453 941 1612 1009 τιμῇ,
1646 937 1740 991 τὸν
1771 938 1882 991 υἱὸν

330 1041 446 1101 αότοΰ
474 1041 748 1114 πρότερον
779 1040 845 1091 ὲκ
878 1036 973 1090 τοῦ
1024 1034 1172 1089 θείου
1206 1031 1435 1103 λουτροῦ
1488 1030 1883 1101 υἱοποιησάμε-

322 1155 396 1201 νος,
421 1133 630 1206 Θωμᾶν
656 1133 715 1187 δὲ
748 1132 839 1185 τὸν
866 1127 1065 1184 ἑαυτοῦ
1093 1125 1461 1215 διαφερόντως
1502 1123 1741 1195 ὁμήλικα
1784 1122 1883 1176 καὶ

308 1228 673 1297 ουμπαίστορα
720 1224 829 1278 τῶν
881 1220 1220 1290 φοιδεράτων
1266 1216 1624 1289 τουρμάρχην
1682 1216 1883 1285 ἐγκαθ-

305 1323 423 1391 ιττᾷ.
460 1320 574 1373 Καὶ
602 1316 862 1387 Μανουὴλ
896 1316 953 1369 δὲ
1016 1314 1107 1368 τὸν
1163 1312 1388 1382 Μιχαὴλ.
1422 1310 1883 1382 πρωτοστράτορα

300 1414 597 1484 πατρικίοις
628 1409 1005 1478 ἐγκαταλέξας
1036 1407 1130 1459 καὶ
1171 1404 1478 1475 στρατηγὸν
1506 1404 1746 1474 τιμήσας
1774 1404 1882 1456 τῶν

306 1503 624 1574 Ἀρμενίων,
659 1505 782 1556 Οὐκ
812 1500 933 1555 ἔδει
963 1514 1060 1563 σε,
1091 1498 1218 1566 ἔφη,
1251 1496 1401 1566 πρὸς
1433 1498 1537 1551 τὸν
1570 1498 1699 1549 κατ’
1732 1496 1880 1564 ἐμοῦ

294 1595 637 1654 ὁπλίζεσθαι
695 1593 988 1660 πόλεμον,
1041 1588 1396 1656 σύμϐουλον
1433 1587 1540 1641 τοῦ
1568 1587 1882 1653 βασιλέως

288 1689 379 1743 καὶ
412 1688 531 1755 τῆς
562 1686 913 1755 Προκοπιας
968 1683 1316 1753 γενόμενον.
1366 1680 1479 1733 Καὶ
1499 1680 1557 1743 ὃς
1598 1679 1662 1733 εὖ
1723 1679 1880 1750 μάλι-

290 1799 386 1836 στα
416 1779 960 1854 παρρησιαζόμενος,
1007 1773 1328 1830 Ἁλλόὺδέ
1360 1774 1436 1827 σὲ
1465 1773 1612 1838 ἔδει,
1635 1774 1879 1843 άντέφη-

284 1891 395 1939 σευ,
436 1876 593 1929 κατὰ
628 1874 736 1928 τοῦ
761 1869 1100 1940 εὐεργέτου,
1154 1868 1242 1921 ἔτι
1276 1866 1345 1919 δὲ
1382 1866 1482 1921 καὶ
1542 1868 1884 1922 συντέκνου

282 1986 423 2029 σου,
449 1967 624 2035 χεῖρα
646 1963 925 2031 ἀντᾶραι.
948 1964 1077 2016 Τότε
1111 1961 1209 2031 μὲν
1228 1958 1323 2013 οὖν
1346 1960 1557 2024 τούτοις
1579 1978 1712 2014 κατε
1723 1960 1879 2029 σιγά-

281 2062 413 2129 σθη,
446 2062 551 2131 τὴν
574 2059 673 2112 τοῦ
710 2057 901 2128 ἀνδρὸς
928 2054 1185 2117 αἰδεσθεὶς
1220 2055 1445 2125 ἀρετήν.

367 2152 468 2219 ιγ’.
510 2152 606 2211 Ὠς
636 2151 696 2202 δὲ
726 2149 821 2201 τον
842 2147 949 2199 τῶν
972 2146 1283 2215 Βουλγάρων
1314 2144 1551 2217 ἄρχοντα
1587 2145 1654 2213 τῇ
1686 2160 1884 2213 προτε-

290 2245 439 2315 ραίᾳ.
492 2245 620 2315 νίκῃ
672 2238 1197 2311 φρονηματιζόμενον
1226 2238 1542 2308 διακήκοεν,
1598 2240 1693 2290 καὶ
1726 2232 1885 2294 αὖθις

277 2335 531 2409 δῃοῦντα
567 2332 673 2403 μὲν
704 2333 800 2400 τήν
841 2330 1051 2399 γείτονα
1082 2332 1203 2401 γῆν,
1245 2330 1503 2402 κείρονται
1544 2330 1601 2383 δὲ
1631 2331 1725 2383 καὶ
1753 2328 1882 2398 λεη-

275 2428 555 2483 λατοῦντα
590 2427 718 2490 τοὺς
748 2426 952 2495 ἀγροὺς
986 2426 1079 2477 καί
1104 2425 1273 2478 πολλὰ
1300 2424 1397 2495 μὲν
1425 2423 1675 2493 σώματα,
1712 2422 1883 2477 πολλὰ

271 2520 329 2571 δὲ
354 2517 699 2588 βοσκήματα
764 2514 1217 2583 καθαρπάζοντα,
1270 2516 1516 2585 οἰκήσεις
1542 2513 1586 2568 δ’
1612 2513 1883 2584 ἑτέρωθεν

274 2606 763 2677 κατεμπιπρῶντα
797 2608 895 2660 καὶ
944 2608 1078 2669 ὅλως
1127 2607 1259 2660 ὄντα
1305 2607 1609 2678 ἀφόρητον,
1663 2606 1884 2675 πρῶτον

276 2702 374 2768 μὲν
403 2702 526 2754 δεῖν
552 2698 713 2770 ᾠήθη
746 2700 835 2752 διὰ
866 2699 1165 2770 πρεσῦείας
1196 2699 1421 2770 εἰρήνης
1439 2699 1752 2768 ἀναμνῆσαι
1783 2698 1884 2750 αύ-

274 2793 385 2854 τδν,
414 2793 498 2852 ὡς
530 2792 575 2844 δ’
601 2791 706 2844 οὐκ
740 2790 980 2853 ἔπεισεν,
1018 2791 1087 2844 τὰ
1117 2794 1227 2844 τῶν
1281 2790 1478 2861 τειχῶν
1518 2790 1885 2863 διερῤυηκότα

276 2884 338 2937 δι’
372 2882 583 2938 ἑαυτοῦ
614 2883 1188 2953 ἀνοικοδομησάμενος
1218 2884 1495 2954 ἐξεϐοήθει
1522 2884 1612 2937 διὰ
1648 2884 1882 2955 ταχέων,

280 2978 373 3030 καὶ
402 2978 711 3047 γενόμενος
743 2977 804 3029 ὲν
834 2978 1174 3048 Μεσημϐρίᾳ
1207 2980 1276 3049 τῇ
1313 2978 1467 3031 πόλει
1493 2977 1725 3049 τοιούτῳ
1769 2976 1880 3031 τινὶ

1982 486 2287 541 Cassiteras
2311 523 2325 546 ,
2357 501 2423 539 ac
2452 500 2579 541 vere
2605 488 2908 559 deceperat.
2946 491 3142 547 Verum
3174 495 3370 551 iterum
3414 498 3574 553 nobis

1983 576 2312 635 resumenda
2347 579 2679 633 narrationis
2719 582 2889 636 series
2927 593 3027 637 est.

2054 668 2141 721 t2.
2177 668 2377 722 lterum
2413 670 2594 739 itaque
2627 687 2899 728 summam
2930 676 3156 741 adeptus
3199 677 3307 732 Leo
3354 694 3419 734 ac
3456 680 3563 735 im-

1986 766 2208 826 perator
2232 758 2449 825 publice
2483 761 2840 827 acclamatus,
2874 780 3059 821 mense
3080 767 3244 828 .lulio.
3270 770 3573 829 indictione

1986 861 2164 916 sexta,
2197 850 2521 904 Michaelem
2561 852 2786 908 Balbum
2820 858 3048 924 patricia
3080 870 3240 928 auget
3264 862 3569 931 dignitate;

1983 941 2147 1009 cujus
2179 944 2344 996 etiam
2371 944 2524 1012 prius
2553 960 2583 999 e
2617 962 2775 1000 sacro
2804 946 2955 1003 fonte
2989 951 3158 1005 filium
3192 954 3572 1023 adoptaverat.

1984 1034 2095 1106 24
2125 1034 2390 1090 Thomam
2419 1046 2624 1102 autem,
2654 1041 3004 1108 singulariter
3036 1055 3371 1102 coaetaneum
3410 1065 3571 1105 suum

1983 1143 2047 1181 ac
2091 1143 2217 1181 cum
2251 1144 2361 1198 quo
2392 1129 2611 1198 juvenis
2645 1131 2827 1187 fuerat
2868 1136 3149 1197 educatus.
3182 1138 3573 1197 fmderatorum

1982 1218 2266 1273 tribunum
2324 1222 2626 1277 constituit.
2684 1224 2987 1281 Manuelem
3022 1244 3242 1299 quoque
3287 1232 3578 1289 Michaelis

1984 1323 2433 1381 protostratorem
2485 1317 2731 1385 patriciis
2786 1320 3007 1389 adlegit,
3075 1319 3580 1396 Armeniorumque

1984 1407 2124 1460 duce
2152 1407 2480 1472 constituto,
2518 1408 2641 1463 Non
2673 1420 2721 1464 te
2770 1412 3009 1481 decebat,
3046 1416 3243 1483 inquit,
3286 1419 3569 1472 adversum

1987 1512 2067 1550 me
2090 1514 2242 1550 arma
2277 1515 2483 1553 sumere
2527 1517 2589 1554 ac
2621 1503 2932 1571 imperatori
2982 1519 3031 1559 et
3082 1507 3359 1577 Procopite
3394 1511 3575 1564 consi-

1984 1587 2116 1642 lium
2148 1590 2403 1655 prwbere.
2434 1594 2514 1645 Ad
2549 1611 2713 1662 quem
2750 1598 2838 1651 ille
2862 1613 3076 1652 summa
3112 1616 3241 1655 usus
3274 1602 3526 1657 libertate
3553 1621 3567 1656 :

1984 1680 2056 1732 At
2114 1697 2280 1751 neque
2313 1693 2383 1749 te,
2415 1683 2614 1754 inquit,
2667 1688 2882 1741 decebat
2926 1692 3178 1744 adversus
3240 1709 3359 1746 eum
3399 1713 3429 1747 a
3470 1713 3572 1765 quo

1990 1774 2241 1844 beneﬁcio
2275 1777 2496 1845 a/I'ecms
2531 1795 2669 1833 esses
2694 1822 2707 1845 ,
2770 1783 2838 1833 ad
2876 1783 2988 1835 lucc
3041 1800 3159 1837 vero
3217 1786 3308 1856 qui
3360 1796 3410 1840 et
3451 1798 3575 1842 tuus

1988 1878 2255 1934 compater
2278 1872 2570 1935 exsisteret,
2623 1888 2838 1926 mmmm
2889 1873 3081 1930 levare.
3140 1875 3295 1932 Tunc
3352 1880 3575 1948 quidem

1988 1960 2096 2016 Leo
2154 1962 2244 2017 his
2271 1964 2475 2019 auditis
2517 1966 2812 2032 obmutuit,
2848 1969 2946 2022 viri
2990 1970 3255 2025 reveritus
3288 1972 3571 2029 virtutem.

2056 2141 2143 2196 l3.
2168 2139 2270 2195 Ubi
2291 2150 2474 2196 autem
2495 2142 2855 2213 Bulgarorum
2878 2147 3180 2217 principem
3205 2151 3475 2219 superiori
3490 2152 3574 2206 vi-

1986 2230 2159 2283 ctoria
2198 2230 2405 2284 elatum
2445 2232 2798 2303 majoresque
2838 2236 3068 2304 spiritus
3116 2238 3409 2294 ducentem
3441 2241 3576 2294 vici-

1985 2337 2112 2375 nam
2175 2338 2370 2378 rursus
2418 2323 2629 2378 audivit
2681 2336 2900 2383 vastare
2950 2330 3234 2400 regionem
3298 2341 3354 2386 et
3406 2348 3572 2401 agros

1984 2412 2261 2467 demetere
2310 2429 2377 2468 ac
2407 2415 2655 2484 populari
2709 2417 3052 2488 munitamque
3113 2428 3228 2474 tum
3287 2421 3573 2477 hominum

1988 2513 2101 2559 tum
2138 2520 2398 2574 pecorum
2457 2508 2696 2575 praedam
2750 2525 2934 2576 agere,
2965 2511 3271 2579 domosque
3312 2523 3574 2582 praeterea

1986 2596 2303 2665 incendere,
2334 2614 2399 2654 ac
2427 2600 2658 2655 omnino
2693 2602 3095 2657 intolerabilem
3156 2618 3300 2667 esse,
3338 2605 3574 2673 primum

1985 2689 2208 2759 quidem
2239 2704 2420 2758 operae
2449 2690 2687 2759 pretium
2724 2690 2883 2746 duxit
2913 2693 3088 2748 missa
3114 2694 3387 2763 legatione
3414 2694 3576 2752 oﬂlcii

1984 2796 2052 2835 ac
2086 2781 2238 2850 pacis
2269 2782 2585 2836 admonere.
2622 2782 2726 2838 Ubi
2774 2793 2957 2839 autem
3012 2786 3149 2841 nihil
3195 2787 3411 2841 barbari
3464 2788 3580 2845 iras

1986 2876 2218 2942 inﬂexit,
2257 2876 2442 2932 diruta
2484 2879 2748 2933 mtenium
2798 2894 2965 2949 opera
3022 2895 3121 2936 sua
3157 2883 3453 2954 studioque
3487 2882 3579 2937 in.

1986 2980 2262 3033 staurans,
2301 2971 2453 3025 urbis
2495 2986 2585 3026 res
2613 2971 2764 3027 brevi
2803 2973 2855 3027 in
2887 2983 3005 3029 tuto
3042 2978 3226 3042 posuit
3259 2992 3273 3040 ;
3319 2976 3577 3031 veniens-

280 3069 613 3139 διεχρήσατο
655 3071 1103 3138 στρατηγήματι.
1168 3070 1412 3141 Ἡμέρας
1466 3070 1655 3135 ἱκανὰς
1686 3071 1743 3122 ἔν
1774 3087 1883 3123 τινι

1994 3074 2097 3128 que
2144 3059 2525 3116 Mesembriam
2567 3072 2956 3134 strategemate
3004 3066 3279 3135 ejusmodi
3318 3069 3573 3125 hostibus

288 3158 376 3231 [Ρ.
398 3160 662 3232 161τόπῳ
681 3159 1075 3230 ὲπιταφρὼσας
1105 3161 1297 3213 ἑαυτόν
1317 3178 1376 3213 τε
1407 3162 1503 3215 καὶ
1534 3163 1625 3215 τὸν
1658 3161 1888 3231 στρατὸν

303 3250 593 3312 ἐκαθέζετο
612 3250 869 3303 ὶκάστοτε
899 3249 1247 3319 σιτιζόμενος
1295 3251 1405 3303 ἀπὸ
1456 3251 1558 3320 τῆς
1614 3252 1891 3321 ἡμετέρας

302 3342 392 3394 καὶ
406 3340 726 3411 λειπόμενος
744 3341 855 3395 τῶν
875 3341 1217 3410 ἀναγκαίων,
1231 3340 1369 3395 ἀλλὰ
1391 3341 1639 3412 καὶπρὸς
1656 3340 1888 3411 τρυφὴν,

290 3435 527 3497 οὐδενός.
560 3436 719 3488 Ἐπὶ
744 3435 803 3487 δὲ
818 3435 945 3497 τοὺς
973 3434 1422 3504 παρακειμένους
1446 3433 1541 3486 καὶ
1574 3435 1693 3486 κατ’
1723 3433 1890 3486 αὐτοῦ

295 3527 789 3599 καθωπλισμένους
822 3528 1167 3599 Βουλγάρους
1200 3530 1260 3581 ὲν
1310 3527 1590 3597 στενότητι
1621 3521 1762 3579 εἶναι
1783 3526 1892 3579 τῶν

302 3620 610 3687 ἀναγκαίων
646 3621 890 3689 ἀκήκοεν
928 3660 942 3682 ,
978 3619 1076 3673 τοῦ
1138 3620 1236 3689 μὲν
1275 3613 1336 3673 οὗ
1388 3619 1658 3689 ἐφήδρευε
1724 3619 1891 3671 τόπου

295 3714 505 3785 νύκτωρ
532 3715 800 3767 ἀπάνεισι
829 3713 973 3784 μετὰ
1011 3710 1361 3783 στρατιωτῶν
1383 3710 1586 3764 ἱκανῶν
1610 3710 1703 3764 καὶ
1732 3710 1893 3781 ῥώμῃ

292 3824 345 3859 τε
368 3808 466 3860 καὶ
497 3805 784 3878 καρτερίᾳ
804 3806 1294 3875 γεγυμνασμένων,
1349 3803 1430 3857 ἐνὶ
1466 3802 1614 3873 μόνῳ
1641 3803 1742 3872 τὴν
1767 3804 1893 3855 ἑαυ-

287 3898 375 3953 τοῦ
449 3898 917 3971 παραγυμνῶσας
975 3897 1224 3968 γνώμην,
1255 3895 1353 3950 καὶ
1411 3894 1548 3966 πρὸς
1602 3893 1759 3963 λόχον
1801 3891 1893 3944 ἐπί

288 4009 421 4057 τινος
454 3991 668 4065 βουνοῦ
696 3992 885 4061 χωρεῖ,
914 3988 1167 4060 σύνθημα
1195 3988 1293 4042 τοῦ
1336 3986 1575 4057 πολέμου
1605 3987 1700 4039 καί
1744 3984 1894 4054 ὥραν

284 4084 473 4140 εἰπών.
524 4086 621 4148 Ὠς
670 4083 718 4136 δ’
755 4083 937 4153 ήμέρα
989 4082 1272 4152 ἀνέλαμπε
1318 4079 1415 4134 καὶ
1453 4080 1483 4132 ό
1516 4077 1821 4151 στρατηγὸς
1850 4077 1894 4105 ³⁰

287 4179 603 4249 ὲῖυμνοῦτο
620 4176 725 4230 τοῦ
769 4174 1170 4245 βασιλεύοντος,
1226 4175 1373 4243 φυγῇ
1424 4170 1734 4243 χρήσασθαι
1768 4167 1895 4221 τοῦ-

290 4285 386 4332 cm,
430 4272 535 4325 τὸν
597 4267 831 4341 βασιλέα
879 4266 1145 4338 δηλονότι,
1199 4267 1402 4328 πάντες
1447 4261 1892 4335 καθωμολόγουν,

292 4361 389 4415 τῶν
420 4359 758 4430 γεγονότων
809 4358 1013 4421 εἰδότες
1055 4358 1229 4411 οὐδέν.
1280 4356 1447 4410 Ὅθεν
1478 4352 1895 4425 ἀναθαρρήσαν-

1993 3152 2183 3205 illusit.
2214 3152 2339 3207 Dies
2362 3169 2474 3208 non
2504 3171 2710 3223 paucos
2732 3158 2933 3214 castris
2960 3160 3159 3227 positis
3188 3160 3412 3231 altoque
3432 3162 3579 3219 vallo

1982 3243 2180 3308 ducto,
2216 3253 2381 3313 atque
2412 3260 2610 3314 aggere
2668 3264 2805 3316 pene
2856 3250 3114 3307 defossus
3182 3269 3310 3309 cum
3374 3256 3572 3326 copiis,

1993 3335 2278 3402 substitit,
2336 3351 2588 3393 annonas
2626 3340 2881 3408 ‘quotidie
2925 3357 2990 3396 ex
3050 3342 3301 3400 Romano
3355 3348 3472 3401 solo
3519 3349 3573 3402 in

1995 3438 2248 3499 promptu
2279 3431 2508 3497 habens,
2540 3449 2665 3488 cum
2701 3451 2877 3506 neque
2908 3437 2976 3491 ad
3008 3436 3240 3493 delicias
3276 3439 3384 3494 ullo
3423 3455 3579 3495 com-

1992 3535 2177 3578 meatu
2205 3523 2554 3581 deﬁceretur.
2602 3525 2706 3582 Ubi
2739 3536 2922 3583 autem
2980 3530 3287 3586 assidentes
3317 3530 3581 3603 Bulgaros

1993 3618 2276 3685 armisque
2308 3617 2367 3672 in
2413 3633 2541 3673 eum
2602 3619 2906 3675 instructos
2958 3632 3303 3679 commeatus
3352 3626 3581 3693 penuria

1994 3707 2249 3765 laborare
2303 3711 2533 3776 audivit,
2586 3720 2751 3768 noctu
2812 3714 3102 3770 discedens
3153 3731 3184 3770 e
3234 3716 3355 3772 loco
3386 3716 3439 3770 in
3473 3732 3582 3786 quo

1994 3801 2367 3867 consederat,
2417 3802 2563 3857 haud
2619 3804 2928 3872 spernenda
2993 3805 3234 3860 militum
3296 3816 3583 3875 assumpta

1995 3905 2186 3955 manu,
2217 3892 2326 3962 25
2359 3893 2609 3948 virorum
2638 3896 2853 3951 scilicet
2898 3897 3124 3953 fortium
3156 3907 3213 3953 et
3241 3898 3337 3969 qui
3375 3899 3581 3954 laboris

1996 3984 2266 4051 patientes
2306 3996 2512 4055 essent,
2546 4005 2671 4043 cum
2713 4006 2826 4045 uno
2860 3991 3133 4045 duntaxat
3174 3992 3583 4047 communicato

1995 4076 2255 4134 consilio.
2288 4077 2585 4133 insidiandi
2635 4096 2802 4136 causa
2870 4084 2925 4136 in
2988 4093 3228 4139 montem
3284 4084 3580 4153 quemdam

1996 4172 2302 4225 contendit.
2325 4170 2428 4227 Uhi
2452 4184 2636 4229 autem
2668 4178 2864 4232 diluxit
2896 4194 2999 4234 nec
3035 4180 3088 4235 in
3122 4180 3320 4235 castris
3347 4178 3582 4248 impera-

1998 4272 2089 4317 tor
2120 4272 2372 4332 repertus
2405 4275 2510 4329 est,
2545 4266 2751 4337 fugisse
2800 4285 2925 4324 eum
2956 4272 3141 4325 cuncti
3176 4270 3581 4333 existimarunt,

1996 4354 2144 4424 quod
2204 4354 2467 4410 nimirum
2524 4356 2645 4426 ejus
2693 4357 3052 4415 discessionis
3110 4360 3405 4415 consilium
3456 4357 3585 4411 uni-

279 4470 366 4519 τες
397 4457 452 4509 οἱ
489 4454 742 4508 ἐναντίοι
763 4451 947 4521 μένειν
976 4450 1062 4518 ἐφ’
1096 4449 1307 4503 ἑαυτῶν
1330 4450 1438 4503 οὐδ’
1451 4450 1588 4514 ὅλως
1617 4446 1889 4512 ἐδύναντο,

2007 4466 2194 4506 versos
2225 4451 2433 4507 lateret.
2467 4450 2608 4505 Hinc
2654 4452 2840 4506 hostes
2871 4454 3171 4521 assumptis
3217 4452 3386 4507 armis
3418 4452 3591 4522 impe-

279 4547 425 4601 ἀλλὰ
462 4551 573 4601 καὶ
602 4544 1065 4611 κατεξανίσταντο
1104 4542 1201 4594 καὶ⁵
1254 4541 1349 4594 ἐπὶ
1386 4544 1575 4611 χεῖρας
1621 4541 1791 4613 ᾤοντο
1838 4541 1899 4593 τὸ

284 4641 635 4710 στράτευμα
679 4637 848 4707 ἔχειν.
885 4635 1101 4699 Νυκτὸς
1143 4633 1237 4688 οὖν
1282 4634 1673 4703 ἐπιγενομένης
1715 4635 1900 4686 κάτει-

287 4747 384 4782 σιν
410 4734 481 4783 ὲκ
508 4730 607 4784 τοῦ
636 4732 801 4801 λόχου
823 4732 853 4782 ὁ
892 4730 1045 4783 Λέων
1075 4726 1508 4799 ἀπροσδοκήτοις
1535 4721 1655 4779 οὖσι
1686 4727 1896 4789 κακῶν,

274 4824 390 4876 καὶ
454 4824 744 4893 συμμίξας
800 4823 985 4885 αὐτοῖς
1034 4820 1294 4890 ἀνδράσιν
1330 4820 1510 4873 ὅπλων
1540 4822 1767 4890 γυμνοῖς
1806 4821 1901 4872 καὶ

270 4917 713 4987 διαλελυμένως
739 4915 896 4986 ὕπνῳ
918 4932 975 4968 τε
1007 4914 1105 4968 καὶ
1136 4914 1333 4984 θάρρει
1366 4912 1467 4983 τῆς
1505 4911 1598 4966 τοῦ
1631 4911 1897 4982 βασιλέως

268 5012 479 5082 φυγῆς
533 5009 798 5065 τοσοῦτον
852 5007 1213 5079 ἐνειργάσατο
1267 5006 1310 5036 ⁸¹
1368 5004 1570 5075 φθόρον
1602 5006 1695 5059 καὶ
1746 5004 1907 5074 φόνον

271 5101 579 5156 πάντοθεν
616 5098 964 5170 ἐκχυθέντων
995 5097 1101 5150 τῶν
1144 5095 1436 5165 Ῥωμαίων
1495 5095 1635 5147 κατὰ
1686 5094 1747 5147 τὸ
1779 5094 1907 5148 σύν-

272 5194 589 5265 θημαίόκ
644 5192 921 5262 πανδημεὶ
981 5191 1210 5262 αίρῆσαι
1259 5189 1319 5241 τὸ
1377 5185 1738 5257 στρατόπεδον
1811 5188 1907 5241 καὶ

270 5288 441 5357 μηδὲ
492 5284 807 5356 πυρφόρον,
870 5284 931 5336 τὸ
977 5283 1044 5354 δή
1069 5282 1385 5352 λεγόμενον,
1436 5278 1793 5349 διασωθῆναι.
1828 5279 1903 5332 Οὐ

268 5384 404 5455 μὴν
444 5381 599 5436 ἀλλὰ
623 5382 721 5433 καί
754 5380 934 5432 πᾶσαν
971 5377 1190 5449 ήλίκίαν
1222 5379 1286 5428 ἐκ
1324 5373 1676 5446 καταδρομῆς
1710 5390 1769 5427 τε
1809 5374 1904 5426 καὶ

268 5474 602 5547 πρανομῖκ
640 5472 992 5542 ἀνάρπαστον
1054 5469 1188 5533 θεὶς,
1228 5466 1323 5521 καὶ
1373 5467 1440 5519 τὰ
1487 5466 1653 5519 τέκνα
1699 5464 1905 5519 τούτων

266 5572 425 5632 ταῖς
476 5568 718 5633 πέτραις
772 5564 865 5616 καὶ
918 5566 985 5631 τῇ
1020 5565 1089 5632 γῇ
1143 5558 1522 5631 προσκροτῶν,
1580 5556 1678 5627 τὴν
1710 5557 1904 5611 ἑαυτοῦ

2005 4553 2118 4599 tum
2156 4555 2343 4600 tenere
2369 4561 2481 4600 non
2517 4554 2770 4614 poterant
2803 4553 2899 4598 aut
2940 4546 3054 4599 ullo
3088 4546 3251 4598 modo
3284 4546 3403 4599 suis
3429 4559 3488 4599 se
3520 4543 3587 4598 ﬁ—

2005 4638 2167 4692 nibus
2192 4640 2495 4703 continere,
2522 4639 2618 4693 sed
2651 4650 2705 4691 et
2728 4640 3085 4708 aggressione
3126 4640 3266 4693 facta
3304 4640 3358 4693 in
3393 4653 3589 4694 manus

2007 4743 2067 4782 se
2104 4730 2410 4783 exercitum
2451 4729 2654 4783 habere
2689 4729 2951 4798 nulloque
2988 4730 3207 4799 negotio
3231 4730 3351 4800 ejus
3373 4732 3586 4801 potitu—

2008 4835 2103 4875 ros
2150 4822 2435 4888 putabant,
2468 4838 2593 4876 cum
2646 4837 2775 4877 ecce
2806 4822 2917 4877 Leo
2963 4837 3062 4893 per
3110 4825 3285 4879 noctis
3314 4826 3534 4881 silentia
3558 4840 3591 4880 e

2008 4923 2192 4968 monte
2227 4914 2569 4969 descendens
2599 4914 2654 4969 in
2690 4915 2877 4971 hostes
2904 4916 3043 4971 nihil
3071 4918 3198 4971 mali
3232 4919 3593 4975 subverentes

2006 5005 2189 5069 irruit,
2226 5004 2639 5075 inermibusque
2686 5021 2751 5060 ac
2790 5023 2987 5062 somno
3021 5008 3220 5065 solutis
3264 5022 3591 5076 congressus

2006 5114 2104 5168 per
2139 5098 2512 5153 existimatam
2559 5099 2705 5153 illam
2765 5100 3117 5167 imperatoris
3168 5100 3350 5167 fugam
3380 5108 3590 5152 tantam

2006 5188 2227 5245 illorum
2276 5190 2427 5246 dedit
2454 5200 2718 5261 stragem,
2750 5191 3014 5247 Romanis
3047 5205 3113 5245 ex
3145 5190 3397 5243 condicto
3427 5189 3593 5244 undi-

2009 5278 2117 5351 que
2176 5284 2591 5355 ingruentibus,
2650 5296 2710 5340 ut
2760 5282 3306 5341 eorumrexercitum
3365 5297 3591 5337 omnem

2007 5375 2377 5447 proﬂigaverit
2409 5392 2475 5433 ac
2497 5393 2566 5432 ne
2599 5377 2797 5447 ignifer
2825 5376 3071 5446 quidem,
3106 5382 3168 5428 ut
3199 5374 3371 5438 aiunt,
3398 5387 3594 5444 sospes

2007 5470 2266 5526 evaserit.
2300 5467 2408 5526 Sed
2448 5479 2503 5525 et
2530 5470 2850 5525 incursione
2879 5467 3021 5523 facta
3054 5467 3333 5538 regionem
3367 5480 3593 5520 omnem

2011 5563 2359 5634 depraedatus
2405 5565 2639 5636 puberes
2686 5562 2909 5634 quidem
2945 5576 3135 5619 omnes
3168 5562 3291 5616 inde
3340 5558 3596 5625 abduxit,

1639 5648 1871 5709 νΑιιιΑς
1922 5656 2329 5714 LECTIONES.

400 5755 458 5787 "
490 5755 742 5817 στοατός.
784 5768 970 5815 [ποι-κο
1006 5752 1256 5807 Combef.
1334 5752 1371 5782 "
1407 5751 1796 5815 ὲνειργάσαντο
1819 5752 1878 5809 Ρ.
