4038 6214
464 296 537 358 39
1576 254 2084 347 TllEOPiiANES
2118 284 2678 348 communes.
3693 290 3760 351 to

463 405 714 477 parvulis
740 413 934 459 autem
974 402 1039 456 ad
1072 416 1202 458 saxa
1243 416 1307 456 ac
1355 401 1587 455 humum
1642 400 1817 455 allisis
1857 399 2057 453 Roma-

2190 399 2469 453 εατέλαϐεν
2509 401 2568 453 ἐν
2600 399 2779 469 τάχει.
2821 397 2984 451 Ὅθεν
3033 396 3221 450 ἔκτοτε
3266 396 3473 460 ἐκεῖνος
3522 398 3552 450 ὁ
3577 397 3768 468 βουνὸς

469 516 596 555 nam
629 515 754 554 mox
784 498 1047 552 ditionem
1072 494 1309 564 repetiit.
1332 492 1463 546 Eam
1482 492 1555 547 ob
1586 508 1700 547 rem
1734 508 1796 546 ex
1824 505 1890 544 eo
1924 500 2063 545 tem-

467 607 599 662 pore
637 590 836 645 Leonis
859 589 1018 644 collis
1069 587 1118 641 ei
1154 586 1283 639 colli
1333 600 1533 640 nomen
1566 584 1798 638 inditum
1829 591 1947 649 est;
2002 597 2066 637 ac

468 683 562 751 qui
598 681 724 735 illac
752 681 855 735 iter
886 679 1091 733 habent
1115 675 1358 746 Bulgari,
1387 685 1553 745 caput
1577 682 1859 729 moventes
1882 673 2063 729 locum

470 775 647 847 digito
684 773 1009 833 ostendunt,
1036 786 1138 825 nec
1169 769 1472 840 quidquam
1506 774 1747 836 accepta:
1781 770 1911 821 tunc
1953 765 2066 821 cla-

470 867 554 923 dis
584 864 907 921 memoriam
940 862 1286 919 oblitterant.

548 962 635 1015 14.
650 958 805 1013 Felix
831 972 960 1026 ergo
987 957 1076 1010 ille
1100 967 1390 1011 successus
1417 952 1739 1007 ferociorem
1786 953 2067 1022 longeque

475 1052 832 1109 audaciorem
868 1048 1145 1103 hominem
1180 1044 1438 1111 reddidit,
1468 1044 1637 1115 inque
1670 1060 1791 1099 eam
1820 1043 2066 1099 crudeli-

477 1154 640 1198 tatem
677 1144 731 1196 in
760 1156 866 1211 qua
896 1140 1073 1194 fuerat
1095 1136 1363 1192 educatus
1394 1136 1632 1205 impulit.
1659 1133 1819 1189 Nulla
1840 1135 1918 1189 illi
1947 1150 2068 1188 ma-

471 1235 617 1305 joris
646 1232 944 1287 minorisve
971 1229 1194 1284 sceleris
1210 1226 1495 1284 distinctio
1522 1242 1538 1281 :
1564 1227 1658 1283 sed
1679 1228 1726 1282 si
1745 1227 1871 1297 quis
1900 1227 2068 1281 ullius

478 1328 703 1384 sceleris
738 1341 863 1381 reus
914 1325 1025 1395 26
1080 1332 1380 1389 teneretur,
1440 1337 1550 1377 una
1585 1323 1718 1391 ierat
1769 1320 2067 1385 sententia,

478 1436 588 1475 una
632 1418 791 1482 ultio,
823 1416 1073 1486 cujusvis
1122 1415 1425 1470 necessarii
1477 1414 1708 1469 membri
1764 1413 2069 1483 amputatio

477 1511 645 1580 inque
712 1508 960 1563 omnium
1020 1506 1201 1563 oculis
1261 1505 1479 1575 publica
1557 1503 1823 1575 amputati
1889 1517 2070 1556 mem-

480 1604 563 1656 bri
606 1601 921 1670 suspensio.
980 1596 1108 1652 llaze
1162 1596 1243 1651 sic
1302 1596 1422 1651 dira
1478 1610 1603 1649 cum
1662 1594 1717 1647 in
1752 1608 1948 1648 omnes
1979 1591 2071 1646 ille

482 1694 826 1763 designaret,
862 1704 1030 1764 grave
1065 1690 1118 1743 in
1160 1704 1219 1744 se
1251 1688 1438 1743 odium
1472 1686 1720 1740 omnium
1748 1684 2066 1740 concitavit.

481 1787 621 1842 Cum
679 1786 823 1840 enim
879 1784 1117 1838 nativam
1172 1781 1323 1834 illam
1373 1779 1491 1834 dire
1520 1777 1777 1833 elTrenem
1812 1778 2073 1847 nulloque

486 1876 657 1932 modo
686 1875 1011 1944 castigatam
1044 1882 1141 1926 aut
1189 1873 1254 1925 ad
1308 1871 1591 1925 lenitatem
1621 1885 1685 1924 ac
1723 1869 2071 1924 clementiam

483 1976 800 2038 vergentem
828 1964 1112 2021 feritatem
1147 1964 1375 2025 coleret,
1409 1972 1916 2032 cognatumgenus
1949 1975 2076 2015 eru-

485 2060 679 2114 dcliter
702 2059 963 2113 divexans
990 2072 1053 2111 ac
1079 2054 1415 2125 contemptui
1449 2053 1682 2120 habens,
1711 2038 1764 2106 id
1788 2067 1918 2106 vero
1946 2067 2078 2106 con-

488 2162 711 2208 secutus
741 2159 827 2206 est
854 2161 916 2205 ut
942 2165 1068 2206 eum
1089 2150 1339 2205 odissent
1360 2162 1574 2211 omnes,
1606 2161 1770 2201 nemo
1800 2146 2073 2215 diligeret.

563 2245 649 2297 l5.
675 2243 737 2296 In
778 2243 926 2298 hunc
956 2242 1143 2312 itaque
1170 2242 1391 2295 modum
1423 2255 1554 2295 suas
1589 2238 1678 2292 ille
1706 2252 1795 2293 res
1818 2236 2075 2307 dispone-

488 2339 602 2405 hat,
635 2338 894 2407 venitque
922 2336 971 2391 ei
1021 2336 1073 2390 in
1114 2344 1352 2389 mentem
1406 2330 1851 2387 Philomelicnsis
1887 2346 2081 2385 mona-

487 2432 650 2496 chus,
703 2431 935 2501 ejusque
1000 2428 1069 2484 de
1118 2443 1178 2483 se
1231 2426 1478 2481 vaticinii
1529 2438 1761 2480 munera
1819 2431 2081 2493 pra-stare

490 2522 805 2586 constituit,
841 2519 1029 2575 missis
1061 2519 1116 2573 in
1158 2529 1513 2573 antecessum
1549 2513 1921 2577 munusculis,
1950 2513 2077 2581 qui-

492 2615 598 2669 bus
627 2622 842 2683 gratum
878 2612 1132 2666 animum
1166 2625 1329 2664 suum
1373 2609 1426 2662 in
1462 2623 1587 2663 eum
1617 2605 1955 2668 ostenderet,
1986 2619 2078 2657 ro-

491 2721 630 2776 gans
660 2721 690 2758 a
734 2705 839 2759 Deo
874 2705 1173 2773 impetrare
1201 2712 1263 2756 ut
1294 2700 1590 2771 imperium
1633 2713 1801 2753 suum
1828 2696 2083 2752 victoriis

493 2806 739 2866 augeret.
780 2794 981 2849 Verum
1011 2795 1103 2847 ille
1129 2793 1243 2860 jam
1286 2807 1317 2845 e
1352 2791 1492 2845 vivis
1538 2797 1873 2855 excesserat,
1903 2788 2083 2841 malus

495 2899 679 2951 autem
714 2884 939 2955 quidam
971 2899 1039 2939 ac
1072 2884 1291 2937 invidus
1322 2882 1537 2937 daemon
1571 2880 1697 2950 (nec
1730 2879 1875 2934 enim
1906 2878 2087 2933 homi-

494 2998 621 3038 nem
645 2980 992 3051 appellavero
1012 2976 1106 3047 qui
1135 2974 1326 3031 omnia
1363 2972 1589 3028 miscuit
1619 2971 1991 3043 turbavitque,
2020 2985 2085 3025 ac

498 3072 712 3143 antiqui
762 3071 1033 3141 serpentis
1062 3083 1215 3124 more
1243 3067 1432 3123 miseri
1462 3065 1663 3121 Leonis
1695 3065 1948 3131 auribus,
1980 3065 2081 3119 ho-

500 3169 668 3223 minis
697 3166 909 3222 scilicet
946 3162 1112 3233 cujus
1148 3177 1305 3218 mens
1345 3162 1527 3216 omnis
1560 3161 1882 3230 imprudens
1916 3167 1971 3214 et
1999 3159 2084 3212 in-

499 3260 777 3322 consulta,
813 3259 964 3313 virus
1012 3255 1236 3325 infudit)
1263 3255 1415 3310 senis
1445 3252 1734 3310 aediculam
1779 3252 1928 3306 illam
1960 3251 2090 3306 reli-

500 3354 681 3424 gionis
715 3355 940 3408 obtentu
974 3357 1370 3420 occupaverat.
1418 3346 1720 3403 Sabbatius
1774 3347 1853 3401 illi
1891 3361 2091 3401 nomen

503 3458 643 3503 erat.
702 3446 803 3501 Hic
862 3445 1066 3499 Leonis
1144 3444 1327 3511 ipsum
1392 3440 1647 3495 nuntium
1710 3439 2087 3494 conviciorum

503 3540 753 3609 plaustro
779 3549 1040 3597 onerare,
1096 3548 1197 3586 nec
1232 3547 1422 3587 secum
1454 3531 1599 3600 ipse,
1654 3531 1751 3586 sed
1809 3544 1997 3584 coram
2032 3529 2089 3582 in

504 3630 647 3684 facie
709 3628 764 3681 in
817 3627 1204 3696 imperatorem
1248 3622 1540 3677 maledicta
1588 3621 1821 3691 jactare.
1857 3620 2089 3691 Rogavit

505 3720 865 3776 nihilominus
900 3726 1112 3773 semoto
1142 3717 1294 3771 omni
1327 3716 1531 3770 timore
1556 3714 1887 3770 denuntiare
1926 3714 2090 3768 breve

506 3813 625 3869 fore
648 3812 851 3868 Leonis
874 3810 1189 3880 imperium,
1224 3809 1318 3879 qui
1367 3809 1531 3864 idolis
1572 3810 1627 3879 (ο
1661 3809 1901 3879 linguam
1932 3822 2092 3862 exse-

506 3905 830 3973 crabilem!)
860 3904 1106 3959 animum
1156 3901 1463 3965 adhiberet,
1504 3903 1669 3970 inque
1709 3901 1815 3971 27
1851 3900 2091 3970 pardalis

503 4008 561 4054 et
586 3998 814 4054 Bacchae
840 3997 882 4051 Τ
887 3996 1174 4067 araxiique
1216 3993 1537 4049 numinibus
1567 3994 1671 4064 (sic
1698 3995 1954 4047 nimirum
1990 3994 2092 4047 im-

508 4093 835 4162 pet-atticem
863 4087 1073 4143 lrenem
1120 4096 1486 4156 sanctumque
1519 4084 1809 4140 Tarasium
1841 4087 1895 4139 in
1925 4100 2092 4141 causa

506 4183 820 4238 divinarum
873 4179 1175 4251 imaginum
1236 4178 1438 4248 lingua:
1496 4178 1797 4247 petulantia
1861 4178 2091 4245 vocans)

508 4292 661 4347 spem
683 4276 1001 4332 collocaret.
1028 4274 1098 4328 At
1122 4271 1256 4335 Leo.
1288 4286 1481 4326 verum
1512 4270 1824 4325 daemonum
1857 4269 2089 4337 idolum,

508 4369 744 4424 inscitia
795 4364 1150 4434 mancipium,
1185 4362 1354 4417 homo
1390 4361 1585 4415 umbra
1638 4360 1935 4430 elinguior,
1963 4375 2089 4415 cum

2168 493 2396 556 Λέοντος
2418 491 2784 563 ἐπωνομάσθη
2808 506 2823 522 ⁸
2864 492 2959 545 καὶ
2980 491 3031 542 οἱ
3055 490 3144 542 ἀεὶ
3174 492 3355 543 ἐκεῖσε
3380 490 3759 562 διαϐιϐαζόμει

2166 602 2247 637 νοι
2289 584 2397 637 τῶν
2418 584 2747 654 Βουλγάρων
2768 584 2869 655 τὴν
2898 580 3144 651 κεφαλὴν
3174 580 3511 645 ἐπισείοντες
3563 581 3763 635 δακτυο

2168 675 2521 741 λοδεικτοῦσι,
2553 676 2649 729 καὶ
2677 674 2848 747 λήθην
2881 672 3230 744 λαμϐάνουσι
3260 670 3373 724 τῶν
3406 673 3530 725 τότε
3582 672 3766 726 κακῶν

2168 768 2447 838 οὐδαμῶς.

2245 956 2327 1010 ιδ’.
2361 955 2535 1010 Τοῦτο
2562 956 2696 1025 γοῦν
2737 957 3077 1030 θρασύτερόν
3105 975 3222 1021 πως
3247 956 3414 1011 αὐτὸν
3436 957 3530 1011 καὶ
3565 958 3768 1029 ίταμώ-

2169 1066 2329 1121 τερον
2353 1050 2712 1120 ἐνειργάσατο
2736 1051 2797 1104 τὸ
2843 1050 3187 1123 προτέρημα,
3248 1050 3344 1105 καὶ
3375 1052 3455 1114 είς
3484 1050 3584 1122 τὴν
3633 1051 3760 1104 σύνη

2170 1159 2368 1212 τροφον
2402 1142 2664 1215 ὠμότητα
2692 1144 3059 1216 ὲναπέρῤαξε.
3096 1144 3315 1214 Μικροῦ
3349 1144 3461 1216 γὰρ
3496 1144 3591 1197 καὶ
3642 1144 3766 1213 μείς

2172 1232 2327 1298 ζονος
2379 1235 2481 1288 οὐκ
2528 1232 2599 1307 ἦν
2653 1236 2800 1308 αὐτῷ
2843 1237 3080 1308 διαφορὰ
3141 1237 3575 1307 ἁμαρτήματος,
3627 1236 3763 1308 ἀλλὰ

2172 1236 2327 1298 ζονος
2379 1236 2481 1288 οὐκ
2528 1236 2599 1307 ἦν
2653 1236 2800 1308 αὐτῷ
2843 1237 3080 1308 διαφορὰ
3141 1237 3575 1307 ἁμαρτήματος,
3627 1236 3763 1395 ﬁ“:

2172 1327 2313 1381 κατὰ
2362 1328 2581 1382 πάντων
2607 1330 2693 1398 ἐφ’
2716 1323 2868 1396 ᾧτινι
2898 1328 3476 1399 καταλαμϐανομένων
3531 1329 3630 1398 μία
3662 1330 3700 1396 ψ
3743 1358 3765 1367 -

2172 1437 2291 1489 φος,
2304 1420 2364 1475 τὸ
2379 1422 2450 1475 άκ
2460 1439 2605 1492 ρωτη
2614 1422 2765 1491 ριάζε
2775 1422 2897 1476 σθαι
2912 1421 3020 1475 τῶν
3038 1422 3356 1490 ἀναγκαίων
3380 1421 3541 1491 μέλος
3557 1422 3767 1473 ὁποιον-

2170 1518 2266 1571 οῦν
2313 1517 2409 1569 καὶ
2450 1516 2671 1571 πάντων
2721 1518 2807 1569 ἐπ’
2844 1515 3001 1586 ὕψεσι
3053 1515 3299 1569 τίθεσθαι
3346 1513 3645 1585 ἐκκρεμὲς.
3697 1514 3765 1564 *Α

2172 1610 2270 1662 καὶ
2302 1610 2437 1662 πᾶσι
2483 1609 2867 1677 πεποιηκότων
2896 1608 2943 1640 ³⁸
2986 1609 3102 1671 τοῖς
3135 1604 3445 1677 ἀνθρώποις
3491 1606 3767 1659 ἐνέτικτον

2179 1705 2335 1771 μῖσος
2371 1701 2436 1771 δὴ
2502 1701 2696 1755 τούτου
2760 1700 2856 1754 καὶ
2907 1700 3088 1770 δεινὴν
3148 1698 3483 1769 ἀπέχθειαν·
3547 1692 3628 1760 οἷς
3658 1698 3768 1765 γάρ

2180 1795 2425 1864 ἄκρατον
2455 1794 2556 1863 τὴν
2606 1791 2875 1864 ἐγχώριον
2924 1792 3223 1863 θηριωδίαν
3253 1793 3581 1864 ἐνήσκησεν,
3640 1790 3771 1844 ἀλλ’

2182 1888 2243 1940 ού
2277 1885 2693 1955 κεκολασμένην
2721 1885 2842 1937 τινὰ
2898 1890 2995 1937 καὶ
3040 1884 3176 1955 πρὸς
3204 1884 3265 1936 τὸ
3295 1884 3599 1954 πραότερον
3632 1884 3770 1936 ἁπο-

2184 1975 2465 2039 νεύουσαν,
2498 1975 2599 2045 τὴν
2632 1972 2920 2043 συγγενίδα
2941 1972 3101 2041 φύσιν
3133 1972 3475 2042 ἐκφαυλίζων
3497 1972 3772 2043 ἀνηλεῶς,

2188 2068 2378 2139 μισθὸν
2409 2068 2471 2121 τὸ
2499 2066 2678 2138 ἔχθος,
2710 2065 2827 2120 ἀλλ’
2861 2066 2922 2118 οὐ
2951 2064 3050 2136 τὴν
3078 2065 3260 2134 φιλίαν
3294 2065 3631 2136 ὴμπόλησεν.

2260 2253 2341 2308 ιε’.
2376 2250 2542 2305 Ταῦτ’
2571 2245 2665 2304 οὖν
2696 2249 2985 2320 ἔπραττεν,
3019 2249 3117 2302 καὶ
3167 2248 3310 2301 κατὰ
3360 2246 3484 2300 νοῦν
3507 2245 3775 2316 λαμϐάνει

2184 2348 2276 2401 τὸν
2313 2346 2405 2399 ἐπὶ
2438 2344 2514 2415 τῷ
2557 2342 2869 2413 Φιλομηλίῳ
2920 2340 3243 2411 μονάζοντα,
3309 2341 3404 2393 καὶ
3451 2338 3777 2408 ἀμείϐεσθαί

2186 2442 2236 2494 oi
2260 2440 2410 2494 δοκεῖ
2443 2440 2544 2508 τῆς
2578 2437 2939 2509 προρρήσεως
2965 2434 3049 2507 [Ρ.
3073 2433 3164 2505 17]
3197 2432 3601 2503 εύχαριστήριά
3654 2449 3778 2485 τινα

2190 2532 2533 2601 προπέμπων
2559 2530 2604 2561 ³³
2632 2529 2802 2599 αὐτῷ,
2852 2528 2952 2587 τὰς
3009 2526 3103 2579 τοῦ
3143 2526 3380 2597 κράτους
3416 2527 3568 2587 νίκας
3616 2523 3779 2593 δῆθεν

2190 2623 2379 2678 αἰτῶν.
2428 2622 2569 2675 Ἀλλ’
2604 2623 2811 2684 ἐκεῖνος
2842 2620 2941 2689 μὲν
2981 2619 3081 2689 ἤδη
3113 2618 3331 2686 φθάσας
3382 2617 3440 2683 ἐξ
3471 2615 3777 2686 ἀνθρώπων

2191 2719 2428 2785 ἐγένετο,
2462 2714 2699 2786 πονηρὸς
2731 2713 2788 2767 δέ
2843 2730 2928 2776 τις
2980 2712 3190 2782 δαίμων
3223 2711 3320 2763 καὶ
3371 2709 3641 2779 βάσκανος
3669 2710 3687 2780 (
3716 2710 3776 2761 οὐ

2190 2812 2298 2881 γὰρ
2328 2808 2615 2879 ἄνθρωπον
2644 2806 2834 2859 τοῦτον
2862 2803 3160 2873 καλέσαιμι
3189 2800 3279 2854 τὸν
3308 2802 3487 2854 πάντα
3513 2801 3778 2870 συγχέαν-

2190 2918 2257 2953 τα
2296 2900 2389 2952 καὶ
2433 2898 2747 2969 ταράξαντα
2805 2896 2900 2948 καὶ
2941 2896 3084 2948 κατὰ
3118 2892 3210 2946 τδν
3244 2892 3475 2945 παλαιὸν
3536 2892 3659 2959 ὅφιν
3687 2892 3779 2943 τὸν

2196 2991 2271 3044 ἱὸν
2316 2992 2428 3053 τοῖς
2454 2989 2549 3041 τοῦ
2580 2984 2932 3055 ταλαιπώρου
2969 2984 3196 3045 Λέοντος
3222 2979 3360 3035 ώσὶν
3405 2979 3672 3050 ἐγχέαντα
3708 2979 3777 3043 ³⁸,

2195 3083 2554 3136 ἀνεπίστατον
2591 3078 2931 3149 κεκτημένου
2973 3077 3095 3128 ὅλον
3127 3074 3218 3127 τὸν
3252 3071 3396 3142 νοῦν)
3432 3071 3509 3141 τῷ
3554 3069 3648 3123 τοῦ
3686 3071 3780 3137 γέ-

2197 3191 2380 3246 ροντος
2411 3172 2639 3242 οἰκίσκῳ
2670 3173 2728 3223 ἐν
2756 3167 3045 3230 εὐλαϐείας
3077 3165 3431 3235 προσχήματι
3483 3161 3781 3229 ἐγκατέλαο

2194 3268 2307 3320 ϐεν.
2333 3265 2638 3335 Συμϐάτιος
2673 3254 2828 3323 οὗτος
2868 3259 3106 3323 ἐλέγετο,
3153 3257 3211 3317 ὃς
3268 3257 3359 3307 τὸν
3395 3254 3439 3287 ⁸³
3501 3253 3784 3324 βασιλικὸν

2194 3358 2427 3425 ἄγγελον
2482 3353 2654 3407 πολλὰ
2687 3348 3135 3422 προσονειδίζων,
3183 3347 3280 3399 καὶ
3324 3345 3584 3415 δύσφημα
3640 3346 3785 3397 κατᾶ

2190 3450 2286 3502 τοῦ
2326 3447 2596 3518 βασιλέως
2629 3446 2709 3507 είς
2774 3443 3088 3509 πρόσωπον,
3137 3439 3249 3492 ἀλλ’
3283 3438 3379 3507 οὐχ
3431 3437 3534 3489 ὑπὸ
3585 3436 3783 3489 κόλπον

2193 3540 2389 3603 λαλῶν,
2422 3534 2459 3608 ἦ
2488 3537 2595 3607 μὴν
2633 3534 2944 3604 ἐξελιπάρει
2991 3532 3158 3602 μηδὲν
3205 3529 3785 3599 καθυποστελλόμενον

2145 3694 2156 3709 ,
2196 3634 2455 3697 ἐξειπεῖν,
2484 3631 2562 3693 ὡς
2595 3630 2709 3682 Οὐκ
2744 3628 2900 3680 ἔσται
2946 3642 3029 3678 σοι
3064 3624 3125 3678 τὸ
3164 3622 3473 3693 βασιλεύειν
3515 3622 3609 3674 ἐπὶ
3647 3620 3784 3672 πολὺ

2193 3723 2436 3786 εἰδώλοις
2469 3720 2552 3792 (ὣ
2584 3721 2681 3791 τῆς
2711 3719 3021 3788 καταράτου
3056 3716 3310 3785 γλώσσης
3335 3715 3593 3785 ἐκείνηςί)
3619 3730 3788 3782 προσ-

2195 3820 2443 3888 ανέχοντι
2472 3815 2569 3869 καὶ
2594 3812 2869 3884 τολμῶντι
2890 3814 3006 3875 τοῖς
3034 3810 3139 3863 ὑπὸ
3166 3808 3267 3878 τῆς
3290 3808 3527 3879 παρδοῦς
3544 3808 3637 3860 καὶ
3658 3807 3784 3860 θυά-

2192 3912 2280 3975 δος
2310 3911 2407 3964 καὶ
2436 3906 2696 3980 ταραξίου
2720 3903 3169 3975 σεϐομένοις,τὴν
3185 3901 3586 3972 βασιλεύσασαν
3617 3901 3786 3970 Εἰρή-

2192 4022 2293 4076 νην
2328 4003 2425 4056 καλ⁸
2454 4002 2545 4054 τὸν
2579 4003 2637 4053 ἐν
2684 3999 2862 4066 ἁγίοις
2889 3996 3164 4067 Ταράσιον
3196 3996 3379 4063 άφέτῳ
3407 3994 3626 4062 γλώττῃ
3658 4010 3723 4044 πε
3736 3996 3788 4059 pl.

2193 4098 2304 4152 τῶν
2327 4095 2489 4150 θείων
2536 4092 2764 4145 εἰκόνων
2793 4088 2968 4152 οὕτως
2994 4086 3311 4141 ἀποκαλῶν.
3349 4084 3409 4139 '0
3430 4085 3485 4137 δὲ
3521 4085 3693 4147 Λέων,
3730 4085 3790 4137 τὸ

2194 4192 2361 4256 ὅντως
2377 4188 2645 4259 δαιμόνων
2661 4184 2901 4245 εἴδωλον,
2920 4182 2980 4235 τὸ
2994 4181 3093 4250 τῆς
3108 4180 3350 4250 ἀμαθίας
3366 4178 3716 4249 ἀνδράποδον,
3731 4178 3790 4231 τὸ

2193 4288 2291 4354 τῆς
2310 4283 2470 4343 σκιάς
2490 4277 2853 4349 ἀφονώτερον,
2878 4274 2997 4328 δέον
3027 4271 3233 4325 τούτων
3269 4270 3730 4340 κατολιγωρῆσαι,
3754 4267 3786 4336 ἢ

2196 4377 2304 4430 ei”
2327 4375 2403 4445 μὴ
2418 4370 2595 4436 τοῦτο,
2616 4366 2989 4439 ἐκπομπεύειν
3012 4364 3146 4435 γοῦν
3162 4366 3258 4418 καὶ
3282 4363 3587 4433 θεατρίζειν
3612 4359 3785 4409 ταῦτα

509 4463 629 4517 haec
656 4474 920 4530 spernere
951 4457 1256 4521 debuisset,
1320 4455 1407 4510 sin
1458 4462 1664 4521 autem,
1703 4455 1772 4508 ad
1819 4468 1947 4508 eum
1998 4457 2082 4523 qu':

2202 4468 2280 4540 τῷ
2303 4468 2401 4530 τὰς
2454 4465 2554 4534 τῆς
2598 4460 2929 4531 Ἐκκλησίας
2965 4460 3122 4531 ἡνίας
3157 4458 3408 4517 ίθύνοντι,
3442 4454 3536 4505 καὶ
3570 4450 3785 4503 σύνοδον

509 4555 772 4609 Ecclesiae
823 4552 1040 4609 clavum
1096 4549 1321 4620 regebat
1352 4546 1559 4604 referre
1601 4547 1762 4615 eique
1794 4561 2091 4616 exponere,

508 4662 720 4702 necnon
748 4645 1019 4716 synodum
1050 4642 1122 4698 de
1158 4643 1326 4697 rebus
1358 4640 1574 4711 magnis
1605 4639 1897 4709 magniﬁce
1927 4654 2093 4694 scru-

510 4740 677 4793 tando
706 4752 921 4808 cogere,
962 4750 1074 4792 non
1130 4733 1451 4790 hominibus
1478 4732 1575 4803 Qui
1620 4730 1757 4786 nihil
1784 4730 1903 4786 sani
1933 4745 2094 4801 sape-

509 4842 652 4895 rent,
679 4828 882 4896 quique
912 4843 1021 4880 non
1052 4826 1174 4895 ejus
1202 4823 1533 4887 commodis,
1570 4822 1666 4879 sed
1690 4823 1808 4877 suis
1846 4821 2094 4892 ipsorum

509 4922 682 4976 lueris
723 4918 1009 4974 studerent
1038 4933 1279 4988 suasque
1310 4932 1437 4973 cum
1467 4916 1662 4987 primis
1688 4930 1774 4971 res
1810 4923 2094 4978 curarent,

509 5015 673 5088 (proh
712 5012 1015 5068 amicitiam
1067 5011 1193 5068 dolo
1231 5013 1593 5081 compositam
1623 5012 1662 5083 ι)
1697 5013 1879 5068 amico
1908 5011 2095 5067 Cassi-

507 5118 639 5164 terac
663 5105 1055 5171 communicat,
1093 5103 1373 5175 refertque
1406 5121 1530 5175 qua:
1573 5122 1639 5161 ex
1687 5107 1884 5161 nuntio
1926 5106 2096 5161 verba

508 5210 816 5271 acceperat.
868 5198 1042 5255 Porro
1074 5198 1167 5253 ille
1197 5197 1402 5252 malum
1448 5199 1594 5253 malo
1626 5197 1982 5269 furoremque
2011 5197 2097 5252 {u-

511 5308 641 5349 rore
677 5310 788 5349 non
818 5292 1051 5358 leniens,
1097 5291 1193 5347 sed
1238 5290 1511 5355 excitans,
1548 5292 1727 5345 virum
1776 5291 1968 5357 alium,
2002 5290 2096 5361 qui

511 5386 761 5457 ejusdem
808 5400 935 5456 erga
968 5400 1160 5441 sacras
1191 5383 1460 5454 imagines
1508 5382 1796 5439 sententiae
1848 5392 1996 5439 esset
2030 5398 2095 5439 ac

510 5485 569 5537 in
593 5478 863 5535 Mauriani
901 5480 1121 5549 porticu
1156 5478 1451 5541 habitaret,
1484 5476 1533 5531 ei
1564 5474 1795 5541 indicat,
1825 5470 2093 5531 immensa

2199 4560 2585 4633 συγκροτῆσαι
2621 4555 2751 4626 περὶ
2805 4552 3059 4625 μεγάλων
3101 4549 3350 4620 μεγάλως
3388 4541 3692 4613 ἀνερευνῶν
3719 4542 3785 4604 υ,

2197 4654 2312 4711 ἀλλ’
2343 4653 2445 4706 οὐκ
2500 4649 2727 4718 ἀνδράσι
2790 4646 2958 4714 μηδὲν
2987 4642 3138 4709 ὑγιές
3191 4634 3471 4707 φρονοῦσι,
3530 4634 3664 4705 μηδὲ
3720 4634 3789 4688 τὰ

2194 4744 2391 4802 ἐαυτοῦ
2426 4741 2551 4815 (φεῦ
2596 4740 2691 4809 τῆς
2721 4737 2858 4809 μετὰ
2895 4734 3048 4788 δόλου
3069 4730 3322 4800 φιλίαςῐ),
3358 4728 3496 4781 ἀλλὰ
3510 4728 3580 4781 τὰ
3613 4728 3791 4782 οἰκεῖα

2197 4836 2677 4913 προμηθουμένων
2711 4832 2809 4885 καὶ
2854 4824 3369 4900 προδιοικουμένων,
3406 4822 3483 4893 τῷ
3528 4820 3788 4890 φιλουμέο

2198 4952 2278 5005 νῳ
2322 4927 2705 4986 ἀνακοινοῦται
2769 4919 3229 4992 Κασσιτερᾷ,καὶ
3276 4916 3346 4970 τὰ
3397 4912 3791 4982 άπεσταλμέκα

2202 5004 2327 5096 ἄγει
2358 5022 2532 5093 τούτῳ
2560 5022 2639 5083 είς
2671 5018 2807 5087 φῶς.
2852 5016 2911 5067 '0
2940 5013 2996 5067 δὲ
3044 5012 3203 5082 κακῷ
3229 5010 3289 5064 τὸ
3323 5008 3494 5062 κακὸν
3519 5006 3617 5060 καὶ
3661 5004 3793 5058 λύσο

2205 5136 2274 5191 σῃ
2311 5117 2515 5170 λύσσαν
2566 5112 2629 5165 ού
2680 5108 3024 5179 θεραπεύων,
3058 5104 3172 5160 ἀλλ’
3227 5100 3555 5171 ἐπεγείρων,
3600 5099 3791 5168 ἕτερόν

2204 5230 2327 5266 τινα
2361 5212 2427 5281 τῇ
2451 5207 2615 5278 ὁμοίᾳ
2640 5204 2767 5275 δόξῃ
2817 5200 2948 5273 περὶ
2979 5201 3089 5254 τῶν
3116 5196 3276 5250 θείων
3316 5194 3543 5249 είκόνων
3577 5194 3794 5261 ἐνισχη-

2210 5306 2369 5375 μένον
2409 5299 2552 5354 κατὰ
2590 5296 2683 5351 τοῦ
2716 5294 2762 5329 ³⁸
2791 5290 3110 5365 Μαυριανοῦ
3148 5289 3376 5361 ἔμϐολον
3427 5285 3793 5356 ἐνσκηνοῦντα

2203 5390 2589 5463 ἀναγνωρίζει,
2649 5383 2935 5455 άπέραντά
2991 5398 3116 5436 τινα
3160 5380 3258 5435 καὶ
3309 5378 3558 5450 μετέωροι
3598 5376 3798 5445 λεσχη-

2204 5484 2374 5537 νεύων
2415 5480 2511 5533 καὶ
2552 5474 2932 5548 ύπεράγγελον
2964 5474 3155 5527 τοῦτον
3207 5467 3346 5526 εἶναι
3377 5468 3797 5536 διαϐεϐαιούμε-

1819 5591 2057 5648 VARUE
2101 5593 2504 5650 LECTiONES.

601 5692 646 5724 "
676 5690 715 5747 l'.
748 5691 1111 5761 πεποιημένα.
1172 5705 1361 5760 margo
1388 5688 1635 5745 Conthef.
1738 5690 1844 5761 “Arg

512 5762 558 5796 ⁸⁷
587 5759 967 5835 ἁνερευνῶσαν
993 5762 1016 5816 ?
1044 5775 1113 5816 an
1139 5762 1519 5831 ἀνερευνῶνται
1545 5765 1567 5813 ‘I
1642 5762 1688 5793 ³⁸
1725 5759 1844 5825 τοῦ]
1870 5761 1968 5816 to?

1851 5693 2185 5763 poortégtzwv
2205 5693 2247 5745 ?.

2350 5692 2391 5723 ³³
2430 5691 2696 5760 ἐκχέαντα
2732 5688 2791 5743 Ρ.
2905 5688 2950 5720 ³⁸
3006 5685 3121 5757 τὸν]
3174 5686 3267 5739 καὶ
3301 5682 3366 5736 Ρ.
3444 5680 3488 5713 ³⁸
3528 5676 3795 5734 elom.P.
