4038 6214
468 320 539 381 43
1569 314 2080 377 THEOPHANES
2115 316 2677 381 CONTINUATUS-
3664 327 3733 390 u

468 442 702 503 punCitIS
734 444 796 483 ac
826 428 1109 484 doloribus
1143 441 1367 482 manum
1431 427 1705 493 conﬁxus,
1763 428 2016 482 existima

2150 428 2416 501 πρότερον
2443 446 2455 459 ·
2488 430 2610 484 τότε
2659 429 2790 499 γοῦν
2812 433 2839 485 ὁ
2898 434 3243 504 πατριάρχης
3278 436 3587 508 ὓπερύριος,
3628 444 3727 503 τὴν

465 528 576 579 l.at.
605 523 805 577 Verum
834 521 951 575 haec
981 512 1203 589 quidem
1241 528 1425 574 antea.
1458 520 1614 573 Tunc
1639 535 1771 574 vero
1804 521 2042 589 patriar-

463 619 588 683 cha,
615 616 735 685 ejus
761 629 937 684 positae
960 621 1183 683 accepta
1220 612 1514 676 sententia,
1544 613 1596 667 in
1632 613 1887 667 exsilium
1918 628 2043 681 pro-

465 709 835 770 ﬁciscebatur.
886 706 1107 779 quando
1157 706 1321 763 etiam
1381 704 1602 770 ferunt,
1657 720 1781 759 cum
1832 704 2047 773 navigio

468 803 652 874 procul
678 803 1067 865 abduceretur,
1103 814 1135 854 e
1166 797 1444 860 maritimo
1477 796 1718 866 quodam
1762 795 1882 850 loco
1906 795 2045 851 etni—

468 914 571 953 nns
602 897 822 957 beatum
865 892 1257 963 Theophanem
1285 890 1510 953 vidisse,
1538 889 1718 945 sulIitu
1756 890 2046 958 cereisque

465 1005 524 1045 se
549 995 972 1059 prosequentem
1011 999 1075 1039 ac
1104 982 1255 1037 velut
1300 980 1564 1051 triumphi
1598 980 1835 1050 quadam
1866 980 2047 1049 specie

467 1080 729 1149 praeclara
792 1077 882 1131 illa
920 1072 1271 1130 confessione
1304 1072 1687 1131 deducentem.
1729 1071 1901 1141 Cujus
1931 1071 2045 1137 ille,

467 1182 525 1227 ut
570 1186 668 1240 par
704 1177 808 1234 est,
841 1166 1076 1224 oliicium
1115 1165 1435 1233 cultumque
1476 1163 1667 1221 libenti
1701 1164 1885 1219 animo
1916 1179 2045 1221 sus-

450 1265 694 1335 cipiens,
724 1272 886 1331 atque
936 1259 1191 1328 precibus
1223 1257 1333 1327 Deo
1358 1258 1786 1322 commendans,
1817 1257 2048 1315 sublatis

466 1358 517 1410 in
558 1357 725 1410 altum
760 1351 1016 1408 manibus
1056 1349 1207 1405 velut
1243 1348 1691 1417 aniplexahatur,
1724 1363 2046 1419 supremum

464 1445 653 1516 procul
682 1445 931 1499 osculum
960 1442 1159 1512 ﬁgens.
1190 1441 1544 1499 Percontauti
1569 1456 1700 1496 vero
1727 1441 1951 1511 quidam
1981 1455 2049 1497 ex

464 1540 531 1596 iis
556 1539 646 1610 qui
673 1553 861 1594 secum
901 1535 1327 1599 comitabantur,
1361 1535 1583 1596 cuinam
1635 1535 1719 1589 sic
1767 1550 1835 1588 ex
1863 1533 2049 1593 animo

462 1630 848 1698 desiderioque
903 1640 1220 1697 supremum
1278 1625 1530 1687 osculum
1586 1625 1763 1691 daret,
1808 1625 2047 1696 prophe~

450 1723 572 1778 'tiea
596 1722 703 1791 3o
728 1721 911 1790 lingua
942 1717 1315 1788 respondisse,
1360 1717 1682 1787 Theophani
1716 1705 2042 1781 confessori,

466 1814 785 1873 monasterii
817 1812 947 1884 Agri
981 1811 1303 1882 praeposito;
1336 1812 1483 1882 quod
1513 1821 1568 1866 et
1610 1811 1686 1871 ita
1722 1812 1870 1866 brevi
1900 1811 2044 1866 acci—

448 1910 566 1975 dit,
606 1923 730 1964 cum
764 1921 889 1966 cum
926 1904 1188 1974 deinceps
1225 1918 1510 1974 nunquam
1544 1903 1861 1974 patriarcha
1897 1902 2046 1959 vide-

464 2005 558 2070 rit,
592 2003 751 2072 isque
776 2011 1041 2061 coronam
1074 1995 1449 2055 confessionis
1476 1996 1707 2066 adeptus
1740 1994 1834 2053 sit.
1866 1995 2044 2065 Atque

452 2098 733 2150 duaetenus‘
766 2106 828 2148 ea
857 2105 980 2161 quae
1015 2099 1145 2147 sunt
1177 2089 1347 2145 divini
1398 2089 1687 2145 antistitis.

537 2187 626 2243 19.
668 2185 779 2240 Leo
811 2192 993 2241 autem
1045 2182 1149 2237 hoc
1180 2182 1327 2237 velut
1351 2181 1536 2237 fausto
1575 2183 1737 2253 regiae
1774 2182 2047 2253 guberna-

456 2279 630 2337 tionis
651 2276 917 2348 principio
948 2274 1151 2346 posito,
1185 2276 1331 2345 quod
1368 2274 1629 2331 Ecclesiae
1671 2291 1761 2331 res
1800 2291 1867 2330 eo
1899 2283 2044 2329 statu

462 2379 872 2443 composuerat,
931 2385 995 2424 ac
1050 2370 1093 2425 si
1144 2370 1272 2437 quis
1311 2368 1454 2423 alius
1504 2368 1827 2423 ambitionis
1862 2368 2047 2422 studio

466 2461 745 2525 laborans,
808 2459 886 2514 rei
934 2459 1168 2529 publicae
1205 2474 1396 2517 curam
1458 2460 1806 2528 aggreditur,
1836 2458 2047 2528 ubique

454 2568 753 2622 ‘vesparum
786 2567 938 2606 more
974 2566 1163 2607 secum
1208 2551 1393 2604 ferens
1438 2550 1748 2612 stimulum,
1782 2558 1897 2603 tum
1933 2549 2048 2618 ipse

469 2646 733 2700 militares
766 2659 1030 2699 exercens
1075 2659 1357 2702 numeros,
1410 2653 1523 2696 tum
1558 2642 1747 2697 multis
1783 2641 1918 2697 locis
1954 2657 2055 2708 per

469 2737 760 2794 Thraciam
805 2752 871 2791 ac
903 2736 1281 2792 Macedoniam
1326 2736 1476 2790 curis
1510 2734 1626 2788 suis
1665 2742 1833 2804 atque
1864 2734 2048 2788 labore

467 2831 631 2884 urbes
682 2844 713 2882 a
766 2826 1140 2883 fundamentis
1171 2828 1442 2891 excitans,
1483 2839 1648 2894 atque
1678 2841 1896 2879 onmem
1949 2825 2049 2879 Ro.

468 2937 692 2975 manum
732 2920 918 2974 orbein
948 2929 1285 2986 cunctasque
1333 2919 1646 2987 provincias
1687 2918 1954 2981 lustrans,
1992 2928 2051 2971 ut

465 3023 522 3067 et
562 3012 697 3084 ipsis
724 3010 973 3065 hostibus
1023 3011 1219 3063 terrori
1260 3021 1403 3063 esset
1446 3025 1511 3064 ac
1539 3009 1841 3065 formidini.
1886 3009 2047 3063 llinc-

2149 522 2751 591 καταχειροτονήσασαν
2796 521 2976 593 ψῆφον
3027 523 3357 593 δεξάμενος,
3414 530 3726 600 ἐπορεύετο,

2146 612 2233 664 ὅτε
2259 612 2321 683 δὴ
2358 615 2451 666 καὶ
2488 614 2702 683 λέγεται
2736 616 2820 685 ἐφ’
2851 617 3074 682 ὁλκάδος
3118 618 3269 688 αὐτῷ
3296 622 3585 693 φερομένῳ
3628 643 3730 695 μα-

2149 706 2286 775 κρὰν
2338 708 2480 761 κατά
2528 725 2651 764 τινα
2706 709 2868 765 τόπον
2934 711 3371 782 παραθαλάττιον
3446 715 3729 788 πόρρωθεν

2152 799 2278 852 ίδείν
2316 801 2597 873 Θεοφάνην
2630 803 2720 856 τὸν
2760 803 3074 874 μακαρίτην
3110 845 3123 868 ,
3162 803 3475 875 θυμιάμασι
3524 824 3583 861 τε
3633 810 3729 863 καὶ

2149 892 2397 963 λαμπάσι
2430 894 2797 965 δεξιούμενον,
2833 890 2944 948 οἷόν
2984 913 3107 949 τινα
3156 897 3493 967 προπομπὴν
3531 901 3597 969 τῇ
3626 917 3729 954 κα-

2148 983 2211 1055 λῇ
2272 984 2456 1056 ἐκείνῃ
2517 985 2778 1055 ὁμολογία
2832 987 3248 1057 προπέμποντα.
3282 988 3403 1055 Ὃν,
3443 988 3520 1050 ὡς
3556 991 3724 1055 εῑκδς,

2148 1080 2421 1150 ἀποδοχῆς
2450 1080 2688 1148 ἀξιώσας
2729 1083 2818 1136 καὶ
2855 1081 2973 1152 Θεῷ
3006 1082 3282 1154 παραδοὺς
3307 1082 3373 1135 δι’
3402 1082 3589 1152 εύχῆς,
3625 1082 3725 1146 τάς

2149 1174 2336 1244 χεῖρας
2388 1168 2499 1225 οἷον
2548 1174 2685 1243 ἄρας
2740 1173 3051 1244 μεταρσίως
3108 1172 3465 1246 περιεϐάλετο
3511 1171 3723 1239 τοῦτον,

2146 1264 2237 1338 μ).
2270 1264 2659 1338 191πόρῤωοεν
2684 1265 2776 1320 τὸν
2799 1267 3111 1321 τελευταῖον
3145 1266 3379 1329 ἀποδοὺς
3407 1265 3722 1335 ἀσπασμόν.

2160 1357 2455 1428 Ἐρομένου
2508 1357 2567 1412 δέ
2600 1376 2743 1422 τινος
2766 1356 2874 1413 τῶν
2909 1358 3313 1428 συνεπομένων,
3348 1358 3424 1420 ὡς
3445 1356 3511 1426 δὴ
3547 1376 3565 1408 ι
3602 1356 3700 1409 Τίν

2147 1449 2337 1504 τοῦτον
2379 1451 2644 1515 ἀποδίδως
2682 1451 2891 1515 εὐκτῶς
2928 1468 2989 1505 τε
3022 1451 3120 1505 καὶ
3147 1449 3393 1519 ὲφετῶς;
3422 1481 3479 1490 -
3504 1447 3594 1518 Τῷ
3622 1448 3723 1518 ὁμ-

2144 1543 2378 1616 ολογητῇ
2398 1563 2419 1596 ο
2459 1542 2625 1614 φάναι
2690 1562 2710 1596 ι
2736 1544 2999 1615 Θεοφάνει
3027 1563 3047 1596 ι
3108 1542 3400 1615 προφήτιδι
3470 1540 3684 1611 γλώττῃ
3708 1582 3721 1604 ,

2155 1656 2172 1689 ⁸
2208 1639 2342 1708 μονῇ
2375 1636 2680 1707 προεστῶτι
2704 1636 2797 1690 τοῦ
2843 1636 3063 1706 ’Δγροῦ.
3098 1655 3116 1689 ι
3153 1636 3219 1693 '0
3249 1634 3344 1699 καὶ
3378 1632 3578 1703 συνέϐη
3605 1630 3721 1702 μετ’

2149 1730 2209 1781 οὐ
2242 1728 2378 1782 πολύ
2403 1745 2416 1761 ο
2449 1730 2610 1793 αὑτός
2667 1747 2727 1782 τε
2753 1729 2863 1800 γάρ
2915 1729 3106 1783 τοῦτον
3161 1727 3403 1799 ἑώρακεν
3452 1722 3718 1794 οὐδαμῶς,

2148 1822 2398 1886 κάκεῖνος
2422 1822 2513 1877 τὸν
2542 1824 2639 1887 τῆς
2661 1822 2951 1892 ὁμολογίας
2975 1822 3238 1891 στέφανον
3263 1820 3583 1891 ἀνεδήσατο.
3616 1817 3725 1870 Καὶ

2147 1914 2217 1968 τὰ
2272 1914 2370 1985 μὲν
2401 1914 2494 1968 τοῦ
2548 1914 2851 1984 ἀρχιερέως
2890 1912 3085 1978 οὕτως.

2210 2184 2306 2242 ιϐ’.
2343 2187 2518 2250 Αὐτὸς
2549 2187 2606 2239 δὲ
2630 2182 2744 2239 οἷόν
2766 2202 2886 2239 τινα
2914 2185 3011 2253 τῆς
3043 2182 3213 2238 αὐτοῦ
3230 2182 3517 2254 βασιλείας
3555 2183 3730 2255 ἀρχὴν

2149 2284 2359 2347 ἐπιθεὶς
2379 2283 2425 2314 ⁸⁸
2453 2281 2632 2347 δεξιάν
2656 2281 2717 2334 τὸ
2746 2280 2816 2332 τὰ
2845 2281 2944 2349 τῆς
2979 2277 3304 2346 Ἐκκλησίας
3345 2276 3545 2329 οὑτωσὶ
3599 2276 3728 2330 διοι-

2146 2377 2470 2447 κονομῆσαι,
2506 2375 2601 2429 καὶ
2630 2373 2727 2445 τὴν
2760 2370 3069 2442 φιλοτιμίαν
3099 2370 3258 2440 εἴπερ
3291 2387 3374 2431 τις
3403 2368 3593 2431 νοσῶν,
3617 2369 3728 2421 τῶν

2150 2469 2345 2521 κοινῶν
2408 2466 2754 2538 πραγμάτων
2820 2460 3296 2531 ἀντελαμϐάνετο,
3337 2458 3612 2527 πανταχοῦ
3668 2458 3729 2510 τὸ

2151 2561 2375 2630 κέντρον
2410 2558 2549 2612 κατά
2600 2558 2726 2619 τοὺς
2769 2555 2983 2624 σφῆκας
3013 2554 3194 2623 φέρων
3233 2552 3351 2622 μεθ’
3388 2550 3609 2615 ἑαυτοῦ,
3635 2551 3726 2605 τὸν

2154 2653 2494 2723 στρατιώτην
2545 2668 2601 2703 τε
2632 2650 2787 2719 ὄχλον
2835 2646 3131 2717 γυμνάζων
3165 2645 3350 2710 αὐτὸς,
3401 2644 3494 2696 καὶ
3543 2643 3728 2704 πόλεις

2151 2743 2423 2815 πολλαχοῦ
2461 2742 2569 2795 τῶν
2600 2742 2743 2795 κατά
2776 2741 2997 2811 Θρᾴκην
3020 2739 3111 2792 καὶ
3133 2736 3469 2797 Μακεδονίαν
3500 2735 3567 2788 δι’
3601 2736 3727 2803 ἑαυ-

2151 2838 2246 2891 τοῦ
2306 2839 2369 2890 ὲκ
2410 2836 2623 2905 βάθρων
2681 2833 2999 2902 άνεγείρων,
3064 2831 3158 2883 καὶ
3228 2828 3725 2900 περιπορευόμενος

2153 2928 2451 2998 πανταχοῦ,
2491 2928 2567 2990 ὡς
2590 2926 2819 2995 φοϐερὸς
2849 2920 2989 2977 εἶναι
3028 2923 3122 2975 καὶ
3147 2921 3596 2990 καταπληκτικὸς
3629 2921 3726 2971 καὶ

2152 3024 2335 3085 αὐτοῖς
2358 3024 2468 3084 τοῖς
2494 3020 2729 3089 ἐχθροῖς.
2768 3017 2943 3088 ’Υπὲρ
2969 3010 3042 3069 ῶν
3090 3015 3183 3069 καὶ
3224 3016 3317 3067 τὴν
3364 3013 3521 3081 ἅγιον
3548 3013 3725 3082 Νικη-

467 3121 575 3175 que
616 3105 774 3167 adeo,
830 3119 952 3157 cum
1004 3118 1034 3157 e
1084 3104 1223 3157 vivis
1270 3104 1617 3168 excessisset,
1676 3103 1881 3157 dixisse
1943 3103 2041 3157 ali-

2152 3116 2313 3187 φόρον
2347 3113 2512 3184 φασὶν
2545 3115 2718 3165 είπείν
2741 3128 2875 3164 ποτε
2913 3109 3051 3178 μετά
3079 3110 3176 3179 τὴν
3228 3108 3394 3173 αὐτοῦ
3426 3106 3725 3171 ἀποϐίωσιν

466 3198 691 3269 quando
731 3190 887 3251 aiunt
913 3207 1163 3251 sanctum
1211 3194 1609 3263 Nicephorum,
1645 3197 1746 3249 etsi
1791 3195 2041 3265 impium,

467 3303 751 3345 strenuum
794 3296 977 3342 tanien
1006 3288 1083 3345 rei
1135 3287 1364 3356 publicae
1397 3289 1547 3344 euris
1594 3288 1870 3341 civitatein
1904 3288 2044 3340 ami-

467 3384 607 3440 sisse
636 3381 836 3436 virum.
892 3380 1303 3451 Magistratibus
1347 3394 1567 3450 quoque
1598 3392 1662 3432 ae
1684 3378 2040 3447 praetoribus,

456 3490 575 3531 non
611 3474 869 3527 civilibus
904 3474 1088 3537 modo,
1142 3474 1239 3526 sed
1274 3481 1326 3526 et
1364 3470 1717 3533 militaribus,
1749 3471 1902 3523 valde
1935 3469 2044 3521 fui»

450 3566 767 3620 ‘niidolosus
793 3576 945 3628 erat;
997 3578 1233 3632 cumque
1261 3554 1403 3632 'ipse
1455 3562 1814 3631 pecuniarum
1855 3574 2043 3614 amore

460 3659 719 3728 superior
750 3666 917 3720 esset,
950 3655 1268 3724 praeferebat
1292 3656 1626 3711 cos-cunctis
1650 3656 1742 3724 qui
1795 3653 2039 3709 omnium

467 3750 705 3804 maxime
754 3764 785 3802 a
847 3749 1172 3803 muneribus
1240 3763 1360 3803 sese
1418 3747 1806 3809 continebant,
1844 3763 2039 3799 unum--

466 3855 743 3914 quemque
764 3854 871 3909 pro
900 3852 967 3892 eo
1023 3854 1087 3893 ac
1125 3839 1368 3908 optimus
1408 3846 1548 3902 erat,
1598 3853 1705 3892 non
1738 3845 1798 3890 ut
1846 3835 2042 3904 opibus

457 3932 743 3997 iamucbat,
777 3934 1071 3986 honoratis.
1125 3930 1287 3998 Aiqui
1344 3946 1410 3986 ac
1461 3930 1599 4000 justi
1648 3930 2040 3984 tenacissimus

460 4026 637 4079 videri
668 4024 869 4091 voluit;
901 4040 1000 4077 nec
1030 4035 1207 4078 tamen
1236 4034 1373 4078 erat.
1400 4022 1673 4077 Caeterum
1706 4022 1813 4092 juri
1850 4021 2041 4076 dicun-

464 4119 536 4173 do
570 4117 736 4171 dabat
765 4131 1010 4186 operam,
1041 4115 1347 4185 sedensque
1382 4117 1496 4184 ipse
1536 4117 1585 4167 in
1638 4116 1899 4171 Lansiaco
1930 4114 2039 4181 ple-

450 4224 662 4278 rasque
687 4209 809 4262 lites
829 4209 1069 4262 liniehal.
1101 4209 1243 4262 Sane
1262 4224 1390 4263 cum
1419 4208 1541 4275 quis
1574 4207 1868 4277 aliquando
1896 4207 2035 4276 apud

445 4316 587 4355 cum
615 4301 717 4371 31
750 4300 1151 4370 expostulasset
1190 4309 1401 4370 raptam
1433 4300 1536 4355 sibi
1586 4314 1834 4364 uxorem,
1871 4313 2035 4367 quam

2144 3208 2216 3271 ὡς
2252 3208 2299 3260 εί
2328 3206 2423 3259 καὶ
2475 3204 2772 3274 ἀλάστορα,
2806 3202 2921 3255 ἀλλ’
2944 3196 3035 3255 οὖν
3086 3199 3428 3270 ἐπιμελητὴν
3454 3198 3562 3250 τῶν
3608 3214 3723 3250 κοι-

2146 3299 2250 3352 νῶν
2280 3300 2312 3366 ἡ
2338 3296 2487 3359 πόλις
2516 3293 2682 3365 ἄνδρα
2707 3292 3009 3347 ἀπώλεσεν.
3036 3293 3141 3344 Καὶ
3177 3294 3302 3361 περὶ
3334 3291 3436 3352 τὰς
3463 3289 3637 3360 ἀρχὰς
3666 3289 3721 3341 δὲ

2148 3394 2237 3443 καὶ
2279 3391 2596 3461 ἡγεμονίας,
2625 3389 2685 3441 οὐ
2717 3388 2815 3450 τὰς
2846 3386 3125 3447 πολιτικάς
3156 3383 3221 3451 δὴ
3252 3382 3431 3452 μόνον,
3465 3380 3601 3433 ἀλλά
3623 3378 3718 3431 καὶ

2145 3485 2241 3546 τὰς
2304 3482 2694 3553 στρατηγικὰς.
2741 3480 3023 3548 διεπτόητο
3075 3472 3308 3546 ἰσχυρῶς
3343 3488 3358 3502 θ
3419 3471 3717 3543 χρημάτων

2146 3578 2411 3648 κρείττων
2476 3576 2521 3607 ⁶¹
2568 3575 2732 3637 αὐτὸς
2804 3573 2881 3626 ὣν
2942 3572 3068 3633 τοὺς
3144 3567 3511 3640 ἀδωροτάτους
3585 3566 3719 3619 πάν-

2143 3687 2251 3721 των
2305 3667 2644 3738 προέκρινεν,
2701 3663 3014 3735 ἀριστίνδην
3077 3661 3283 3722 πάντας
3316 3697 3330 3722 ,
3361 3656 3474 3709 ἀλλ’
3507 3656 3568 3708 οὐ
3620 3671 3719 3707 κα-

2143 3763 2212 3815 τὰ
2267 3760 2497 3814 πλοῦτον
2553 3758 2749 3829 τιμῶν.
2804 3756 2913 3809 Kal
2962 3752 3308 3820 δικαιοσύνης
3341 3750 3441 3820 μὲν
3480 3744 3721 3817 ἐραστὴς

2140 3852 2395 3921 λέγεσθαι
2418 3849 2689 3914 ἐϐούλετο,
2712 3847 2813 3900 οὐκ
2839 3846 3051 3914 ἐγίνετο
3079 3845 3136 3897 δέ
3163 3860 3175 3873 ·
3213 3842 3352 3913 πλὴν
3383 3840 3721 3894 ἀντεποιεῖτο

2141 3947 2363 4014 ταύτης,
2403 3945 2495 3998 καὶ
2542 3942 2743 4004 πολλὰς
2772 3939 2882 3992 τῶν
2919 3938 3155 4009 κρίσεων
3189 3934 3256 3988 δι’
3302 3933 3497 3986 ἑαυτοῦ
3529 3930 3719 3996 ἐξεπέ-

2143 4054 2293 4107 ραινε
2353 4037 2492 4089 κατὰ
2534 4036 2592 4087 τὸ
2623 4030 2936 4086 Λαυσιακὸν
2988 4027 3387 4096 ἐγκαθήμενος.
3424 4023 3532 4076 Καί
3589 4039 3720 4074 ποτε

2139 4130 2203 4199 δή
2226 4147 2369 4192 τινος
2394 4127 2653 4195 ἕγκλησιν
2691 4122 2828 4194 πρὸς
2862 4119 3023 4174 αὐτὸν
3064 4115 3432 4187 ποιησαμένου
3471 4114 3600 4186 περὶ
3625 4129 3719 4187 χυ-

2140 4221 2325 4283 ναικὸς
2357 4219 2632 4290 ἁρπαγῆς,
2667 4216 2749 4279 ὡς
2797 4214 2898 4284 τὴν
2931 4211 3126 4266 ἑαυτοῦ
3159 4229 3243 4275 τις
3281 4210 3391 4264 τῶν
3440 4207 3720 4279 ἐπιφανῶν

2137 4313 2445 4383 ἀνηρπάκει
2478 4310 2706 4380 ἀνδρῶν,
2741 4309 2833 4362 καὶ
2866 4308 2948 4360 ὅτι
2987 4304 3121 4359 Οὐδὲ
3140 4304 3312 4375 λόγων
3346 4304 3605 4374 ἠξίωμαι,
3640 4299 3717 4367 τῷ

446 4395 716 4448 nimirum
751 4394 1049 4448 illustrimn
1078 4393 1299 4463 quidam
1340 4393 1582 4448 virorum
1616 4392 1907 4460 rapuisset,
1936 4406 2036 4443 nec

2146 4412 2371 4481 ὑπάρχῳ
2396 4410 2658 4472 πολλάκις
2715 4407 3027 4479 διενοχλῶν,
3076 4407 3288 4460 ἐκεῖνον
3331 4404 3451 4473 μὲν,
3483 4399 3713 4464 ἐπείπερ

460 4487 750 4558 przei‘ectus
777 4486 975 4555 sacpius
1008 4486 1381 4557 interpellatus
1416 4487 1535 4555 ejus
1569 4486 1732 4538 ullam
1763 4482 2029 4537 rationem

2146 4479 2385 4573 αὐθωρδν
2438 4501 2796 4573 παραστάντα
2839 4499 3014 4564 οὕτως
3052 4499 3197 4569 ἔχειν
3238 4490 3709 4561 ὲπεμαρτὺρησενν

462 4581 763 4645 habuisset,
809 4579 960 4634 illum
1013 4580 1230 4649 quidem
1282 4580 1465 4634 statim
1520 4579 1637 4634 sisti
1678 4578 1893 4648 jussum
1943 4590 2037 4630 ne-

447 4672 757 4742 egleeueque
794 4674 948 4725 reum
1000 4672 1255 4742 justitiae,’
1278 4672 1499 4725 testium
1533 4668 1877 4739 depositione
1914 4682 2035 4738 per-

459 4773 674 4827 actum,
714 4779 890 4833 poenae
941 4764 1190 4829 addixit,
1238 4778 1459 4818 cessare
1510 4763 1663 4816 illmn
1715 4760 1918 4833 jubcns
1951 4777 2038 4816 se.

458 4852 753 4922 vei-iusque
800 4857 1145 4924 corripiens,
1199 4857 1507 4911 adulterum
1559 4870 1688 4910 vero
1733 4854 1834 4926 legi
1894 4853 2036 4908 tradi

450 4948 731 5019 .prmcepit.

468 5036 477 5041 ’
524 5040 615 5095 ‘20.
666 5040 867 5093 Verum
920 5038 1005 5095 his
1066 5040 1155 5094 ille
1208 5043 1282 5096 rei
1336 5045 1569 5115 publica:
1629 5045 2028 5107 blandicbatur,

443 5134 681 5203 ejusque
711 5134 815 5189 sibi
841 5134 1296 5198 benevolentiam,
1339 5148 1395 5191 ut
1428 5138 1501 5191 ita
1525 5139 1726 5201 dicam,
1758 5153 2031 5209 caupona-

455 5225 637 5278 batur.
669 5226 748 5279 Ad
779 5225 939 5280 (idem
998 5235 1177 5281 autem
1238 5227 1382 5297 quod
1435 5240 1644 5297 speetat
1674 5244 1739 5284 ac
1774 5231 2027 5300 pietatem

450 5316 613 5371 valde
668 5319 997 5388 insaniebat,
1044 5329 1103 5375 ut
1140 5336 1241 5376 nec
1265 5320 1435 5375 Deum
1486 5323 1775 5377 nominare
1805 5340 1835 5379 e
1864 5339 1923 5381 re
1956 5324 2026 5376 illi

454 5408 859 5478 honestumque
883 5413 1182 5468 videretur.
1217 5411 1352 5467 Nam
1386 5430 1509 5469 cum
1545 5416 1877 5473 tricennales
1901 5434 2023 5474 cum

455 5498 690 5567 llunnis,
730 5516 869 5571 quos
900 5503 1165 5576 Bulgaros
1200 5519 1416 5573 vocant,
1451 5508 1705 5563 ineundae
1734 5509 1811 5564 illi
1839 5521 2027 5567 essent

448 5592 687 5648 inducta:
739 5594 999 5665 pacisque
1051 5595 1258 5653 fmdera
1307 5598 1668 5670 jurejurando
1733 5601 2023 5673 ﬁrmanda,

2137 4596 2216 4657 εἰς
2262 4593 2491 4656 εὐθύνας
2530 4588 2633 4663 ἦγε
2663 4593 2761 4663 τῆς
2789 4593 2965 4663 ἀρχῆς
2997 4587 3340 4659 μεταστήσας
3372 4581 3462 4633 καὶ
3486 4578 3711 4657 πικρίαν

2138 4686 2338 4758 πολλὴν
2367 4687 2641 4757 καταχέας
2676 4682 2858 4747 αὐτοῦ,
2893 4682 2984 4734 τὸν
3007 4680 3064 4733 δὲ
3097 4675 3280 4747 μοιχὸν
3314 4674 3463 4744 νόμῳ
3489 4669 3712 4740 ὲκδοῡῆ-

2134 4798 2222 4834 ναι
2254 4782 2641 4851 προστέταχεν.

2212 5054 2281 5101 κ’.
2331 5045 2493 5099 Ἀλλὰ
2519 5043 2729 5105 τούτοις
2769 5040 2867 5111 μὲν
2888 5038 2986 5109 τὴν
3017 5035 3291 5090 πολιτείαν
3315 5031 3425 5086 οἷον
3453 5030 3710 5089 ύπέσαινε

2140 5141 2233 5194 καί
2256 5138 2355 5209 τὴν
2396 5136 2527 5207 πρὸς
2563 5134 2762 5196 αὑτὸν,
2805 5131 2880 5194 ὼς
2912 5129 2977 5183 ἂν
3010 5129 3152 5181 εἴποι
3188 5141 3303 5187 τις,
3340 5121 3552 5179 εὔνοιαν
3580 5121 3710 5172 ὲκα-

2139 5231 2412 5302 πήλευσεν
2437 5244 2450 5258 ·
2495 5226 2628 5297 περὶ
2659 5225 2718 5279 δὲ
2754 5223 2854 5293 τὴν
2893 5222 3074 5273 πίστιν
3104 5215 3361 5287 ἐμαίνετο
3394 5211 3670 5284 κραταιῶς
3695 5250 3710 5275 ,

2138 5323 2391 5378 τοσοῦτον
2422 5320 2497 5383 ὡς
2531 5318 2667 5389 μηδὲ
2697 5315 2831 5369 Θεὸν
2865 5310 3153 5381 ὀνομάζειν
3184 5309 3358 5363 ἐδόκει
3388 5306 3563 5375 τούτῳ
3605 5320 3711 5359 κα-

2136 5418 2248 5471 λόν.
2288 5413 2400 5468 Καὶ
2438 5412 2550 5482 γὰρ
2579 5410 2681 5474 τὰς
2715 5402 3136 5476 τριακοντούτας
3167 5400 3402 5463 σπονδὰς
3435 5400 3545 5459 τοῖς
3575 5393 3711 5446 Οὕν-

2135 5528 2245 5573 νοις
2274 5510 2336 5581 δὴ
2365 5509 2575 5569 τούτοις
2597 5507 2712 5566 τοῖς
2738 5501 3095 5572 καλουμένοις
3127 5498 3460 5569 Βουλγάροις
3499 5492 3711 5561 ἐνωμό-

2132 5621 2240 5668 τως
2271 5602 2439 5656 ποιῶν
2468 5602 2563 5656 καὶ
2598 5595 2887 5669 εἰρηνικὰς
2926 5594 3229 5668 συμϐάσεις
3265 5586 3709 5661 καταπραττόμε-

1779 5695 2015 5754 VARIA'J
2056 5695 2465 5756 LECTIONES.

520 5777 564 5809 ⁸ο
599 5776 816 5846 ύποθείς
847 5780 869 5836 ?
945 5780 985 5813 υ
1018 5782 1311 5852 χρημάτων
1346 5783 1453 5853 γὰρ
1487 5800 1576 5856 κρ.
1610 5786 1633 5838 ?
