4038 6214
415 285 493 355 Π
1531 299 2033 361 THEOPHANES
2082 299 2639 364 CONTINUATUS.
3585 319 3655 385 Β

416 409 530 462 sive
586 406 866 474 abdicans,
900 407 1044 463 velut
1096 407 1219 462 inde
1267 406 1368 463 sibi
1398 408 1544 462 dicto
1598 407 1878 462 audientes
1907 407 1977 462 fa-

2092 426 2189 478 χου
2247 408 2375 472 θέας
2423 409 2715 482 πόρρωθεν
2771 413 3045 470 καθιστῶν
3105 418 3202 470 καὶ
3261 418 3655 493 ἀποκηρύττων

389 510 603 558 ‘cturns
633 511 796 558 esset.
824 501 1006 557 Multis
1035 512 1216 557 tamen
1257 503 1412 556 bona:
1460 499 1819 555 confessionis
1852 517 1978 554 sns-

415 594 674 663 tripicnda:
701 602 892 649 auctor
917 593 1146 656 exstitit,
1192 609 1299 663 qua
1347 600 1665 647 constantes
1701 591 1820 644 ﬁdei
1863 591 1981 643 ath-

414 687 533 740 letae
567 686 830 741 ohaudirc
864 695 1098 757 tyranno
1140 686 1383 742 noluere.

481 779 570 833 2|.
627 779 766 833 Deus
821 777 1097 848 autem(o
1153 792 1317 848 quam
1381 777 1469 831 ille
1496 790 1603 830 non
1659 773 1864 845 rigidus
1889 783 1981 827 aut

413 871 580 936 acris,
603 868 700 924 sed
724 869 939 939 patiens
962 865 1274 936 mitisque!)
1299 865 1536 934 gladium
1555 863 1773 934 quidem
1803 865 1906 916 \‘lltl
1923 880 1978 917 a-

413 964 524 1022 bat,
557 973 655 1012 nec
685 969 862 1012 tamen
901 955 1147 1012 feriebat.
1170 954 1307 1008 Nam
1342 955 1502 1009 modo
1529 953 1744 1024 quidem
1780 953 1895 1006 lues
1926 961 1976 1005 et

412 1053 694 1124 squalores
747 1051 986 1119 solisque
1050 1047 1203 1102 nimii
1251 1047 1466 1119 algores
1501 1087 1517 1112 ,
1570 1046 1730 1100 modo
1796 1055 1978 1100 autem

412 1159 571 1203 terrm
602 1156 782 1202 motus
821 1161 881 1216 ac
912 1143 1248 1211 eruptiones,
1278 1141 1605 1210 quandoque
1648 1140 1810 1193 etiam
1834 1137 1979 1191 llam-

409 1256 511 1295 mze
544 1239 750 1296 similes
785 1243 935 1289 vasto
960 1247 1082 1287 aere
1123 1231 1534 1302 ejaculationcs,
1555 1231 1693 1283 alias
1722 1229 1976 1299 denique,

408 1348 530 1405 quae
589 1330 857 1384 malorum
906 1329 988 1378 vis
1037 1325 1296 1389 maxima,
1331 1322 1661 1378 domesticos
1712 1322 1979 1376 tumultus

408 1445 472 1484 ac
510 1428 809 1482 seditiones
842 1423 949 1477 illis
980 1422 1301 1476 intentabat.
1328 1418 1584 1474 Celtiberi
1639 1428 1820 1472 tamen
1869 1434 1975 1470 non

410 1529 639 1591 poterat.
673 1519 789 1572 suis
818 1517 1050 1586 agrestis
1110 1529 1284 1576 more,
1325 1513 1378 1566 in
1423 1526 1663 1580 praeceps
1718 1509 1978 1580 degrava-

408 1624 493 1667 tus
541 1613 778 1664 animus.
821 1605 1063 1661 Tandem
1094 1605 1257 1673 igitur
1298 1603 1486 1659 tardus
1518 1602 1607 1659 ille
1639 1602 1882 1674 quidem,
1921 1610 1977 1654 at

407 1703 568 1773 «ιυῖυε
625 1701 784 1755 letale
824 1699 1044 1761 vulnus,
1073 1713 1103 1752 a
1148 1697 1256 1751 Deo
1303 1696 1530 1766 gladius.
1585 1693 1973 1765 proficiscitur,

409 1771 704 1848 utinterim
756 1791 942 1846 clavus
973 1790 1183 1844 clavum
1223 1788 1404 1843 trudat
1452 1787 1769 1858 malumque
1835 1771 2051 1847 malo.B

408 1887 708 1942 medeatur.
744 1883 972 1939 Michael
1007 1883 1053 1937 is
1106 1890 1245 1945 erat,
1287 1880 1376 1951 qui
1426 1891 1539 1936 tum
1582 1879 1976 1936 ftet'leratornm

407 1977 787 2049 praefecturam
824 1989 1037 2046 gerens,
1094 1971 1395 2042 majestatis
1453 1971 1685 2027 crimine
1739 1971 1976 2035 delatus,

407 2075 495 2128 vix
532 2070 816 2140 multoque
869 2065 978 2139 34.
1012 2066 1199 2121 labore
1223 2065 1354 2120 illud
1383 2081 1413 2119 a
1463 2080 1521 2120 se
1559 2065 1827 2136 depellere
1881 2080 1978 2136 po-

408 2175 606 2220 tuerat.
662 2161 863 2217 Verum
892 2160 1140 2214 futurum
1199 2167 1315 2213 erat
1353 2165 1412 2211 ut
1454 2173 1614 2228 quem
1670 2161 1768 2213 sub
1815 2159 1976 2214 dente

405 2269 619 2326 semper
653 2253 901 2316 haberet,
928 2249 982 2304 in
1011 2265 1222 2304 ntorem
1265 2248 1540 2304 dilaniata:
1569 2248 1802 2301 vietima:
1830 2247 1974 2302 haud

405 2348 562 2416 longe
613 2342 1108 2414 _post__ostenderet.
1144 2339 1313 2393 Porro
1372 2337 1638 2399 Michael,
1673 2337 1976 2408 prrccipitis

406 2439 760 2508 procacisque
799 2435 994 2502 lingua:
1023 2433 1153 2485 vitio
1180 2441 1436 2486 assuetus
1459 2445 1580 2484 cum
1618 2440 1784 2492 esset,
1828 2430 1975 2484 feros

405 2532 602 2589 Leonis
641 2544 818 2584 tuor-es
867 2525 1206 2589 traducendi,
1245 2523 1389 2576 velut
1437 2538 1562 2576 cum
1624 2523 1716 2575 illo
1759 2522 1976 2576 adultus

405 2627 618 2695 sibique
662 2618 1002 2676 fortitudinis
1053 2616 1214 2670 laude
1264 2615 1508 2686 placens.
1567 2613 1776 2667 nullum
1813 2613 1974 2667 linem

403 2717 658 2775 faciebat.
690 2711 1053 2777 Leuautem(
1099 2722 1206 2762 non
1254 2707 1397 2761 enim
1435 2706 1530 2776 qui
1585 2707 1830 2760 omnium
1878 2705 1976 2760 do—

404 2813 590 2868 minus
615 2809 710 2874 sit,
745 2806 814 2861 ab
833 2818 951 2858 uno
979 2802 1148 2857 stulto
1174 2799 1387 2855 iubens
1427 2799 1652 2854 omnino
1693 2800 1974 2869 .patiatur,

404 2905 512 2967 nisi
561 2917 621 2957 re
657 2913 785 2955 vera
818 2912 926 2952 non
969 2896 1212 2950 virorum
1249 2893 1421 2962 magis
1458 2906 1628 2962 quam
1680 2892 1772 2945 ira:
1807 2893 1977 2960 impe-

403 2998 485 3064 rio
511 2991 729 3064 polleat)
749 2988 899 3043 viros
929 2984 1120 3041 statuit
1147 2983 1358 3040 occulte
1396 2983 1458 3037 .in
1493 2982 1713 3037 insidiis
1748 2982 1972 3036 auscul-

408 3098 650 3150 taturus,
677 3092 734 3136 ut
756 3081 904 3136 .velut
933 3078 1144 3134 rimulae
1184 3076 1304 3146 ejus
1351 3075 1418 3129 ad
1453 3075 1628 3145 ipsum
1691 3089 1975 3129 sermones
2003 3116 2048 3172 Ε

404 3175 780 3247 perveherent.
814 3171 1025 3226 Etenim
1059 3175 1375 3238 suspectum
1425 3166 1660 3220 habebat
1690 3167 1832 3235 quod
1860 3176 1978 3220 erat

404 3271 675 3329 futurum,
727 3278 826 3317 nec
863 3259 1308 3314 Philomeliensis
1342 3255 1596 3311 monachi
1657 3254 1976 3312 vaticinium

403 3361 524 3432 eius
557 3337 743 3416 animo
786 3355 1084 3418 exciderat,
1139 3367 1249 3422 quo
1281 3351 1326 3406 is
1374 3349 1679 3406 secundum
1739 3364 1768 3403 a
1798 3348 1977 3404 Leone

403 3453 752 3511 salutandum
822 3450 1204 3516 imperatorem
1297 3441 1614 3496 Michaeletn
1710 3440 1974 3494 edixerat.

405 3547 606 3601 Eorum
655 3540 750 3612 qui
781 3539 1134 3593 observarent
1188 3549 1331 3589 unus
1392 3546 1610 3602 quoque
1646 3529 1977 3585 llcxabulius

403 3644 541 3700 erat,
571 3632 682 3689 acri
713 3629 930 3684 scilicet
963 3627 1044 3680 vir
1068 3625 1295 3696 ingenio
1315 3665 1332 3692 ,
1373 3640 1439 3679 ac
1471 3624 1563 3693 qui
1630 3623 1866 3678 hominis
1891 3621 1941 3674 in
1962 3653 1974 3662 -

405 3729 584 3793 delent
627 3723 958 3795 geniumque
991 3718 1507 3788 explorareposset.
1533 3714 1759 3770 Interim
1792 3715 1972 3784 igitur,

409 3838 531 3876 runt
578 3817 835 3873 eﬂ‘rcnem
877 3812 1027 3866 illam
1078 3809 1299 3866 dicendi
1354 3825 1418 3865 ac
1476 3807 1760 3862 deridendi
1799 3807 1974 3861 licen—

404 3917 532 3968 tiam
565 3909 789 3966 minime
824 3905 1165 3976 reprimeret,
1205 3918 1269 3958 ac
1297 3903 1447 3957 velut
1490 3901 1835 3956 turbulentus
1869 3899 1971 3952 litt-

404 4007 524 4058 vius
557 4002 744 4056 limum
778 4012 997 4051 omnem
1031 3996 1340 4066 importune
1375 3991 1645 4048 ebulliens
1674 4001 1972 4047 extremam

403 4095 574 4152 Leoni
605 4089 899 4163 perniciem
953 4104 1016 4144 ac
1077 4087 1356 4144 interitum
1404 4086 1770 4142 comminatus
1807 4094 1973 4150 esset,

404 4204 470 4260 ac
493 4188 540 4243 si
573 4201 679 4256 qua
739 4184 918 4238 malus
950 4180 1103 4236 furor
1144 4180 1342 4244 alebat,
1386 4178 1565 4233 verbis
1608 4177 1973 4247 produxisset,

403 4299 463 4338 re
479 4279 574 4336 .ad
607 4279 846 4334 Leonem
891 4275 1064 4332 delata
1091 4271 1380 4327 confestim
1438 4269 1653 4341 rapitur
1687 4270 1803 4340 ipsa
1863 4269 1971 4325 die.

400 4373 685 4430 Postremo
707 4367 1039 4424 delatoribus
1058 4364 1429 4421 accusationis
1445 4361 1974 4432 capitacontirman-

2084 500 2300 566 αὐτοὺς,
2334 501 2410 564 ὡς
2438 501 2516 573 τῷ
2557 504 2745 576 οίκείῳ
2777 505 3073 578 βουλήματι
3116 511 3429 582 πειθηνίους
3465 534 3654 590 κατερ-

2083 592 2418 664 γαζόμενος,
2452 595 2683 660 πολλοὺς
2722 599 2823 669 τὴν
2864 599 3038 672 καλὴν
3069 601 3472 675 ἁναιρήσασθαι
3521 629 3656 682 μαρ-

2081 685 2272 756 τυρίαν
2303 687 2582 751 πεπεικὼς
2610 688 2688 760 τῷ
2711 707 2774 758 γε
2806 690 2883 762 μὴ
2912 693 3200 765 πεισθῆναι
3229 697 3400 767 αὐτῷ.

2152 775 2257 832 κα’.
2290 777 2422 842 Θεὸς
2457 779 2538 848 δὲ,
2555 775 2664 845 οἷος
2699 783 2902 854 τρόπος
2935 785 3154 854 ἐκείνου.
3177 789 3237 841 οὐ
3273 790 3525 857 σύντονός
3552 811 3656 862 τις,

2082 869 2220 924 ἀλλὰ
2265 871 2640 944 μακρόθυμος,
2683 874 2784 945 τὴν
2813 878 3089 948 ῥομφαίαν
3121 880 3370 936 ὲστίλσου
3401 867 3655 955 nenae;

2081 963 2235 1032 ἠφίει
2267 963 2343 1018 δέ.
2371 964 2487 1019 Νῦν
2516 966 2615 1037 μὲν
2647 967 2757 1039 γὰρ
2791 970 2974 1034 αὐτοῖς
2999 971 3177 1042 λοιμοὶ
3204 977 3298 1028 κοιλ⁵
3321 976 3525 1048 αὐχμοὶ
3563 984 3654 1034 καὶ

2081 1055 2332 1126 διάπυροι
2368 1059 2534 1128 ἣλιοι,
2564 1059 2659 1113 νῦν
2686 1061 2752 1114 ’δὲ
2793 1065 3006 1133 σεισμοὶ
3033 1065 3127 1119 καὶ
3155 1069 3525 1142 ἀναδρασμοὶ,
3560 1075 3653 1125 καὶ

2082 1146 2270 1202 ἄλλοτε
2323 1149 2517 1217 φλογὸς
2564 1147 2652 1203 οἷα
2695 1153 2833 1206 κατὰ
2886 1153 2980 1206 τοῦ
3016 1156 3179 1226 ἀέρος
3207 1159 3651 1228 ἀκοντίσεις,καὶ

2083 1238 2351 1309 ἑτέρωθεν
2383 1240 2643 1310 ,ἐμφύλιοι
2693 1244 2910 1308 στάσεις
2956 1246 3064 1299 τῶν
3105 1248 3291 1302 δεινῶν
3321 1252 3389 1305 τὰ
3429 1256 3650 1324 ἀκμαιόο

2081 1347 2220 1402 τατα
2247 1331 2578 1386 ὲπεσείοντο.
2624 1334 2763 1386 ’Λλλ’
2795 1337 2894 1388 οὐκ
2923 1332 2991 1408 ἦν
3015 1339 3238 1412 ἐκείνην
3273 1343 3514 1414 ἐπισχεῖν
3557 1348 3651 1419 τὴν

2078 1423 2259 1494 ψυχὴν
2276 1463 2291 1488 ,
2326 1423 2454 1488 συὸς
2480 1425 2634 1498 δίκην
2660 1428 2800 1482 κατὰ
2828 1431 3075 1500 κρημνοῦ
3101 1432 3487 1505 ἐπιϐρίσασαν.
3532 1439 3648 1491 Ἐν·-

2079 1517 2267 1570 τεῦθεν
2319 1517 2415 1586 ὀψὲ
2453 1517 2584 1586 γοῦν
2629 1519 2725 1573 καὶ
2771 1522 2999 1592 καιρίως
3043 1523 3355 1595 πλήττουσα
3405 1527 3648 1601 μάχαιρα

2082 1609 2231 1680 παρὰ
2281 1609 2376 1676 τοῦ
2421 1609 2556 1664 Θεοῦ
2601 1612 3034 1684 ἐκπεπόρευται,
3076 1617 3144 1669 ἶν’
3171 1618 3288 1690 ἥλῳ
3331 1620 3471 1682 τέως
3519 1618 3649 1695 ἧλος

2079 1702 2386 1773 ἐκκρουσθῇ
2428 1703 2521 1755 καὶ
2558 1705 2728 1758 κακὸν
2762 1706 2838 1776 τῷ
2873 1707 3031 1778 κακῷ
3065 1709 3210 1780 ἰαθῇ.
3245 1712 3465 1784 Μιχαὴλ
3493 1714 3648 1768 τοῦτο

2079 1789 2184 1863 ἦν,
2223 1792 2278 1856 ὃς
2313 1793 2414 1864 τὴν
2459 1795 2792 1865 φοιδεράτων
2823 1799 2944 1852 τότε
2990 1799 3393 1873 ἐπειλημμένος
3441 1806 3647 1878 ἀρχὴν,

2080 1885 2390 1956 ἐγκλήματι
2445 1889 2826 1953 καθοσιώσεως
2876 1892 3070 1956 ἁλοὺς,
3133 1895 3284 1966 μόγῳ
3328 1896 3509 1968 πολλῷ
3555 1900 3651 1952 καὶ

2079 1977 2234 2048 κόπῳ
2293 1979 2696 2050 ἀποτρίψασθαι
2762 1983 3001 2054 ἴσχυσεν.
3080 1987 3222 2040 Ἀλλ’
3278 1987 3500 2059 ἔμελλεν
3559 1993 3648 2046 ὑπ’

2078 2068 2267 2124 ὀδόντα
2313 2070 2503 2124 τοῦτον
2547 2071 2687 2142 ἔχων
2735 2073 2824 2127 ἀεὶ
2872 2074 3128 2147 καθάπερ
3174 2077 3649 2150 διαπεπραγμένοι

2081 2161 2277 2231 ίερεῖον
2306 2160 2475 2228 δεῖξαι
2519 2164 2620 2218 οὐκ
2659 2166 2736 2228 είς
2773 2167 3012 2237 μακρὰν.
3055 2168 3267 2233 "Anci;
3297 2170 3399 2240 μὲν
3427 2171 3536 2245 γὰρ
3569 2174 3652 2241 ἐξ·

2079 2255 2236 2324 ήσκει
2258 2255 2508 2323 γλῶσσαν
2537 2259 2565 2311 ὁ
2589 2259 2807 2330 Μιχαὴλ
2827 2260 3094 2330 πρόλαλόν
3115 2279 3174 2314 τε
3203 2263 3298 2317 καὶ
3317 2265 3530 2335 ἰταμὸν,
3557 2269 3651 2321 καὶ

2079 2348 2177 2420 τὴν
2209 2349 2375 2404 αὑτοῦ
2427 2351 2526 2404 οὐκ
2560 2351 2754 2420 ἔληγεν
2805 2353 3172 2424 ὲκπομπεὺων
3225 2355 3647 2427 θηριοτροπῖαν,

2079 2441 2175 2495 ἆτε
2207 2441 2271 2513 δὴ
2304 2440 2454 2512 αὐτῷ
2485 2443 2580 2496 καὶ
2609 2443 2966 2514 συναυξηθεὶς
2999 2445 3090 2498 καὶ
3118 2448 3183 2517 τῇ
3215 2448 3278 2504 ὲκ
3309 2448 3491 2519 χειρὸς
3524 2458 3650 2520 γαν.

2079 2533 2308 2604 νύμενος
2338 2534 2698 2606 ἀνδρειότητι.
2745 2535 2804 2588 '0
2847 2535 2997 2589 Λέων
3022 2535 3077 2589 δὲ
3119 2537 3201 2607 (οὒ
3241 2540 3396 2611 φέρει
3430 2541 3537 2614 γάρ
3566 2561 3650 2608 τις

2079 2625 2298 2678 παντων
2349 2626 2571 2694 κρατῶν
2621 2627 2740 2690 ἑνὸς
2795 2627 3062 2695 ἡττᾶσθαι
3113 2630 3330 2701 μωροῦ,
3379 2633 3427 2685 εί
3467 2636 3538 2703 μή
3584 2652 3647 2702 γε

2079 2719 2249 2781 ὅντως
2292 2717 2392 2771 οὐκ
2439 2718 2669 2788 ἀνδρῶν,
2700 2718 2834 2772 ἀλλὰ
2885 2719 2980 2771 καὶ
3031 2721 3204 2790 θυμοῦ
3262 2721 3510 2791 βασιλεὺς
3550 2745 3648 2779 κα-

2078 2807 2284 2877 ταστῇ)
2319 2808 2674 2872 ὠτακουστὰς
2704 2827 2861 2872 τινας
2884 2810 3061 2880 τούτῳ
3094 2812 3248 2881 λόχον
3278 2815 3644 2888 κατέστησεν,

2079 2895 2151 2957 ὡς
2183 2896 2248 2948 ἂν
2281 2895 2371 2949 διά
2411 2914 2555 2962 τινος
2603 2897 2901 2968 πορθμείου
2954 2898 3359 2964 διαϐιϐάζοιντο
3409 2902 3554 2972 λόγοι
3597 2908 3646 2960 οἱ

2079 2986 2241 3040 αὐτοῦ
2269 3005 2280 3016 ·
2322 2989 2417 3042 καὶ
2458 2989 2566 3059 γὰρ
2608 2990 2857 3043 ὑπείδετο
2899 2991 2960 3042 τὸ
2993 2992 3224 3062 μέλλον,
3265 2995 3366 3064 τῆς
3409 2997 3550 3051 κατά
3587 3000 3648 3052 τὸ

2078 3081 2401 3150 Φιλομήλιον
2449 3084 2811 3154 προρρήσεως
2859 3083 3276 3155 ὲξημδλωκυίας
3329 3090 3431 3159 τῆς
3473 3091 3644 3145 αὐτοῦ

2079 3172 2257 3241 ψυχῆς
2287 3174 2572 3243 μηδαμῶς,
2608 3175 2642 3244 ἢ
2672 3174 2763 3227 τὸν
2785 3175 3004 3247 Μιχαὴλ
3023 3177 3276 3249 δεύτερον
3305 3180 3397 3233 τοῦ
3421 3181 3647 3247 Λέοντος

2079 3263 2462 3334 ἀναρρηθῆναι
2488 3265 2914 3336 διωμολόγησεν.
2952 3267 3168 3320 Τούτων
3191 3269 3302 3325 τῶν
3331 3272 3646 3341 ὲφεδρευόν-

2079 3371 2186 3406 των
2227 3349 2307 3417 εἷς
2339 3351 2407 3425 ἦν
2444 3356 2536 3409 καλ⁸
2578 3356 2939 3422 Ἐξαὸούλιος,
2975 3357 3114 3428 ἀνὴρ
3158 3353 3270 3422 οἶός
3314 3377 3371 3413 τε
3404 3361 3479 3413 ὢν
3517 3359 3643 3430 ἦθος

2080 3448 2173 3499 καὶ
2219 3445 2382 3514 φύσιν
2409 3446 2704 3518 ἀνθρώπου
2751 3447 3114 3518 καταμαθεῖν.
3178 3449 3265 3512 Ὠς
3312 3447 3404 3505 οῦν
3449 3452 3644 3523 χρόνου

2082 3534 2359 3605 προϊόντος
2391 3538 2491 3590 οὐκ
2531 3537 2760 3592 ἐνεδίδου
2791 3540 2888 3610 τῆς
2935 3541 3334 3613 ἀθυροστομίας
3382 3547 3518 3617 μηδὲ
3549 3547 3643 3601 τοῦ

2077 3626 2390 3698 τωθασμοῦ,
2421 3629 2536 3683 ἀλλ’
2591 3625 2704 3684 οἶόν
2738 3649 2831 3694 »τις
2865 3633 3138 3702 κυματίας
3191 3636 3644 3708 πᾶσαν-ἀκαίρως

2083 3717 2196 3771 ἱλὶιν
2241 3720 2534 3790 ἐξέθρασεν
2565 3723 2842 3794 ποταμὸς,
2875 3725 3138 3797 ἠπείλησε
3181 3727 3260 3798 τῷ
3289 3728 3475 3783 Λέοντι
3509 3749 3644 3784 παν.

2077 3808 2274 3866 ώλειαν
2287 3813 2380 3866 καὶ
2408 3814 2491 3884 (Ρ.
2513 3813 2605 3887 22)
2631 3817 2744 3871 ἄλλ’
2766 3816 2903 3872 ἅττα
2921 3818 3096 3890 θυμὸς.
3113 3821 3372 3893 ἐτρέφετο
3393 3825 3644 3896 πονηρὸς,

2078 3904 2423 3974 ἀνεπέμπετο
2478 3908 2535 3961 δὲ
2585 3908 2758 3962 ταῦτα
2811 3911 2949 3981 πρὸς
2986 3911 3252 3981 βασιλέα,
3303 3916 3646 3986 ἁνάρπαστο,

2077 3995 2287 4064 γίνεται
2319 3997 2377 4062 ἐξ
2407 3997 2575 4066 αὐτῆς
2594 4039 2610 4065 ,
2644 3999 2739 4052 καὶ
2765 3999 2916 4062 τέλος
2945 4003 3052 4053 τῶν
3087 4001 3421 4072 ἐλεγχόντων
3449 4006 3517 4058 τὰ
3549 4007 3646 4076 τῆς

2078 4091 2411 4160 κατηγορίας
2437 4091 2923 4160 κατεμπεδοόντων
2951 4093 3300 4148 κατατίθεται
3331 4099 3647 4167 τυραννίδος

2077 4181 2321 4234 ἐπίθεσιν
2355 4182 2630 4252 μελετῶν.
2694 4183 2908 4254 Ἡμέρα
2939 4180 3008 4255 ἦν
3046 4188 3352 4257 προτεραία
3387 4189 3490 4260 τῆς
3523 4192 3647 4245 καθ’

2077 4274 2223 4343 ἡμᾶς
2245 4272 2340 4325 τοῦ
2369 4272 2542 4340 Λόγου
2585 4272 2822 4344 Χριστοῦ
2853 4274 2947 4327 τοῦ
2987 4275 3122 4330 θεοῦ
3155 4279 3189 4348 ἡ
3200 4278 3318 4347 μῶν
3357 4280 3646 4351 ἐπιδημίας

2075 4379 2134 4414 τε
2167 4362 2260 4415 καὶ
2293 4361 2642 4434 σ-αρκώσεως.
2681 4365 2834 4417 Ἐπεὶ
2867 4364 2998 4434 γοῦν
3029 4368 3296 4423 πάντοθεν
3326 4371 3644 4439 κατάφωρος

403 4467 551 4521 tibtts
601 4463 864 4519 adfectatae
901 4459 1224 4536 ,tyrannidis
1261 4472 1324 4512 ac
1357 4457 1661 4526 majestatis
1698 4469 1826 4508 rens
1878 4454 1973 4508 de-

2079 4450 2371 4520 ὲγεγένητο
2403 4451 2566 4504 αὐτοῦ
2606 4450 2699 4505 τοῦ
2731 4453 2993 4522 βασιλέως
3028 4458 3086 4513 ἐν
3122 4461 3232 4521 τοῖς
3262 4459 3644 4528 ὰσηκρητείοις
3683 4515 3702 4534 ⁸

402 4557 666 4613 cernitur.
691 4553 874 4609 Pridie
921 4552 1129 4608 Christi
1165 4550 1321 4604 \'crhi
1373 4548 1546 4604 nostri
1571 4544 1973 4602 natalisistltwc

405 4648 728 4714 agebantur.
761 4643 900 4712 Quia
938 4659 1068 4716 ergo
1103 4644 1311 4698 crimen
1335 4640 1574 4710 undique
1629 4637 1972 4708 exploratum

401 4739 540 4801 erat,
571 4737 691 4805 ipso
711 4735 900 4791 Leone
927 4737 980 4790 in
1035 4734 1455 4791 secretariorum
1489 4731 1600 4786 aede
1639 4745 1737 4801 pro
1791 4729 1976 4783 tribu-

404 4829 516 4884 nali
537 4840 761 4883 causam
792 4825 1304 4897 cognoscente,_35
1341 4841 1440 4880 nec
1473 4824 1616 4880 ullus
1671 4822 1853 4892 etfugii
1892 4821 1973 4876 lo-

403 4937 502 4978 cus
545 4927 684 4982 erat,
712 4915 959 4986 capitalis
993 4920 1044 4970 in
1084 4932 1208 4971 eum
1241 4918 1416 4971 fertur
1444 4918 1711 4973 sententia
1739 4933 1753 4984 ;
1791 4931 1888 4970 nec
1919 4923 1978 4968 ut

403 5012 600 5081 quovis
647 5007 808 5063 modo
847 5009 966 5060 neci
1001 5005 1179 5070 detur,
1225 5008 1318 5059 sed
1351 5015 1411 5060 ιιι
1463 5008 1564 5060 sub
1613 5007 1790 5074 ipsum
1822 5005 1969 5074 prin~

401 5103 541 5171 cipis
567 5109 918 5168 conspectum
953 5095 1188 5150 acvelut
1213 5095 1330 5163 ipso
1372 5110 1559 5150 coram
1585 5107 1829 5157 auctore,
1861 5096 1974 5149 sive

401 5194 496 5247 ira:
530 5191 755 5245 affectos
781 5190 860 5242 sic
915 5186 1200 5256 impulerat
1227 5226 1241 5250 ,
1296 5187 1410 5240 sive
1467 5187 1600 5242 alias
1636 5187 1974 5241 immanitate

401 5299 526 5340 sese
553 5282 886 5343 oblectabat,
919 5293 1114 5349 nempe
1146 5285 1204 5332 ut
1230 5277 1282 5329 in
1306 5275 1539 5346 palatini
1573 5276 1752 5332 balnei
1797 5280 1972 5333 canti-

400 5393 534 5432 num
581 5374 960 5446 projiceretur,
1004 5374 1118 5429 acri
1163 5371 1276 5426 illic
1305 5369 1524 5425 flamina
1577 5371 1970 5426 absumendus.

403 5473 689 5530 Decretum
739 5478 857 5524 erat
891 5485 906 5534 ;
946 5470 1060 5538 ipse
1112 5467 1394 5538 tragoediae
1423 5466 1697 5535 inspector
1751 5465 1968 5521 futurus

399 5563 511 5620 Leo
542 5562 926 5633 praecurrebat.
955 5560 1069 5616 Sub
1101 5561 1215 5616 haec
1245 5569 1424 5614 autem
1453 5557 1762 5612 Theodosia
1806 5573 1966 5619 uxor,

397 5654 682 5711 Ars-aberis
716 5653 847 5717 tilia,
874 5651 1076 5704 inculto
1109 5650 1294 5704 habitu
1325 5660 1633 5719 temereqne
1668 5648 1782 5718 ipsa
1838 5664 1971 5717 pro-

399 5763 583 5814 ruens,
626 5744 954 5802 Baccltantis
995 5760 1141 5799 tnore
1175 5742 1471 5800 furibundo
1503 5752 1651 5798 motu
1712 5757 1831 5797 sese
1861 5742 1973 5810 agi-

2077 4540 2446 4610 ὲξετάζοντος,
2483 4547 2578 4598 καὶ
2603 4545 2847 4616 δρασμὸς
2882 4548 2986 4600 τῶν
3015 4548 3392 4623 τολμηθέντων
3423 4547 3523 4600 οὐκ
3557 4544 3642 4620 ἦν,

2077 4637 2609 4704 καταχειροτονείται
2639 4636 2737 4705 τὴν
2777 4637 2868 4688 ἐπὶ
2910 4637 3159 4698 θάνατον,
3190 4635 3284 4688 καὶ
3325 4635 3557 4689 θάνατον
3587 4641 3644 4691 οὺ

2076 4725 2288 4798 τόνδεῆ
2329 4726 2512 4792 τόνδε,
2564 4728 2679 4778 ἀλλ’
2722 4725 2789 4779 ἵν’
2816 4725 2914 4796 ἔχῃ
2965 4726 3056 4779 καὶ
3093 4725 3183 4780 τὸν
3228 4727 3454 4797 βασιλέα
3487 4730 3645 4784 αὐτὸν

2078 4816 2278 4887 θεατήν
2307 4835 2365 4870 τε
2397 4817 2492 4870 καὶ
2524 4816 2846 4886 αὐτουργὸν,
2897 4816 3006 4868 εἴτε
3038 4816 3116 4887 τῷ
3157 4817 3318 4871 πάθει
3350 4822 3447 4889 τῆς
3479 4819 3645 4890 ὀργῆς

2077 4909 2465 4980 ὲκνικὼμενον,
2512 4909 2612 4963 εἴτ’
2656 4909 2830 4973 ἄλλως
2875 4912 2943 4982 τῇ
2993 4910 3239 4982 ὠμότητι
3295 4912 3645 4983 ὲφηδόμενον,

2076 5004 2218 5057 κατὰ
2253 5003 2352 5074 τὴν
2384 5001 2478 5056 τοῦ
2515 5002 2797 5073 βασιλικοῦ
2835 5003 3120 5074 βαλανείου
3141 5004 3386 5074 ικάμινον
3411 5005 3645 5076 δριμέως

2076 5098 2368 5166 ἐκριφῆναι
2397 5096 2570 5168 πυρὸς
2606 5097 3034 5168 παραϐόσκημα.
3073 5097 3296 5169 Ὥριστο
3328 5098 3524 5163 ταῦτα,
3559 5100 3646 5151 καὶ

2075 5188 2236 5250 αὐτὸς
2265 5187 2522 5258 προέθεεν
2566 5189 2634 5241 τὰ
2669 5190 2762 5242 τοῦ
2801 5188 3463 5260 δράματοςιέποψόμενος.
3515 5190 3645 5243 Ἀλλ’

2077 5280 2109 5350 ἡ
2150 5281 2338 5333 τούτου
2383 5279 2615 5348 σύζυγος
2647 5281 2925 5350 (Θεοδοσία
2978 5276 3081 5352 ἦν,
3135 5281 3195 5334 τὸ
3226 5281 3322 5336 τοῦ
3376 5283 3643 5354 ’Λρσαὸὴτ

2077 5372 2409 5443 θυγάτριον)
2452 5371 2839 5427 ἀνασπούδασα
2877 5375 2970 5425 καὶ
3002 5373 3076 5436 ὡς
3111 5373 3272 5444 ἔτυχε
3311 5375 3543 5436 θέουσα,
3576 5374 3645 5434 ὡς

2077 5462 2139 5515 ἔκ
2169 5479 2312 5526 τινος
2343 5464 2602 5533 βακχείας
2649 5463 3084 5534 ὲξοιστρηθεῖσα,
3120 5466 3426 5518 ἀπέσπευόε
3464 5465 3644 5517 nam

2075 5557 2172 5611 καὶ
2205 5558 2306 5626 τῆς
2338 5556 2519 5626 ὁρμῆς
2565 5557 2966 5625 ὲγκατέπαυεν,
3005 5558 3279 5630 ἀλάστορα
3313 5559 3404 5611 καὶ
3453 5557 3643 5625 θεομά-

2075 5666 2170 5719 χον
2203 5648 2554 5702 ἀποκαλοῦσα
2578 5688 2593 5712 ,
2626 5643 2707 5712 οἷς
2731 5648 2853 5703 οὗτε
2885 5651 2982 5721 τὴν
3016 5651 3228 5722 ἡμέραν
3259 5649 3380 5717 ἄγει
3411 5649 3495 5700 διὰ
3528 5665 3642 5716 φει-

2078 5740 2222 5807 δοῦς,
2253 5740 2347 5794 τοῦ
2379 5740 2524 5794 θείου
2553 5742 2764 5812 μέλλων
2793 5739 3042 5812 σώματος
3066 5743 3373 5810 μετασχεῖν.
3415 5739 3640 5794 Ἐκθειό-
