4038 6214
326 287 395 354 σθ
1527 281 1674 342 LIB.
1715 282 1768 340 Ι.
1809 305 1870 316 σ-
1912 282 1944 341 Ι

2050 294 2055 330 ι
2081 281 2499 344 ARMENIUS.
3525 283 3596 348 50

328 415 487 470 μενος
512 395 558 426 ⁵⁸
594 391 691 447 οὖν
722 388 792 443 τὰ
838 389 1012 454 δεινὰ,
1056 390 1149 443 καὶ
1178 388 1257 460 τῷ
1309 387 1430 461 Θεῷ
1476 389 1578 462 μὴ’
1605 391 1714 444 ἀπὸ
1748 389 1921 461 θυμοῦ

2050 408 2171 457 ens,
2204 393 2305 447 viri
2361 401 2592 464 occupat
2648 393 2748 449 iter
2808 408 2982 464 eoque
3034 395 3266 451 retrahit
3320 395 3600 452 hominem

329 490 571 560 γένηται
601 481 878 546 δεδοικὼς,
908 483 1034 535 τότε
1081 482 1182 552 μὲν
1213 482 1365 552 αὐτῷ
1389 481 1489 552 τὴν
1517 481 1798 554 σωτηρίαν·
1824 481 1923 552 τήν

2050 483 2255 553 mpium
2287 493 2342 539 et
2384 483 2482 539 Dei
2538 483 2750 540 hostem
2819 500 3054 550 vocans,
3113 485 3207 555 qui
3263 499 3362 540 nec
3416 484 3604 540 divino

337 581 704 650 παλίντροπον
756 574 1163 646 ἐπεὸράσευσε,
1211 573 1293 644 τῷ
1340 573 1571 644 παππία
1618 572 1718 643 τὴν
1755 573 1923 627 αὑτοῦ

2052 575 2426 644 mpartiendus
2480 591 2709 646 corpore
2753 576 2860 632 diei
2914 576 3277 632 reverentiam
3347 575 3602 630 haberet.

350 671 642 743 ἐπιτρέψας
669 667 960 748 φρουρὰν,
1018 669 1068 720 εἰ
1118 666 1216 720 καὶ
1266 666 1378 720 τῶν
1433 667 1802 738 σιδηροπέδων
1855 667 1922 720 δι’

2050 665 2167 721 llala
2194 682 2322 736 ergo
2347 669 2612 722 reveritus
2652 684 2875 738 remque
2905 669 2956 722 in
3000 669 3318 738 religionem
3363 675 3604 730 vertens,

357 763 535 819 ἐαυτοῦ
597 760 960 832 φρουρεῖσθαι
1007 758 1161 830 ἠξίου
1216 758 1316 830 τήν
1358 757 1538 812 κλεῖν.
1601 757 1924 828 Ἐπηπείλει

2050 773 2094 812 ιο
2129 761 2325 814 timens
2350 775 2417 813 ne
2443 760 2568 814 inde
2608 760 2700 816 Dei
2735 763 2871 814 iram
2895 761 2946 814 in
2977 775 3035 815 se
3055 762 3340 824 excitaret,
3367 759 3420 814 in
3467 773 3606 828 prae-

357 859 409 914 δὲ
435 859 518 912 καὶ
541 859 611 928 τῇ
629 856 874 925 γυναικὶ,
916 855 1032 920 καὶ,
1069 854 1194 907 Οὐκ
1213 854 1301 919 είς
1333 850 1572 921 μακρὰν
1595 850 1924 920 ἐπόψεσθε,

2050 851 2204 905 tentia
2234 850 2453 921 quidem
2519 851 2628 904 vita
2675 853 2875 910 reduce
2933 867 2998 907 ac
3057 854 3230 907 salute
3287 850 3606 906 Michaelem

351 953 457 1020 ἔφη,
485 951 573 1005 σύ
599 967 688 1015 τε,
711 949 759 1002 ὦ
777 950 978 1020 τῦναι,
1005 946 1105 1002 καὶ
1136 945 1208 1002 τὰ
1233 944 1344 1014 τῆς
1367 945 1519 1016 ἐμῆς
1536 944 1929 1011 νηδύος-βλα-

2050 941 2280 1003 .lonavit.
2325 941 2446 1010 ejus
2477 951 2594 996 tuto
2629 943 2973 997 cusmdiendi
3009 959 3138 997 cura
3190 943 3364 1012 papia:
3385 941 3610 997 deman-

341 1042 640 1112 πήματα,
687 1041 759 1095 τὰ
805 1038 1259 1108 ἀποϐησόμενα,
1303 1038 1356 1091 εὶ
1408 1035 1508 1090 καί
1556 1035 1825 1105 σήμερόν
1854 1051 1931 1104 με

2050 1033 2184 1099 lata,
2236 1035 2452 1090 tametsi
2493 1036 2593 1089 sibi
2631 1036 2744 1105 ipse
2773 1036 3093 1105 compedum
3127 1036 3334 1090 clavem
3363 1033 3606 1088 retinuit.

333 1135 434 1188 τοῦ
503 1134 751 1188 ἐκεῖθεν
828 1129 1251 1200 ἁμαρτήματος
1319 1126 1922 1197 προσηλευθέρωσας.

2050 1126 2136 1180 Sed
2169 1135 2244 1180 et'
2271 1127 2427 1181 uxori
2456 1127 2826 1182 comminatus
2865 1134 2987 1181 est:
3045 1125 3258 1191 Visura,
3321 1125 3517 1194 inquit,
3557 1140 3611 1178 es

330 1223 566 1286 Τούτοις
591 1223 654 1277 τὺ
685 1223 881 1294 μέλλον
913 1220 1253 1290 ἁπεφοίὸασέ
1274 1237 1334 1273 τε
1362 1220 1454 1274 καὶ
1483 1219 1852 1290 προεκήρυξε.

2050 1226 2091 1270 ru
2119 1227 2169 1271 et
2208 1217 2361 1271 liberi
2383 1218 2504 1282 mei,
2542 1229 2588 1272 et
2619 1220 2828 1288 quidem
2859 1218 3020 1283 brevi,
3059 1233 3185 1287 (μιαι-
3205 1217 3325 1272 inde
3362 1224 3612 1270 eventura

327 1327 479 1382 sunt,
503 1317 614 1370 etei
645 1333 729 1370 me
768 1315 833 1368 ab
867 1313 983 1383 ejus
1027 1314 1102 1368 rei
1132 1312 1322 1368 scelere
1349 1312 1503 1367 hodie
1529 1311 1766 1366 liberasti
1785 1328 1804 1375 ;
1845 1308 2045 1380 quibus
2085 1310 2276 1364 verbis
2295 1311 2398 1366 sibi
2424 1312 2548 1382 ipse
2563 1311 2731 1366 futuri
2755 1320 2984 1366 eventus
3009 1310 3247 1382 malique
3278 1308 3612 1365 imminentis

331 1410 519 1465 malus
552 1418 715 1464 vates
731 1408 960 1463 effectus
983 1415 1090 1462 est.

407 1503 518 1574 κβ’.
555 1504 676 1557 Καὶ
705 1503 817 1575 τὰρ
843 1499 912 1574 ἦν
946 1501 1095 1573 αὐτῷ
1124 1501 1241 1564 δέος
1264 1501 1529 1588 ’τῇιψυχῇε
1550 1499 1928 1571 ἐγκαθήμενον

2105 1496 2197 1552 2‘2.
2230 1495 2558 1564 mitodam
2591 1509 2828 1563 namque
2857 1494 3084 1548 oraculo
3104 1492 3222 1561 ejus
3249 1490 3434 1545 animo
3455 1490 3616 1544 timor

333 1599 588 1660 έκτινος
615 1595 1057 1669 χρησμολογεας.
1089 1595 1164 1657 ὡς
1191 1586 1334 1648 κατὰ
1381 1594 1482 1665 τὴν
1515 1593 1735 1665 ἡμέραν
1765 1594 1858 1647 τοῦ
1885 1593 1929 1626 ⁸⁸

2050 1590 2357 1650 insederat,
2429 1603 2538 1656 quo
2606 1585 3014 1641 ferebatur-die
3072 1583 3472 1639 festoChrisﬁ
3522 1581 3615 1636 Dei

336 1688 588 1760 Χριστοῦ
637 1688 738 1742 τοῦ
790 1687 929 1741 Θεοῦ
989 1685 1171 1758 ήμῶν.
1201 1685 1342 1739 κατὰ
1392 1686 1573 1756 σάρκα
1626 1685 1934 1757 γεννήσεως

2050 1682 2215 1736 nostri
2267 1681 2569 1736 secundum
2613 1693 2833 1732 carnem
2883 1675 3082 1730 natalis
3114 1674 3194 1729 sic
3241 1672 3482 1728 adultam
3509 1669 3618 1741 36

342 1785 534 1838 πᾶταν
567 1782 672 1854 τήν
714 1781 1053 1852 αὖξηθείσαν
1109 1778 1458 1850 εὐδαιμονίαν
1507 1780 1617 1834 καὶ-
1661 1778 1937 1850 βασιλείαν

2050 1787 2260 1826 omnem
2325 1769 2642 1825 felicitatem
2711 1783 2772 1821 ac
2806 1765 3094 1835 imperium
3175 1763 3450 1820 sublatum
3521 1762 3612 1814 iri.

344 1873 758 1944 ἀποκείρεσθαι
808 1871 1116 1942 μέλλοντος.
1161 1872 1218 1923 Ὀ
1248 1870 1604 1941 δὲχρησμὺς
1635 1866 1703 1940 ἦν
1748 1871 1938 1925 Σιόυλ-

347 1964 571 2028 λ-ιακδς,
604 1963 665 2016 ἐν
697 1981 807 2017 τινι
840 1962 1006 2033 βίϐλῳ
1038 1963 1114 2026 είς
1143 1961 1240 2033 τὴν
1268 1961 1554 2034 βασιλικὴν
1585 1961 1937 2034 βιϐλιοθήκην

351 2058 825 2127 ἐναποκείμενος,
856 2056 919 2109 οὐ
949 2056 1212 2126 χρησμοὺς
1242 2055 1402 2126 μόνον
1430 2055 1644 2122 ἁπλῶς,
1673 2056 1810 2110 ἀλλὰ
1841 2055 1938 2112 καὶ

364 2149 595 2218 μορφὰς
613 2148 725 2201 ,καλ
751 2147 1006 2217 σχήματα
1032 2145 1211 2216 ἔχουσα
1237 2147 1346 2200 τῶν
1375 2148 1758 2218 γενησομένων
1790 2148 1937 2219 βασι-

366 2239 515 2293 λέων
543 2241 633 2294 διὰ
654 2239 977 2309 χρωμάτων.
1011 2234 1111 2292 Ἦν
1131 2235 1223 2294 οὖν
1245 2240 1605 2312 λέων-θηρίον
1637 2259 1937 2314 μεμορφω-

357 2329 552 2401 μένον,
597 2332 660 2398 χῖ
685 2329 950 2400 στοιχεῖον
997 2333 1408 2403 κεχαραγμένον
1443 2333 1552 2386 ἀπὸ
1595 2335 1694 2404 τῆς
1724 2334 1935 2406 ῥάχεως

354 2421 529 2493 μέχρι
567 2421 670 2491 τῆς
699 2421 936 2490 γαστρὸς
962 2422 1153 2478 αὑτοῦ.
1175 2424 1380 2479 Τούτου
1424 2426 1654 2480 κατόπιν
1678 2428 1820 2499 ἁνήρ
1851 2445 1936 2492 τις

350 2512 595 2567 ἐπιθέων
623 2512 814 2583 δόρατι
844 2512 1068 2585 καιρίαν
1091 2514 1262 2570 ἐδίδου
1294 2516 1508 2588 πληγὴν
1533 2518 1611 2588 τῷ
1645 2518 1821 2592 θηρίῳ
1848 2521 1937 2574 διὰ

351 2603 450 2658 τοῦ
477 2605 554 2674 χῖ.
588 2603 816 2666 Πολλοῖς
844 2599 940 2659 οὖν
969 2605 1103 2676 πρὸς
1129 2607 1433 2678 σαφήνειαν
1465 2610 1655 2662 τούτου
1689 2610 1934 2680 δειχθένο

351 2713 470 2762 τος,
493 2698 524 2750 ὁ
554 2695 862 2768 τηνικαῦτα
891 2696 990 2768 τὴν
1027 2698 1134 2752 τοῦ
1153 2699 1493 2772 κοιαίστορος
1517 2702 1936 2776 ἐπανῃρημένος

352 2787 534 2858 ἀρχὴν
567 2786 733 2851 μόνος
770 2787 1050 2859 διετράνου
1083 2791 1144 2843 τὸ
1171 2791 1266 2845 τοῦ
1295 2792 1569 2863 χρησμοῦ,
1603 2791 1679 2857 ὡς
1707 2793 1937 2857 Λέοντος

355 2875 530 2940 οὕτως
568 2875 909 2946 καλουμένου
942 2877 1204 2948 βασιλέως
1237 2882 1382 2946 τινὸς
1421 2883 1565 2937 κατὰ
1593 2883 1694 2956 τὴν
1723 2883 1941 2955 ἡμέραν

352 2965 458 3037 τῆς
504 2965 747 3036 Χριστοῦ
798 2967 1106 3040 γεννήσεως
1139 2970 1354 3045 θανάτῳ
1387 2974 1616 3049 ὀλεθρίῳ
1650 2976 1934 3048 μέλλοντος

358 3056 796 3128 παραδίδοσθαι..

698 3149 803 3220 κγ’.
843 3153 1080 3224 Πῳσὲπι
1116 3156 1176 3210 δὲ
1207 3157 1301 3210 καὶ
1352 3158 1386 3228 ή
1434 3159 1534 3228 τῆς
1571 3161 1774 3232 μητρὸς
1817 3162 1939 3234 ἅψις

362 3242 605 3314 ἐπλήρου
636 3243 802 3312 φόϐου
825 3243 994 3300 αὐτόν
1017 3261 1034 3278 ο
1063 3245 1099 3316 ἢ
1121 3246 1246 3300 τότε
1271 3247 1370 3318 μὲν
1401 3248 1652 3318 λεχθεῖσα
1682 3253 1762 3315 είς
1785 3254 1941 3308 οὐδὲν

360 3334 537 3405 τούτῳ
579 3335 894 3404 λελόγιστο,
940 3336 1014 3390 τὰ
1057 3337 1153 3393 νῦν
1187 3338 1244 3392 δὲ
1277 3339 1384 3393 καὶ
1417 3340 1624 3412 σφόδρα
1673 3342 1944 3398 δάκνουσα

356 3426 620 3480 ἐπέκειτο
647 3425 748 3498 τὴν
777 3425 980 3497 ψυχήν.
1024 3428 1230 3500 Ἐφάνη
1259 3429 1370 3501 γὰρ
1399 3430 1536 3503 αὐτῇ
1575 3433 1720 3487 κατὰ
1752 3434 1846 3488 τὸν
1885 3435 1943 3490 ὲν

360 3517 707 3588 Βλαχέρναις
746 3517 892 3572 θεῖον
943 3519 1070 3574 ναὸν
1108 3522 1494 3596 προσφοιτῶσῃ
1544 3525 1634 3578 ἀεὶ
1682 3526 1818 3598 κόρη
1859 3545 1945 3592 τις

358 3611 478 3666 ὑπὸ
511 3609 728 3665 πολλῶν
785 3610 1150 3682 λευχειμόνων
1204 3616 1742 3689 περιστοιχιζομένη,
1771 3622 1865 3673 καὶ
1916 3623 1945 3674 ὁ

359 3704 493 3768 ναὸς
520 3703 757 3774 αἵματος
787 3703 936 3769 ἅπας
965 3705 1200 3778 πλήρης.
1249 3707 1472 3780 Ταύτην
1520 3705 1614 3764 οὖν
1642 3709 1742 3782 τὴν
1776 3711 1945 3783 κόρην

360 3798 544 3850 εἰπεῖν
566 3813 677 3850 τινι
705 3795 812 3851 τῶν
843 3799 1233 3866 παρεστώτων,
1255 3799 1462 3872 χύτραν
1486 3802 1946 3876 ἐπιπληρώσαντα

362 3888 602 3958 αἵματος
653 3885 936 3940 ἐπιδοῦναι
985 3889 1054 3958 τῇ
1113 3891 1284 3960 μητρὶ
1346 3888 1443 3944 τοῦ
1496 3892 1724 3957 Λέοντος
1778 3897 1948 3951 πιεῖν.

364 3981 553 4052 Αὐτῆς
594 3978 653 4033 δὲ
689 3978 928 4050 πολυετῆ
980 3980 1210 4052 χηρείαν
1261 3980 1744 4057 προϐαλλομένης,
1781 3987 1849 4040 δι’
1882 3983 1951 4060 ἧς

371 4073 512 4142 μήτε
541 4071 722 4143 κρεῶν
754 4070 894 4142 μήτε
927 4071 1079 4134 τινὸς,
1101 4071 1344 4142 ἐναίμων
1379 4072 1702 4142 γεύσασθαι,
1740 4077 1837 4130 καὶ
1861 4077 1951 4132 διὰ

366 4164 543 4218 τοῦτο.
578 4162 714 4235 μηδὲ
750 4161 956 4234 ταύτης
988 4163 1213 4234 χρῄζειν
1258 4166 1358 4236 τῆς
1398 4167 1624 4239 χύτρας,
1660 4170 1949 4239 Καίρπῶς,

370 4256 678 4326 ἀπέφησεν
704 4256 738 4327 ή
765 4255 902 4327 κόρη
933 4256 1073 4325 μετὰ
1102 4255 1300 4328 θυμοῦ,
1321 4260 1353 4312 ὁ
1379 4259 1492 4325 σὸς
1508 4261 1641 4327 υίὸς
1671 4263 1744 4317 οὐ
1765 4265 1952 4318 παύε’·

371 4366 469 4404 ται
493 4348 600 4419 ἐμὲ
639 4347 887 4406 πολλῶν
914 4348 1188 4418 αἱμάτων
1204 4351 1476 4419 πληρῶν,
1504 4353 1602 4407 καί
1631 4355 1821 4421 τούτῳ
1844 4356 1952 4410 τὸν

371 4445 520 4512 ἐμὸν
575 4441 712 4496 υἱὸν
761 4441 1126 4512 παροργίζων
1174 4459 1238 4497 τε
1285 4445 1381 4498 καὶ
1430 4447 1614 4512 Θεόν;
1660 4449 1839 4503 Πολλά
1887 4467 1946 4505 τε

374 4538 560 4590 tum
607 4535 881 4589 ἃιτᾶνευε
931 4535 1026 4588 τὸν
1073 4535 1243 4605 αὐτῆς
1295 4537 1412 4594 υίὸν
1448 4539 1548 4609 τῆς
1594 4541 1702 4594 τῶν
1739 4545 1945 4598 εἰκονο-

377 4627 629 4683 maeuii)»
687 4627 966 4698 αἱρέσεως,
1012 4627 1358 4698 ἀποστῆναι,
1420 4629 1520 4706 τήν
1568 4631 1692 4702 ὄψιν
1746 4637 1951 4708 ταύτην

379 4721 866 4792 ἐκτραγῳδήσασα.
882 4771 888 4774 .,

453 4906 547 4962 κδ’.
583 4910 690 4964 Καί
740 4926 826 4972 τις
879 4908 936 4962 δὲ
977 4909 1100 4979 ὄψις
1147 4910 1280 4979 ἄλλη
1332 4910 1623 4983 νυκτερινὴ
1664 4911 1954 4985 ἐδειμάτου

384 4996 567 5052 τοῦτον
594 4999 694 5054 οὐκ
730 4997 948 5054 ἔλαττον
975 5013 988 5029 ·
1020 4999 1186 5053 αὐτοῦ
1217 4999 1327 5069 γὰρ
1357 4999 1634 5072 Ταρασίου
1663 5002 1759 5056 τοῦ
1793 5005 1959 5057 ἀοιδί-

391 5106 489 5158 μου
533 5093 877 5163 πατριάρχου
921 5092 1087 5145 πάλαι
1116 5092 1209 5146 τὸν
1249 5092 1362 5163 βίον
1412 5094 1810 5166 μετηλλαχότος
1848 5097 1957 5150 Μι-

386 5182 523 5252 χαήλ
574 5201 696 5238 τινα
763 5185 822 5251 ἐξ
878 5185 1140 5255 ὀνόματος
1202 5185 1487 5238 διακοῦσαι
1541 5187 1958 5259 ἐπιπηδήσαντα

387 5277 828 5347 προτρεπομένου
855 5276 1152 5348 ἐπιπλῆξαι
1175 5277 1398 5350 καιρίαν
1421 5277 1514 5331 καὶ
1536 5279 1677 5332 κατὰ
1705 5280 1955 5350 κρημνοῦ

389 5365 592 5436 etim
621 5369 856 5426 ᾰὸυσσον
912 5368 1145 5440 ἔχοντος.
1193 5369 1342 5442 Πρὸς
1389 5369 1599 5434 τούτοις
1633 5371 1729 5424 καὶ
1761 5371 1823 5424 τὸ
1859 5371 1955 5424 τοῦ

393 5459 624 5530 μοναχοῦ
684 5461 780 5516 τοῦ
820 5464 963 5517 κατὰ
1013 5464 1077 5518 τὸ
1125 5463 1474 5535 Φιλομήλιον,
1523 5464 1659 5518 ἀλλὰ
1709 5466 1802 5518 καὶ
1857 5465 1957 5534 τῆς

390 5552 608 5622 ἱσθῆτος
639 5552 828 5609 θᾶττον
858 5555 1248 5626 μεταμφίασις.
1281 5557 1351 5611 ’Δ
1380 5557 1737 5629 συμφορήσας
1777 5556 1942 5610 ἐπάλο

471 5741 514 5772 ⁸⁵
543 5741 981 5815 ίνθυμούμενοςῖ
1054 5746 1098 5780 ⁸⁸
1130 5744 1245 5818 τοῦ]
1273 5747 1369 5817 τῆς
1394 5748 1415 5798 ?

1969 3052 2019 3114 C

2041 1863 2336 1920 Oraculum
2369 1875 2498 1915 vero
2533 1857 2860 1929 Sibyllinum
2922 1865 3061 1918 erat,
3093 1854 3147 1908 in
3205 1855 3440 1923 quodam
3475 1851 3617 1906 libro

2038 1955 2290 2028 palatinas
2351 1952 2695 2008 bibliothecae
2749 1947 3070 2016 repositum,
3113 1960 3221 2015 quo
3275 1958 3380 1998 non
3438 1942 3617 1997 solum

2037 2049 2184 2103 nuda
2225 2046 2473 2110 oracula,
2519 2057 2708 2099 verum
2762 2041 2926 2095 etiam
2989 2053 3180 2093 eorum
3225 2036 3321 2106 qui
3388 2035 3620 2104 imperio

2037 2140 2264 2212 petituri
2293 2145 2479 2195 essent
2533 2138 2720 2208 figurae
2753 2132 3052 2202 formaque
3081 2129 3360 2185 coloribus
3395 2140 3624 2196 expres.

2037 2252 2111 2292 sae
2139 2232 2588 2291 continebantur.
2638 2227 2770 2283 Erat
2801 2240 2932 2297 ergo
2963 2227 3048 2280 leo
3087 2222 3262 2279 bestia
3310 2219 3619 2284 eﬂ‘ormata,

2037 2332 2124 2388 eui
2153 2343 2389 2400 superne
2414 2341 2448 2381 a
2496 2325 2662 2380 dorso
2691 2323 2759 2377 ad
2786 2328 3032 2376 ventrem
3091 2319 3271 2373 littera
3315 2314 3362 2368 Χ
3393 2323 3618 2370 exarata

2035 2432 2172 2480 erat.
2197 2425 2238 2476 A
2261 2431 2414 2491 tergo
2433 2427 2614 2474 autem
2638 2418 2722 2473 vir
2740 2415 2965 2486 quidam
3001 2413 3288 2468 incurrens
3320 2424 3418 2479 per
3445 2407 3619 2476 ipsam

2036 2518 2180 2573 hanc
2213 2516 2449 2570 litteram
2484 2512 2696 2567 leonem
2727 2507 2884 2562 hasta
2915 2503 3244 2574 conﬁgebat.
3272 2499 3407 2555 Cum
3437 2507 3618 2552 autem

2038 2609 2223 2664 multis
2253 2604 2574 2661 solvendum
2599 2600 2830 2668 aanigma
2861 2596 3053 2650 fuisset
3088 2591 3448 2663 propositum,
3481 2603 3622 2642 unus

2038 2712 2164 2756 tunc
2194 2695 2485 2768 quaestoris
2520 2693 2754 2762 fungens
2779 2701 3002 2743 munere
3033 2682 3312 2740 oraculum
3342 2679 3486 2734 clare
3522 2694 3622 2734 ex-

2033 2790 2291 2863 plicavit,
2351 2786 2468 2841 fore
2526 2783 2786 2839 nimirum
2831 2789 2893 2835 ut
2944 2777 3333 2847 imperatorum
3372 2770 3620 2840 quidam.

2035 2885 2144 2940 Leo
2170 2881 2414 2946 nomine,
2445 2875 2652 2932 Christi
2689 2875 2778 2930 die
2809 2871 2974 2928 natali
3017 2868 3249 2926 exitiosa
3291 2879 3424 2921 nece
3469 2863 3623 2919 tolle-

2034 2988 2205 3034 retur.

2107 3141 2209 3196 2'5.-
2247 3138 2362 3194 Nee-
2404 3136 2590 3192 minus
2625 3133 2864 3189 Leonem
2925 3125 3266 3199 perterrebat
3306 3111 3428 3194 ejus
3457 3117 3625 3175 matri

2042 3229 2429 3286 oblata~visio.
2482 3226 2616 3291 Quae
2643 3221 3046 3291 initio-quidem
3076 3234 3200 3273 cum
3239 3214 3410 3270 Leoni
3458 3211 3627 3266 relata

2043 3329 2209 3384 esset,
2247 3320 2317 3374 ab
2342 3332 2407 3374 eo
2428 3317 2674 3387 neglecta
2701 3321 2758 3369 et
2788 3327 2890 3383 pro
2923 3310 3092 3365 nihilo
3120 3307 3310 3362 habita
3337 3314 3422 3360 est
3448 3323 3463 3360 :
3492 3315 3628 3359 tunc

2045 3413 2305 3471 vero-alte
2360 3409 2562 3466 animo
2603 3407 2817 3462 haerens
2880 3403 3059 3472 ipsum
3110 3398 3270 3454 valde
3317 3394 3625 3451 mordebat.

2045 3509 2179 3565 Cum
2205 3507 2349 3560 enim
2380 3503 2470 3558 illa
2513 3491 2788 3557 continuo
2820 3494 3060 3551 divinam
3120 3503 3335 3547 sacram
3369 3485 3630 3541 Blacher-

2047 3615 2241 3655 narum
2293 3597 2464 3654 aedem
2513 3593 2919 3663 frequentaret,
2963 3584 3216 3657 apparuit
3257 3580 3439 3652 puella
3489 3591 3632 3648 quaa-

2048 3693 2196 3755 dam,
2217 3703 2382 3760 quam
2420 3687 2611 3755 ingens
2636 3683 2942 3739 albatorum
2967 3691 3176 3736 cuneus
3215 3670 3474 3728 satellitio
3510 3667 3630 3723 cin-

2049 3785 2225 3856 gebat.
2258 3780 2477 3836 interim
2505 3777 2654 3834 videt
2703 3775 2871 3831 aedem
2908 3781 3076 3827 totam
3109 3781 3306 3823 cruore
3351 3761 3631 3820 exundan-

2051 3853 2181 3932 tem.
2216 3875 2463 3943 Tumque
2493 3869 2734 3941 puellam
2757 3865 2854 3922 uni
2879 3864 3099 3919 cuidam
3147 3853 3628 3924 adstantiumjus-

2052 3969 2194 4025 sisse
2232 3965 2480 4022 ut-ollam
2509 3961 2724 4018 cruoris
2764 3950 3408 4029 plenaaneouismatri
3441 3949 3631 4004 biben-

2052 4062 2176 4116 dam
2218 4058 2541 4129 porrigeret.
2591 4055 2688 4109 llla
2735 4050 3226 4107 vero-diuturnam
3310 4043 3630 4098 viduitatem

2053 4159 2449 4219 causante,per
2469 4163 2633 4218 quam
2657 4161 2758 4204 nee
2774 4159 2971 4200 carnes
2999 4137 3417 4210 nec-quidquam
3440 4147 3630 4190 eorum

2055 4258 2178 4315 quae
2211 4240 2479 4309 sanguine
2511 4239 2739 4308 praedita
2787 4245 2918 4292 sunt
2965 4239 3262 4306 gustasset,
3295 4244 3359 4284 ac
3403 4225 3634 4297 proinde

2058 4335 2193 4392 nihil
2223 4335 2290 4389 ad
2324 4348 2384 4389 se
2410 4347 2528 4389 eam
2570 4331 2734 4386 ollam
2766 4341 3034 4400 spectare,
3083 4335 3213 4380 tunc
3246 4323 3440 4376 iratam
3479 4317 3634 4386 puel-

2057 4433 2164 4488 lam
2194 4425 2544 4500 respondisse
2573 4444 2586 4480 :
2625 4423 2900 4490 Quomodo
2929 4436 3050 4489 ergo
3077 4418 3221 4487 ﬁlius
3250 4425 3370 4466 tuus
3398 4428 3501 4466 non
3523 4426 3634 4500 res-

2046 4533 2132 4580 sat
2161 4538 2240 4576 me
2265 4499 2541 4575 cruoribus
2558 4516 2788 4586 opplere,
2821 4527 2979 4582 eoque
3022 4509 3192 4580 ﬁlium
3229 4499 3537 4570 meum-37
3573 4515 3635 4553 ac

2051 4617 2218 4672 Deum
2265 4608 2670 4676 irritare?Quo
2707 4623 2771 4664 ex
2802 4615 3046 4674 tempore
3086 4599 3258 4654 ﬁlium
3311 4591 3636 4649 obsecrabat

2050 4719 2110 4765 ut
2143 4708 2212 4764 ab
2252 4705 2444 4762 haeresi
2473 4701 2809 4759 abolentium
2833 4696 3100 4767 imagines
3137 4689 3386 4752 resiliret,
3430 4685 3636 4740 hancce

2057 4801 2259 4871 tragice
2277 4800 2542 4856 visionem
2564 4795 2830 4850 referens.

2122 4893 2214 4947 24.
2257 4890 2619 4946 Perturbabat
2662 4894 2718 4942 et
2751 4885 2856 4941 alia
2905 4883 3049 4940 haud
3099 4885 3314 4940 modice
3368 4893 3670 4944 nocturna,

2057 4983 2216 5038 visio.
2247 4979 2385 5036 Nam
2436 4995 2534 5051 per
2590 4979 2830 5050 quietem
2877 4977 3029 5033 visus
3057 4977 3161 5033 sibi
3218 4976 3400 5031 fuerat
3447 4974 3637 5028 audire

2058 5075 2351 5132 Tarasium
2380 5075 2633 5130 inclitum
2670 5073 3061 5143 patriarcham,
3089 5071 3182 5140 qui
3210 5068 3420 5139 pridem
3452 5067 3505 5121 in
3543 5067 3636 5120 vi-

2060 5169 2140 5222 vis
2179 5183 2301 5223 esse
2324 5166 2582 5233 desierat,
2616 5167 2926 5221 hortantem
2969 5179 3033 5218 ac
3086 5162 3363 5231 iubentem
3414 5157 3633 5213 cuidam

2063 5261 2282 5316 nomine
2313 5259 2555 5316 Michaeli
2587 5268 2647 5314 ut
2692 5259 2908 5314 irruens
2953 5259 3006 5310 in
3036 5255 3275 5308 Leonem
3291 5233 3450 5307 letali
3505 5266 3631 5306 eum

2061 5353 2166 5406 ictu
2216 5352 2511 5408 conficeret
2539 5359 2596 5405 et
2655 5350 2711 5404 in
2765 5348 2933 5402 altam
2988 5345 3247 5414 abyssum
3303 5342 3635 5412 praecipitem

2058 5443 2232 5500 daret.
2261 5442 2584 5512 Exagitabat
2607 5440 2771 5494 etiam
2805 5435 3058 5489 monachi
3089 5432 3525 5487 Philomeliensis
3547 5447 3639 5485 va-

2058 5536 2303 5591 ticinatio
2330 5554 2345 5602 ;
2375 5536 2470 5592 sed
2499 5545 2552 5589 et
2583 5531 2850 5603 pra‘torite
2893 5526 3198 5597 chlamydis
3231 5523 3498 5581 subitario
3536 5520 3637 5574 im-

1673 5651 1904 5708 VARl/E
1938 5652 2336 5712 LECTIONES.
