4038 6214
414 243 482 308 ἒῦ
1583 241 2088 305 THEOPIIANES
2126 234 2685 299 CONTINUATUS.
3613 236 3680 299 56

482 357 540 411 2.
564 354 792 410 Michael
822 364 1000 409 autem
1023 370 1054 409 e
1076 355 1258 423 Papia:
1280 354 1525 408 custodia
1550 356 1800 417 eductus,
1820 350 1999 405 adhuc

2171 344 2235 415 β’.
2293 344 2351 398 ’0
2386 343 2445 399 δὲ
2476 342 2696 414 Μιχαὴλ
2741 343 2840 412 τῆς
2889 343 2953 395 ἐκ
3004 340 3096 393 τοῦ
3151 340 3407 393 παππίου
3439 347 3678 414 φρουρᾶς

415 449 583 522 pedes
611 447 760 503 ferro
791 446 1007 502 vinetus
1035 460 1162 500 eum
1200 453 1347 501 esset
1370 445 1538 515 (quod
1573 445 1781 498 scilicet
1804 442 1993 508 clavis,

416 558 540 613 qua!
572 541 715 611 apud
754 538 993 595 Leonem
1035 538 1378 603 servabatur,
1411 546 1469 592 ut
1498 537 1670 607 magis
1698 536 1878 588 vincto
1905 549 1993 589 ca-

416 642 589 699 veret,
622 632 855 687 necdum
902 632 1118 685 inventa
1158 630 1320 700 eral),
1354 630 1405 684 in
1443 631 1591 701 regio
1621 628 1818 682 throno
1864 641 1996 681 con-

419 726 561 780 sedit
596 725 954 792 omniumque
983 723 1079 793 qui
1126 732 1237 777 tum
1273 723 1328 776 in
1358 721 1560 790 palatio
1592 721 1820 775 aderant
1850 719 1995 773 voci-

419 819 525 873 bus
553 819 853 887 imperator
882 816 1153 871 salutatus
1185 824 1267 869 est
1310 828 1375 868 ac
1405 813 1682 868 adoratus.
1715 811 1832 866 Jam
1865 828 1995 867 vero

417 911 640 966 circiter
672 911 949 965 meridiem
979 908 1121 962 fama
1142 908 1343 977 ubique
1372 922 1581 975 sparsa,
1602 922 1728 961 cum
1753 906 1843 960 vix
1864 906 1995 960 malo

419 1002 507 1058 leo
535 1004 823 1074 compedes
848 1001 1038 1057 difﬁssi
1071 1007 1292 1065 essent;
1322 999 1493 1055 illotis
1528 998 1806 1062 manibus,
1840 997 1993 1051 nullo

419 1096 513 1152 Dei
541 1105 687 1151 metu
720 1096 773 1149 in
804 1094 1046 1148 animum
1074 1100 1379 1159 assumpto,
1409 1106 1509 1146 nec
1534 1092 1646 1146 ullo
1676 1090 1784 1145 alio
1802 1088 1997 1145 defun-

418 1197 542 1245 ctus
581 1186 792 1243 honesti
841 1184 1043 1249 ofﬁcio,
1073 1183 1139 1239 ad
1172 1182 1422 1238 divinum
1453 1197 1827 1254 magnumque
1859 1189 1997 1236 tem-

414 1280 563 1350 plum
602 1277 889 1347 processit,
924 1276 973 1331 id
1005 1285 1261 1344 satagens
1298 1282 1358 1329 ut
1380 1289 1445 1329 ex
1474 1272 1807 1344 patriarchas
1829 1286 1995 1325 manu

417 1386 674 1427 coronam
724 1378 1156 1439 consequeretur
1204 1368 1482 1436 totiusque
1525 1364 1707 1436 populi
1739 1364 1883 1419 votis
1935 1378 1998 1419 ac

415 1462 642 1517 vocibus
666 1461 964 1531 imperator
984 1460 1337 1525 salutaretur,
1356 1473 1547 1513 eorum
1578 1457 1846 1513 duntaxat
1867 1471 1998 1526 pra:-

414 1555 556 1612 a'dio
581 1557 825 1611 munitus
854 1554 1107 1623 valloque
1133 1562 1342 1625 seplus,
1363 1552 1457 1622 qui
1485 1566 1592 1606 una
1625 1566 1814 1607 secum
1848 1551 1997 1606 necis

412 1648 547 1704 socii
577 1663 642 1703 ac
669 1646 939 1717 conjurati
965 1646 1220 1702 fuissent.
1249 1646 1521 1701 Caeterum
1550 1644 1839 1699 amborum
1873 1643 1998 1713 quis

414 1738 615 1795 merito
646 1738 1045 1807 inauspicatam
1082 1737 1179 1792 hie
1213 1737 1444 1791 miretur
1481 1746 1740 1802 mentem,
1776 1737 1994 1802 Leonis,

415 1832 561 1902 quod
609 1833 691 1888 sic
720 1833 932 1887 nullum
969 1846 1035 1885 ex
1074 1840 1151 1885 tot
1204 1829 1642 1885 assentatoribus
1693 1829 1995 1899 amicisque

417 1930 550 1975 tunc
582 1920 848 1976 auxilium
900 1935 1170 1991 opemque
1228 1918 1492 1975 ferentem
1547 1919 1822 1984 habuerit,
1869 1935 1994 1974 eum

415 2026 607 2067 omnes
632 2020 945 2081 serpentum
972 2025 1124 2066 more
1154 2012 1207 2065 in
1237 2026 1368 2066 suas
1394 2026 1453 2066 se
1482 2009 1722 2065 latebras
1751 2025 1815 2065 ac
1846 2008 1997 2064 fura-

415 2102 566 2157 mina
581 2102 942 2168 abdidissent,
961 2101 1240 2158 Michaelis
1263 2117 1391 2157 vero
1410 2101 1717 2156 interritum
1738 2102 2003 2156 adversus

413 2208 608 2250 omnes
650 2202 1049 2264 cruentumque
1093 2195 1363 2259 animum,
1406 2208 1528 2249 cum
1570 2209 1678 2247 non
1716 2192 1823 2263 42
1856 2193 2001 2247 velut

413 2285 657 2342 carnifex
688 2286 857 2360 (quod
908 2290 1053 2341 enim
1089 2298 1363 2353 evenerat,
1412 2288 1610 2342 divina:
1644 2286 2002 2356 providentia:

414 2388 613 2435 cuneta
641 2380 999 2449 gubernantis
1024 2380 1361 2451 exstiterat),
1396 2379 1492 2434 sed
1531 2388 1796 2449 tanquam
1825 2380 2002 2434 victor

413 2482 711 2526 coronatus
741 2486 836 2540 per
870 2472 1103 2540 plateam
1133 2471 1410 2535 transiret,
1444 2486 1568 2525 eum
1604 2470 1779 2541 magis
1803 2471 2001 2526 erube-

414 2562 680 2618 scendum
720 2562 1131 2633 lugendumqne
1180 2560 1339 2626 foret,
1386 2578 1493 2617 non
1530 2561 1675 2631 quod
1707 2560 1871 2629 juste,
1916 2560 1999 2613 di-

413 2668 581 2722 gnum
642 2652 737 2722 qui
812 2652 1233 2715 cmtnderetur,
1316 2652 1635 2722 sanguinem
1716 2650 1999 2706 effudisset

416 2742 755 2815 (quanquam
793 2760 862 2799 ne
899 2747 1003 2800 hoc
1049 2744 1267 2813 quidem
1309 2744 1361 2797 in
1419 2744 1486 2797 iis
1538 2742 1844 2798 habendum
1873 2758 1997 2813 qua:

415 2834 632 2890 laudem
669 2835 997 2904 merentur),
1029 2834 1123 2890 sed
1159 2835 1302 2904 quod
1340 2850 1447 2888 non
1484 2834 1536 2886 in
1581 2833 1814 2887 exedium
1846 2834 1993 2901 loco,

2096 436 2428 506 ἀνενεχθεὶς,
2453 434 2534 488 ἔτι
2563 436 2690 498 τοὺς
2720 434 2891 497 πόδας
2943 432 3148 503 σιδήρῳ
3188 432 3512 500 δεδεμένους
3540 434 3678 504 ἔχων

2094 530 2182 583 διὰ
2219 529 2280 582 τὸ
2325 528 2424 599 τὴν
2469 527 2616 581 κλεῖν
2667 526 2815 597 παρά
2843 525 2938 578 τοῦ
2990 524 3219 587 Λέοντος
3275 525 3682 597 φυλαττομένην

2097 622 2401 693 ἀσφαλείας
2431 622 2620 676 ἕνεκεν
2644 620 2783 683 τέως
2816 617 2956 672 εἶναι
2994 618 3200 687 ἀφανῆ,
3238 618 3331 671 ἐπὶ
3376 618 3471 672 τὸν
3526 620 3681 690 βασίη

2095 716 2239 769 λειον
2266 714 2518 769 ἐκάθισεν
2542 714 2753 785 θρόνον,
2781 711 2865 784 [Ρ.
2899 710 2993 783 27]
3018 711 3113 763 κα⁹ι
3130 710 3283 780 παρά
3324 710 3546 765 πάντων
3567 712 3683 765 τῶν

2095 810 2234 869 τέως
2272 806 2441 860 ὄντων
2463 807 2523 860 ἒν
2548 805 2626 876 τῷ
2676 804 2929 874 παλατίῳ
2971 801 3354 874 προσεκυνήθη
3406 804 3684 875 αὐτοκρά-

2097 916 2216 970 τωρ
2246 897 2654 968 ἀναγορευθείς.
2708 898 2850 967 Ἤδη
2902 896 2959 949 δὲ
3020 896 3295 965 μεσούσης
3326 896 3543 965 ἡμέρας
3583 896 3682 967 τῆς

2101 995 2291 1066 φήμης
2323 993 2602 1064 πανταχοῦ
2634 990 3060 1064 διαδραμούσης,
3097 991 3205 1045 τῶν
3240 991 3457 1060 δεσμῶν
3496 993 3681 1063 σφύρᾳ

2101 1087 2441 1142 θλασθέντων
2482 1086 2655 1158 μόλις,
2692 1087 2751 1139 οὐ
2796 1087 2988 1157 χεῖρας
3041 1084 3471 1154 ἀπονιψάμενος,
3502 1085 3562 1137 ού
3593 1085 3683 1138 τὸν

2100 1183 2242 1235 θεῖον
2274 1180 2604 1250 φόϐοννκατά
2637 1178 2764 1233 νοῦν
2796 1178 3058 1250 εἰληφὼς,
3096 1179 3196 1231 οὐκ
3229 1178 3358 1233 ἄλλο
3392 1179 3547 1232 οὐδὲν
3573 1179 3685 1231 τῶν

2099 1276 2329 1330 δεόντων
2390 1275 2646 1344 ποιήσας,
2683 1271 2821 1345 πρὸς
2857 1273 2949 1325 τὸν
2990 1272 3133 1326 θεῖον
3173 1272 3267 1326 καὶ
3335 1271 3508 1343 μέγαν
3558 1271 3689 1327 ναὸν

2100 1366 2464 1439 προελήλυθεν
2493 1366 2588 1419 τοῦ
2631 1366 2861 1437 στέφους
2886 1365 2950 1418 ἐκ
2986 1365 3087 1435 τῆς
3136 1365 3544 1435 πατριαρχικῆς
3574 1383 3680 1435 χειο

2105 1460 2195 1530 ρὸς
2223 1460 2315 1514 καὶ
2339 1458 2440 1529 τῆς
2462 1458 2748 1530 πανδήμου
2777 1460 2963 1528 τυχεῖν
2987 1455 3273 1526 ἐπιθυμῶν
3303 1457 3683 1527 ἀναρρήσεως,

2102 1553 2349 1616 ἐκείνους
2381 1552 2575 1621 μόνους
2629 1549 2883 1622 φραγμὸν
2919 1549 3013 1603 καὶ
3042 1549 3493 1621 περιχαράκωμα
3542 1548 3682 1618 ἔχων

2102 1645 2227 1709 τοὺς
2256 1648 2350 1699 τοῦ
2399 1645 2561 1713 φόνου
2620 1642 3031 1715 μετεσχηκότας
3063 1642 3157 1695 καὶ
3217 1640 3681 1710 συνομωμοκότας

2108 1736 2277 1807 αὐτῷ.
2305 1736 2482 1789 -Ἕνθα
2510 1735 2603 1789 καί
2625 1752 2709 1799 τις
2737 1733 3064 1804 ἀμφοτέρων
3116 1732 3446 1802 θαυμάσειεν
3490 1730 3550 1784 τὸ
3578 1749 3681 1785 xw

2107 1832 2415 1899 κόγνωμον,
2437 1830 2532 1883 τοῦ
2564 1830 2663 1901 μὲν
2692 1832 2838 1891 ὅπως
2870 1828 3062 1880 οὐδένα
3109 1820 3222 1896 εἶχε
3274 1826 3383 1878 τῶν
3426 1824 3661 1895 τηλικοῦ

2106 1940 2214 1976 των
2254 1922 2504 1976 κολάκων
2544 1921 2639 1974 καὶ
2679 1919 2980 1988 φιλούντων
3032 1916 3155 1968 τότε
3204 1917 3266 1985 δὴ
3303 1915 3517 1985 βοηθὸν,
3551 1912 3659 1968 πάν

2103 2032 2213 2069 των
2258 2015 2449 2086 ῶσπερ
2494 2012 2745 2084 ἑρπετῶν
2799 2012 2880 2073 είς
2909 2008 3236 2071 καταδύσεις
3296 2008 3686 2079 χωρησάντων,

2103 2106 2198 2160 τοῦ
2226 2107 2479 2176 δευτέρου
2505 2108 2561 2160 δὲ
2589 2106 2650 2160 τὺ
2681 2106 2818 2178 πρὸς
2851 2106 3063 2171 πάντας
3100 2104 3303 2174 ἄφοϐον
3333 2104 3429 2157 καὶ
3459 2105 3677 2173 αίμοχα-

2108 2199 2217 2269 ρές,
2247 2193 2328 2258 οἷς
2349 2199 2538 2271 ῶσπερ
2578 2215 2664 2261 τις
2688 2197 2797 2251 ἀπὸ
2838 2200 2996 2269 νίκης
3050 2198 3353 2269 ἁθλοφόρος
3395 2193 3678 2266 ἐπανερχὸ

2106 2279 2266 2358 μενος
2286 2330 2300 2355 ,
2330 2289 2454 2343 ἀλλ*
2486 2290 2545 2342 ού
2580 2289 2774 2360 δήμιος
2811 2289 2991 2359 (τοῦτο
3014 2291 3121 2360 γὰρ
3160 2290 3265 2343 ύπδ
3291 2290 3390 2359 τῆς
3422 2289 3491 2340 τὰ
3517 2288 3687 2341 πάντα

2100 2376 2409 2447 διοικούσης
2424 2378 2691 2448 Προνοίας
2718 2378 3226 2449 ὲγένετο)κατάτήν
3251 2378 3511 2432 πλατεῖαν
3539 2376 3683 2447 διήρ-

2103 2486 2228 2539 χετο
2258 2469 2377 2521 δέον
2407 2468 2850 2539 ἐγκαλύπτεσθαι
2890 2471 2987 2523 καὶ
3051 2471 3296 2541 θρηνεῖν,
3340 2469 3440 2522 οὐκ
3493 2471 3576 2538 ἐφ’
3610 2462 3697 2531 οἷς

2103 2563 2252 2629 ἄξιον
2280 2557 2419 2633 αἷμα
2466 2562 2693 2626 δικαίως
2738 2563 2954 2635 ἐξέχεεν
3004 2563 3133 2631 (καί
3160 2562 3243 2616 τοί
3271 2579 3334 2631 γε
3366 2561 3488 2614 οὐδὲ
3532 2558 3688 2613 τοῦτο

2104 2656 2214 2710 τῶν
2234 2655 2582 2725 ἐπαινετῶν),
2611 2655 2727 2711 ἀλλ’
2758 2657 2841 2729 ἐφ’
2870 2654 2949 2720 οἷς
2980 2657 3081 2711 οὐκ
3107 2659 3164 2711 ἐν
3180 2655 3320 2727 ἀξίῳ
3361 2655 3533 2725 τόπῳ,
3562 2652 3688 2720 θείῳ

2099 2744 2156 2797 δὲ
2209 2744 2307 2798 καὶ
2338 2746 2586 2817 καθαρῷ,
2615 2749 2713 2799 καὶ
2744 2746 2904 2815 μόνον
2946 2745 3076 2800 ἔνθα
3098 2745 3158 2799 τὸ
3206 2745 3537 2799 Δεσποτικὸν
3569 2743 3687 2797 καθ’
3744 2818 3749 2821 1

2099 2836 2316 2909 ἡμέραν
2339 2836 2611 2908 ὲκχέεται,
2653 2837 2762 2891 τῶν
2809 2837 3098 2909 ἡμετέρων
3138 2837 3335 2910 λύτρον
3377 2836 3685 2908 ἁμαρτιῶν,

417 2927 511 2984 sed
541 2927 595 2983 in
632 2926 818 2982 divino
866 2927 1197 2997 mundoque,
1248 2935 1299 2980 et
1341 2925 1393 2979 in
1429 2940 1539 2992 quo
1578 2922 1794 2979 [λοιποὺιὶ
1839 2924 2107 2981 duntaxat
2171 2928 2399 3000 sanguis
2450 2928 2517 2983 ad
2553 2935 2871 2983 nostrorum
2930 2928 3253 2984 delictorum
3316 2928 3695 2997 scelerumque

417 3020 786 3091 expiationem
818 3019 1061 3089 quotidie
1095 3019 1361 3074 funditur.

487 3133 541 3187 5.
580 3130 781 3187 Verum
836 3131 904 3186 ad
955 3132 1073 3201 ejus
1130 3132 1364 3201 patriam
1427 3141 1677 3187 recurrat
1729 3134 1999 3201 narratio,
2029 3136 2074 3196 (ζ

415 3241 541 3282 eum
567 3225 808 3281 medium
840 3240 1153 3291 assumens,
1185 3226 1349 3295 cujus
1378 3240 1437 3281 se
1468 3240 1560 3281 res
1609 3226 1837 3297 exsequi
1871 3241 1999 3297 pro-

417 3320 623 3374 ﬁtetur.
653 3318 801 3372 Tulit
827 3317 974 3373 hunc
1000 3317 1247 3389 Phrygias
1271 3318 1576 3387 superioris
1601 3318 1816 3384 civitas,
1854 3320 2000 3374 dicta

419 3412 727 3467 Amorium.
762 3409 818 3463 In
861 3426 927 3465 ea
955 3409 1269 3465 Iudaeorum
1299 3425 1598 3479 eorumque
1629 3425 1769 3479 quos
1802 3410 2000 3465 Athin-

418 3515 593 3570 ganos
621 3509 821 3554 vocant
853 3498 1109 3568 frequens
1148 3513 1363 3569 semper
1406 3501 1698 3555 multitudo
1729 3502 1995 3558 consedit.

419 3587 525 3642 Sed
559 3596 613 3641 et
644 3587 750 3641 alia
781 3589 1030 3657 qumdam
1082 3587 1328 3655 haeresis,
1359 3606 1423 3645 ex
1455 3591 1686 3646 aliorum
1726 3607 1847 3648 eum
1876 3593 2000 3649 aliis

420 3680 683 3735 societate
712 3678 939 3749 jugique
991 3682 1413 3747 consuetudine,
1451 3698 1587 3739 nova
1644 3700 1873 3755 prorsus
1904 3701 1998 3741 ex-

420 3787 529 3842 que
578 3771 738 3826 novis
773 3780 827 3826 et
881 3771 1145 3829 inauditis
1184 3773 1421 3831 decretis
1454 3775 1689 3832 conﬂata
1751 3779 1996 3845 emersit,

420 3864 583 3936 cujus
640 3865 758 3935 ipse
791 3880 1014 3936 quoque
1051 3866 1276 3922 Michael
1336 3877 1557 3938 accepta
1615 3886 1644 3924 a
1702 3871 2001 3940 majoribus

419 3957 813 4028 superstitione
864 3960 1140 4030 particeps
1196 3960 1321 4016 fuit.
1373 3961 1532 4017 Secta
1586 3964 1701 4018 haec
1750 3965 1998 4021 divinum

418 4052 640 4124 quidem
683 4052 963 4108 lavacrum
1002 4062 1065 4107 ut
1098 4055 1338 4109 salutare
1391 4064 1445 4110 et
1493 4069 1523 4110 a
1561 4056 1677 4111 suis
1719 4057 2001 4127 explorate

419 4144 663 4214 agnitum
693 4149 1113 4216 probatumque,
1140 4162 1235 4203 eos
1262 4147 1356 4218 qui
1388 4148 1689 4218 initientur,
1720 4150 1999 4221 percipere

417 4237 587 4293 sinit:
625 4237 681 4292 in
731 4238 942 4309 reliquo
976 4247 1159 4293 autem
1210 4240 1414 4308 omnia,
1450 4250 1645 4325 praeter
1676 4258 1839 4296 unam
1892 4243 1999 4296 eir-

417 4328 838 4394 eumcisionem,
867 4344 934 4385 ex
986 4328 1122 4400 legis
1152 4330 1408 4386 Mosaicae
1461 4332 1570 4386 ritu
1604 4341 1803 4389 servat.
1836 4332 1997 4397 Quis-

417 4421 541 4493 quis
582 4422 686 4478 hac
719 4432 869 4478 secta
917 4429 1003 4478 est
1034 4421 1309 4487 initiatus,
1338 4432 1728 4493 praeceptorem
1756 4438 1821 4479 ae
1850 4424 1997 4479 velut
2034 4402 2073 4456 θ

418 4513 732 4582 praefectum
758 4512 1045 4571 Hebraeum
1073 4515 1368 4585 quemdam
1393 4516 1507 4571 sive
1530 4515 1810 4571 Hebraeam
1836 4516 2007 4573 divini

419 4621 648 4672 prorsus
682 4616 962 4676 expertem
1008 4607 1350 4677 baptismatis
1389 4607 1846 4673 domihabet,eui
1896 4625 2004 4664 non

419 4698 597 4750 solum
622 4713 683 4751 ea
707 4714 827 4769 qum
846 4700 915 4755 ad
938 4700 1184 4755 animum
1214 4717 1277 4755 ac
1305 4702 1535 4757 salutem
1565 4705 1929 4771 speetant,sed
1954 4718 2008 4760 et

420 4792 497 4845 rei
519 4789 805 4847 familiaris
826 4795 1357 4850 administrationem
1381 4796 1689 4851 connuittat
1710 4798 2007 4869 domuique

419 4899 484 4936 ae
517 4881 838 4939 substantia:
871 4898 995 4937 eum
1040 4888 1319 4953 praeﬁciat.
1346 4886 1453 4958 5.3
1483 4886 1591 4943 llae
1637 4904 1664 4941 a
1696 4904 1863 4959 puero
1901 4889 1998 4942 Mi-

418 4978 573 5035 tltael
603 4977 893 5032 institutus
949 4974 1177 5046 ejusque
1216 4978 1448 5047 primum
1497 4981 1845 5037 documentis
1901 4982 2000 5035 im-

419 5074 605 5139 butus,
645 5087 711 5127 ne
733 5072 814 5127 sic
848 5069 1069 5142 quidem
1116 5087 1239 5140 qua:
1278 5071 1453 5137 primo
1482 5074 1753 5131 insederat
1788 5077 1999 5145 Opinio—

420 5152 543 5220 nem
593 5183 783 5237 puram
822 5166 1068 5230 retinttit,
1129 5166 1224 5220 sed
1283 5166 1430 5219 velut
1491 5184 1669 5235 prava:
1720 5170 1999 5241 religionis

424 5259 717 5329 nothzeque
755 5260 1042 5326 colluvies,
1077 5268 1195 5314 tum
1259 5274 1379 5313 eam
1426 5260 1597 5329 ipsam
1662 5262 1823 5332 paulo
1879 5274 2001 5333 post

422 5350 773 5430 adulteravit,
802 5362 913 5406 tum
947 5351 1317 5409 Christianam
1370 5368 1434 5407 ae
1472 5351 1756 5409 Judaicam
1798 5358 2000 5425 spuriis

421 5445 546 5499 aliis
575 5444 846 5514 adjunetis
884 5446 1100 5516 polluit.
1134 5447 1411 5503 Hactenus
1460 5446 1682 5516 quidem
1716 5448 1865 5503 illam
1914 5466 1999 5506 se-

419 5541 688 5610 quebatur
728 5538 894 5607 inque
928 5539 1138 5594 virilem
1181 5540 1516 5608 provchebat
1548 5548 1785 5604 :statem,
1842 5557 2000 5612 agre-

2177 3130 2245 3201 γ’.
2292 3130 2432 3185 Ἀλλ’
2474 3139 2569 3185 επὶ⁸
2597 3133 2698 3201 τὴν
2748 3132 3102 3205 θρεψαμένην
3149 3132 3342 3189 τοῦτον
3387 3135 3419 3207 ἡ
3477 3133 3692 3206 ἱστορία

2104 3225 2347 3294 ἀγέσθω,
2373 3226 2469 3279 καὶ
2491 3224 2654 3296 μέσον
2687 3226 2852 3279 αὑτὸν
2881 3226 3209 3296 λαμϐανέτω
3233 3228 3299 3280 τὰ
3321 3227 3486 3281 αὑτοῦ
3521 3232 3677 3296 ἐπαγ-

2103 3322 2369 3389 γέλλουσα
2408 3321 2472 3373 ⁸⁸.
2510 3322 2746 3388 Ἤνεγκε
2780 3318 2878 3388 μὲν
2910 3318 3003 3371 οῦν
3035 3319 3252 3389 αύτδνή
3283 3321 3424 3373 κατά
3451 3321 3549 3389 τὴν
3579 3321 3687 3373 ἄνω

2102 3414 2343 3480 Φρυγίαν
2376 3410 2532 3475 πόλις
2571 3410 2825 3481 Ἀμόριον
2849 3407 2991 3462 οῦτω
3040 3409 3373 3480 καλουμένη,
3408 3412 3465 3462 ἐν
3594 3413 3688 3465 καὶ

2117 3505 2384 3559 Ἰουδαίων
2442 3504 2536 3559 καί
2579 3521 2742 3557 τινων
2800 3502 3140 3573 ’Λθιγγάνων
3195 3502 3399 3574 πλῆθος
3444 3504 3529 3557 ἀεί
3572 3522 3687 3567 πως

2104 3599 2546 3667 ἑγκατοικίζεται
2572 3615 2587 3629 ·
2618 3595 2713 3651 καί
2745 3612 2828 3659 τις
2869 3596 2925 3649 δὲ
2958 3597 3171 3668 αἵρεσις
3197 3599 3263 3651 ὲκ
3305 3598 3404 3668 τῆς
3444 3597 3691 3667 ἀλλήλων

2105 3693 2393 3755 κοινωνίας
2424 3691 2522 3746 καὶ
2554 3691 2842 3764 διηνεκοῦς
2863 3691 3083 3761 ὁμιλίας
3113 3690 3303 3745 καινδν
3330 3691 3531 3761 ἔχουσα
3558 3691 3686 3762 τρό-

2105 3802 2204 3839 πον
2246 3785 2340 3838 καὶ
2369 3785 2615 3856 δόγματα
2650 3786 2965 3854 ἐπιφύεται,
3002 3780 3069 3857 ἦς
3104 3784 3198 3837 καὶ
3232 3783 3396 3847 αὐτὸς
3430 3785 3690 3855 μετέσχεν

2104 3878 2170 3930 ἐκ
2204 3877 2459 3947 πατέρων
2508 3876 2916 3947 διαδεξάμενος.
2963 3874 3114 3944 Αῦτη
3165 3875 3220 3928 δὲ
3266 3875 3363 3928 τοῦ
3409 3876 3506 3945 μὲν
3542 3874 3697 3927 θείου

2104 3968 2329 4041 λουτροῦ
2361 3969 2437 4032 ὡς
2484 3968 2864 4041 σωτηριώδους
2914 3968 3069 4030 ὄντος
3127 3968 3220 4020 καὶ
3250 3967 3381 4038 παρ’
3419 3968 3613 4031 αὐτοὺς
3642 3966 3689 3999 ⁸⁷

2103 4060 2581 4131 διωμολογημένου
2661 4061 2789 4122 τοὺς
2830 4059 3193 4129 τελουμένους
3254 4059 3693 4131 μεταλαγχάνειν

2103 4153 2307 4224 ἀνίησι,
2332 4149 2501 4206 τᾶλλα
2528 4151 2583 4205 δὲ
2612 4150 2790 4205 πάντα
2838 4149 3001 4215 σώζει
3037 4149 3390 4219 φυλάττουσα
3428 4152 3571 4205 κατὰ
3604 4151 3687 4203 νό-

2106 4262 2206 4314 μον
2262 4246 2352 4297 τδν
2403 4243 2732 4306 Μωσαῖκὸν,
2804 4242 2947 4314 πλὴν
2997 4244 3097 4315 τῆς
3151 4246 3482 4317 περιτομῆς.
3535 4244 3690 4297 Διδά-

2107 4337 2305 4389 σκαλον
2352 4336 2408 4389 δὲ
2440 4335 2535 4388 καὶ
2561 4330 2673 4388 οἷον
2708 4334 2939 4405 ἔξαρχον
2966 4337 2994 4389 ὁ
3026 4335 3203 4409 ταύτῃ
3243 4351 3687 4407 μεμυσταγωγη-

2110 4431 2270 4501 μένος
2316 4430 2566 4501 Ἐϐραῖόν
2595 4430 2769 4502 τιναῆ
2817 4430 3076 4503 Ἐὁραῖδα
3097 4433 3383 4501 κέκτηται,
3414 4431 3507 4482 τοῦ
3536 4429 3684 4482 θείου

2108 4520 2309 4586 τελέως
2359 4522 2737 4594 βαπτίσματος
2790 4524 3151 4594 ἀπεχόμενον,
3186 4522 3327 4575 κατά
3359 4522 3449 4574 τδν
3493 4521 3686 4574 ἑαυτοῦ

2109 4610 2279 4679 οἷκον,
2308 4608 2476 4683 καὶ
2502 4615 2573 4669 τὰ
2599 4614 2795 4668 ἑαυτοῦ
2826 4614 2886 4666 ού
2920 4614 3080 4683 μόνον
3109 4613 3178 4665 τὰ
3206 4610 3433 4681 ψυχικά,
3465 4611 3602 4665 ἀλλὰ
3622 4612 3686 4683 δὴ

2108 4714 2203 4766 καὶ
2230 4712 2331 4775 τὰς
2360 4714 2482 4765 κατ’
2519 4707 2665 4764 οἶκον
2696 4709 3011 4779 οἰκονομίας
3050 4706 3394 4778 ὲμπιστεύει,
3432 4709 3526 4761 καὶ
3582 4709 3689 4761 ὑπὸ

2109 4806 2270 4875 χεῖρα
2315 4803 2502 4857 δίδωσι
2549 4800 2636 4874 [Ρ.
2679 4799 2773 4872 28]
2823 4799 2924 4869 τὴν
2978 4798 3167 4853 αὐτοῦ.
3210 4798 3431 4868 Ταύτης
3481 4794 3577 4852 οὖν
3624 4801 3689 4852 ὲκ

2114 4897 2301 4961 παιδὸς
2326 4894 2613 4967 μετασχὼν
2632 4896 2725 4949 καὶ
2792 4892 2888 4964 τὴν
2903 4891 3081 4962 ψυχὴν
3101 4890 3577 4961 προκαταληφθείς
3588 4892 3690 4944 οὐκ

2111 4982 2257 5058 εἶχεν
2292 4988 2398 5041 οὐδ’
2426 4985 2599 5049 οῦτως
2645 4983 2706 5038 τὸ
2760 4986 2861 5053 τῆς
2886 4980 3211 5053 προλήψεως
3267 4978 3527 5050 καθαρὸν,
3573 4979 3688 5032 ἀλλ’

2109 5076 2221 5133 οἷόν
2260 5098 2341 5143 τις
2370 5079 2625 5142 ἀπιστίας
2657 5078 2874 5142 σύνοδος
2903 5074 3143 5145 γεγονὼς
3194 5074 3330 5144 ὁμοῦ
3362 5091 3422 5126 τε
3486 5073 3690 5144 ταύτην

2110 5174 2170 5227 ού
2204 5174 2392 5247 πόρρω
2422 5172 2713 5243 γενόμενος
2750 5168 3129 5241 παρεχάραξεν
3158 5172 3253 5220 καὶ
3284 5167 3383 5238 τὴν
3425 5168 3688 5237 Χριστια-

2110 5268 2215 5321 νῶν
2277 5266 2678 5337 παρενόθευσεν
2741 5266 2837 5317 καὶ
2880 5263 2979 5334 τὴν
3023 5260 3321 5331 Ἰουδαῖκὴν
3380 5260 3689 5332 ἐκιϐδήλευ-

2113 5378 2223 5413 σεν.
2266 5358 2416 5421 Τέως
2453 5358 2551 5428 μὲν
2609 5351 2701 5411 οὖν
2738 5356 2915 5426 εἴχετο
2964 5353 3155 5423 αὐτῆς,
3198 5354 3291 5406 καὶ
3321 5352 3420 5424 τὴν
3472 5352 3552 5413 είς
3591 5352 3684 5405 ἄν·

2110 5455 2243 5523 δρας
2273 5453 2534 5506 τελοῦσαν
2568 5450 2785 5522 ἡλικίαν
2828 5449 3081 5519 ἀνήγετο,
3110 5444 3396 5515 ἀγροικίαν
3418 5446 3512 5498 καὶ
3541 5446 3686 5512 ἁμα·

2112 5545 2234 5600 θίαν
2268 5545 2457 5617 ὥσπερ
2476 5546 2631 5609 τινὰς
2654 5543 2842 5607 ἕλικας
2876 5542 3119 5613 ἄμπελος
3156 5537 3506 5600 σννανιούσας
3544 5537 3683 5606 ἔχων

1693 5634 1920 5692 νΑῑιιΑς
1959 5637 2363 5695 LECTIUNES.

491 5723 536 5754 ³⁸
569 5720 1031 5789 άπαγγέλλουσαί
1132 5726 1175 5754 ⁸⁷
1210 5724 1432 5788 αι)τοῖςῖ
