4038 6214
282 289 347 353 57
1327 273 1472 336 LIB.
1511 271 1593 333 II.
1630 295 1699 306 -
1739 269 2077 332 MICHAEL
2107 266 2608 330 AMORIENSIS.
3479 265 3550 329 58

282 402 424 474 αὐτῷ
454 421 476 435 “
515 399 728 474 μᾶλλον
776 397 834 450 δὲ
877 395 982 449 ὑπὸ
1029 389 1234 444 τούτων
1276 387 1536 456 ἐχόμενος
1576 382 1672 436 καὶ
1705 381 1853 434 παιδ-

1965 387 2076 434 stes
2111 393 2371 434 moresac
2401 377 2673 434 inscitiam
2704 376 2860 433 haud.
2876 393 3036 436 secus
3061 393 3126 434 ac
3161 377 3289 450 vitis
3316 377 3546 432 malleo-

283 472 674 571 ιγιιέγοὰμενος
730 485 1050 554 κατάλληλα
1087 480 1319 552 προσῄει
1373 477 1672 548 μαθήματα
1727 472 1870 528 διδα-

288 565 585 663 σκὸμενος,
608 581 678 648 οἷς
732 580 998 643 πολλάκις
1041 576 1141 647 τὴν
1185 571 1476 663 βασίλειον
1506 565 1868 663 δεδραγμένος

291 660 480 756 ipim
507 679 746 748 ἑῳίνετο
771 667 1177 744 σεμνυνόμενός
1197 681 1258 719 τε
1281 664 1377 719 καὶ
1393 660 1865 729 καλλωπιζόμενος

300 753 352 850 ἧ-
468 771 647 828 ἑαυτοῦ
668 769 988 837 διαδήματι.
1019 763 1134 830 Τὴν
1159 756 1382 828 λογικὴν
1403 755 1461 810 δὲ
1495 753 1862 850 παντάπασιν,

306 842 382 932 ὧς
404 842 464 921 τὰ
485 865 609 934 παρ’
636 854 1272 928 ὲαυτοῦπροϐαλλόμενα
1312 845 1729 916 ἀνατρέπουσαν
1769 842 1866 934 καὶ

306 959 492 1013 πείθειν
516 933 827 1023 δυναμένην
859 967 921 1001 τε
942 946 1038 1003 καὶ
1075 941 1490 1016 μεταδιδάσκειν
1520 935 1614 989 τοῦ
1649 935 1726 1005 μὴ
1766 933 1866 1002 τῆς

300 1050 545 1120 σίρίσεως
587 1044 758 1101 αὑτοῦ
796 1042 892 1096 καὶ
942 1035 1241 1110 θρησκείας
1291 1032 1481 1086 ὀπίσω
1507 1025 1861 1120 πορεύεσθαι,

292 1116 518 1211 ἠτίμαζε
553 1155 619 1192 τε
651 1136 754 1191 καὶ-
803 1132 1142 1189 ἀπεϐάλλετο
1183 1127 1282 1196 τῆς
1317 1120 1514 1178 ἑαυτοῦ
1564 1116 1865 1211 ἐπιϐούλως

280 1209 476 1302 «τῆς.
511 1231 628 1285 Καί
656 1228 742 1283 τοι
773 1244 837 1297 γε
864 1223 934 1298 ἦν
971 1221 1122 1292 αύτῷ
1171 1217 1394 1273 δυνατὸν
1442 1214 1514 1267 τὰ
1543 1209 1764 1264 εαυτοῦ.
1806 1225 1865 1302 τε

281 1301 535 1380 σέϐεσθαι
569 1325 664 1379 καὶ
696 1322 766 1375 τὰ
793 1319 1040 1392 ἡμέτερα
1067 1315 1151 1386 μὴ
1179 1310 1433 1383 ἀτιμοῦν,
1468 1309 1594 1362 ὅταν
1623 1303 1701 1376 μὴ
1727 1301 1862 1373 πρὸς

278 1415 536 1471 ⁴τοσοῦτον
552 1414 714 1485 χορὸν
735 1412 845 1465 τῶν
875 1411 970 1462 ἐπὶ
1008 1407 1178 1477 σοφίᾳ
1212 1399 1633 1470 διαλαμψόωτων
1681 1393 1857 1464 χρόνῳ

279 1507 371 1562 καὶ
441 1504 670 1577 ἀριθμῷ
706 1500 1092 1573 κεκρατηκότα
1120 1489 1558 1564 ἀνθαμιλλᾶσθαι
1602 1485 1852 1558 ἠδύνατο.

1972 474 2054 526 los
2134 487 2240 527 una
2318 479 2606 541 surgentes
2694 471 2924 527 habens.
2988 471 3247 538 Quinimo
3315 486 3546 542 quorum

1969 564 2274 634 disciplina:
2329 565 2557 618 haereret
2616 577 2682 618 ac
2717 577 2858 632 quos
2890 563 3138 631 pueritia:
3201 563 3548 618 institutores

1969 655 2214 718 haberet,
2237 670 2432 710 eorum
2453 670 2698 724 congrua
2737 657 2983 708 moribus
3017 655 3195 708 studia
3223 654 3546 708 condiscens

1969 748 2385 819 grandescebat,
2434 747 2638 816 quibus
2673 746 2818 800 haud
2853 761 3000 812 raro,
3027 748 3131 802 etsi
3165 748 3280 814 jam
3328 745 3543 815 imperii

1967 851 2166 897 nactus
2206 839 2432 904 infulas,
2460 840 2635 909 magis
2669 839 2773 895 sibi
2805 840 3021 908 placere
3049 854 3114 893 ac
3142 840 3364 909 gloriari
3395 838 3545 904 vide-

1968 933 2128 988 batur
2159 947 2323 1004 quam
2363 931 2483 1000 ipso
2511 930 2835 986 diademate.
2875 929 3012 984 Eam
3057 940 3241 986 autem
3281 948 3402 1001 quae
3451 947 3544 984 ra-

1969 1026 2169 1080 tionem
2204 1024 2404 1078 excolit
2433 1023 2722 1078 scientiam
2755 1032 2809 1078 et
2839 1023 3228 1086 eruditionem.
3262 1041 3356 1078 seu
3400 1025 3544 1080 litte-

1969 1134 2060 1172 ras
2093 1117 2295 1187 quibus
2325 1118 2616 1172 evertenda
2650 1124 2839 1171 essent
2889 1117 3032 1172 illius
3089 1117 3442 1186 problemata,
3479 1132 3544 1172 ac

1969 1211 2173 1280 quibus
2205 1210 2421 1265 suaderi
2453 1210 2652 1264 licebat
2677 1218 2842 1278 atque
2875 1209 3057 1269 doceri
3116 1209 3255 1262 haud
3307 1224 3543 1276 sequen-

1971 1302 2095 1354 dam
2124 1316 2279 1355 suam
2330 1302 2480 1356 illam
2514 1301 2765 1356 haeresim
2813 1317 2878 1354 ac
2922 1300 3389 1369 superstitionem.
3425 1309 3540 1354 tum

1963 1403 2049 1449 est
2079 1401 2429 1462 aspernatus,
2453 1401 2568 1448 tum
2601 1409 2668 1448 ex
2699 1409 2798 1448 suo
2822 1395 3008 1448 dolose
3037 1394 3222 1448 animo
3251 1392 3536 1462 ablegavit.

1961 1484 2370 1558 Quanquamei
2404 1486 2607 1542 licebat
2665 1494 2775 1541 tum
2838 1503 2936 1542 sua
2972 1487 3152 1541 colere
3183 1495 3296 1540 tum
3353 1495 3541 1541 nostra

280 1613 384 1653 non
438 1597 763 1668 aspernari,
801 1591 1021 1663 quando
1061 1603 1164 1644 uec
1196 1583 1486 1644 certamini
1547 1595 1649 1650 par
1711 1577 1885 1633 videri
1917 1587 2129 1648 poterat
2189 1577 2481 1633 adversum
2527 1585 2742 1632 tantum
2804 1577 3338 1648 sapientissimorum
3395 1577 3542 1630 viro-

278 1707 424 1758 rum,
472 1699 636 1746 :etate
688 1703 755 1746 ac
803 1699 1033 1741 numero
1084 1684 1244 1750 longe
1298 1684 1680 1748 praestantem,
1721 1673 1981 1728 chorum.

341 1786 409 1842 δ’.
447 1784 789 1855 Πλὴν.ὲτίμα
821 1781 891 1834 τὸ.
927 1775 1145 1831 ἑαυτοῦ.
1167 1775 1249 1828 Τὰ
1272 1773 1330 1826 δὲ
1356 1768 1426 1843 ἦν
1451 1770 1591 1824 συῶν
1632 1769 1729 1840 μὲν
1747 1767 1853 1819 τῶν

2031 1766 2085 1820 4.
2122 1766 2414 1822 Enimvero
2447 1781 2548 1822 sua
2581 1767 2668 1820 illa
2695 1766 2908 1822 colebat
2941 1768 3224 1838 plurisque
3281 1768 3536 1825 faciebat.

278 1878 589 1949 ἀρτιτόκων
617 1875 906 1946 προλέγειν
947 1873 1066 1925 ὅσοι
1090 1885 1152 1922 τε
1193 1867 1408 1920 ἔσονται
1438 1863 1730 1934 εὐτραφεῖς
1763 1862 1858 1915 καὶ

279 1968 561 2038 σωμάτιον
597 1964 862 2036 μεγέθους
910 1963 1009 2015 οὐκ
1036 1959 1421 2032 ἁμοιρήσουσι,
1455 1955 1549 2008 καὶ
1600 1954 1716 2006 ὅσοι
1745 1954 1858 2012 τοῖς

277 2059 559 2121 ἐναντίοις
587 2054 1094 2128 περισχεθήσονται,
1123 2051 1219 2104 καὶ
1239 2050 1424 2103 ἵππων
1445 2047 1548 2117 μὲν
1580 2046 1746 2112 ἐγγὺς
1773 2045 1854 2096 ἐσ-

279 2153 461 2209 τᾶναι
484 2149 597 2204 τῶν
617 2149 982 2211 λακτιζόντων
1008 2145 1222 2208 ειδέναι,
1245 2141 1400 2204 ὅνους
1424 2140 1480 2193 δὲ
1500 2137 1853 2202 λακτίζοντας

278 2239 367 2305 ὡς
399 2241 738 2312 πορῤαπάτω
764 2235 1156 2308 ἀποτρέπεσθαι
1187 2235 1232 2267 ⁸⁸
1255 2232 1494 2303 εὐφυῶς,
1511 2231 1764 2302 ,ἡμιόνων
1793 2245 1853 2282 τε

276 2333 483 2402 κριτής
508 2330 730 2401 ἄριστος
761 2325 936 2394 εἷναι,,
952 2329 1047 2384 καὶ
1071 2327 1275 2381 τούτων
1297 2327 1412 2379 ὅσοι
1435 2322 1535 2394 μὲν
1562 2322 1697 2394 πρὸς
1723 2321 1855 2391 φόρ-

275 2437 369 2474 τον
395 2420 650 2491 ἁρμόδιοί
677 2419 845 2475 τεκαὶ
871 2418 1188 2490 ἐπιτήδειοι,
1217 2417 1330 2471 ὅσοι
1352 2415 1414 2469 δὲ
1435 2415 1560 2479 τοὺς
1590 2412 1856 2472 ἐπιϐάτας

273 2513 552 2583 εὐφόρως,
593 2510 732 2566 ἀλλὰ
767 2513 847 2583 μή
895 2527 1005 2565 τινι
1031 2509 1198 2581 πτοία
1243 2507 1514 2580 περιδεεῖς
1554 2505 1850 2573 γινόμενοι,

276 2606 540 2676 φέρουσιν
579 2604 652 2658 δ’.
679 2605 768 2659 Οὐ.
795 2604 903 2675 μὴν
956 2603 1095 2657 ἀλλὰ
1126 2601 1223 2656 καὶ
1253 2602 1378 2665 τοὺς
1425 2600 1628 2663 ἵππους
1662 2599 1855 2667 μόναις

273 2696 577 2767 ὀφθαλμῶν
632 2695 932 2765 διακρίνειν
971 2694 1176 2764 βολαῖς,
1201 2694 1324 2749 ὅσαι
1372 2709 1434 2746 τε
1479 2691 1614 2762 πρὸς
1652 2688 1854 2760 δρόμον

274 2787 488 2844 εὔτονοι
528 2804 590 2840 τε
639 2788 733 2840 καὶ
779 2787 1035 2856 τάχισται
1081 2787 1389 2855 πεφύκασιν
1422 2785 1516 2838 καὶ
1562 2783 1678 2837 ὅσοι
1716 2781 1854 2854 πρὸς

274 2879 515 2950 πόλεμον
547 2878 608 2932 τὸ
658 2877 986 2949 καρτερικὸν
1023 2877 1406 2942 διασώζουσιν,
1447 2874 1739 2945 προϐάτων
1789 2891 1850 2927 τε

273 2971 540 3059 καὶβοῶν
564 2971 664 3042 τὴν
688 2970 964 3033 εὐτοκίαν,
997 2971 1090 3024 καὶ
1129 2970 1243 3040 τὴν
1279 2968 1375 3024 τοῦ
1416 2969 1687 3038 γάλακτος
1728 2967 1851 3024 ὅσαι

271 3063 371 3136 τὴν
401 3063 688 3134 δαψίλειαν.
713 3064 778 3116 ὲκ
807 3062 1024 3133 φύσεως
1053 3063 1267 3134 ἔλαχον,
1301 3062 1396 3117 καὶ
1433 3062 1510 3126 ὡς
1547 3061 1846 3130 σιγώντων,

267 3157 330 3212 τὸ
359 3156 426 3228 δὴ
463 3156 674 3226 μεῖζον,
716 3155 819 3224 τῆς
851 3172 924 3227 ,τε
979 3155 1201 3226 μητρὸς,
1245 3153 1343 3209 καὶ
1388 3153 1498 3207 τῶν
1546 3151 1847 3223 ἀρτιγενῶν

269 3250 655 3321 γεννημάτων,
695 3249 894 3304 ειδέναι
925 3242 1234 3318 διακρίνειν.
1265 3246 1418 3299 ποῖον
1461 3245 1652 3306 ὁποίας
1701 3245 1850 3298 ἐστὶν

269 3343 424 3398 [διον.
457 3341 570 3396 Καὶ
590 3340 661 3395 τὰ
693 3341 792 3413 μὲν
806 3341 906 3410 τῆς
939 3337 1166 3410 πρώτης
1192 3335 1430 3408 ἡλικίας,
1467 3337 1644 3389 εἰπεῖν
1674 3333 1731 3388 δὲ
1752 3333 1850 3387 καὶ

264 3437 366 3508 τῆς
388 3435 729 3502 τελευταίας,
760 3435 936 3490 ταῦτα
971 3433 1036 3505 δὴ
1063 3433 1129 3487 τὰ
1159 3430 1462 3504 μαθήματά
1506 3446 1567 3482 τε
1614 3427 1709 3483 καὶ
1758 3443 1850 3480 σε-

267 3531 683 3603 μνολογήματα.
812 3573 820 3579 .
881 3571 884 3575 .
913 3511 962 3526 θ

333 3621 400 3678 ε’.
441 3623 531 3686 Ὠς
557 3622 600 3676 δ’
630 3623 732 3693 ἤδη
765 3620 985 3693 ἦκμαζε
1013 3619 1106 3674 τὸν
1135 3617 1346 3688 πένητα
1376 3615 1493 3686 βίον
1523 3611 1764 3667 διαθλιῖιν.
1787 3628 1847 3664 τε

264 3716 361 3770 καὶ
400 3714 711 3786 καρτερῶν,
741 3713 970 3769 ἔσπευδε
1001 3713 1059 3767 δὲ
1095 3711 1286 3765 τοῦτον
1341 3708 1494 3780 πάσῃ
1540 3705 1849 3777 ἀποτρίψαο

265 3810 394 3863 σθαι
416 3811 661 3880 μηχανῇ,
688 3807 781 3862 καί
799 3823 927 3861 ποτε
958 3805 1035 3876 τῷ
1048 3802 1246 3859 ἑαυτοῦ
1279 3802 1528 3873 παρέστη
1553 3799 1616 3872 δὴ
1644 3815 1849 3869 στρατ-

263 3900 412 3973 τιτῷ,
435 3898 521 3973 [Ρ.
544 3898 638 3971 Ξθ]
676 3898 871 3954 ἑαυτόν
887 3915 946 3952 τε
969 3897 1283 3966 ὑποφαίνων
1307 3894 1477 3963 καὶτῇ
1490 3895 1589 3962 τῆς
1602 3891 1847 3960 γλώττης

262 3993 594 4064 τραυλότητι
633 3993 726 4046 τὸν
764 3991 1005 4062 ἄρχοντα
1048 3986 1472 4057 ἐκκαλούμενος,
1509 3984 1622 4038 τῶν
1663 3983 1848 4050 ’Δθιγ-

263 4083 449 4151 γάνων
473 4102 561 4148 τις
591 4083 836 4152 γνωστός
879 4099 940 4136 τε
975 4080 1071 4136 καὶ
1107 4081 1306 4142 οἰκεῖος
1329 4077 1408 4149 τῷ
1453 4075 1755 4148 στρατηγῷ
1775 4073 1848 4126 ὣν

260 4178 429 4233 αὐτόν
468 4194 529 4231 τε
563 4175 753 4230 τοῦτον
778 4175 996 4247 Μιχαὴλ
1016 4173 1109 4230 καί
1136 4191 1258 4228 τινα
1273 4173 1460 4243 ἕτερον
1492 4168 1848 4240 περιϐοήτους

260 4271 486 4324 ἔσεσθαι
517 4269 635 4340 μετ’
663 4270 733 4325 οὐ,
757 4268 892 4322 πολὺ
925 4267 1210 4338 διηγόρευε
1240 4264 1338 4318 καὶ
1372 4263 1652 4335 βασιλείας
1676 4259 1849 4333 αὐτῆς

260 4362 545 4430 ἐπιτυχεῖν
565 4360 758 4418 οὐκείς
787 4358 1024 4429 μακράν.
1043 4356 1266 4420 Τούτοις
1288 4357 1387 4428 τὴν
1412 4355 1636 4427 ψυχὴνό
1652 4373 1849 4426 στρατ-

1953 1861 2090 1931 Eius
2125 1874 2254 1914 vero
2310 1858 2423 1914 fere
2449 1860 2666 1930 generis
2695 1869 2875 1923 erant,
2920 1875 3114 1930 nempe
3153 1877 3313 1916 suum
3348 1873 3540 1917 recens

1960 1961 2210 2005 natarum
2247 1939 2537 2003 vaticinari
2568 1965 2632 2005 ac
2669 1950 2942 2019 conjicere
2971 1966 3093 2020 quae
3154 1952 3388 2020 pingues
3417 1953 3538 2023 ple-

1959 2057 2138 2113 naque
2172 2057 2237 2097 ac
2261 2041 2443 2096 adulta
2469 2042 2715 2110 corporis
2747 2041 2923 2105 mole,
2959 2057 3150 2111 quaeve
3203 2049 3393 2096 contra
3425 2044 3540 2096 exi-

1961 2137 2037 2191 les
2065 2151 2129 2191 ac
2151 2136 2456 2190 macilenta:
2481 2143 2668 2190 essent
2702 2133 2939 2202 futurae;
2970 2149 3138 2204 prope
3162 2149 3334 2205 equos
3365 2136 3535 2190 ealci-

1961 2238 2146 2282 trones
2209 2227 2354 2282 seire
2411 2238 2598 2289 stare,
2655 2225 2842 2282 asinos
2894 2241 3024 2281 vero
3083 2226 3232 2281 calce
3293 2235 3539 2295 petentes

1957 2331 2122 2386 quam
2161 2316 2351 2384 procul
2407 2313 2546 2371 scite
2601 2313 2992 2382 ingenioseque
3025 2313 3370 2382 propellere;
3423 2314 3536 2367 acri

1951 2409 2162 2478 judicio
2182 2407 2294 2479 44
2321 2408 2389 2462 de
2422 2407 2585 2462 mulis
2613 2420 2862 2472 censere,
2893 2406 3058 2476 inque
3085 2405 3193 2461 illis
3220 2406 3538 2461 discernere

1955 2501 2050 2570 qui
2078 2500 2341 2556 oneribus
2374 2498 2741 2554 convehendis
2796 2498 3000 2561 idonei,
3054 2497 3150 2566 qui
3179 2498 3380 2552 sessori
3435 2512 3538 2566 ap-

1956 2593 2127 2648 tiores
2156 2590 2462 2658 leniorique
2489 2589 2876 2658 indoleipsum
2918 2589 3069 2642 nullo
3094 2587 3376 2642 excutiant
3405 2602 3537 2642 con-

1954 2685 2180 2742 sternati
2211 2680 2457 2755 pavore»:
2480 2683 2584 2739 sed
2605 2690 2663 2738 et
2693 2697 2864 2752 equos
2887 2699 2954 2738 ex
2984 2683 3166 2751 primo
3195 2683 3314 2750 ipso
3345 2681 3537 2734 oculo—

1952 2795 2076 2834 rum
2127 2778 2378 2845 conjectu
2427 2776 2773 2846 dignoscere,
2808 2775 2901 2845 qui
2955 2775 3022 2829 ad
3068 2789 3289 2831 cursum
3322 2772 3535 2829 robusti

1953 2884 2119 2942 atque
2167 2870 2392 2935 celeres,
2437 2868 2649 2939 quique
2691 2867 2744 2922 in
2780 2867 2984 2937 praeliis
3030 2866 3200 2922 fortes
3227 2865 3536 2924 aciaboris

1952 2965 2223 3037 patientes
2272 2963 2563 3033 perstituri-
2582 2970 2795 3018 essent.
2828 2959 2970 3016 Oves
3007 2974 3231 3030 quoque
3261 2969 3317 3014 et
3369 2958 3535 3014 boves

1955 3071 2206 3128 quanam
2267 3053 2512 3110 fecunda
2573 3067 2637 3108 ac
2676 3067 2797 3122 quae
2835 3066 2901 3106 ex
2935 3050 3118 3106 indole
3169 3048 3328 3104 lactis
3385 3048 3537 3118 large

1957 3154 2174 3219 copiam
2204 3156 2399 3202 nactae.
2427 3143 2581 3201 Scire
2602 3145 2862 3213 denique,
2899 3141 3117 3197 tametsi
3148 3141 3356 3196 nullum
3387 3139 3536 3194 bala-

1960 3252 2075 3298 tum
2107 3242 2444 3311 mugitumve
2465 3248 2573 3292 tam
2605 3245 2805 3291 matres
2835 3251 2998 3305 quam
3027 3250 3228 3290 recens.
3252 3234 3364 3288 nati
3391 3233 3536 3290 fetus

1956 3315 2247 3398 ediderint,
2284 3343 2406 3398 qua:
2435 3326 2704 3398 cujusque
2727 3326 2910 3395 proles
2938 3325 3230 3378 exsistant.
3261 3321 3387 3377 Haec
3413 3322 3532 3386 eius

1957 3425 2148 3496 prima:
2203 3421 2379 3478 aetatis
2433 3419 2552 3493 (sed
2585 3427 2640 3476 et
2691 3427 2951 3475 extremae
2995 3418 3198 3485 dicam)
3236 3416 3416 3471 studia
3473 3431 3535 3468 ac

1957 3517 2392 3572 honestamenta.

2028 3609 2090 3665 5.
2123 3606 2262 3662 Cum
2295 3615 2486 3662 autem
2509 3617 2803 3676 pauperem
2836 3597 3316 3660 tolerandovitam
3347 3595 3535 3652 adole-

1955 3700 2184 3760 scentia;
2205 3701 2522 3772 jamannos
2555 3712 2725 3768 prope
2755 3694 3104 3757 excessisset,
3140 3690 3404 3760 omnique
3433 3690 3528 3744 de~

1955 3810 2105 3851 mum
2136 3802 2254 3848 arte
2308 3801 2471 3862 atque
2529 3805 2694 3861 opera
2725 3804 2844 3844 eam
2873 3803 2904 3843 a
2932 3801 2993 3842 se
3022 3784 3236 3842 amoliri
3269 3782 3534 3846 studeret,

1955 3905 2020 3944 ac
2047 3888 2376 3957 quandoque
2410 3901 2571 3941 suum
2633 3884 2725 3937 ille
2757 3882 2950 3937 ducem
3005 3879 3255 3942 adiisset,
3311 3888 3538 3944 tumque

1955 3995 2015 4034 se
2041 3978 2117 4032 illi
2148 3975 2559 4032 subvereeunde
2584 3973 2918 4036 ostenderet,
2945 3979 3057 4026 tum
3092 3986 3243 4034 vero,
3278 3984 3385 4038 qua
3417 3975 3536 4021 erat

1953 4069 2277 4124 balbutienti
2306 4085 2371 4123 ac
2395 4066 2693 4138 praepedita
2714 4079 2866 4127 voce,
2892 4063 3142 4118 eumdem
3158 4059 3534 4128 compellaret,

1951 4161 2299 4231 .Athinganns
2321 4159 2542 4228 quidam
2576 4158 2700 4214 duci
2737 4164 2899 4212 notus
2926 4171 2990 4210 ac
3043 4151 3333 4208 familiaris
3389 4149 3536 4203 hunc

1957 4255 2134 4325 ipsum
2188 4250 2508 4306 Micliaelem
2563 4243 2840 4320 aliumque
2890 4247 3180 4318 quemdam
3213 4242 3362 4298 brevi
3415 4249 3534 4308 post

1955 4343 2295 4400 clarissimos
2356 4340 2471 4396 fore
2521 4340 2792 4410 prazdixit,
2851 4355 2916 4395 ac
2955 4336 3270 4392 Michaelem
3310 4348 3418 4386 non
3481 4333 3534 4384 in

262 4452 399 4523 ηγδς
427 4421 874 4523 ἓκθερμανθέὶς,
905 4421 998 4504 καὶ
1026 4449 1087 4502 τὸ
1128 4449 1321 4518 μέλλον
1342 4421 1848 4520 ωσπερ-κατατρυ-

1956 4435 2178 4504 longum
2212 4443 2426 4504 tempus
2455 4431 2687 4502 imperio
2717 4445 2839 4485 esse
2887 4429 3212 4499 potiturum.
3241 4423 3316 4478 Eo
3346 4421 3535 4476 vatici-

263 4547 398 4614 γῶν,
430 4548 534 4600 οὐκ
564 4545 708 4613 ἔγνω
730 4542 1139 4617 βραδύτητιτὸν
1169 4543 1363 4611 καιρὸν
1408 4541 1754 4603 ἀπώσασθαι,
1787 4535 1848 4595 οὗ

265 4638 428 4691 πάλιν
451 4640 634 4708 τυχεῖν
649 4638 750 4692 οὐκ
776 4636 1003 4698 εὐπετὲς
1031 4633 1153 4687 οὐδὲ
1184 4632 1386 4704 ῥᾴδιον.
1418 4631 1680 4702 Τρὲιπεζα
1713 4629 1848 4699 γοῦν

267 4731 633 4801 παραχρῆμα,
660 4729 755 4784 καὶΙ
812 4729 940 4792 τοὺς
996 4725 1192 4788 ἄλλους
1258 4725 1466 4788 πάντας
1533 4723 1847 4776 καταλιπὼν

268 4821 490 4885 τούτους
511 4823 574 4894 δὴ
603 4824 729 4887 τοὺς
751 4822 953 4892 ἄνδρας
983 4821 1064 4884 εἰς
1114 4819 1355 4874 ἑστίασιν
1406 4817 1693 4884 συγκαλεῖ.
1757 4815 1846 4877 Ὠς

267 4913 321 4966 δὲ
351 4914 446 4968 τοῦ
506 4917 670 4969 πότου
718 4915 1065 4985 ἀκμάζοντος
1087 4913 1179 4966 καὶ
1212 4911 1311 4974 τὰς
1363 4909 1674 4979 θυγατέρας
1693 4907 1843 4976 ἄγων

269 5004 437 5058 ἐδίδου
467 5007 497 5059 ὁ
545 5007 848 5077 στρατηγὸς
888 5005 982 5059 καὶ
1015 5004 1283 5075 νυμφίους
1333 5002 1732 5072 καθωμολόγει,
1766 4999 1843 5070 τῷ

271 5093 406 5167 ξένῳ
431 5099 532 5168 μὲν
569 5101 664 5151 καὶ
699 5097 983 5170 παραδόξῳ
1033 5097 1125 5151 τοῦ
1183 5097 1507 5166 πράγματος
1536 5098 1592 5147 ἐν
1645 5091 1843 5146 ἐκστά-

273 5207 352 5243 σει
384 5190 608 5254 τούτους
626 5190 688 5243 τὸ
723 5189 938 5260 πρῶτον
971 5189 1145 5242 ἐποίει
1188 5189 1282 5240 καὶ
1311 5188 1435 5256 δίχα
1463 5186 1670 5255 φωνῆς,
1710 5185 1847 5238 ἀπο-

271 5281 592 5351 δεχομένους
618 5282 676 5334 δὲ
703 5283 852 5351 ὅμως
893 5280 1031 5350 μετὰ
1069 5277 1244 5332 ταῦτα
1267 5278 1361 5330 καὶ
1391 5274 1852 5346 συγκατατιθεμέ-

277 5387 396 5432 δους
440 5369 536 5423 καὶ
585 5369 704 5423 θεὸν
742 5371 882 5441 τάχα
909 5411 922 5436 ,
954 5370 1053 5424 οὐκ
1111 5369 1420 5441 ἄνθρωπον,
1449 5366 1846 5438 ὁμολογοῦντας

269 5461 456 5516 αὐτόν.

1957 4529 2053 4584 nio
2087 4527 2349 4582 incensus
2379 4525 2565 4580 animo
2597 4530 2818 4593 praetor,
2875 4536 2941 4576 ac
2971 4518 3118 4574 velut
3151 4516 3391 4571 futurum
3419 4512 3532 4583 jam

1944 4631 2130 4670 coram
2162 4615 2364 4687 legeret
2391 4629 2457 4668 ac
2483 4614 2820 4680 decerperet,
2860 4605 3210 4664 occasionem
3243 4616 3409 4672 quam
3443 4615 3533 4654 se-

1946 4706 2053 4759 mel
2083 4706 2291 4774 lapsam
2329 4704 2475 4760 baud
2525 4701 2686 4756 facile
2742 4714 2933 4753 rursus
2968 4695 3185 4764 assequi
3236 4691 3440 4764 possis,
3473 4691 3529 4745 in

1945 4801 2224 4870 longiores
2274 4813 2460 4852 moras
2515 4795 2830 4849 nullatenus
2882 4786 3244 4858 ablegandam
3291 4782 3526 4854 putavit.

1946 4893 2140 4949 Statim
2169 4907 2298 4962 ergo
2336 4889 2621 4958 expeditur
2669 4900 2880 4947 mensa,
2911 4881 3235 4948 cunctisque
3269 4879 3393 4934 aliis
3426 4892 3526 4931 ne-

1945 4984 2134 5059 glectis
2157 4984 2257 5038 hos
2273 4982 2463 5036 ambos
2482 4981 2537 5034 in
2557 4978 2868 5035 convivium
2887 4973 3128 5032 adhibet.
3149 4971 3288 5026 Tum
3308 4984 3435 5024 vero
3451 4969 3532 5022 in-

1946 5080 2249 5137 calescente
2270 5075 2378 5148 45
2410 5089 2561 5130 mero
2583 5074 2694 5130 dux
2719 5072 2984 5128 adductas
3010 5069 3150 5123 ﬁlias
3178 5065 3257 5120 eis
3285 5065 3340 5118 in
3366 5075 3534 5131 spon-

1948 5186 2040 5229 eas
2070 5161 2236 5224 tradit
2267 5169 2480 5238 sibique
2515 5181 2744 5236 generos
2775 5163 2927 5220 facit.
2949 5167 3025 5215 Ac
3051 5159 3289 5230 primum
3309 5153 3531 5224 quidem

1953 5263 2028 5319 rei
2065 5262 2305 5316 novitate
2333 5260 2689 5331 inauditaque
2742 5253 3124 5312 benevolentia
3154 5250 3207 5303 in
3254 5256 3532 5317 stuporem

1949 5357 2080 5427 agit,
2115 5355 2188 5410 ita
2221 5363 2281 5410 ut
2313 5369 2415 5409 vox
2456 5354 2573 5424 ipsa
2606 5352 2728 5406 illos
2756 5349 3050 5404 deficeret:
3101 5352 3288 5414 postea
3345 5350 3528 5396 tamen

1951 5459 2003 5504 et
2035 5449 2136 5520 ipsi
2170 5451 2402 5520 probant
2453 5461 2516 5501 ac
2548 5443 2922 5501 assentiuntur
2949 5478 2964 5504 ,
2991 5438 3151 5495 deum
3202 5436 3344 5494 forte
3405 5435 3532 5497 rati,

1953 5555 2061 5594 non
2101 5540 2400 5604 hominem,
2428 5538 2524 5608 qui
2556 5535 2637 5592 sic
2663 5535 3055 5590 demereretur.

1543 5629 1777 5685 VARUS
1817 5628 2225 5685 LECTIONES.

353 5726 398 5759 ⁸³
425 5727 814 5798 ὶπιτρέπεσοαι
846 5725 908 5781 Ρ.
930 5725 1001 5782 cf.
1020 5725 1052 5780 τι
1075 5725 1142 5781 26
1171 5733 1310 5780 extr.

1391 5723 1431 5756 η
1455 5720 1736 5793 φέρουσιν]
1767 5722 2048 5781 Cedrcnus
2079 5720 2544 5794 ἐκτραχηλίξοιεν·
