4038 6214
414 223 484 285 59
1494 212 2025 278 -'PHEOPHANES
2061 210 2625 277 CONTINUATUS.
2840 171 2847 177 ’
3608 216 3689 281 δα

493 334 549 389 6.
587 327 796 399 Subjici
823 327 1045 399 quidem
1101 327 1274 383 multa
1332 324 1437 381 arti
1468 326 1773 390 divinandi,
1816 324 1996 380 avium
2028 378 2029 383 η

2173 326 2247 394 ς’.
2282 324 2435 382 Εἶναι
2469 328 2568 399 μὲν
2596 326 2689 382 οὖν
2712 327 2875 401 τέχνῃ
2902 329 2968 398 τῇ
3006 330 3242 400 μαντικῇ
3264 328 3430 383 πολλὰ
3455 332 3521 384 τὰ
3543 332 3676 384 ὑπο-

417 426 653 490 volatus,
691 434 886 494 gruum
927 420 1170 490 agmina,
1226 419 1408 473 omnis
1457 421 1674 488 generis
1707 431 2001 489 corporum

419 517 707 589 extispicia
746 523 801 571 et
827 512 1219 578 dissectiones,
1249 525 1319 567 ne
1350 520 1497 568 unus
1534 513 1652 582 ipse
1682 526 1747 567 ac
1773 512 2005 583 exiguus

421 613 688 667 adversus
718 607 923 663 multos
944 603 1349 661 contentiosius
1379 616 1559 675 agam,
1594 605 1741 660 haud
1767 605 2003 659 multum

422 703 734 762 abnuerim.
778 700 870 755 Sic
921 704 1107 753 autem
1139 697 1383 754 exerceri
1412 704 1472 753 ut
1499 696 1704 753 munda
1740 698 1813 752 sit
1841 697 2006 752 nihil-

422 813 530 869 que
563 810 661 867 per
717 808 835 849 eam
884 789 1229 846 dzemonibus
1273 790 1526 860 obsequii
1578 798 1883 859 praestetur,
1915 790 2009 859 qui

422 888 617 961 procul
649 901 681 941 a
710 884 822 939 Deo
850 883 1127 937 hominem
1182 881 1402 952 abigere
1444 882 1725 949 studeant,
1772 896 1873 937 nee
1908 894 2008 951 ego

424 979 679 1042 dixerim,
713 989 816 1031 nec
853 986 1043 1030 eorum
1084 981 1266 1042 putem
1307 972 1511 1043 aliquis
1540 975 1636 1043 qui
1686 982 1834 1030 recte
1872 989 2001 1028 sen-

424 1074 584 1136 tiant,
617 1080 743 1127 cum
784 1076 841 1123 et
890 1080 988 1123 eos
1037 1066 1131 1136 qui
1166 1065 1312 1120 haud
1363 1066 1648 1122 sincerum
1700 1082 2011 1137 purumque

424 1162 552 1217 vitae
590 1172 765 1231 genus
796 1165 1204 1222 consectentur,
1247 1156 1340 1211 sed
1374 1156 1689 1212 illaudabile
1731 1172 1795 1212 ac
1834 1157 2010 1212 illibe-

426 1254 562 1319 rale,
588 1252 711 1322 ejus
745 1248 985 1321 perfecte
1032 1248 1260 1323 adeptos
1293 1246 1581 1302 scientiam
1612 1248 2009 1303 audiverimus.

426 1346 702 1413 Quorsum
733 1343 849 1397 haec
878 1356 913 1396 a
941 1354 1026 1394 me
1043 1339 1208 1394 modo
1227 1348 1371 1394 mota
1395 1338 1630 1408 quaestio
1658 1349 1743 1395 est
1761 1340 1793 1393 ’ἓν
1808 1339 2013 1410 Nempe

427 1453 501 1494 ne
525 1438 651 1507 quis
685 1434 939 1490 homines
980 1432 1091 1486 illis
1121 1431 1321 1487 studiis
1354 1430 1567 1487 deditos
1596 1430 1865 1501 ejusmodi
1911 1431 2013 1487 ali-

429 1529 567 1602 quid
590 1528 777 1583 diviuo
805 1524 987 1580 afllatu
1021 1523 1168 1594 loqui
1204 1523 1501 1589 existimet,
1523 1532 1618 1577 aut
1643 1523 1809 1578 Deum
1832 1538 2013 1595 pravae

2105 419 2358 488 κείμενα,
2396 418 2625 491 ὀρνίθων
2654 432 2712 472 τε
2744 420 2974 489 πτήσεις
3010 418 3237 490 ὀνείρων
3271 437 3331 474 τε
3360 420 3559 489 ἀγέλας
3586 424 3674 476 καλ

2106 513 2376 567 παντοίων
2406 512 2679 583 σωμάτων
2715 512 3009 583 διεντόμων
3068 512 3218 577 θέας,
3254 513 3341 565 ἵνα
3368 513 3442 583 μὴ
3472 514 3680 578 πολλοῖς

2106 604 2287 672 ὀλίγος
2312 603 2624 674 φιλονεικῶ,
2667 603 2768 657 οὐκ
2816 603 2910 657 ἐπὶ
2939 604 3073 657 πολὺ
3103 604 3397 675 διοίσομαι.
3427 601 3582 658 Εἶναι
3627 606 3682 659 δὲ

2108 696 2358 767 καθαρὰν
2373 697 2467 750 καὶ
2487 697 2761 767 δαιμόνων
2781 698 2945 751 τινῶν
2977 698 3132 762 ἐκτὸς
3149 698 3477 770 ὑπηρεσίας,
3498 699 3685 769 πόῤῥω

2109 789 2249 842 Θεοῦ
2273 790 2364 842 τὸν
2401 789 2701 859 ἄνθρωπον
2718 789 3127 855 σπουδαζόντων
3155 791 3355 857 βαλεῖν,
3380 790 3491 844 οὔτ’
3521 790 3685 853 αὐτὸς

2110 880 2323 951 εἴποιμι
2366 879 2480 935 οὔτ’
2510 881 2691 947 ἄλλος,
2723 876 2898 952 οἶμαι,
2939 884 3050 935 τῶν
3078 883 3419 953 φρονούντων
3453 882 3534 949 εὖ,
3564 883 3688 936 ἐπεὶ

2110 974 2361 1038 καὶτοὺς
2397 976 2497 1029 οὐκ
2535 974 2805 1046 είλικρινῆ
2840 992 2962 1030 τινα
2998 975 3112 1047 βίον
3141 975 3435 1041 διώκοντας
3466 978 3561 1030 καλ⁸
3588 994 3671 1030 και

2114 1067 2299 1138 θαρδν,
2343 1068 2473 1130 τοὺς
2522 1068 2899 1122 ἀσπούδαστον
2949 1068 3007 1121 δὲ
3041 1070 3138 1121 καὶ
3187 1068 3562 1139 ἀνελεύθερον,
3591 1068 3697 1139 τὴν

2114 1157 2318 1227 ἀκριϐῆ
2371 1156 2580 1225 γνῶσιν
2626 1155 2833 1227 ταύτης
2870 1158 3056 1211 λαϐεῖν
3089 1158 3432 1229 ἀκηκόαμεν.
3483 1157 3549 1211 Τί
3604 1175 3692 1227 μοι

2113 1246 2274 1301 τοῦτο
2297 1248 2356 1301 τὸ
2391 1249 2566 1320 παρὸν
2597 1250 2899 1320 ὲζήτηται;
2926 1251 3046 1303 Ἵνα
3079 1251 3154 1321 μή
3189 1266 3272 1314 τις
3300 1249 3555 1320 ἐπιπνοίᾳ
3577 1249 3697 1320 θείᾳ

2115 1340 2242 1403 τοὺς
2268 1341 2397 1411 περὶ
2455 1341 2626 1395 ταῦτα
2675 1342 3110 1413 ἀσχολουμένους
3134 1343 3334 1416 νομίζῃ
3376 1360 3429 1396 τι
3459 1343 3695 1396 τοιοῦτον

2114 1432 2415 1502 διασαφεῖν,
2440 1434 2539 1487 καὶ
2560 1434 2735 1488 αἴτιον
2759 1438 2883 1506 ποιῇ
2918 1436 3009 1488 τὸν
3045 1435 3179 1489 Θεὸν
3204 1436 3307 1506 τῆς
3336 1436 3523 1489 ἀδίκου
3560 1437 3697 1504 γνώι

2119 1542 2225 1596 μης
2258 1524 2459 1588 αὐτῶν,
2511 1526 2677 1579 ταυτὸ
2706 1527 2956 1581 δἐίπεῖν
3006 1531 3100 1581 καὶ
3147 1529 3348 1598 ἀρχῆς,
3404 1528 3537 1599 μηδὲ
3572 1528 3693 1590 τοὺς

428 1635 619 1677 eorum
644 1616 941 1672 voluntatis
971 1614 1137 1669 faciat
1162 1620 1473 1675 auctorem.
1515 1614 1624 1681 vel,
1680 1615 1827 1683 quod
1865 1616 2009 1669 idem

2132 1617 2454 1682 ἐπιδιδόντας
2511 1619 2727 1684 τούτοις
2782 1621 3009 1684 ἑαυτοὺς
3055 1620 3200 1691 ἔχειν
3230 1620 3355 1674 νοῦν
3376 1620 3567 1691 οἰηθῇ,
3599 1620 3692 1673 iis:

431 1713 527 1777 sit,
559 1711 726 1766 etiam
758 1708 975 1780 imperii
996 1725 1011 1775 ;
1032 1722 1208 1777 neque
1236 1707 1339 1763 hos
1365 1707 1458 1776 qui
1480 1721 1540 1763 se
1562 1706 1686 1763 istis
1702 1681 2015 1763 dediderint

2132 1712 2213 1766 ταὶ
2242 1681 2452 1765 πολλῶν
2478 1713 2600 1767 καθ’
2633 1681 2850 1785 ἡμέραν
2871 1681 3359 1784 ἀποτυγχανόντων
3384 1681 3480 1768 καλ
3510 1681 3697 1767 αίτίων

429 1803 580 1858 viros
612 1798 754 1869 frugi
789 1814 855 1853 ac
878 1798 1179 1868 prudentes
1209 1798 1418 1861 credat,
1452 1813 1577 1853 cum
1614 1799 1820 1854 multos
1845 1800 2020 1866 quoti-

433 1893 524 1950 die
550 1892 732 1948 exitus
755 1890 927 1955 fallat,
952 1889 1171 1960 sibique
1194 1888 1319 1945 inde
1349 1890 1452 1960 ipsi
1485 1889 1765 1947 interitum
1794 1892 2014 1947 consci-

436 1994 595 2041 scant
623 2003 637 2040 :
668 1983 763 2040 sed
796 1982 1013 2052 culpam
1066 1994 1286 2036 omnem
1333 1981 1389 2036 in
1441 1984 1708 2039 malorum
1738 1994 2019 2039 auctorem

437 2084 753 2146 serpentem
776 2074 1044 2140 conferat,
1062 2072 1157 2144 qui
1186 2074 1374 2129 orbem
1396 2074 1783 2143 pera-mbulans
1806 2076 2028 2145 sibique

444 2169 641 2225 idonea
664 2178 861 2224 nactus
893 2181 1099 2237 organa
1131 2181 1237 2221 non
1266 2167 1320 2222 in
1351 2182 1463 2222 uno
1502 2167 1773 2223 duntaxat
1805 2177 1901 2223 aut
1941 2169 2024 2223 al-

440 2270 559 2317 tero
591 2260 813 2316 homine
845 2259 1056 2329 imperii
1084 2273 1149 2314 ac
1181 2258 1485 2328 tyrannidis
1501 2259 1635 2328 jacit
1662 2260 1895 2327 semina,
1928 2260 2024 2316 sed

442 2357 499 2411 in
532 2356 754 2422 multis;
785 2356 996 2426 hosque
1026 2356 1339 2410 subornans
1377 2362 1432 2409 et
1466 2354 1759 2426 instigans,
1791 2362 1852 2409 ut
1896 2356 2021 2410 adoc

441 2450 658 2506 riantur
679 2449 1022 2521 populosque
1037 2454 1290 2503 evertant
1314 2461 1379 2503 ac
1399 2447 1542 2503 bella
1562 2448 1742 2503 civilia
1762 2447 2019 2512 conileut,

442 2540 563 2614 46.
586 2538 699 2596 illis
729 2549 924 2598 auctor
954 2541 1192 2609 exsistit,
1229 2541 1377 2597 haud
1416 2541 1530 2598 fere
1550 2542 1707 2597 aliter
1734 2558 1797 2598 ac
1822 2557 2024 2608 caecus,

444 2636 539 2706 qui
574 2649 718 2704 saepe
749 2635 958 2704 lapides
979 2634 1163 2691 mittat
1196 2651 1211 2689 :
1244 2635 1431 2706 plures
1460 2637 1604 2690 enim
1635 2637 1868 2706 petendo
1890 2636 2030 2692 forte

444 2726 737 2795 contingat
752 2735 815 2780 ut
838 2734 892 2780 et
918 2740 1027 2781 non
1051 2727 1274 2789 videns,
1307 2726 1486 2795 ipsum
1516 2742 1677 2796 quem
1712 2729 1894 2784 animo
1916 2743 2031 2783 me-

445 2819 672 2884 ditatur,
726 2819 943 2873 tandem
998 2816 1296 2886 aliquando
1342 2828 1670 2888 assequatur
1730 2833 1807 2874 ac
1848 2819 2031 2874 feriat.

447 2909 577 2965 Haec
631 2911 819 2980 itaque
855 2908 1021 2965 nobis
1057 2918 1213 2963 extra
1267 2909 1508 2965 historiae
1563 2910 1736 2976 filum,
1786 2924 1857 2965 ne
1906 2913 2030 2981 quis

2120 1803 2421 1874 γινομένων
2444 1806 2544 1874 τῆς
2566 1804 2843 1867 ἀπωλείας
2864 1805 3065 1859 αὐτῶν.
3097 1804 3259 1857 Ἀλλά
3279 1805 3371 1857 τὸν
3391 1804 3703 1875 ἀρχέκακον

2121 1893 2244 1961 ὄφιν
2274 1894 2631 1962 καταιτιῷτο,
2667 1895 2744 1958 ὡς
2795 1893 2939 1947 κατά
2975 1893 3075 1965 τὴν
3105 1895 3431 1964 οἰκουμένην
3472 1896 3704 1964 ἐμπερι-

2122 1985 2313 2037 πατῶν
2358 1984 2453 2038 καὶ
2493 1985 2703 2055 ὄργανα
2744 1984 3188 2055 καταλαμϐάνων
3239 1985 3477 2055 ἁρμόδια
3502 1985 3605 2038 οὐκ
3650 1986 3705 2039 ὲν

2122 2077 2261 2148 τῷδε
2315 2077 2463 2148 μόνῳ
2495 2076 2527 2147 ἢ
2568 2076 2704 2147 τῷδε
2733 2077 2810 2148 τῷ
2844 2076 3126 2147 ἀνθρώπῳ
3158 2076 3228 2130 τά
3261 2077 3390 2146 περὶ
3421 2077 3520 2145 τῆς
3556 2076 3705 2145 βασι-

2124 2168 2272 2231 λείας
2314 2169 2607 2239 σπέρματα
2671 2169 3024 2233 καταϐάλλει,
3075 2170 3191 2222 ἀλλ’
3239 2170 3297 2223 'sv
3332 2167 3566 2234 πολλοῖς,
3619 2169 3705 2221 καὶ

2125 2263 2347 2327 τούτους
2374 2263 2687 2317 ἀναπείθων
2716 2276 2774 2317 τε
2799 2264 2894 2317 καὶ
2924 2264 3092 2318 tum?»
3124 2263 3442 2317 ἐπιϐάλλειν
3471 2263 3568 2333 μὲν
3591 2261 3707 2315 vrsi—

2127 2356 2211 2411 θει
2234 2356 2331 2410 καὶ
2354 2356 2563 2427 δήμους
2586 2355 2919 2427 ἀνατρέπειν
2952 2356 3045 2410 καὶ
3079 2356 3379 2427 ἐμφυλίους
3408 2355 3585 2425 μάχας
3617 2358 3707 2426 ὲρ-

2128 2449 2415 2520 γάζεσθαι,
2445 2450 2585 2504 κατά
2607 2448 2706 2521 τὴν
2743 2450 2931 2504 εἰκόνα
2956 2450 3049 2503 τοῦ
3077 2450 3262 2514 λίθους
3304 2448 3567 2513 πολλάκις
3610 2449 3709 2504 ὲπε

2130 2544 2381 2612 αφιέντος
2418 2543 2529 2596 τισὶ
2566 2543 2766 2611 τυφλοῦ
2794 2558 2808 2573 ⁸
2863 2543 3091 2606 πολλοὺς
3147 2545 3265 2615 γάρ
3311 2542 3521 2614 βάλλων
3575 2541 3718 2613 τάχα

2133 2634 2220 2707 [Ρ.
2248 2634 2340 2708 50]
2374 2636 2469 2689 καὶ
2502 2637 2579 2707 μὴ
2604 2636 2748 2707 ὁρῶν
2786 2636 2883 2707 ὀψὲ
2911 2637 3005 2691 καὶ
3038 2636 3190 2707 μόλις
3230 2635 3323 2689 τοῦ
3386 2634 3716 2706 βαλλομένου

2133 2727 2617 2796 καταστοχάζοιτο.
2645 2727 2836 2781 Ταῦτα
2866 2730 2962 2796 μὲν
2990 2725 3243 2798 οῦνιήμῖν
3277 2728 3433 2798 παρά
3462 2726 3721 2798 θεωρίαν,

2132 2820 2219 2873 ἵνα
2244 2819 2319 2890 μὴ
2342 2820 2419 2890 τῷ
2441 2820 2581 2890 Θείῳ
2612 2820 2872 2893 ἀναφέροι
2899 2838 2984 2884 τις
3011 2821 3110 2884 τάς
3146 2821 3403 2883 τοιαύτας
3435 2820 3543 2873 τῶν
3573 2822 3718 2891 πρά-

2137 2912 2270 2977 ξεων
2301 2914 2435 2984 μηδὲ
2463 2914 2527 2983 δὴ
2558 2914 2659 2977 τὰς
2680 2914 3054 2985 πονηροτέρας
3100 2914 3297 2985 ἀρχὰς,
3330 2913 3509 2985 ἐκείνῃ
3562 2913 3617 2975 δὲ
3649 2914 3718 2982 τῇ

447 3008 604 3056 actus
628 2999 983 3067 ejusmodiin
1011 3000 1191 3071 ipsum
1223 2998 1437 3056 Numen
1481 2999 1705 3068 referat,
1757 3008 1854 3057 aut
1897 3016 2028 3059 sane

2136 3007 2384 3078 Γραφικῇ
2413 3006 2775 3078 βοηθούμενος
2795 3006 3198 3078 μαρτυρίᾳ,τῇ,
3225 3006 3492 3072 Ἑαυτοῖς
3516 3005 3719 3059 ἐϐασί-

449 3093 731 3152 scelerum
764 3095 881 3164 ipsa
925 3094 1304 3165 magnitudine
1356 3090 1655 3149 illustriora
1699 3094 1941 3165 imperia:
1978 3097 2029 3151 ei

2137 3102 2395 3162 πίτυσσιν,
2422 3100 2675 3173 λεγούσῃ,
2714 3100 2853 3155 ἀλλ’
2878 3098 3044 3155 οὺᾶί
3078 3100 3245 3169 ἐμοῦ.

451 3188 689 3251 tribuat,
713 3187 802 3242 illa
849 3190 1151 3258 praesertim
1217 3186 1389 3241 fultus
1452 3187 1811 3255 auctoritate,
1866 3200 1976 3258 qua
2042 3188 2243 3246 dicitur

453 3291 607 3337 me“.

523 3378 578 3431 7.
610 3375 843 3432 Michael
871 3390 1002 3446 ergo
1039 3377 1187 3431 hanc
1229 3376 1373 3431 vatis
1404 3372 1553 3432 illius
1596 3374 1895 3447 Athingarti
1934 3390 2035 3431 vo-

455 3487 573 3528 cem
605 3480 863 3539 tanquam
889 3470 1131 3524 divinum
1167 3470 1457 3524 oraculum
1492 3469 1720 3525 auribus
1747 3468 2033 3535 hauriens,

455 3577 743 3620 acrursus
790 3575 914 3617 sero
966 3560 1183 3616 tandem
1242 3560 1690 3619 Philomeliensis
1746 3563 2031 3629 monachi,

455 3669 630 3726 quam
648 3653 903 3723 superius
931 3653 1122 3720 retuli,
1170 3653 1580 3724 praedictionem
1608 3654 1880 3720 recolens,
1919 3671 2037 3710 ma-

452 3746 560 3819 jori
590 3744 822 3801 audacia
860 3745 1316 3817 impudentiaque
1369 3746 1570 3803 Leonis
1593 3749 1794 3804 eadem
1847 3749 2041 3820 imple-

380 3901 384 3905 ,
456 3841 564 3906 vit;
596 3851 932 3909 rursumque
959 3848 1272 3910 perpetrato
1296 3839 1539 3897 facinore
1565 3841 1729 3896 citius
1748 3857 1911 3912 quam
1942 3858 2042 3914 pro

458 3930 680 3987 honesti
708 3930 954 4001 rectique
981 3931 1195 3987 ratione
1225 3931 1293 3987 ad
1320 3930 1566 3988 divinum
1603 3933 1889 4004 templum,
1926 3935 2044 4006 pari

457 4022 648 4080 itidem
702 4023 962 4095 procacia
1020 4023 1386 4095 audaciaque,
1438 4026 1730 4095 processit,
1782 4025 1927 4082 male
1986 4042 2046 4084 se

458 4132 585 4189 erga
635 4131 762 4172 eum
797 4116 892 4187 qui
933 4117 1085 4188 prior
1112 4117 1383 4173 beneficio
1431 4119 1780 4174 demeruerat
1807 4119 2047 4191 (Barda-

458 4210 611 4264 nium
641 4208 889 4279 scilicet)
919 4223 1136 4280 gerens,
1167 4209 1435 4281 pejusque
1487 4211 1535 4265 ei
1565 4212 1658 4282 qui
1680 4212 1931 4268 beneﬁcii
1961 4228 2047 4269 se.

458 4302 669 4357 cundas
702 4301 757 4356 in
777 4316 902 4356 cum
932 4310 1117 4372 partes
1148 4300 1472 4372 impleverat
1506 4303 1701 4373 (idest
1730 4302 1919 4369 Leoni,
1952 4304 2047 4373 qui

458 4405 514 4450 et
539 4396 659 4465 ejus
694 4395 865 4451 filium
895 4409 931 4451 ο
960 4408 1121 4450 sacro
1150 4394 1483 4465 baptismate
1516 4395 1910 4467 adoptaverat)
1943 4396 2049 4451 ho-

2293 3210 2308 3247 :
2376 3191 2467 3245 Em.
2543 3192 2835 3260 semetipsis
2894 3202 3260 3261 regnaverunt,
3313 3192 3403 3245 sed
3473 3208 3575 3245 non
3629 3206 3723 3259 per

2217 3377 2282 3442 ζ’.
2309 3376 2525 3445 ’ταύτην
2546 3376 2636 3429 οῦν
2659 3376 2759 3445 τὴν
2788 3374 2883 3429 τοῦ
2912 3374 3240 3443 Ἀθιγγανου
3267 3373 3512 3445 μάντεως
3540 3374 3729 3447 φωνὴν

2144 3470 2218 3532 ὼς
2247 3469 2399 3523 θείαν
2444 3470 2567 3522 τινὰ
2616 3469 2924 3539 πρόρρησιν
2954 3469 2983 3521 ὁ
3033 3468 3255 3539 Μιχαὴλ
3284 3468 3596 3539 ὲνηχηθεὶς,
3627 3471 3728 3525 καὶ.

2147 3558 2303 3625 αὖθις
2323 3561 2419 3632 ὀψέ
2448 3579 2576 3615 ποτε
2604 3562 2700 3631 τὴν
2721 3562 2864 3615 κατά
2895 3561 2955 3615 τὸ
2986 3561 3328 3633 Φιλομήλιον,
3354 3562 3429 3626 ὣς
3468 3578 3560 3632 μοι
3592 3563 3726 3635 πρό-

2145 3670 2302 3725 τερον
2330 3651 2561 3723 εἴρηται,
2581 3652 2672 3705 τὸν
2696 3652 2791 3706 τοῦ
2819 3652 3047 3717 Λέοντος
3063 3653 3221 3722 φόνον
3247 3654 3584 3727 θρασύτερόν
3608 3674 3728 3722 πως

2141 3746 2669 3818 μεταχειρισάμενος
2726 3744 3112 3817 ὲξεπλήρωσεν
3141 3786 3156 3811 ,
3222 3746 3411 3801 ἔκτοτε
3491 3748 3729 3819 μελέτην

2139 3838 2295 3893 τοῦτο
2315 3840 2536 3909 διηνεκῆ
2573 3836 2736 3908 σχὼν,
2759 3838 2854 3891 καὶ
2886 3834 3045 3901 αὖθις
3066 3842 3167 3910 τὴν
3202 3840 3283 3903 είς
3307 3838 3402 3893 τὸν
3433 3839 3579 3894 θεῖον
3601 3840 3730 3894 ναὸν

2143 3933 2339 3987 θᾶττον
2434 3931 2541 3984 ἔδει
2573 3932 2926 4003 θαρρούντως
2953 3930 3314 4002 ἐξειργάσατο
3341 3930 3590 4004 πρόοδον,
3625 3950 3729 3986 και

2145 4025 2241 4089 κδς
2274 4025 2372 4096 μὲν
2404 4025 2534 4096 περὶ
2581 4023 2671 4077 τὸν
2701 4023 3248 4096 πρῶτονίεῦεργέτην
3278 4025 3491 4095 φανεὶς,
3525 4027 3733 4079 ἐκεῖνον

2144 4119 2209 4190 δὴ
2238 4119 2329 4172 τὸν
2368 4117 2659 4188 εἰρημένον
2714 4116 3032 4186 Βαρδάνιον,
3089 4117 3302 4172 κακίων
3359 4119 3417 4171 δὲ
3473 4120 3601 4190 περὶ
3638 4120 3732 4172 τὸν

2145 4210 2399 4278 δεύτερον
2446 4208 2672 4270 Λέοντα,
2723 4208 2846 4260 ὅσον
2901 4208 2997 4262 καὶ
3038 4207 3132 4261 τὸν
3173 4208 3289 4262 υίὸν
3348 4208 3511 4263 αὑτοῦ
3541 4210 3605 4261 ἐκ
3635 4209 3730 4263 τοῦ

2150 4303 2295 4357 θείου
2321 4301 2701 4372 βαπτίσματος
2724 4299 3185 4373 υίοθετησάμενος
3205 4296 3295 4372 ἦν.
3328 4302 3475 4371 Πλὴν
3496 4300 3735 4369 ἀπόμοι-

2157 4398 2255 4467 ράν
2311 4411 2436 4447 τινα
2471 4393 2708 4445 ποιεῖται
2745 4394 2841 4446 καὶ
2873 4393 3015 4467 πρὸς
3044 4394 3346 4447 ἀπόλαυσιν
3377 4390 3733 4461 χορηγεῖσθαι

459 4490 669 4542 minum
700 4488 1116 4559 ingratissimus
1145 4488 1297 4544 vices
1326 4488 1580 4544 reddens.
1610 4488 1881 4543 Caeterum
1917 4504 2029 4557 por‘

2152 4488 2385 4562 πράττει
2416 4486 2528 4547 τοῖς
2559 4484 2652 4537 τοῦ
2675 4484 2906 4548 Λέοντος
2936 4487 3125 4539 παισὶν
3171 4486 3288 4551 ἅμα
3316 4484 3383 4552 τῇ
3408 4481 3597 4533 τούτου
3626 4500 3734 4553 μη-

462 4585 668 4633 tionem
712 4580 1007 4650 quamdam
1032 4594 1099 4636 ex
1145 4581 1443 4651 publicatis
1483 4579 1681 4636 Leonis
1710 4579 1871 4637 bonis
1911 4582 2045 4637 sub-

462 4674 636 4737 ducit,
665 4688 831 4744 quam
850 4676 1204 4732 illiuslibcris
1227 4676 1498 4747 matrique
1516 4690 1580 4732 ac
1601 4676 1759 4731 uxori
1792 4677 2048 4732 utendam

462 4765 711 4819 decernit
741 4783 756 4830 ;
790 4769 1059 4835 quosdam
1095 4782 1317 4840 quoque
1352 4771 1503 4826 illius
1537 4785 1751 4837 servos,
1788 4770 1891 4827 etsi
1940 4788 2055 4826 non

463 4869 683 4920 omnes,
716 4858 798 4911 eis
821 4858 875 4911 in
906 4860 1234 4929 obsequium
1256 4863 1503 4920 donavit.
1543 4864 1622 4920 Ac
1640 4864 1800 4920 matri
1828 4865 2050 4934 quidem

464 4958 629 5020 atque
662 4949 822 5004 uxori
849 4950 1068 5019 jussum
1100 4960 1160 5006 ut
1197 4953 1254 5007 in
1279 4958 1639 5023 monasterio,
1681 4956 1830 5026 quod
1865 4957 2052 5011 Domi-

466 5059 665 5098 norum
697 5051 917 5106 vocant,
954 5040 1127 5099 libere
1156 5045 1354 5116 suique
1380 5047 1524 5117 juris
1554 5058 1778 5119 agerent
1817 5066 1831 5104 :
1863 5048 2052 5105 liberis

468 5146 650 5190 autem
684 5136 966 5201 masculis,
1003 5136 1083 5190 uti
1109 5134 1318 5191 dictum
1350 5148 1454 5204 est,
1485 5150 1817 5212 praeceptum
1848 5140 1957 5214 47
1993 5149 2055 5196 ιιι

470 5229 675 5282 l‘rotcn
714 5229 954 5283 insulam
982 5236 1255 5284 tenerent.
1289 5228 1411 5296 Quo
1437 5231 1601 5286 etiam
1626 5231 1751 5289 loco
1784 5233 2056 5289 Constan-

469 5322 642 5383 tinus,
691 5321 784 5389 qui
836 5329 1047 5377 mutato
1081 5322 1303 5378 nomine
1357 5320 1593 5379 Basilius
1629 5326 1807 5381 dictus
1853 5325 2053 5391 fuerat,

2149 4582 2239 4653 τρί
2274 4600 2335 4635 τε
2364 4582 2459 4636 καλ⁹
2480 4581 2697 4653 γαμετῇ
2726 4581 2789 4630 ἐκ
2824 4578 2932 4630 τῶν
2960 4574 3403 4645 ἐκκομισθέντων
3431 4574 3735 4644 κτημάτων

2150 4674 2336 4739 αὐτοῦ,
2354 4674 2451 4729 καί
2477 4692 2628 4736 τινας
2652 4672 2760 4724 τῶν
2787 4666 2980 4722 ἑαυτοῦ
3006 4667 3213 4720 παίδων
3233 4666 3371 4738 πρὸς
3400 4667 3731 4739 ὑπηρεσίαν,

2151 4771 2199 4823 εί
2237 4766 2331 4821 καὶ
2370 4767 2444 4838 μὴ
2472 4765 2699 4827 πάντας,
2734 4762 2918 4823 αὐτοῖς
2964 4759 3295 4831 ἐδωρήσατο,
3329 4761 3394 4831 τῇ
3430 4760 3600 4831 μητρὶ
3633 4761 3734 4831 μὲν

2152 4861 2248 4916 καὶ
2277 4861 2492 4929 γαμετῇ
2526 4859 2604 4920 είς
2640 4856 2738 4926 τὴν
2772 4854 2947 4925 μονὴν
2971 4852 3071 4923 τὴν
3097 4851 3240 4904 οὕτω
3283 4852 3585 4923 λεγομένην
3623 4853 3734 4907 τῶν

2155 4952 2441 5006 Δεσποτῶν
2490 4953 2547 5002 ὲν
2602 4945 2873 5018 ἀσφαλείᾳ
2912 4946 3012 5017 ζῇν
3061 4943 3326 5007 κελεύσας
3377 4943 3735 5010 αὐθεντικῶς,

2151 5050 2277 5112 τοὺς
2304 5049 2538 5118 ἄρρενας
2566 5044 2620 5097 δὲ
2650 5044 2757 5097 τῶν
2787 5042 2991 5096 παίδων
3012 5040 3090 5094 ’ὲν
3116 5042 3183 5111 τῇ
3215 5038 3417 5114 Πρώτη
3452 5041 3623 5112 νήσῳ,
3656 5040 3735 5103 ὡς

2156 5141 2395 5212 εἴρηται,
2457 5137 2587 5192 ἔνθα
2640 5139 2736 5190 καὶ
2795 5133 3204 5195 Κωνσταντϊνος
3244 5133 3273 5184 ὁ
3309 5130 3737 5203 μετονομασθεὶς

2153 5234 2435 5296 Βασίλειος
2464 5230 2679 5300 ἀφωνία
2711 5246 2829 5291 πως
2861 5226 3146 5297 συσχεθεὶς
3173 5227 3311 5297 μετά
3334 5225 3396 5279 τὸ
3442 5227 3508 5280 τά
3536 5226 3738 5295 γόνιμα

2165 5324 2275 5378 τῶν
2332 5323 2536 5394 μορίων
2580 5317 2949 5390 ἀφαιρεθῆναι
2984 5316 3161 5369 ἐδέετο
3216 5316 3314 5389 μὲν
3349 5316 3444 5370 τοῦ
3473 5316 3605 5370 Θεοῦ
3638 5315 3740 5386 τὴν

474 5427 599 5465 cum
642 5411 844 5466 excisis
903 5414 1156 5471 virilibus
1201 5416 1354 5473 vocis
1401 5426 1562 5473 usum
1597 5418 1895 5485 amisisset,
1944 5420 2029 5490 eju

2175 5413 2367 5469 ἑαυτοῦ
2394 5412 2619 5481 λυθῆναι
2645 5407 2826 5479 φωνὴν
2851 5408 2945 5461 καὶ
2961 5406 3056 5478 τὴν
3082 5406 3328 5476 γλῶτταν
3351 5405 3507 5470 αὖθις
3554 5406 3614 5459 τὸ
3644 5404 3742 5458 εὕ-

474 5504 865 5573 impedimento
891 5506 1028 5561 solvi
1051 5524 1081 5563 a
1106 5507 1219 5566 Deo
1247 5510 1387 5569 votis
1417 5511 1676 5569 chrabat
1704 5511 2029 5584 iiuguamqm

2163 5526 2294 5581 ηχον
2318 5504 2631 5568 ἀπολαϐεῖν,
2656 5501 2830 5555 ὲδέετο
2855 5501 2912 5555 δὲ
2930 5501 3128 5555 καὶτοῦ
3163 5501 3222 5557 ὲν
3252 5500 3500 5572 θεολογία
3513 5499 3744 5570 διαλάμ-

557 5675 579 5704 ο
611 5664 735 5723 Ose.
768 5681 884 5735 vm,
928 5667 977 5720 si.
