4038 6214
519 283 590 344 στι
1651 271 2158 334 Τιειιοριιιικες
2196 253 2763 332 εοΝΤιΝυΑΤυεξ
3703 269 3785 336 οι

520 396 734 454 statuit.
765 391 962 449 ludam
997 392 1210 462 petuiea
1247 406 1314 445 ac
1339 389 1525 445 οῦτοιιί
1560 388 1754 457 lingua
1792 388 1967 442 beatis
2002 403 2095 441 ac-

2214 386 2290 440 τὸν
2320 385 2522 442 Ἰούδαν
2549 385 2836 453 ἀκολάστῳ
2887 382 3108 453 γλώσσῃ
3139 383 3490 438 κατατάττων
3516 387 3625 450 τοῖς
3666 403 3785 441 om-

521 488 823 552 censebat;
877 484 1138 541 salutaris
1186 482 1408 536 Pascha
1455 478 1656 536 festum
1711 481 2092 546 caviliabatur,

525 591 783 648 tanquam
810 576 950 632 male
991 591 1091 631 nec
1120 574 1365 643 legitimo
1418 579 1664 641 tempore
1707 573 2095 628 celebraretur.

522 670 895 726 Graecanicam
925 684 991 722 ac
1031 666 1349 722 saecularem
1383 665 1746 720 eruditionem
1801 680 1896 720 seu
1933 665 2099 721 disci-

524 765 729 828 plinam
764 762 1056 830 despueus,
1108 768 1352 812 nostram
1393 774 1612 828 quoque
1647 774 1710 814 ac
1745 759 1986 814 divinam
2018 760 2099 816 sic

527 856 920 926 aspernabatur
965 860 1022 906 ut
1065 866 1162 906 nec
1187 867 1388 922 pueros
1417 852 1507 906 illa
1551 851 1721 908 imbui
1755 853 1979 918 sineret,
2031 870 2113 909 ne“

527 949 653 1017 quis
676 945 968 1016 aliquando
1000 945 1146 1000 illius
1169 945 1397 1001 inscitiae
1427 949 1683 1001 resistere
1703 956 1886 1016 posset
1907 964 2100 1004 eumve

529 1051 847 1107 coarguere,
885 1051 1022 1092 neve
1045 1052 1236 1091 rursus
1267 1037 1556 1109 disciplina
1593 1039 1769 1108 adjuti
1811 1040 2098 1094 oculorum

528 1129 833 1198 linguaque
859 1127 1148 1182 velocitate
1180 1129 1236 1181 in
1269 1129 1496 1196 legendo
1522 1129 1642 1198 ejus
1666 1130 1740 1184 rei
1774 1129 2007 1200 palmam
2050 1133 2100 1187 ei

528 1220 903 1291 praeriperet“.
938 1219 1094 1275 Adeo
1119 1220 1263 1274 enim
1300 1221 1354 1273 in
1381 1222 1773 1290 componendis
1808 1223 2005 1278 litteris
2034 1226 2104 1278 Ie-

529 1313 834 1383 gendisque
862 1312 1086 1383 syllabis
1117 1311 1304 1368 tardus
1325 1321 1461 1378 erat,
1498 1324 1558 1368 ut
1584 1314 1781 1368 librum
1815 1316 1938 1386 quis
1963 1317 2103 1372 alius

531 1403 746 1457 facilius
783 1412 1128 1473 percurreret
1166 1419 1329 1474 quam
1397 1405 1482 1459 sui
1535 1406 1774 1460 nominis
1835 1409 2104 1462 elementa

536 1511 650 1563 prae
709 1495 1201 1550 mentistarditate
1249 1495 1296 1550 is
1352 1505 1677 1551 recenseret.
1732 1495 1930 1552 Verum
1993 1499 2106 1554 haec

534 1586 702 1641 missa
730 1595 892 1641 sunto
925 1595 984 1640 ut
1021 1601 1145 1656 quae
1193 1586 1293 1640 viri
1349 1587 1520 1642 sancti
1574 1587 1690 1655 ejus
1716 1591 1893 1645 aetatis
1926 1591 2104 1660 palam

532 1676 925 1746 exagitaverint
955 1694 970 1732 :
1003 1688 1222 1734 exstant
1247 1680 1393 1733 enim
1426 1679 1552 1734 libri
1585 1679 1706 1751 ejus
1735 1691 1986 1739 notantes
2041 1698 2106 1739 ac

535 1767 878 1826 traducentes
908 1770 1196 1825 dedecora.
1230 1769 1342 1826 Nos
1371 1788 1502 1828 vero
1531 1775 1795 1844 reliquam
1821 1775 2106 1832 historiam

2203 476 2470 548 ζομένοις,
2493 477 2589 530 καὶ
2610 476 2708 547 τὴν
2741 476 2932 546 ἑορτὴν
2955 474 3048 528 τοῦ
3075 477 3350 546 σωτηρίου
3383 477 3572 547 Πάσχα
3595 480 3786 544 κακῶς.

2201 572 2297 624 καὶ
2319 573 2470 643 παρὰ
2503 569 2693 640 mttpr
2714 568 2994 638 χλευάζων
3015 567 3305 636 τιμᾶσθαι,
3332 567 3448 621 καὶ⁵
3463 570 3562 638 τὴν
3594 570 3775 639 Ἐλλη-

2201 663 2359 733 νικὴν
2399 662 2678 715 παίδευσιν
2738 659 3034 725 διαπτύων,
3087 660 3179 712 καὶ
3229 660 3326 726 τῆς
3365 662 3643 730 ἡμετέρας
3687 663 3777 715 καὶ

2205 756 2355 820 θείας
2407 754 2664 809 τοσοῦτον
2718 753 3078 823 καταφρονῶν
3111 751 3193 824 [Ρ.
3230 752 3320 825 52]
3373 753 3449 816 ὡς
3484 753 3620 827 μηδὲ
3657 756 3788 818 τοὺς·

2203 850 2360 914 νέους
2397 847 2863 919 παιδοτριϐεἶσθαί
2903 865 3003 901 που
3037 850 3362 918 συγχωρεῖν,
3401 849 3488 901 ἵνα
3531 851 3668 918 μήτε
3714 851 3781 918 τῇ

2205 943 2372 998 αὐτοῦ
2399 943 2593 1015 ἀλογίᾳ
2623 943 2734 1014 ἔχοι
2765 961 2848 1008 τις
2874 941 3187 1012 ἀντιστῆναί
3217 960 3346 995 ποτε
3370 943 3464 996 καὶ
3490 943 3779 1011 διελέγξαι,

2209 1037 2347 1106 μήτε
2389 1035 2552 1091 πάλιν
2609 1036 2687 1106 τῷ
2737 1036 2895 1105 τάχει
2940 1034 3049 1087 τῶν
3101 1034 3400 1103 ὀφθαλμῶν
3443 1036 3536 1088 καὶ
3574 1038 3646 1105 στῇ
3685 1035 3784 1104 τῆς

2205 1127 2452 1197 γλώττης
2477 1126 2540 1196 ρύ
2551 1144 2624 1198 μῃ
2658 1127 2958 1197 φερόμενος
2975 1125 3064 1179 διά
3087 1127 3186 1196 τῆς
3212 1126 3549 1189 παιδεύσεως
3568 1126 3786 1179 τά-δευ-

2204 1222 2388 1291 πρεῖα
2435 1219 2625 1272 τοῦτον
2667 1220 2712 1252 ⁵⁸
2763 1220 2954 1286 φέρειν
2989 1217 3494 1286 καταναγκάσειεν·
3531 1217 3784 1271 τοσοῦτον

2206 1312 2316 1381 γὰρ
2354 1310 2516 1381 ἦργει
2559 1308 2816 1380 πρδςτὴν
2869 1309 3014 1379 μῖξιν
3047 1309 3157 1362 τῶν
3186 1309 3534 1380 γραμμάτων
3578 1309 3794 1372 ἐκεῖνος

2206 1402 2300 1454 καὶ
2327 1401 2426 1472 τὴν
2459 1399 2890 1454 τῶν-συλλαϐῶν·
2915 1399 3245 1467 ἀνάγνωσιν,
3284 1399 3359 1462 ὡς
3415 1400 3545 1470 ῥᾷον
3587 1399 3653 1452 ἄν
3700 1416 3786 1462 τις

2204 1493 2390 1562 διῆλθε
2420 1493 2678 1564 βιϐλίονῆ
2713 1493 2875 1555 αὐτὸς
2917 1495 2982 1563 τῇ
3020 1491 3316 1563 βραδύτητι
3351 1491 3442 1544 τοῦ
3476 1491 3568 1544 νοῦ
3597 1491 3662 1544 τά
3688 1489 3791 1544 τοῦ

2205 1585 2407 1638 οἰκείου
2442 1587 2684 1655 στοιχεῖα
2726 1585 3004 1655 ὀνόματος.
3048 1584 3208 1637 Ἀλλά
3255 1582 3427 1636 ταῦτα
3466 1583 3564 1653 μὲν
3593 1582 3665 1646 ὡς
3690 1584 3785 1636 καὶ

2209 1680 2322 1741 τοῖς
2353 1679 2471 1732 κατ’
2507 1679 2682 1732 έκεῖνο
2702 1677 2894 1750 καιροῦ
2917 1675 3364 1747 κεκωμῳδημένα
3395 1675 3559 1738 θείοις
3585 1675 3782 1746 ἀνδρά-

2215 1787 2298 1823 σιν
2327 1769 2511 1822 ἐατέον
2531 1785 2544 1799 ·
2583 1770 2809 1842 πλήρεις
2838 1771 2946 1839 γὰρ
2978 1768 3150 1838 βίϐλοι
3201 1768 3269 1821 τά
3298 1767 3508 1821 ἐκείνου
3534 1765 3784 1835 ὲκστηλι-

535 1877 949 1932 piosequamur,
989 1880 1055 1918 ae
1084 1880 1206 1934 quae
1238 1866 1379 1920 mala
1419 1867 1690 1936 pepererit
1740 1869 1887 1924 illius
1919 1870 2112 1939 impie.

2214 1860 2494 1916 τεύουσαι·
2527 1863 2688 1932 ἡμεῖς
2725 1862 2782 1914 δὲ
2827 1862 2965 1932 πρὸς
3011 1861 3078 1913 τὰ
3110 1859 3267 1928 ζ’ἑξῆς
3311 1858 3639 1930 προσϐῶμεν
3689 1858 3801 1926 τῆς·

536 1963 620 2009 tas
654 1954 954 2009 videamus.

604 2134 657 2190 9.
680 2133 785 2189 Per
821 2135 927 2190 hoc
963 2144 1178 2205 tempus
1229 2135 1427 2191 bellum
1460 2136 1620 2191 civile
1653 2137 1721 2191 ab
1770 2135 1994 2192 Oriente
2029 2141 2120 2191 in-

533 2235 750 2296 ceptum
777 2228 957 2282 omnis
979 2227 1194 2297 generis
1221 2229 1384 2284 malis
1429 2226 1743 2283 Romanu-tn
1782 2229 1982 2284 orbem-
2004 2231 2110 2283 im-

535 2319 722 2391 plevit,
778 2321 1032 2390 intraque
1081 2323 1369 2394 angustias
1419 2322 1747 2391 brevemque
1796 2339 2109 2387 numerum,

533 2427 660 2466 cum
699 2413 905 2484 ingenti
947 2411 1129 2467 Susum
1174 2415 1330 2483 copia
1365 2424 1532 2478 esset,
1581 2416 1890 2470 mortalium
1939 2431 2112 2486 genus

535 2503 734 2574 coegit,
763 2504 872 2574 50
898 2519 1097 2574 nempe
1133 2515 1342 2560 armata
1367 2514 1584 2576 patrum
1613 2506 1664 2560 in
1695 2507 1834 2562 iiiios
1863 2507 2109 2574 dextera,

534 2592 948 2664 fratrumquein
987 2593 1182 2649 fratres
1205 2595 1396 2650 eodem
1433 2595 1586 2651 fusos
1618 2606 1791 2662 utero,
1835 2595 1922 2651 fidi
1956 2597 2110 2651 deni—

535 2698 642 2750 que
671 2699 735 2737 ac
768 2684 1078 2752 praestantis
1131 2684 1292 2739 amici
1345 2685 1397 2738 in
1446 2701 1572 2740 eum
1602 2687 1691 2756 qui
1729 2687 1844 2756 ipse
1883 2687 1961 2741 vel
1996 2703 2113 2740 ma-

535 2775 681 2830 xime
707 2775 962 2830 amicitia:
1005 2776 1127 2845 jura
1159 2787 1356 2832 sancta
1388 2778 1568 2833 vellet.
1599 2777 1807 2832 Horum
1843 2780 2109 2834 malorum

533 2866 784 2936 inceptor
811 2877 1112 2936 auctorque
1151 2865 1414 2932 Thomas,
1441 2869 1509 2923 de
1547 2884 1658 2938 quo
1705 2871 1904 2939 duplex
1939 2870 2113 2924 fertur

534 2959 743 3028 opinio.
787 2957 920 3014 Nam
953 2975 1079 3015 eum
1108 2960 1282 3016 simus
1311 2962 1586 3026 homines,
1632 2963 1935 3034 audituque
1977 2964 2113 3018 dun-

2214 1954 2476 2024 ἱστορίας,
2505 1952 2572 2006 τὰ
2592 1952 3010 2022 ἀποτελέσματα
3030 1951 3138 2004 τῶν
3154 1950 3327 2003 sese»
3351 1950 3512 2002 αθιτοῦ
3540 1947 3796 2019 πράξεων

2212 2047 2530 2116 ἐνορῶντες.

2283 2140 2347 2192 ϐ’.
2381 2139 2538 2192 Κατά
2565 2137 2674 2208 γάρ
2713 2136 2804 2190 τον
2825 2135 3018 2206 καιρον
3041 2132 3231 2188 τοῦτον
3261 2134 3435 2204 ἀρχὴν
3471 2131 3654 2184 λαϐὼν
3697 2131 3791 2202 ὲμο

2212 2231 2401 2299 φύλιος
2427 2231 2663 2300 πόλεμος
2683 2229 2744 2294 ἐξ
2768 2228 3060 2296 Ἀνατολῆς
3094 2227 3363 2280 παντοίων
3396 2225 3655 2294 ἐνέπλησε
3698 2223 3797 2294 τὴν

2211 2326 2536 2395 οἰκουμένην
2581 2324 2766 2378 κακῶν
2803 2323 2896 2378 καὶ
2941 2325 3005 2375 ὲκ
3053 2319 3265 2374 πολλῶν
3295 2320 3512 2387 ὀλίγους
3546 2319 3671 2388 τοὺς
3696 2316 3798 2370 ἀν-

2213 2418 2462 2490 θ’ρὼπους
2510 2417 2830 2489 εἰργάσατο,
2897 2415 3151 2485 πατέρων
3184 2414 3430 2485 δηλονότι
3459 2412 3560 2474 τὰς
3610 2408 3793 2474 δεξιὰς

2213 2510 2357 2564 κατά
2395 2510 2503 2563 τῶν
2558 2509 2690 2562 υἱῶν
2715 2509 3080 2572 ὁπλισάντων,
3118 2507 3214 2559 καὶ
3249 2505 3494 2572 ἀδελφῶν
3519 2503 3660 2557 κατά
3689 2501 3797 2554 τῶν

2212 2605 2276 2656 ἐκ
2301 2603 2400 2670 τῆς
2431 2601 2603 2671 αὐτῆς
2641 2600 2857 2669 φύντων
2886 2601 3124 2670 γαστρὸς
3148 2640 3162 2664 ,
3205 2597 3302 2651 καὶ
3338 2597 3493 2666 φίλου
3541 2593 3604 2648 τὸ
3647 2592 3816 2654 τέλος

2215 2695 2356 2748 κατά
2377 2694 2471 2747 τοῦ
2512 2692 2797 2762 φιλοῦντος
2843 2691 2915 2744 τὰ
2968 2690 3222 2760 μάλιστα.
3275 2689 3477 2758 Θωμᾶς
3502 2686 3708 2739 τούτων
3729 2681 3800 2756 ἦν

2213 2785 2463 2854 ἔξαρχος,
2495 2783 2623 2854 περὶ
2656 2777 2717 2836 οὗ
2756 2781 2937 2844 διττὸς
2972 2781 3130 2849 λόγος
3183 2781 3430 2850 φέρεται.
3469 2777 3710 2848 Ἀνάγκη
3740 2773 3816 2830 δὲ»

2213 2877 2521 2948 ἀνθρώποις
2541 2876 2692 2932 οὖσιν
2718 2877 2870 2948 ἡμῖν,
2897 2875 2990 2928 καὶ
3015 2875 3174 2945 ἀκοῇ,
3191 2873 3304 2927 ἀλλ’
3325 2874 3425 2926 οὐκ
3461 2871 3582 2941 ὄψει
3615 2871 3677 2923 ὲκ
3698 2867 3802 2938 τῆς

2213 2972 2468 3025 τοσούτου
2519 2971 2711 3042 χρόνου
2761 2969 3040 3040 παρολκῆς
3090 2967 3157 3020 τὰ
3188 2966 3413 3020 τοιαῦτα
3441 2962 3812 3032 κατειληφόσι-

535 3059 682 3105 taxat
703 3060 946 3121 accepta,
977 3069 1083 3109 non
1119 3054 1250 3124 ipsis
1281 3055 1458 3110 oculis
1489 3062 1772 3123 usurpata,
1801 3065 1925 3124 post
1948 3055 2106 3128 longa

2214 3068 2312 3136 τῆς
2342 3063 2604 3136 ἱστορίας,
2648 3063 2734 3115 ἵνα
2764 3062 2828 3132 δὴ
2855 3059 3132 3130 πανταχοῦ
3183 3060 3282 3130 τὴν
3335 3058 3596 3129 ἀλήθειαν
3632 3056 3800 3120 σωζο-

535 3144 672 3199 adeo
702 3152 947 3214 tempora
995 3147 1296 3202 habeamus
1343 3147 1678 3217 ejuscemodi
1714 3149 1952 3205 historiae
1998 3165 2118 3205 mo-

537 3248 820 3305 numenta,
858 3247 917 3293 ut
944 3241 998 3294 in
1040 3239 1299 3294 omnibus
1335 3250 1540 3294 sartam
1589 3249 1786 3294 tectam
1835 3241 2114 3298 veritatem

535 3347 841 3396 servemus,
872 3347 1098 3388 necesse
1131 3343 1214 3386 est
1243 3333 1324 3388 sic
1348 3333 1429 3387 vel
1459 3334 1541 3388 sic
1574 3335 1698 3388 aliis
1722 3335 1963 3406 aliisque
2004 3347 2116 3390 tra-

533 3423 645 3477 dita
677 3423 850 3494 (alios
873 3423 1081 3479 scilicet
1112 3423 1360 3492 aliosque
1401 3425 1691 3495 rumores)
1728 3426 2113 3490 conscribere;

534 3529 656 3584 quae
689 3515 852 3582 plane
882 3514 1214 3584 ambiguitas
1238 3530 1302 3570 ac
1333 3529 1492 3570 error
1542 3515 1689 3579 huic,
1744 3517 1890 3586 quod
1927 3527 2120 3570 tracta-

537 3619 682 3668 mus,
717 3604 849 3659 nihil
876 3605 1044 3662 oiiicit
1067 3619 1392 3676 argumento
1419 3626 1432 3662 :
1465 3609 1578 3664 imo
1623 3609 1750 3664 inde
1779 3608 2032 3664 futurum
2061 3619 2118 3664 ut

535 3696 742 3753 veritas
772 3699 1112 3755 certioribus.
1152 3701 1310 3756 nobis
1347 3703 1641 3758 momentis
1693 3704 1918 3767 nitatur,
1955 3716 2119 3771 quam

539 3790 993 3861 hisquisemper
1031 3793 1404 3864 digladiantur.
1428 3797 1582 3850 sicne
1609 3795 1688 3850 vel
1745 3796 1824 3850 sic
1867 3810 1989 3850 sese
2035 3811 2122 3848 res

537 3883 814 3939 habuerit.
845 3883 1022 3940 ForeL-
1040 3887 1261 3956 quidem
1297 3887 1349 3941 id
1382 3889 1674 3957 optimum,
1703 3898 1761 3942 ut
1789 3897 1843 3942 et
1881 3903 1987 3942 nus
2021 3889 2124 3942 ho-

539 3974 714 4030 mines
781 3978 926 4032 nuda
986 3979 1212 4034 veritate
1267 3981 1530 4050 nulloque
1602 3981 1888 4036 involuero
1933 3983 2119 4035 omnia

538 4080 823 4137 perspecta
879 4069 1211 4127 haberemus
1261 4074 1451 4142 :quia
1513 4089 1645 4128 vero
1699 4074 1844 4144 quod
1894 4074 2116 4146 longum

535 4161 740 4218 enituit
773 4173 1008 4236 tempus,
1038 4182 1137 4220 ceu
1183 4167 1456 4235 quoddam
1505 4167 1851 4238 interjectum
1903 4170 2103 4234 velum,

536 4256 854 4312 debiliorem
888 4268 1131 4312 nostram
1167 4259 1536 4324 cognitionem
1567 4261 1713 4326 facit,
1761 4276 1942 4331 opera:
1991 4279 2114 4331 pre-

2219 3158 2389 3226 μένην
2427 3156 2664 3226 ἔχοιμεν,
2717 3155 2812 3206 καὶ
2867 3155 2992 3215 τοὺς
3036 3151 3259 3205 τοιῶσδε
3291 3149 3429 3204 ἀλλά
3470 3150 3544 3220 μὴ
3577 3148 3814 3202 τοιῶσδε·

2221 3251 2380 3321 μόνον
2409 3248 2875 3319 παραδιδομένους
2909 3245 3102 3313 λόγους
3134 3244 3493 3313 ἀναγράφειν,
3549 3241 3701 3295 οὐδὲν
3735 3241 3808 3295 ὲκ

2215 3343 2316 3410 τῆς
2346 3341 2603 3410 τοιαύτης
2643 3337 2974 3407 ἀμφιϐολίας
3009 3335 3104 3390 καὶ
3143 3335 3353 3405 πλάνης
3396 3335 3806 3406 λυμαινομένης

2215 3433 2313 3500 τῆς
2357 3430 2728 3500 προκειμένης
2772 3429 2904 3498 ἡμῖν
2959 3427 3295 3491 ὑποθέσεως.
3351 3427 3545 3498 μᾶλλον
3579 3427 3676 3497 μὲν
3705 3425 3806 3481 οὖν

2217 3523 2310 3573 καὶ
2365 3519 2775 3588 ἀσφαλεστέρας
2827 3518 3208 3590 τυγχανούσης
3265 3521 3376 3583 τοῖς
3426 3536 3488 3588 γε
3521 3520 3594 3590 μὴ
3626 3516 3810 3582 οὕτως

2217 3611 2363 3681 ἔχειν
2398 3611 2515 3663 ἀλλ’
2579 3609 2754 3672 οὕτως
2807 3609 3355 3681 διαπληκτιζομένοις
3406 3611 3514 3666 ἀεί.
3545 3612 3812 3682 Ἀριστον

2223 3705 2322 3774 μὲν
2354 3703 2462 3772 γὰρ
2499 3698 2590 3773 ἦν,
2623 3703 2673 3754 εί
2729 3703 2944 3773 γυμνῆς
2976 3702 3333 3774 ὑπαρχούσης
3384 3705 3483 3772 τῆς
3547 3701 3810 3772 ἀληθείας

2220 3797 2311 3850 καλ.
2345 3798 2506 3866 ἡμεῖς
2536 3794 2694 3858 ὲκτὸς
2733 3796 3238 3866 παραπετάσματος
3263 3796 3362 3866 τὴν
3394 3795 3708 3867 πανείδησιν
3756 3799 3833 3852 οί·

2225 3889 2504 3962 ἀνθρωττοι
2557 3890 2779 3959 εἴχομεν
2801 3903 2816 3918 ·
2855 3888 2977 3940 ἐπεὶ
3007 3888 3066 3942 δὲ
3096 3890 3124 3941 ὁ
3156 3887 3322 3950 πολὺς
3361 3889 3565 3959 ῥεύσας
3615 3888 3824 3959 χρόνος-

2226 3978 2336 4037 οἷον
2368 4001 2418 4036 τι
2475 3983 2742 4053 κάλυμμα
2776 3983 2908 4053 ἡμῖν
2939 3979 3239 4051 προστεθὲν
3265 3980 3661 4053 ἀσθενεστέραν
3704 3982 3814 4054 τὴν

2226 4079 2428 4145 γνῶσιν
2458 4075 2774 4148 ἐργάζεται,
2807 4076 2894 4128 δεῖ
2918 4077 2987 4144 τῇ
3018 4091 3080 4142 γε
3109 4074 3268 4146 φήμῃ
3300 4077 3397 4128 καὶ
3443 4076 3657 4147 κληδόνι
3687 4093 3814 4130 πειο

2223 4171 2482 4241 οομένους
2529 4171 2611 4232 είς
2652 4168 2766 4237 φῶς
2803 4167 2957 4235 ἄγειν
3011 4166 3194 4231 ποσῶς
3233 4165 3303 4220 τὰ
3337 4168 3658 4240 πράγματα,
3690 4171 3818 4224 ἀλλ’

2221 4264 2342 4333 οιδχὶ
2379 4261 2455 4331 τῷ
2487 4260 2718 4330 ποταμῷ
2769 4259 2870 4328 τῆς
2899 4258 3068 4329 λήθης
3105 4259 3440 4330 παραδοῦναι
3472 4263 3812 4335 ὁλοσχερῶς.

539 4349 670 4402 tium
713 4349 791 4405 sit
825 4359 890 4404 ut
925 4351 1082 4406 famzn
1131 4351 1493 4423 obsequentes
1564 4370 1628 4410 ac
1681 4355 2014 4424 conjectum
2066 4356 2148 4411 vel
2195 4357 2345 4410 tenui
2393 4356 2586 4411 saltem
2630 4354 2783 4409 radio
2839 4369 2927 4409 res
2992 4356 3042 4408 in
3107 4354 3280 4410 lucem
3335 4357 3702 4427 producamus
3761 4362 3834 4411 el'

536 4460 646 4498 non
709 4446 926 4514 penitus
987 4447 1280 4504 oblivionis
1346 4449 1551 4505 vortice
1617 4451 1936 4520 mergendas
1999 4452 2300 4507 tradamus.

609 4533 697 4588 10.
731 4534 845 4590 Utta
877 4540 1257 4609 eaque-prima-
1282 4542 1484 4609 opinio,
1517 4542 1762 4610 in-quam
1795 4552 1847 4595 et
1881 4559 1980 4612 ego
2007 4560 2112 4597 ma-

2291 4552 2342 4598 t'.
2391 4545 2447 4598 ’0
2482 4545 2580 4616 μὲν
2609 4541 2702 4600 οὖν
2749 4540 2832 4608 είς
2882 4545 2976 4599 καὶ
3025 4543 3243 4614 πρῶτος
3280 4542 3457 4608 λόγος,
3487 4533 3530 4606 ᾧ
3567 4541 3662 4593 καὶ
3691 4541 3822 4611 ἐγὼ

537 4624 699 4680 nibus
739 4625 1081 4698 pedibusque
1108 4645 1198 4695 eo,
1253 4633 1474 4702 scriptis
1527 4632 1856 4702 quibusdam
1918 4650 2118 4689 monu-

538 4718 740 4773 mentis
774 4718 1104 4777 facientibus
1137 4723 1319 4789 tidem,
1375 4725 1488 4780 haec
1533 4734 1638 4792 est,
1697 4742 1890 4796 nempe
1936 4739 2132 4782 ortum-

538 4808 808 4865 'l‘homam
852 4831 921 4868 ex
949 4816 1206 4872 obscuris
1235 4819 1630 4890 ‘tenuibusqtte
1674 4821 2014 4887 parentibus,
2051 4823 2119 4877 ad

543 4903 658 4957 haec
718 4902 1038 4963 Sclavorum
1099 4912 1233 4967 satis
1282 4911 1576 4982 prosapia,
1641 4913 1733 4984 qui
1807 4915 2005 4984 saepius
2063 4915 2117 4969 in

540 4995 765 5053 Oriente
785 5007 839 5053 et
859 4999 998 5055 Asia
1028 5003 1396 5060 cohaeserunt.
1434 5006 1601 5076 A'Igre
1621 5008 1803 5077 itaque
1823 5022 2120 5076 pauperem

539 5090 707 5144 vitam
729 5099 1048 5156 sustentans
1067 5091 1519 5168 fortunarumque
1542 5099 1743 5167 aliquid
1767 5099 2121 5168 quaesiturus,

544 5183 729 5238 relicta
763 5183 865 5256 51
898 5187 1073 5256 patria
1106 5187 1319 5257 Cpolim
1365 5192 1536 5246 venit.
1592 5193 1691 5246 Ubi
1741 5193 1860 5247 viro
1905 5192 2121 5247 cuidam

544 5274 754 5331 ordinis
785 5281 1047 5334 senatorii
1079 5281 1388 5348 adhzerens,
1415 5284 1646 5353 ejusque
1679 5285 1930 5340 addictus
1960 5286 2124 5340 obse-

545 5366 692 5434 quiis
721 5383 786 5423 ac
817 5373 1072 5430 minister
1101 5375 1346 5442 eﬂectus,
1386 5391 1453 5432 eo
1481 5376 1724 5434 libidinis
1759 5395 1823 5433 ac
1860 5379 2124 5434 fmditatis

547 5462 816 5528 processit
858 5475 917 5520 ut
944 5476 1000 5522 et
1020 5469 1138 5524 heri
1169 5470 1349 5526 cubile
1398 5479 1688 5538 torumque
1733 5471 1976 5540 polluere
2019 5486 2117 5526 co-

546 5561 709 5610 natus
739 5555 832 5612 sit.
864 5557 981 5624 Qua
1007 5577 1065 5617 re
1094 5563 1304 5620 detecta
1328 5579 1450 5620 cum
1477 5565 1739 5636 probrum
1767 5565 1957 5634 ingens
1978 5564 2132 5636 ferre.

2217 4638 2478 4707 πείθομαι
2515 4638 2574 4703 ἐξ
2613 4638 2910 4709 ἐγγράφων
2944 4637 3105 4689 τινῶν
3143 4635 3282 4706 ἔχων
3313 4635 3375 4686 τὸ
3417 4631 3657 4702 βέϐαιον,
3686 4636 3820 4688 τοῦ-

2216 4748 2308 4784 τον
2343 4730 2615 4801 ὁρμᾶσθαι
2651 4746 2785 4799 φησι
2809 4729 2900 4781 τὸν
2925 4728 3128 4796 Θωμᾶν
3152 4725 3209 4793 ἐξ
3249 4727 3478 4796 ἀσήμων
3513 4743 3570 4779 τε
3601 4727 3819 4793 γονέων

2218 4828 2312 4881 καὶ
2339 4825 2632 4895 πενιχρῶν,
2670 4822 2846 4885 ἄλλως
2865 4821 2922 4874 δὲ
2952 4821 3046 4874 καὶ
3075 4817 3484 4887 Σκλαϐογενῶν.
3530 4819 3638 4872 τῶν
3674 4821 3818 4872 πολ-

2218 4916 2376 4978 λάκις
2431 4910 2896 4981 ὲγκισσευθέντων
2953 4909 3096 4962 κατά
3129 4907 3229 4979 τὴν
3271 4906 3582 4978 Ἀνατολήν.
3640 4906 3817 4977 Πενίᾳ

2221 5007 2603 5078 γοῦνάποζῶν
2634 5005 2729 5059 καὶ
2780 5004 2881 5073 τὴν
2905 5003 3075 5073 τύχην
3113 5001 3198 5076 [Ρ.
3233 5001 3325 5073 55]
3363 5001 3820 5072 ἐμπορευόμενος

2221 5103 2319 5175 τὴν
2347 5100 2544 5157 ἑαυτοῦ
2597 5100 2696 5172 μὲν
2737 5099 2971 5170 ἀπέδρα,
3018 5096 3157 5166 πρὸς
3207 5095 3263 5148 δὲ
3309 5094 3411 5162 τὴν
3445 5089 3820 5164 μεγαλόπολιν

2221 5194 2426 5264 ταύτην
2465 5193 2816 5262 εἰσέφρησεν.
2878 5191 2987 5242 Καὶ
3028 5187 3091 5256 δή
3134 5203 3240 5239 τινι
3285 5185 3396 5238 τῶν
3428 5182 3822 5252 συγκλητικῶν

2223 5287 2582 5355 ἐξυπηρετεῖν
2630 5299 2692 5335 τε
2724 5281 2820 5334 καὶ
2847 5280 3186 5348 λειτουργεῖν
3235 5273 3522 5344 κολληθεὶς
3554 5269 3820 5340 αἰσχῦναι

2223 5379 2288 5432 δι’
2316 5375 2612 5430 ἀκολασίαν
2660 5373 2755 5429 καὶ⁵
2784 5369 3114 5441 καθυϐρίσαι
3160 5369 3257 5439 τὴν
3291 5363 3618 5432 δεσποτικὴν
3643 5361 3822 5430 εὐνὴν

2227 5474 2322 5525 καὶ
2355 5471 2427 5524 τά
2457 5470 2662 5539 λέκτρα
2717 5465 2908 5520 τούτου
2945 5463 3223 5538 ἠπείγετο.
3309 5459 3463 5513 Ἐπεὶ
3499 5451 3592 5510 οὖν
3621 5470 3822 5525 φωρα-

2229 5564 2342 5628 θεὶς
2389 5562 2488 5634 οὐχ
2539 5557 2651 5624 οἷός
2683 5576 2742 5613 τε
2789 5553 2859 5630 ἦν
2887 5557 2979 5611 τὸν
3011 5556 3178 5610 πολὺν
3232 5552 3435 5608 δνειδον
3473 5549 3565 5604 καὶ
3586 5547 3682 5611 τὰς
3717 5546 3814 5598 διὰ

1849 5655 2082 5710 VARUS
2125 5654 2534 5712 LECTIONES.

651 5744 698 5776 '°
731 5745 937 5804 τούτων
964 5747 1025 5803 Ρ.
1629 5749 1652 5788 ⁸
