4038 6214
170 396 172 398 _
227 320 285 380 (:5
1267 305 1414 365 LIB.
1451 303 1533 362 ΙΙ.
1561 329 1628 339 -
1661 301 2002 364 MICHAEL
2036 303 2526 368 AMORIENSIS.
3429 314 3500 376 66

225 427 366 483 τοῦτο
399 423 706 492 ὑπομεῖναι
733 416 969 486 πληγὰς,
1003 413 1182 484 φυγάς
1218 415 1355 485 πρὸς
1381 413 1510 475 τοὺς
1539 412 1599 478 ἐξ
1631 412 1810 481 Ἀγαρ

1933 427 2024 465 ton
2051 423 2239 480 posset
2276 429 2342 468 ac
2369 425 2634 483 praeterea
2659 431 2849 486 poenas
2895 419 3023 474 talia
3077 419 3322 479 facinora
3381 441 3498 480 tuo-

225 519 452 586 γίνεται,
483 513 582 567 καὶ
601 508 824 572 τούτοις
853 508 1038 560 πίστιν
1068 507 1260 576 ἱκανὴν
1283 506 1347 558 ἐκ
1379 521 1441 558 τε
1475 504 1582 557 τῶν
1602 504 1815 556 καταλ-

224 611 403 681 λὴλων
436 604 598 661 αἱ»τοῦ
643 603 775 665 δοὺς
803 601 1059 672 πράξεων
1111 598 1199 652 διὰ
1231 596 1444 651 πολλῶν
1473 597 1575 668 ῇδη
1605 595 1816 666 χρόνων

232 703 376 775 (Ero;
406 699 513 770 γάρ
538 715 634 750 που
664 695 920 766 διηνύετο
942 693 1116 764 τούτῳ
1141 693 1396 764 πέμπτον
1426 691 1520 746 καὶ
1547 687 1815 757 εἰκοστὸν)

237 792 336 844 καὶ
368 793 429 842 ἐκ
458 787 544 840 τοῦ
569 786 662 840 τὸν
707 784 947 855 Χριστὸν
990 783 1084 836 καὶ
1128 782 1262 835 θεὸν
1321 780 1593 852 ὴρνῆσθαι
1632 779 1812 851 ἡμῶν,

244 880 532 952 πολεμιής
564 895 714 941 τινος
743 877 1022 947 φάλαγγος
1044 876 1253 945 γίνεται
1274 875 1514 946 ἀρχηγὸς
1547 873 1640 928 καὶ
1672 873 1816 926 κατὰ

250 972 572 1046 Χριστιανῶν
619 971 938 1036 ὁπλίζεται,
972 969 1346 1041 κραταιοτάτῃ
1401 967 1547 1040 χειρὶ
1575 967 1675 1038 τὴν
1705 966 1814 1019 τῶν

265 1064 524 1134 Ῥωμαίων
587 1062 868 1132 βασιλείαν
923 1060 1025 1112 ὑπὸ
1053 1061 1154 1132 τὴν
1185 1060 1365 1112 αὐτῶν
1407 1061 1563 1129 χεῖρα
1589 1057 1812 1125 ποιῆσαι

247 1157 736 1226 καθυποσχὸμενος.
795 1154 906 1206 Καὶ
946 1154 1036 1206 ἴνα
1097 1153 1171 1222 μή
1226 1167 1346 1204 τινα
1377 1149 1627 1221 ἐμποδὼν
1663 1149 1812 1219 παρά

251 1251 526 1320 Ῥωμαίοις
565 1246 855 1316 γινόμενος
899 1247 1025 1314 σχῇ,
1072 1243 1279 1306 πάντας
1307 1243 1367 1296 δὲ
1399 1241 1813 1310 συνεφαπτομέ-

236 1359 339 1405 νους
405 1342 505 1394 καὶ
559 1338 757 1393 τούτου
808 1334 1352 1408 προκινδυνεύοντας,
1404 1333 1811 1386 Κωνσταντίνον

233 1431 353 1487 εἶναι
391 1433 565 1488 αὑτὸν
594 1433 695 1499 τῆς
725 1430 965 1499 Εἰρήνης
994 1427 1277 1497 διετράνου
1310 1425 1405 1479 καὶ
1446 1423 1806 1493 ἐπεφήμιζεν,

232 1529 279 1580 ὃν
301 1529 334 1596 ἡ
367 1526 536 1580 ἄνοια
587 1526 684 1580 καὶ
735 1523 797 1574 τὸ
823 1521 917 1574 τοῦ
967 1519 1131 1590 ῆθους
1161 1519 1309 1589 ὠμὸν
1342 1518 1507 1571 πάλαι
1536 1515 1634 1587 μὲν
1669 1517 1809 1586 μετά

235 1620 316 1691 τῆς
349 1617 640 1689 βασιλείας
688 1613 941 1683 ἀφείλετο
972 1613 1066 1666 καὶ
1113 1612 1241 1674 τοὺς
1285 1609 1624 1680 ὀφθαλμοὺς,
1657 1626 1808 1679 τηνι-

236 1709 399 1762 καῦτα
433 1709 492 1761 δὲ
530 1707 626 1760 καὶ
654 1705 745 1759 τὸν
775 1703 888 1774 βίον
920 1700 1271 1775 μετηλλαχὼς
1294 1697 1383 1771 ᾖν.
1431 1700 1584 1752 Ἐπεὶ
1605 1699 1662 1753 δέ
1712 1701 1805 1752 καὶ

233 1804 287 1854 εὗ
309 1801 419 1855 τῶν
447 1799 706 1868 πράξεων
733 1796 965 1868 μέγεθος
995 1795 1090 1849 καὶ
1112 1795 1167 1848 αἱ
1191 1795 1480 1866 βόσκουσαι
1509 1793 1695 1846 τοῦτον
1727 1793 1813 1845 ελ-

240 1894 374 1957 κίδες
398 1892 666 1946 κοινωνόν
686 1909 808 1944 τινα
838 1891 948 1944 τῶν
971 1888 1315 1960 πραγμάτων
1336 1887 1577 1960 ἀπῄτουν
1605 1889 1684 1958 (οὐ
1708 1886 1817 1958 γὰρ

237 1986 299 2039 ἂν
321 1985 501 2054 ἄλλως
532 1983 684 2054 αὺτῷ
727 1984 795 2036 τα
825 1982 967 2036 κατά
994 1981 1096 2052 γῆν
1131 1981 1228 2034 καὶ
1275 1979 1544 2034 (θάλατταν
1576 1979 1819 2048 ὑπελάμ-

236 2081 366 2135 ϐανε
399 2079 848 2150 κραταιοῦσθαι),
892 2078 986 2132 καὶ
1031 2079 1148 2132 υἱόν
1178 2095 1302 2130 τινα
1348 2077 1676 2130 ἐπείσακτον
1702 2077 1817 2128 εἱσ-

239 2163 615 2241 ποιεῖται,“τῇ
677 2169 770 2223 τοῦ
816 2168 1058 2240 σώματος
1124 2168 1552 2240 μεταμορφώσει
1582 2168 1684 2237 τὴν
1717 2167 1819 2236 τῆς

233 2262 427 2332 ,ψυχῆς
454 2262 711 2333 δηλοῦντα
731 2261 1006 2327 ἀπόνοιαν,
1049 2257 1208 2329 ᾦ-καὶ
1237 2262 1501 2332 δυνάμεις
1542 2260 1817 2331 ἀρκούσας

242 2350 544 2422 παρασχὼν
577 2353 672 2404 καὶ
713 2350 1091 2407 Κωωτάντιον
1130 2353 1522 2422 ,μετονομάσας
1565 2351 1816 2415 ἄλλοθεν,

237 2443 431 2496 ἑαυτὸν
456 2443 512 2496 δὲ
540 2443 808 2515 ἑτέρωθεν
857 2443 956 2515 τὴν
1001 2445 1110 2497 τῶν
1165 2444 1456 2516 Ῥωμαίων
1485 2444 1692 2514 κείρειν
1723 2444 1820 2496 καὶ

245 2534 600 2604 κατατρέχειν
631 2534 895 2588 ἐπέταττε
945 2536 1069 2606 γῆν.
1111 2536 1264 2589 Λέων
1309 2536 1429 2588 τότε
1480 2535 1678 2606 καιροῦ
1707 2537 1734 2589 ὁ
1762 2535 1820 2600 ἐξ

253 2627 554 2697 Ἀρμενίων
580 2629 676 2691 τὰς
705 2631 806 2698 τῇς
835 2627 1110 2698 βασιλείας
1137 2631 1498 2699 ἐκεκρατὴκει
1536 2629 1719 2699 ἡνίας,
1763 2629 1821 2682 ἐν

243 2718 459 2788 ὑστέρῳ
483 2717 689 2789 καιρῷ·
715 2717 773 2780 ὅς
800 2717 1177 2789 δύναμίνιτινα
1209 2720 1327 2772 κατ’
1353 2718 1515 2772 αὑτοῦ
1549 2719 1822 2789 συστήσας

243 2811 346 2863 οὐκ
377 2810 663 2878 ἀξιόλογον
695 2810 866 2881 αὐτὴν
927 2811 1027 2881 μὲν
1079 2809 1347 2881 σφαλῆναι
1375 2809 1632 2879 ἐποίησεν
1683 2809 1824 2881 (ἅμα

245 2903 354 2972 γαρ
385 2904 454 2971 τῇ
491 2903 628 2972 πρὸς
663 2900 959 2972 πρόσωπον
1022 2901 1322 2972 ἀπαντήσει
1376 2901 1636 2971 ἐτρέπετο
1687 2901 1824 2973 πρὸς

246 2991 472 3060 ᾳυγὴν),
534 2989 724 3044 τοῦτον
779 2991 838 3045 δὲ
900 2989 1235 3062 θρασύτερον
1285 2991 1381 3044 καὶ
1416 2988 1825 3064 πλέον-ἢ-ἦντὰ

1924 503 2182 558 lientibus
2204 506 2548 562 constitutas
2583 517 2868 577 metueret,
2897 513 2965 566 ad
2996 513 3282 582 Agarenos
3312 517 3502 584 profu-

1923 596 2037 664 git;
2075 596 2274 663 quibus
2303 612 2427 651 cum
2464 613 2522 652 sc
2559 599 2694 655 satis
2727 602 3024 658 multorum
3075 606 3191 675 jam
3228 622 3499 662 annorum

1921 686 2164 755 periculo
2199 689 2406 757 (annos
2440 691 2584 745 enim
2615 692 2858 763 quinque
2895 712 3060 764 supra
3093 699 3281 769 viginti
3305 715 3499 770 exege—

1923 777 2040 848 rat)
2075 794 2137 832 ac
2156 787 2269 832 tum
2296 795 2360 833 ex
2395 795 2609 836 morum
2637 787 3035 854 convenientia,
3064 796 3175 843 tum
3202 805 3270 845 ex
3295 791 3500 846 Christi

1923 871 2017 925 Dei
2063 874 2232 926 nostri
2281 873 2490 944 ejurata
2527 876 2631 930 tide
2667 879 2968 947 probasset,
3021 882 3246 938 militari
3288 884 3501 939 cohorti

1923 963 1991 1016 ab
2023 963 2104 1032 eis
2158 965 2454 1034 praeficitur
2496 982 2560 1021 ac
2601 978 2795 1022 contra
2842 970 3184 1026 Christianos
3233 983 3499 1039 armatur,

1920 1055 2302 1110 robustissima
2333 1071 2497 1112 manu
2536 1057 2849 1114 Romanum
2877 1062 3168 1131 imperium
3199 1063 3416 1119 illorum
3443 1081 3504 1121 se

1919 1147 2143 1202 ditionis
2177 1148 2448 1204 facturum
2498 1151 2794 1220 pollicitus.
2851 1155 2929 1209 Ac
2968 1170 3036 1208 ne
3067 1155 3204 1225 quis
3235 1157 3311 1214 illi
3359 1159 3504 1228 apud

1919 1240 2205 1297 Romanos
2252 1244 2531 1313 negotium
2557 1245 2743 1311 faciat,
2771 1247 2865 1300 sed
2894 1247 2942 1302 ei
2974 1249 3158 1317 potius
3183 1252 3366 1306 cuncti
3404 1252 3505 1307 ad-

1911 1331 2214 1404 jungantur
2230 1352 2440 1406 suoque
2465 1338 2706 1408 periculo
2725 1339 3010 1394 tutandum
3033 1356 3153 1396 cum
3181 1344 3503 1413 suscipiant,

1919 1441 2043 1482 esse
2079 1443 2137 1483 se
2169 1428 2595 1484 Constantinum
2636 1430 2819 1487 lrencs
2862 1433 3032 1488 filiqu
3078 1435 3394 1493 manifestat
3438 1453 3505 1493 ac

1918 1519 2063 1573 fama
2090 1521 2296 1590 vulgat,
2337 1537 2500 1590 quem
2541 1523 2812 1579 dementia
2850 1541 3178 1596 morumque
3207 1529 3504 1585 crudelitas

1918 1627 2022 1665 una
2051 1627 2174 1665 cum
2203 1612 2432 1682 imperio
2453 1613 2757 1668 luminibus
2781 1631 3000 1686 quoque
3028 1619 3156 1672 olim
3177 1617 3528 1688 privaverah'

1917 1705 2119 1773 quique
2153 1717 2280 1759 tunc
2320 1709 2483 1760 etiam
2525 1707 2868 1763 inhumanis
2902 1711 3301 1768 essedesierat.
3357 1713 3498 1780 Quia

1925 1813 2051 1852 vero
2086 1813 2210 1852 cum
2229 1800 2519 1856 actionum
2552 1801 2894 1870 magnitudo,
2943 1812 3055 1858 tum
3088 1820 3208 1873 quae
3243 1819 3368 1860 eum
3395 1823 3504 1875 .pa-

1925 1891 2152 1946 scebant
2188 1908 2336 1962 spes,
2373 1909 2552 1948 rerum
2593 1895 2887 1964 quemdam
2921 1912 2986 1950 ac
3020 1898 3362 1966 negotiorum
3411 1914 3506 1955 so-

1915 1983 2070 2038 cium
2098 1984 2389 2054 exigebant
2420 1987 2436 2056 (
2461 2002 2567 2039 non
2599 1987 2743 2042 enim
2780 1987 2936 2043 aliter
2972 2003 3032 2043 se
3075 1999 3233 2044 terra:
3259 1991 3509 2058 marique

1925 2072 2189 2127 victorem
2222 2073 2342 2130 fore
2371 2075 2805 2148 arbitrabatur),
2842 2089 3165 2133 extraneum
3211 2081 3507 2150 quemdam

1925 2165 2028 2219 sibi
2083 2165 2257 2221 filium
2306 2167 2552 2237 adoptat,
2607 2168 2883 2224 hominem
2931 2171 3135 2226 sciliuet
3191 2171 3281 2242 qui
3329 2172 3508 2227 .totius

1927 2261 2177 2328 corporis
2196 2260 2635 2316 conformatione
2666 2261 2864 2316 mentis
2893 2264 3207 2318 vecordiam
3231 2268 3505 2333 proderet.

1930 2351 2066 2409 Huic
2099 2370 2320 2424 quoque
2343 2370 2504 2424 pares
2517 2371 2628 2426 .pro
2651 2354 2996 2424 expeditione
3021 2357 3210 2426 copias
3239 2360 3505 2429 assignato

1928 2461 1994 2502 ac
2027 2447 2334 2503 Constantii
2378 2450 2551 2503 indito
2576 2451 2805 2505 nomine
2828 2467 2893 2506 ex
2927 2466 3025 2506 sua
3059 2466 3331 2520 quemque
3360 2460 3510 2520 parte

1929 2535 2234 2592 Romanam
2267 2539 2536 2592 ditionem
2571 2539 2677 2609 52
2709 2542 2957 2610 populari
2986 2559 3050 2596 ac
3102 2543 3383 2597 incursare
3421 2542 3510 2612 ju-

1929 2628 2038 2682 bet.
2070 2628 2178 2682 Leo
2203 2630 2492 2684 Armenius
2529 2631 2604 2683 rei
2643 2632 2872 2698 publicae
2907 2633 3151 2689 habenas
3173 2634 3510 2687 tuncmode-

1932 2721 2177 2786 rebatur,
2206 2722 2304 2776 sub
2335 2722 2543 2791 imperii
2568 2723 2650 2776 sui
2681 2734 2926 2779 extrema
2955 2734 3218 2794 tempora.
3246 2724 3294 2779 Is
3315 2741 3506 2793 parum

1932 2812 2128 2868 validis
2155 2813 2417 2867 adversus
2450 2813 2884 2868 ilium-conﬂatis
2908 2816 3105 2884 copiis,
3139 2815 3255 2870 suis
3284 2814 3507 2884 quidem

1932 2904 2106 2958 cladis
2146 2912 2342 2958 auctor
2377 2904 2505 2970 fuit,
2549 2907 2728 2975 utqui
2781 2908 2960 2976 primo
2998 2909 3240 2962 hostium
3275 2908 3508 2963 incursu

1932 3005 2085 3067 terga
2109 2998 2375 3062 dederint,
2412 2998 2566 3052 illum
2603 3015 2732 3055 vero
2768 3000 3116 3055 audaciere
3143 3000 3274 3056 fecit
3296 3018 3362 3060 ac
3395 3019 3510 3058 ma-

247 3083 371 3138 καΟ⁹
417 3083 611 3137 ἑαυτὸν
635 3085 877 3153 φρονεῖν.
928 3083 1037 3137 Καὶ
1067 3083 1095 3135 ὁ
1129 3082 1228 3153 μὲν
1268 3083 1484 3154 πρῶτος
1502 3083 1611 3137 καὶ
1657 3084 1825 3148 πολὺς

1931 3090 2049 3160 jora
2085 3107 2246 3160 quam
2281 3106 2380 3159 pro
2416 3092 2499 3146 sui
2542 3092 2754 3146 ratione
2800 3109 2994 3163 sapere
3047 3095 3284 3164 impulit.
3324 3094 3509 3150 Prima

223 3173 422 3236 ὀὕτως
467 3175 612 3244 ἔχειν
667 3173 828 3238 λόγος
852 3172 995 3243 περὶ
1023 3174 1122 3242 τῆς
1159 3174 1413 3241 τοιαύτης
1438 3175 1702 3244 κινήσεως
1733 3177 1826 3227 καὶ

252 3261 493 3326 στάσεώς
518 3280 652 3333 φησι
685 3262 785 3334 τὴν
816 3263 1014 3335 ἀρχήν.

321 3363 412 3411 ια’.
444 3357 672 3428 ’Δτερος
691 3357 746 3408 δέ
767 3355 957 3409 τοῦτον
977 3350 1120 3409 εἶναι
1139 3353 1228 3408 τὸν
1252 3353 1474 3426 Θωμᾶν,
1512 3355 1678 3426 μηδὲν
1701 3354 1830 3427 περὶ

250 3451 343 3520 τῆς
375 3451 626 3519 κλήσεως
671 3449 1110 3520 διενηνεγμένος,
1160 3449 1250 3502 τὸν
1288 3449 1366 3520 τῷ
1386 3449 1678 3520 ,Βαρδανίῳ
1729 3450 1829 3520 μὲν

232 3545 415 3598 ’παλαι
475 3544 728 3610 συνόντα,
791 3543 945 3616 παρά
988 3545 1082 3598 τοῦ
1111 3547 1463 3616 ἡγησαμένου
1494 3545 1551 3598 δὲ
1602 3546 1830 3609 Λέοντος

244 3635 547 3707 τιμηθέντα
567 3653 581 3665 ·
609 3635 668 3698 ὃς
694 3635 792 3705 τὴν
811 3635 919 3687 τῶν
937 3635 1267 3706 φοιδεράτων
1287 3638 1586 3705 τηνικαῦτα
1613 3638 1831 3714 διοικῶν

243 3727 444 3800 ἀρχὴν,
482 3727 626 3780 κατά
658 3727 746 3780 τὸν
791 3726 1137 3780 ’Ἀνατολικὸν
1180 3727 1555 3798 ἐνδιατρίϐων,
1589 3721 1718 3781 ἐπεῖ
1742 3730 1832 3782 τὸν

234 3821 469 3890 Μιχαὴλ
506 3820 630 3891 ἄρτι
660 3819 915 3891 διήκουεν
946 3821 1264 3892 ἀνῃρηκότα
1297 3820 1386 3872 τὶν
1412 3819 1637 3884 Λέοντα,
1687 3820 1832 3874 ἐκδι-

242 3917 377 3980 κῶν,
412 3915 554 3986 ὁμοῦ
583 3916 639 3968 δὲ
667 3917 758 3968 καὶ
785 3915 954 3986 θυμὸν
986 3915 1114 3968 ἴδιον
1141 3914 1517 3985 ἀποπιμπλῶν
1545 3914 1833 3985 (ἐτύγχανε

241 4013 352 4082 γὰρ
391 4027 497 4063 που
533 4008 813 4080 πόρρωθεν
839 4008 899 4073 ἐξ
932 4009 1234 4080 ἡλικιωτῶν
1276 4008 1669 4079 διαφερόμενος
1699 4008 1835 4076 πρὸς

227 4104 460 4175 αὑτὸν),
493 4102 592 4156 καὶ
627 4103 743 4172 ἆμα
767 4101 866 4173 τὴν
891 4099 934 4131 ⁸³
969 4100 1098 4169 περὶ
1125 4098 1290 4153 αὐτοῦ
1317 4098 1410 4151 τοῦ
1439 4101 1495 4152 ἐν
1517 4097 1620 4171 ,[Ρ.
1641 4098 1735 4170 5-4]
1761 4097 1836 4168 τῷ

239 4195 566 4266 Φιλομηλίῳ
603 4195 842 4265 μοναχοῡ
898 4192 1203 4264 πρόρρησιν
1257 4192 1612 4262 φοϐούμενος,
1679 4194 1840 4262 χεῖρα

238 4287 503 4341 ἐναντίαν
535 4289 695 4350 κινεῖ,
721 4288 814 4340 καὶ
829 4287 995 4356 χεῖρα
1014 4286 1074 4339 οὐ
1107 4285 1310 4356 μικράν
1332 4301 1454 4336 τινα
1490 4285 1584 4336 καὶ⁵
1613 4282 1834 4354 ἀσθενῆ,

219 4438 226 4442 ,
233 4381 479 4452 βαρεῖαν
497 4381 557 4434 δὲ
590 4379 685 4434 καὶ
709 4377 952 4450 ἀνδρώδη
993 4379 1088 4431 καὶ
1115 4378 1388 4448 νεανικὴν,
1417 4379 1598 4430 πᾶσαν
1623 4375 1838 4446 ἠλικίαν

1931 3184 2046 3238 haec
2085 3194 2170 3240 est
2213 3185 2488 3253 longeque
2519 3184 2752 3240 celebris
2797 3201 2861 3241 ac
2901 3187 3122 3257 vulgata
3173 3188 3334 3257 primi
3393 3189 3513 3260 eius

1929 3284 2112 3330 motus
2133 3289 2197 3331 ac
2219 3274 2538 3330 defectionis
2574 3276 2838 3330 narratio.

2003 3365 2308 3421 ILAltera
2367 3365 2514 3420 hunc
2568 3365 2836 3420 Thomam
2893 3382 3020 3421 eum
3076 3382 3198 3423 esse
3256 3367 3508 3434 alﬁrmat,

1932 3457 2080 3540 nulla
2104 3456 2344 3512 nominis
2375 3455 2724 3522 diversitate,
2749 3457 2844 3526 qui
2872 3457 2923 3510 in
2958 3456 3210 3512 Bardauii
3234 3460 3510 3529 quondam

1932 3551 2138 3606 familia
2170 3549 2348 3604 fuerat
2371 3564 2435 3604 ac
2466 3565 2631 3620 quem
2661 3548 2774 3605 Leo
2810 3551 3108 3620 imperator
3149 3542 3373 3607 creatus
3409 3552 3511 3608 ho-

1935 3645 2160 3700 noribus
2183 3653 2429 3698 auxerat.
2464 3642 2516 3698 Is
2549 3653 2681 3698 tunc
2709 3642 3103 3697 fcederatorum
3136 3644 3341 3712 agmini
3373 3660 3512 3712 pra:-

1936 3737 2146 3804 positus
2170 3737 2224 3790 in
2258 3734 2614 3789 Orientalium
2642 3735 2879 3788 themate
2907 3734 3158 3804 degebat.
3191 3733 3295 3790 Ubi
3328 3736 3513 3804 itaque

1938 3825 2253 3881 Michaclem
2305 3840 2333 3878 a
2384 3823 2566 3878 Leone
2613 3823 2772 3893 paulo
2822 3830 2949 3877 ante
2991 3823 3264 3878 sublatum
3316 3824 3510 3888 audiit,

1936 3920 2056 3988 ejus
2091 3919 2308 3974 ulturus
2337 3934 2546 3984 manes,
2581 3917 2747 3971 simul
2773 3931 2903 3970 vero
2930 3916 3093 3972 etiam
3135 3917 3243 3970 iras
3272 3917 3359 3971 ille
3384 3931 3513 3972 suas

1937 4012 2307 4066 exsatiaturus
2338 4011 2496 4080 (nam
2545 4010 2615 4064 ab
2667 4009 3035 4066 adolescentia
3079 4010 3221 4064 haud
3279 4010 3414 4066 satis
3465 4011 3514 4064 ei

1940 4118 2063 4158 cum
2087 4102 2347 4157 Michaele
2377 4102 2768 4170 convenerat),
2801 4102 2965 4156 simul
2988 4116 3210 4171 quoque
3243 4099 3515 4154 Philome-

1939 4195 2134 4252 licnsis
2188 4194 2440 4249 monachi
2483 4195 2549 4248 de
2599 4209 2658 4249 se
2697 4195 2953 4251 vaticinia
3011 4195 3231 4254 timens,
3290 4193 3344 4246 in
3389 4207 3513 4246 eum

1945 4298 2152 4353 movet,
2186 4302 2283 4342 nec
2307 4303 2435 4342 vero
2468 4287 2700 4342 modicis
2727 4289 2904 4357 copiis
2945 4301 3008 4340 ac
3047 4284 3380 4344 imbellibus,
3422 4283 3516 4336 sed

1943 4381 2259 4452 ingentibus
2310 4379 2561 4449 viriliqne
2608 4378 2930 4434 fortitudine
2972 4393 3038 4433 ac
3093 4388 3282 4446 vegeto
3320 4375 3519 4430 robore

235 4473 350 4525 τῶν
372 4473 509 4544 δόρυ
540 4470 855 4540 δυναμένων
889 4471 1058 4523 κινεῖν
1089 4468 1225 4538 ἔχων
1261 4469 1379 4539 μεθ’
1405 4468 1621 4522 ἑαυτοῦ.
1646 4468 1825 4536 Ἐτύγ-

1947 4471 2213 4527 instructo
2240 4471 2506 4534 exercitu,
2532 4484 2660 4524 cum
2693 4470 2840 4522 nulla
2865 4477 2996 4522 aetas
3019 4467 3084 4521 ad
3133 4482 3286 4522 arma
3324 4467 3518 4521 idonea

223 4584 378 4637 χανε
408 4567 521 4635 γάρ
549 4582 663 4628 πως
699 4564 793 4617 καὶ
816 4562 992 4625 ἄλλως
1026 4563 1054 4614 ὁ
1085 4560 1304 4632 Μιχαὴλ
1339 4562 1444 4614 ὑπὸ
1496 4562 1715 4615 πάντων
1749 4580 1840 4632 μι-

239 4661 544 4729 σούμενος,
599 4659 693 4711 ἆτε
724 4656 788 4727 δὴ
817 4655 996 4725 κακῆς
1038 4654 1137 4724 μὲν
1185 4652 1450 4723 αἱρέσεως
1486 4652 1843 4723 μετεσχηκὼς

231 4754 343 4822 -τῆς
389 4751 505 4803 τῶν
537 4748 900 4818 ’ΛΘιγγάνων,
951 4747 1028 4810 ὡς
1060 4746 1298 4815 εἴρηται,
1330 4743 1424 4796 καὶ
1474 4743 1556 4796 ὄτι
1590 4743 1843 4811 γλῶσσαν

1943 4565 2365 4621 desideraretur.
2401 4562 2619 4630 Alioqui
2653 4560 2799 4615 enim
2843 4560 3005 4614 etiam
3043 4559 3274 4614 Michael
3305 4561 3521 4614 cunctis

1935 4657 2057 4712 fere
2082 4658 2207 4712 odio
2243 4657 2568 4716 habebatur,
2599 4663 2710 4707 tum
2746 4653 2888 4721 quod
2928 4652 3369 4722 Athinganorum
3419 4668 3516 4705 ne-

1945 4750 2122 4805 fanda:
2165 4750 2410 4814 haeresis,
2439 4748 2513 4802 uti
2544 4747 2751 4801 dictum
2777 4755 2879 4810 est,
2913 4746 3246 4800 commercio
3279 4746 3520 4814 pollutus

235 4843 603 4912 χωλεύουσαν
639 4841 774 4911 ἔχων
809 4842 890 4901 εἰς
916 4839 1208 4911 ἀνανδρίαν
1244 4840 1336 4891 καὶ
1365 4836 1639 4908 μαλακίαν
1673 4836 1846 4890 διεϐε-

237 4937 444 5004 ϐόητο,
483 4933 666 5004 πολλῷ
695 4935 751 4986 δὲ
785 4933 1009 5004 μᾶλλον,
1041 4933 1122 4984 δτι
1141 4930 1238 5003 τὴν
1267 4930 1442 5001 ψυχὴν
1469 4930 1566 4998 τῆς
1597 4928 1844 4999 γλώττης

237 5029 351 5097 οὐχ
387 5021 557 5099 ἦττον
587 5025 933 5097 χωλεύουσαν
985 5023 1198 5093 ἔφερεν,
1246 5021 1595 5075 ἐὸδελύσσετό
1657 5038 1718 5074 τε
1755 5022 1847 5075 καὶ

240 5123 327 5183 εἰς
373 5121 576 5191 φόρτον
609 5119 891 5186 λελόγιστο
920 5118 1032 5179 τοῖς
1071 5113 1306 5177 πολλοῖς.
1361 5113 1419 5168 Ὀ
1449 5113 1653 5183 Θωμᾶς
1682 5113 1758 5177 δὲ,
1798 5114 1846 5166 εἰ

243 5218 350 5266 καὶ
384 5216 447 5266 τὸ
502 5213 692 5277 σκέλος
728 5210 1131 5282 πεπηρωμένος
1182 5208 1275 5262 καὶ
1306 5208 1381 5279 τῷ
1405 5207 1550 5276 γένει
1575 5206 1850 5278 βάρϐαρος

243 5299 341 5376 ἦν,
378 5305 495 5358 ἀλλ’
522 5304 618 5358 οὖν
649 5306 716 5375 τῇ
758 5321 822 5372 γε
849 5304 1009 5373 πολιᾷ
1040 5300 1339 5370 αἰδέσιμος,
1394 5299 1487 5353 καὶ
1521 5299 1731 5370 ,μᾶλλον
1758 5317 1846 5367 φι-

237 5395 525 5466 λούμενος
543 5397 866 5466 ἐτύγχανεν,
886 5396 966 5449 ὅτι
989 5393 1048 5448 τὸ
1067 5393 1474 5464 εὐπροσήγορον
1495 5392 1588 5446 καὶ
1607 5392 1840 5453 ἀστεῖον,

243 5484 343 5541 οἷα
387 5488 451 5558 δὴ
481 5489 629 5559 φιλεῖ
655 5491 684 5544 ὁ
716 5487 1053 5560 στρατιώτης
1106 5487 1281 5557 δχλος,
1331 5483 1477 5555 αὐτῷ
1527 5501 1629 5536 που
1655 5500 1817 5536 συνου

1953 5485 2135 5547 batur,
2179 5478 2326 5552 quod
2357 5493 2555 5549 nempe
2608 5478 2676 5532 ad
2723 5488 3078 5546 congressum
3122 5471 3299 5528 facilis
3359 5481 3522 5541 atque

249 5581 429 5636 σίωτο
461 5584 526 5636 ἐκ
561 5582 778 5649 παιδὸς,
803 5581 1020 5636 καὶτῶν
1052 5582 1187 5636 κατά
1215 5581 1567 5651 γενναιότητα
1594 5577 1825 5644 σώματα

1956 5576 2196 5630 urbanus
2229 5582 2377 5635 erat;
2415 5586 2550 5640 quas
2579 5569 2765 5638 utique
2792 5568 2944 5623 dotes
2969 5566 3250 5622 ordinibus
3275 5565 3520 5637 gratissi-

1565 5691 1794 5746 \’AlltA£
1828 5688 2230 5744 Ll‘lll'flONES.

1943 4849 2110 4905 esset,
2145 4849 2256 4894 tum
2287 4840 2435 4908 quod
2469 4836 2820 4890 halbutientis
2869 4836 3066 4905 linguae
3100 4835 3230 4889 vitio
3263 4837 3518 4890 laborans

1944 4932 2180 4988 imbellis
2204 4931 2493 4999 mollisque
2516 4944 2714 4984 nomen
2748 4929 3007 4993 haberet;
3038 4936 3152 4983 tum
3179 4930 3342 4984 etiam
3372 4928 3518 4996 quod

1946 5041 2056 5080 non
2110 5023 2297 5078 minus
2327 5021 2514 5075 animo
2546 5037 2710 5090 quam
2771 5019 2958 5091 lingua
3012 5021 3305 5090 impeditus
3351 5025 3520 5081 esset,

1947 5119 2112 5174 homo
2157 5116 2369 5171 scilicet
2405 5114 2676 5184 perversis
2723 5114 2989 5179 moribus,
3021 5112 3384 5167 exsecrationt
3415 5107 3520 5178 53

1947 5219 2063 5266 erat
2101 5224 2164 5262 ac
2223 5207 2384 5277 vulgo
2427 5201 2690 5259 molestus
2745 5203 3060 5274 putabatur.
3109 5191 3348 5253 Thomas
3391 5212 3521 5252 vero

1952 5317 2265 5374 quanquam
2297 5314 2457 5354 crure
2482 5299 2684 5352 oblatso
2727 5312 2792 5352 ac
2825 5309 3022 5365 genere
3065 5291 3333 5347 barbarus
3379 5303 3521 5355 erat,

1953 5392 2154 5448 canitie
2175 5399 2352 5444 tamen
2383 5388 2736 5451 venerabilis,
2766 5385 3048 5453 magisque
3077 5396 3108 5436 a
3141 5383 3354 5438 cunctis
3379 5397 3504 5436 ama

335 5770 388 5801 "
416 5770 512 5833 τάς
534 5769 596 5824 Ρ.
