4038 6214
514 270 580 337 (.7
1613 275 2119 337 THEOPHANES
2157 276 2301 337 (ΣοΝ
2306 275 2379 335 TI
2388 274 2714 338 NUATUS.
3694 283 3768 345 68

516 403 631 444 mas
666 404 695 443 a
718 404 890 459 puero
916 388 1027 458 jam
1055 388 1157 443 sibi
1192 386 1481 453 ase'lverat,
1515 390 1871 459 corporisque
1896 390 2091 443 robore

2201 391 2253 443 οὐ
2284 391 2345 460 δή
2379 407 2521 452 τινος
2552 390 2803 459 ἐφαίνετο
2830 390 3104 462 δεύτερος.
3130 386 3299 456 Οὗτος
3320 393 3412 446 οὖν
3442 396 3563 459 τοὺς
3594 396 3769 466 δημυο

517 481 649 533 nulli
679 481 925 536 cedebat.
980 479 1164 550 Itaque
1198 480 1543 549 publicorum
1581 480 1927 549 vectigalium
1957 495 2088 535 exa-

514 570 760 625 ctoribus
795 571 848 625 in
887 587 1018 626 suas
1049 579 1231 639 partes
1255 570 1525 635 adductis,
1554 572 1855 643 vulgusque
1876 573 2089 641 magni-

515 664 632 719 ticis
661 663 1040 733 largitionibus
1082 661 1187 716 sibi
1219 664 1485 717 demereri
1523 665 1767 728 studens,
1817 664 1999 718 clarus
2023 678 2083 719 ex

516 759 662 812 tenui
691 758 1037 825 obscuroque
1078 754 1256 810 evasit
1291 770 1464 825 exque
1503 771 1664 809 manu
1718 757 1940 810 minima
1970 771 2089 810 ma-

514 866 674 921 gnus.
730 850 881 903 Alios
913 848 1206 902 verborum
1242 847 1514 901 lenocinio
1554 846 1911 917 amicitimque
1958 862 2092 916 qua-

524 944 647 996 dam
717 942 900 1011 specie
940 941 1044 995 sibi
1102 940 1451 1005 conciliabat,
1507 948 1778 1009 quotquot
1829 940 2090 994 nimirum

515 1049 777 1087 novarum
832 1048 1014 1087 rerum
1069 1032 1496 1103 divitiarumque
1550 1046 1705 1085 amor
1753 1030 2089 1097 incesserat;

513 1127 653 1180 alios
689 1127 739 1180 vi
772 1141 835 1181 ac
861 1126 1126 1181 renitente
1143 1125 1348 1192 animo,
1381 1141 1520 1193 quos
1557 1123 1821 1177 bellorum
1849 1122 2089 1175 civilium

512 1220 656 1273 mala
687 1218 802 1289 jam
834 1218 1027 1273 doctos
1067 1218 1313 1287 periculo
1346 1232 1454 1271 non
1484 1215 1745 1270 latebant.
1802 1214 1880 1267 Eo
1935 1214 2091 1266 initio

511 1320 815 1380 eruperunt
843 1310 982 1365 bella
1013 1309 1219 1375 civilia,
1254 1309 1541 1377 instarque
1570 1306 1907 1360 Niliacorum
1943 1314 2094 1359 cata-

512 1410 789 1456 ractarum
816 1411 1022 1471 aperta,
1050 1416 1158 1455 non
1186 1416 1353 1470 aqua,
1385 1399 1477 1453 sed
1503 1413 1699 1453 cruore
1721 1406 1921 1451 terram
1948 1396 2093 1466 large

513 1497 835 1566 irrigarunt.
867 1478 1174 1547 Hinc'servi
1206 1491 1473 1545 adversus
1505 1490 1687 1553 heros,
1712 1488 1868 1543 miles
1899 1488 2090 1543 statio-

513 1591 703 1643 narius
763 1587 1027 1641 adversus
1093 1583 1449 1648 cohortalem,
1520 1581 1771 1637 centurio
1829 1581 2091 1636 adversus

520 1683 799 1737 exercitus
823 1680 1019 1734 ducem
1051 1687 1281 1733 cruento
1309 1676 1455 1731 ferro
1481 1676 1700 1731 dextras
1718 1685 2088 1731 armaverunt.

513 1774 901 1839 Hactenusque
930 1770 1111 1822 omnis
1151 1768 1281 1822 Asia
1321 1767 1484 1821 malis
1523 1767 1718 1820 obruta
1763 1767 1943 1821 dirum
2002 1782 2091 1836 ge-

513 1865 715 1917 mebat.
749 1860 1047 1915 Civitatum
1094 1859 1235 1913 Asia:
1273 1859 1523 1929 integrae,
1563 1873 1628 1913 ac
1656 1866 1874 1929 quantm
1916 1866 2092 1921 erant,

518 1962 833 2009 exterrente
889 1961 1039 2006 metu
1085 1950 1424 2007 deditionem
1481 1950 1706 2005 Thomas
1765 1949 2093 2016 faciebant;

512 2059 634 2116 qua:
660 2054 839 2099 autem
866 2042 1179 2114 imperatori
1213 2042 1373 2097 ﬁdem
1406 2052 1687 2097 servantes
1722 2041 1815 2096 diu
1858 2040 2093 2112 saepius-

513 2153 621 2207 que
642 2138 979 2200 restiterant,
1017 2136 1201 2189 multis
1233 2135 1474 2189 caedibus
1508 2134 1921 2204 praedarumque
1950 2137 1998 2187 vi
2031 2149 2097 2188 ac

513 2224 914 2295 direptionibus
942 2226 1290 2294 postmodum
1323 2236 1377 2277 et
1418 2225 1550 2294 ipsze
1576 2223 1777 2278 collum
1812 2224 2099 2279 submitte‘

513 2318 663 2373 bant.
708 2316 954 2386 Denique
987 2326 1099 2371 tota
1142 2317 1271 2370 Asia
1306 2317 1357 2368 in
1391 2316 1513 2384 ejus
1558 2323 1741 2385 partes
1800 2315 2095 2380 concessit,

513 2412 758 2483 exceptis
785 2413 1050 2468 duntaxat
1079 2412 1334 2482 Calacyla
1388 2410 1595 2479 Opsicii
1641 2422 1696 2465 et
1726 2409 1957 2465 Olbiano
1995 2414 2099 2464 Ar-

516 2504 894 2559 meniacorum
960 2504 1215 2559 ducibus.
1266 2502 1473 2574 541Ιί
1521 2504 1630 2558 duo
1678 2503 1781 2558 soli
1837 2504 1889 2557 in
1950 2512 2099 2558 tanta

514 2597 787 2652 exercitus
823 2597 1028 2652 ducum
1070 2597 1418 2652 multitudine
1447 2596 1694 2652 Michaeli
1733 2597 1906 2666 palam
1940 2597 2097 2651 fidem

515 2703 823 2742 servavere.
883 2688 1093 2743 Idcirco
1159 2690 1322 2743 etiam
1395 2688 1616 2743 Michael
1673 2690 1902 2758 gratiam
1956 2689 2099 2743 refe-

514 2794 665 2845 rens,
705 2780 851 2849 quod
883 2781 1004 2849 ejus
1038 2783 1275 2835 'causam
1306 2797 1415 2835 non
1450 2780 1836 2849 prodidissent,
1892 2782 2099 2835 nummi

516 2873 683 2926 unius
726 2873 971 2941 argentei
1018 2873 1073 2926 in
1107 2873 1362 2927 azrarium
1401 2872 1665 2943 principis
1710 2872 1901 2927 inferri
1954 2874 2098 2927 soliti

517 2963 614 3032 (ac
638 2963 936 3018 fumarium
965 2965 1235 3019 tributum
1260 2964 1593 3035 vocabatur)
1622 2964 1834 3019 veniam
1852 2964 1932 3021 eis
1949 2962 2097 3020 fecit.

2194 484 2339 547 σίους
2362 485 2562 553 φόρους
2592 485 3016 557 εἰσπράττοντας
3055 488 3133 550 είς
3163 489 3355 543 ἑαυτὸν
3378 490 3768 559 εἰσποιησάμε-

2193 594 2300 642 νος,
2336 578 2430 629 καὶ
2457 579 2520 629 ὲκ
2549 578 2952 648 μεγαλόφρονος
2985 578 3276 642 ἐπιδόσεως
3327 580 3643 646 σπουδάζων
3677 581 3768 649 ὑφ’

2192 666 2383 719 ἑαυτὸν
2414 668 2589 720 ποιεῖν
2614 667 2740 730 τοὺς
2770 666 3017 732 πολλοὺς,
3044 668 3211 731 πολὺς
3231 668 3456 736 γέγονεν
3490 670 3553 721 ὲκ
3572 666 3767 738 μικροῦ

2193 758 2290 820 καὶ
2324 758 2496 827 μέγας
2548 757 2607 825 ἐξ
2645 758 2936 829 ἐλαχίστης
2990 760 3358 831 χειρός-τοὺς
3391 761 3490 831 μὲν
3519 761 3628 831 γὰρ
3667 756 3769 829 ἦγε

2193 848 2375 902 πειθοῖ
2407 847 2499 902 καί
2534 867 2639 902 τινι
2676 850 2853 921 φιλία,
2885 853 3032 915 ὅσοις
3069 852 3134 923 δὴ
3181 854 3207 905 ὁ
3230 852 3337 907 τῶν
3360 854 3562 907 καινῶν
3592 868 3773 922 πραγ-

2197 940 2383 1010 μάτων
2418 941 2510 994 καὶ
2540 943 2600 994 τὸ
2637 941 3013 1011 φιλοπλουτεῖν
3034 945 3172 1018 ἔρως
3202 945 3327 1015 ἐνῆν
3350 946 3422 1011 δ’,
3446 944 3571 1007 τοὺς
3591 943 3647 997 δὲ
3679 942 3771 1015 βίᾳ

2194 1032 2510 1106 καὶγνώμη
2558 1034 2866 1105 ἀϐουλήτῳ,
2919 1037 3066 1101 ὅσοις
3120 1037 3182 1107 δὴ
3236 1039 3302 1090 τὰ
3335 1036 3442 1090 τῶν
3490 1035 3772 1106 ἐμφυλίων

2197 1125 2438 1177 στάσεων
2469 1128 2615 1179 κακά
2637 1128 2694 1179 ὲν
2718 1128 2885 1198 πείρᾳ
2910 1129 3011 1199 ἤδη
3047 1129 3661 1199 γεγένηντο.,Ἐντεῦθεν
3676 1125 3774 1183 οὖν

2193 1218 2242 1270 οἱ
2278 1216 2534 1287 ἐμφύλιοι
2569 1219 3044 1290 ἀναρρηγνύμενοι
3078 1221 3325 1290 πόλεμοι,
3359 1221 3452 1273 καὶ
3492 1215 3600 1273 οἷον
3630 1237 3773 1282 τινες

2193 1311 2422 1382 Νειλῷοι
2454 1314 2832 1385 καταρράκται
2859 1313 3219 1383 ἀνοιγόμενοι,
3235 1314 3331 1383 οὐχ
3354 1314 3524 1379 ὕδατι,
3549 1314 3663 1367 ἀλλ’
3684 1314 3771 1367 αἴ-

2197 1420 2328 1473 ματι
2354 1404 2452 1474 τὴν
2476 1404 2579 1474 γῆν
2603 1404 2979 1467 κατεπὸτιξον.
3015 1403 3292 1458 Ἐντεῦθεν
3315 1405 3406 1457 καί⁹
3431 1404 3605 1457 δοῦλοι
3630 1404 3771 1458 κατὰ

2191 1495 2468 1549 δεσποτῶν
2501 1498 2596 1549 καὶ
2644 1498 2985 1568 στρατιώτης
3028 1495 3170 1549 κατὰ
3191 1495 3462 1560 ταξεώτου
3491 1496 3581 1549 καὶ
3609 1495 3770 1566 λοχα-

2193 1589 2288 1658 γὸς
2314 1588 2456 1642 κατά
2482 1589 2855 1659 στρατηγέτου
2886 1589 2984 1658 τὴν
3020 1589 3177 1658 χεῖρα
3208 1586 3455 1657 φονῶσαν
3488 1586 3768 1640 καθώπλι-

2196 1681 2309 1748 ζεν,
2336 1685 2429 1735 καὶ
2459 1683 2609 1735 πᾶσα
2632 1682 2772 1745 τέως
2872 1681 3027 1733 Ἀσία
3073 1678 3395 1749 βυθιζομένη
3423 1678 3761 1731 κατέστενεν.

2195 1775 2261 1825 Ai
2296 1774 2393 1842 μὲν
2442 1773 2551 1842 γὰρ
2600 1772 2913 1841 αὖτάνδρως
2973 1770 3080 1822 τῶν
3132 1770 3336 1822 πόλεων
3380 1768 3650 1839 ἀνῄρηντο
3688 1766 3767 1836 τῷ

2195 1863 2389 1933 Θωμᾷ,
2412 1862 2489 1932 τῷ
2523 1862 2672 1931 φόϐῳ
2712 1861 3020 1915 πεισθεῖσαι
3042 1877 3055 1890 ·
3087 1862 3143 1913 αί
3182 1860 3236 1913 δὲ
3274 1858 3531 1921 πολλάκις
3554 1857 3772 1911 ἀντιπί-

2198 1969 2449 2015 πτουσαι,
2482 1952 2549 2004 τά
2575 1951 2741 2003 πιστὰ
2777 1952 2856 2019 τῷ
2902 1968 2966 2018 γε
2990 1950 3278 2021 κρατοῦντι
3307 1949 3590 2019 τηροῦσαι,
3631 1948 3773 2019 μετὰ

2200 2041 2410 2094 πολλῶν
2442 2042 2619 2111 φόνων
2649 2040 2745 2094 καὶ
2781 2040 3236 2111 ἀνδραποδισμῶν
3289 2041 3561 2114 ὑπήγοντο
3590 2040 3776 2093 δεύτε-

2200 2154 2312 2205 ραι.
2349 2134 2493 2205 Πλὴν
2547 2133 2685 2188 ἀλλὰ
2715 2135 2867 2187 πᾶσα
2924 2131 3287 2186 Ἀσία’ὀπίσω
3312 2134 3503 2186 τούτου
3534 2133 3772 2200 ἐγένετο,

2199 2230 2355 2290 ἐκτὸς
2383 2227 2473 2280 τοῦ
2498 2228 2559 2280 τὸ
2596 2228 2837 2295 Ὀψίκιον
2882 2226 3178 2280 Κατάκυλα
3213 2224 3646 2298 στρατηγοῦντος
3682 2227 3774 2279 καί

2212 2319 2485 2373 Ὀλϐιανοῧ
2540 2319 2633 2371 τοῦ
2674 2317 2784 2371 τῶν
2837 2317 3249 2388 Ἀρμενιακῶν*
3310 2310 3453 2371 οὗτοι
3483 2317 3589 2388 γὰρ
3617 2317 3680 2389 δὴ
3715 2319 3773 2370 ὲν

2200 2414 2475 2475 τοσούτοις
2508 2411 2659 2481 μόνοι
2710 2411 3110 2481 στρατηγέταις
3162 2411 3230 2465 τά
3287 2411 3453 2464 πιστά
3482 2410 3778 2481 τηροῦντες

2198 2503 2341 2574 πρὸς
2361 2502 2579 2572 Μιχαὴλ
2609 2502 2974 2571 ἀνεφάνησαν.
3014 2495 3108 2562 Οἷς
3139 2502 3232 2552 καὶ
3261 2500 3359 2569 τὴν
3391 2499 3548 2571 χάριν
3580 2498 3781 2552 ἀπονέ-

2205 2616 2342 2667 μων,
2372 2596 2446 2659 ὼς
2483 2594 2556 2666 μὴ
2581 2593 2973 2665 προδεδωκόσιν
3006 2591 3186 2657 αὑτὸν,
3223 2591 3283 2645 τὸ
3311 2593 3389 2655 είς
3412 2591 3472 2643 τὸ
3501 2591 3778 2662 βασιλικὸν

2200 2686 2523 2758 τελούμενον
2558 2676 2802 2755 ταμιεῖον
2832 2685 3090 2755 δημόσιον
3138 2684 3406 2738 καπνικὸν
3445 2682 3587 2737 οὓτω
3619 2683 3776 2750 λεγό-
3810 2734 3813 2735 ,

2206 2798 2364 2852 μενον
2405 2778 2733 2849 μιλιαρίσιον
2760 2775 2818 2828 ἓν
2848 2775 3299 2846 συγκεχώρηται·
3332 2776 3440 2830 τῶν
3463 2775 3570 2845 γάρ
3599 2775 3776 2829 ἄλλων

2200 2873 2422 2926 πάντων
2456 2871 2558 2924 ἀνά
2606 2869 2699 2922 δύο
2750 2868 3045 2921 τελούντων
3079 2868 3347 2923 ἀνέκαθεν
3403 2868 3774 2940 μιλιαρισέων,

2205 2964 2290 3037 [Ρ.
2325 2963 2418 3035 ’55]
2452 2962 2587 3016 ἀλλά
2619 2960 2714 3013 καὶ
2761 2959 2941 3014 αὐτῶν
2994 2959 3220 3026 τούτων,
3253 2960 3375 3013 τότε
3402 2959 3462 3013 τδ
3491 2960 3549 3012 ἒν
3576 2959 3775 3031 ἀφείθη

513 3054 650 3110 Nam
675 3071 795 3111 cum
824 3056 914 3109 alii
938 3066 1126 3110 omnes
1146 3055 1471 3125 jampridem
1499 3058 1516 3126 (
1540 3056 1753 3133 ipsique
1782 3058 2006 3127 perinde
2037 3072 2096 3111 ac

2203 3058 2291 3113 διὰ
2329 3058 2426 3129 τὴν
2461 3058 2695 3111 εὔνοιαν.

513 3147 730 3219 caeteri)
763 3162 1021 3204 nummos
1049 3148 1184 3203 duos
1222 3147 1587 3202 miliarienscs
1621 3148 1941 3217 penderent,
1987 3150 2378 3209 benevolentiae
2408 3166 2617 3205 memor
2644 3168 2811 3206 unum
2840 3152 2948 3207 illis
2974 3151 3209 3207 remisit.

587 3243 676 3298 l2.
719 3241 817 3297 Ubi
869 3258 936 3298 eo
990 3251 1133 3299 statu
1182 3246 1515 3313 compositas
1566 3242 1940 3299 Romanorum
2006 3261 2094 3302 res

514 3336 747 3407 Agareni
799 3333 1130 3399 didicerunt,
1174 3335 1485 3404 gratissime
1536 3334 1694 3403 plane
1756 3350 1820 3388 ac
1868 3351 2096 3405 prorsus

512 3429 757 3497 jucunde
807 3428 1134 3481 habuerunt.
1194 3425 1359 3478 Suam
1408 3426 1553 3478 enim
1599 3439 1719 3479 eam
1749 3428 2095 3487 occasionem

514 3521 802 3581 facientes,
859 3533 1053 3571 omnes
1106 3532 1300 3571 secure
1335 3517 1644 3585 provincias
1678 3526 1844 3585 atque
1889 3518 2099 3573 insulas

518 3612 733 3664 nemine
794 3608 1096 3663 obsistente
1177 3609 1584 3663 incursionibus
1638 3618 1849 3664 vastare
1910 3626 2102 3681 aggre-

516 3704 763 3755 diuntur.
815 3698 1028 3765 Quibus
1062 3698 1266 3755 auditis
1300 3698 1564 3765 Thomas,
1595 3710 1843 3754 metuens
1872 3716 1940 3754 ne
1974 3701 2101 3771 quid

460 3836 463 3839 .
521 3793 604 3845 sui
641 3807 823 3845 rerum
858 3806 1125 3846 novarum
1172 3791 1499 3847 molirentur
1543 3802 1597 3846 et
1643 3792 1712 3847 ab
1752 3794 1870 3863 ipso
1903 3794 2101 3849 delice—

518 3893 657 3949 rent,
698 3883 741 3939 si
772 3884 887 3952 ipse
925 3899 1116 3939 eorum
1158 3884 1250 3953 qui
1286 3885 1438 3938 domi
1473 3894 1853 3939 remanserant
1884 3895 1938 3939 et
1976 3886 2105 3939 relic

517 3979 613 4042 qui
668 3974 908 4029 Orientis
960 3976 1161 4029 nullam
1197 3990 1386 4029 curam
1432 3984 1665 4045 gereret,
1708 3975 1801 4030 sed
1851 3976 2097 4047 ipsorum

523 4069 664 4121 illius
709 4076 873 4135 atque
922 4082 1127 4121 uxores
1153 4067 1316 4137 diripi
1351 4068 1589 4137 ducique
1635 4068 1689 4121 in
1728 4068 2099 4137 captivitatem

520 4161 740 4226 sineret,
785 4175 964 4229 opera:
1001 4161 1238 4230 pretium
1271 4161 1480 4229 putavit
1519 4162 1783 4216 hactenus
1818 4162 2099 4231 Agareno-

2279 3245 2368 3319 ιβ’.
2406 3249 2473 3300 "A
2528 3247 2623 3301 καὶ
2676 3247 2906 3319 μαθοῦσι
2952 3250 3064 3311 τοῖς
3110 3248 3435 3317 Ἀγαρηνοῖς
3491 3243 3781 3315 ἀγαπητὸν

2206 3339 2564 3407 κατεφαίνετο
2582 3341 2675 3391 καὶ
2696 3339 2826 3399 ὅλως
2851 3339 3175 3409 ὲντρύφημα
3200 3352 3215 3367 ’
3262 3336 3454 3407 καιροῦ
3481 3336 3589 3406 γάρ
3613 3335 3783 3388 λαϐό-

2209 3444 2359 3495 μενοι
2396 3429 2580 3479 πᾶσαν
2614 3427 2797 3496 χώραν
2820 3430 2916 3482 καὶ
2940 3430 3101 3499 νῆσον
3129 3429 3454 3498 κατέτρεχον
3484 3426 3676 3490 ἀδεῶς,
3700 3430 3779 3499 μή

2206 3534 2348 3581 τινος
2375 3517 2627 3587 ἐμποδὼν
2658 3520 2949 3586 ἱσταμένου
3007 3523 3209 3584 αὐτοῖς.
3238 3507 3330 3573 Διδ
3360 3520 3456 3575 καὶ
3486 3520 3658 3574 ταῦτα
3702 3521 3785 3592 τῷ

2203 3610 2373 3682 Θωμᾷ
2402 3610 2733 3681 διακηκοότι,
2758 3612 2880 3664 ἐπεί
2908 3630 3029 3666 τινα
3078 3613 3290 3682 κίνησιν
3330 3616 3393 3667 ἐκ
3444 3612 3552 3667 τῶν
3586 3614 3781 3668 ἑαυτοῦ

2204 3697 2339 3769 ᾤετο
2376 3701 2469 3752 καὶ
2497 3701 2883 3771 νεωτερισμὸν,
2914 3703 2969 3755 εἴ
3012 3702 3075 3770 γέ
3121 3720 3245 3757 τινα
3274 3705 3532 3775 φροντίδα
3573 3706 3645 3775 μὴ
3670 3704 3781 3757 τῶν

2204 3793 2293 3846 ἐπ’
2322 3794 2472 3847 οἴκου
2510 3796 2789 3866 ποιήσοιτο
2820 3798 2915 3850 καὶ
2943 3796 3044 3867 τῆς
3091 3796 3263 3868 ἄλλης
3302 3798 3613 3868 Ἀνατολῆς,
3644 3798 3782 3851 ἀλλὰ

2208 3887 2553 3956 συγχωρήσοι
2583 3886 2709 3952 τούς
2741 3905 2799 3940 τε
2836 3888 3029 3951 παῖδας
3064 3889 3159 3941 καὶ
3208 3892 3472 3957 γυναῖκας
3526 3889 3786 3960 καταληῖ-

2210 3977 2402 4048 σθῆναι
2455 3980 2550 4032 καὶ
2583 3981 3086 4051 αἰχμαλωτισϐῆναι
3133 3981 3332 4047 αὐτῶν,
3384 3984 3661 4053 συμφέρον
3691 3983 3786 4037 κέ-

2209 4086 2366 4138 κρικε
2402 4070 2559 4133 «eo;
2613 4071 2711 4140 μὲν
2766 4071 3136 4141 ἐπικρατῆσαι
3168 4072 3266 4142 τὴν
3300 4072 3479 4125 αὐτῶν
3510 4073 3682 4145 ὁρμὴν
3714 4074 3783 4127 δι’

2208 4164 2527 4232 ἐπιφανείας
2572 4164 2734 4218 αὐτοῦ
2769 4165 2862 4217 καὶ
2902 4163 2979 4234 τῷ
3004 4164 3202 4236 πλήθει
3228 4164 3340 4218 τῶν
3369 4165 3653 4237 δυνάμεων
3688 4167 3784 4218 ὲκ-

521 4268 641 4305 ι·ιιιη
692 4252 955 4321 impetum
1000 4250 1281 4317 cohibere,
1329 4251 1656 4320 objectoque
1707 4250 1815 4304 illis
1870 4250 2096 4318 e0pioso

2208 4256 2408 4323 πλῆξαι
2456 4274 2514 4309 τε
2554 4256 2649 4309 καὶ
2682 4256 2816 4329 πρὸς
2846 4258 3071 4329 εἰρήνην
3125 4257 3448 4330 πανούργως
3480 4256 3785 4311 ἐκκαλέσαα

519 4344 764 4398 exercitu
804 4352 1006 4398 metum
1037 4344 1306 4408 incutere,
1357 4351 1521 4411 atque
1552 4342 1617 4396 ad
1655 4356 1842 4410 pacem
1882 4351 2097 4395 vetera-

524 4436 664 4490 toria
697 4445 812 4490 arte
843 4450 1057 4507 cogere.
1103 4436 1322 4505 Resque
1353 4436 1494 4490 adeo
1538 4449 1604 4488 ex
1650 4442 1777 4487 voto
1810 4433 2101 4488 successit.

520 4531 655 4584 Nam
708 4547 834 4585 cum
870 4532 921 4586 in
965 4533 1247 4602 regionem
1289 4546 1478 4586 eorum
1524 4529 1815 4597 irrupisset
1859 4537 1913 4581 et
1941 4527 2103 4581 Sara-

520 4623 642 4676 ceni
695 4623 845 4678 illius
877 4624 1140 4694 impetum
1176 4623 1451 4678 sustinere
1482 4636 1590 4675 non
1634 4627 1879 4689 possent,
1916 4620 2103 4675 habito

522 4731 646 4769 cum
682 4719 762 4772 eis
811 4718 1091 4787 colloquio
1146 4732 1337 4787 pacem
1398 4714 1683 4785 componit
1733 4713 1949 4783 sibique
1978 4713 2105 4769 belli

518 4806 700 4860 socios
735 4808 1007 4877 adjungit,
1039 4812 1143 4864 hoc
1180 4817 1374 4879 pactus
1402 4810 1592 4878 eisque
1632 4807 1936 4877 pollicitus,
1957 4807 2100 4878 quod

518 4908 578 4952 et
628 4900 883 4968 superius
915 4901 1195 4955 diximus:
1240 4903 1573 4971 proditurum
1619 4902 1867 4954 nimirum
1907 4898 2101 4953 Roma-

522 5008 710 5044 norum
739 4991 867 5061 [inea
906 5006 1192 5059 eorumque
1223 4994 1509 5062 imperium
1556 4994 1665 5047 illis
1720 4994 2101 5063 subiecturum.

518 5082 795 5150 Quocirca
828 5098 929 5138 nec
954 5082 1188 5137 consilio
1240 5098 1343 5137 suo
1390 5084 1686 5139 frustratus
1722 5100 1826 5152 est;
1877 5085 2007 5154 quin
2051 5092 2106 5139 et

524 5190 810 5242 coronam,
843 5173 1059 5246 imperii
1087 5172 1191 5244 55
1224 5174 1460 5243 insigne,
1504 5177 1882 5245 consequitur,
1914 5184 1968 5229 et
1997 5175 2100 5228 im-

526 5276 745 5335 perator
784 5268 853 5321 ab
881 5265 1236 5321 Antiochenae
1268 5274 1398 5319 tunc
1424 5263 1684 5319 Ecclesiae
1712 5266 1963 5335 prmsule,
2012 5264 2102 5319 Ja-

528 5358 670 5413 cobo
734 5359 991 5425 nomine,
1042 5358 1437 5428 proclamatur.
1501 5355 1770 5426 COgitque
1824 5358 2099 5425 ingentem

521 5448 847 5514 exercitum,
880 5450 1010 5519 quin
1052 5451 1236 5519 potius
1280 5449 1539 5503 collatum
1589 5448 1820 5517 accepit,
1882 5448 1951 5503 ad
1984 5463 2107 5503 coro

534 5540 909 5599 roborandutn
961 5542 1067 5597 sibi
1103 5542 1415 5611 imperium,
1459 5555 1561 5597 nec
1589 5556 1652 5596 ex
1699 5541 1808 5596 illis
1838 5540 2104 5595 duntaxat

2207 4346 2349 4400 σθαι.
2394 4347 2459 4399 Ὃ
2509 4346 2602 4399 καὶ
2649 4346 2885 4418 συνέϐηο
2930 4348 3004 4411 ὡς
3053 4348 3163 4420 γάρ
3199 4349 3379 4411 αὐτοῖς
3423 4349 3544 4417 ἄρτι
3572 4347 3633 4417 δὴ
3668 4350 3788 4411 τοῖς

2205 4438 2542 4510 Σαρακηνοῖς
2571 4441 2650 4503 είς
2674 4440 2775 4511 τὴν
2806 4442 2987 4495 αὐτῶν
3022 4442 3321 4495 εἰσϐάλλων
3353 4437 3411 4502 ἐξ
3433 4439 3788 4506 ὑποστροφῆς

2206 4529 2528 4594 ἁνύποιστος
2553 4532 2929 4602 κατεφαίνετο,
2954 4535 3032 4594 εἰς
3058 4531 3247 4599 λόγους
3268 4528 3329 4598 δὴ
3355 4525 3630 4598 προελθὼν
3649 4526 3788 4599 βαρ-

2208 4622 2469 4694 ϐαρικοὺς
2515 4626 2745 4688 σπονδάς
2804 4642 2861 4676 τε
2914 4626 3151 4675 ἐποιεῖτο
3193 4621 3477 4692 εἰρηνικὰς
3523 4620 3786 4692 καὶπρὸς

2209 4716 2526 4786 συμμαχίαν
2569 4715 2877 4778 ἐξεκαλεῖτο
2923 4714 3140 4780 αὐτοὺς,
3200 4712 3580 4783 συντιθέμενος
3602 4730 3661 4765 τε
3690 4714 3785 4766 καὶ

2209 4806 2637 4875 ὑπισχνούμενος
2687 4804 2721 4858 ἃ
2768 4808 2862 4858 καὶ
2912 4805 3177 4878 πρότερον
3220 4806 3468 4876 εἴρηται,
3518 4808 3592 4859 τὰ
3641 4805 3783 4859 Ῥω-

2199 4897 2393 4965 μαίων
2414 4913 2477 4949 τε
2512 4896 2839 4965 προδοῦναι
2890 4898 3021 4967 ὅρια
3054 4899 3154 4951 καὶ
3185 4898 3299 4966 τὴν
3327 4897 3531 4952 αὐτῶν
3578 4898 3785 4964 αὐτοῖς

2205 4991 2327 5045 ὑπὸ
2360 4988 2565 5058 χεῖρας
2592 4988 2841 5058 ποιῆσαι
2872 4989 3087 5059 ἀρχήν.
3117 4991 3279 5043 Ὀοεν
3309 4988 3407 5041 τοῦ
3438 4989 3536 5059 μὲν
3565 4988 3786 5059 βουλεύ-

2209 5100 2378 5154 ματος
2408 5084 2468 5137 οὐ
2518 5084 2818 5157 διήμαρτεν
2861 5085 2955 5139 τοῦ
3005 5085 3229 5149 οἰκείου,
3264 5084 3398 5138 ἀλλά
3430 5086 3785 5161 καίστέφους

2210 5174 2613 5246 μεταλαγχάνει
2668 5179 2763 5232 καὶ
2813 5177 3169 5249 αὐτοκράτωρ
3207 5176 3598 5248 ἀναγορεύεται
3632 5175 3787 5245 παρὰ

2206 5266 2297 5319 τοῦ
2321 5267 2411 5320 τὸν
2454 5271 2512 5321 ὲν
2545 5268 2845 5340 ⁹Δντιοχείᾳ
2876 5268 3062 5340 θρόνον
3100 5267 3402 5340 τηνικαῦτα
3460 5281 3788 5339 μεταποιου-

2211 5358 2373 5428 μένου
2418 5360 2638 5426 Ἰακὼϐ,
2666 5363 2759 5415 καὶ
2786 5364 2943 5433 χεῖρα
2966 5361 3216 5431 συλλέγει
3247 5360 3471 5431 πολλὴν,
3501 5359 3701 5431 μᾶλλον
3725 5358 3788 5413 δὲ

2208 5450 2271 5503 λα
2283 5453 2476 5521 μ6ἀνει
2514 5454 2650 5526 πρὸς
2678 5457 2777 5527 τὴν
2806 5455 2971 5509 αὑτοῦ
2997 5456 3336 5528 κραταίωσιν
3353 5471 3367 5485 ·
3395 5454 3457 5507 οὐ
3483 5454 3590 5522 γὰρ
3616 5452 3788 5519 Ἀγα-

2214 5544 2391 5614 ρηνῶν
2423 5546 2581 5617 μόνον
2626 5548 2832 5601 τούτων
2872 5547 2936 5619 δὴ
2965 5547 3071 5602 τῶν
3106 5549 3236 5619 ἡμῖν
3269 5546 3653 5616 γειτονούντων
3690 5545 3788 5598 καὶ

1785 5633 2024 5690 VARIIE
2056 5634 2456 5695 LECTIONES.

586 5732 647 5817 ’⁸³
670 5728 809 5801 ἔρως
831 5727 980 5803 ὲνῇν]
1014 5731 1098 5789 his
1136 5732 1313 5802 aptior
1367 5743 1489 5803 post
1529 5730 1869 5803 πραγμάτων
1925 5731 2100 5786 locus.
