4038 6214
488 313 564 380 71
1588 302 2100 366 THEOPHANES
2136 299 2692 362 CONTINUATUS.
3686 305 3755 370 72

489 440 597 492 tari
640 428 889 505 contigit,
922 442 980 488 ιιι
1004 447 1099 487 nec
1126 430 1307 486 verbis
1332 428 1551 499 quidem
1586 426 1695 482 illis
1726 424 1910 480 induci
1941 437 2078 493 opus

2189 420 2315 491 μηδὲ
2348 421 2509 489 λόγου
2535 419 2815 491 δεηθῆναι,
2852 423 2944 475 καί⁵
2971 423 3087 492 ἅμα
3110 424 3571 494 συστρατεύεσθαι
3594 426 3756 497 ἡγου-

490 531 676 595 fuerit,
719 542 885 597 seque
916 527 1060 581 ultro
1093 525 1158 578 ad
1201 521 1625 593 expugnandam
1669 518 1859 573 urbem
1902 531 2073 585 augu-

490 634 631 679 stam
660 623 709 678 ei
739 623 921 677 socios
947 617 1327 689 adjunxerint.
1402 634 1403 637 η

565 715 654 768 Η.
697 713 823 767 Haec
846 712 1012 766 citius
1044 724 1208 779 quam
1242 722 1338 777 par
1369 712 1485 759 erat
1520 699 1840 771 imperatori
1874 698 2072 752 delata:

495 809 702 863 idcirco
731 806 895 859 etiam
925 803 1225 858 exercitum
1257 815 1320 853 ex
1355 794 1589 850 residuis
1619 809 1685 848 ex
1716 792 1867 855 Asia,
1900 791 1945 844 si
1983 791 2076 859 qui

490 902 601 971 jam
630 895 1012 967 suppetebant,
1050 890 1454 956 nonnullasque
1487 885 1676 954 copias
1716 882 1985 953 Catacyla:
2025 892 2079 934 ct

499 991 717 1046 Olbiani
750 1003 923 1057 opera
971 985 1144 1054 cogit,
1203 982 1315 1051 jam
1372 980 1474 1033 sibi
1523 978 1591 1033 de
1639 993 1821 1031 rerum
1863 989 2077 1029 summa

497 1082 804 1155 perieulum
838 1080 973 1133 verti
1009 1077 1273 1130 sentiens.
1321 1070 1391 1127 At
1436 1086 1615 1142 neque
1642 1070 1842 1124 classis
1887 1082 2075 1121 curam

497 1175 742 1245 negligit,
763 1171 1041 1238 multaque
1066 1167 1344 1221 celeritate
1369 1165 1658 1219 adversum
1693 1162 1907 1216 hostem
1936 1170 2079 1212 terra

496 1268 745 1335 marique
771 1263 976 1317 educit.
1035 1258 1090 1311 In
1124 1267 1303 1313 tantas
1336 1265 1518 1312 autem
1552 1254 1837 1325 angustias
1866 1267 2080 1305 rerum-

495 1372 602 1425 que
635 1352 983 1409 diﬂicultates
1015 1350 1302 1419 conjectus
1330 1356 1432 1411 est,
1486 1355 1545 1400 ut
1574 1352 1628 1399 et
1668 1344 1901 1398 ferream
1933 1355 2081 1396 cate-

495 1462 620 1501 nam
651 1447 719 1499 ab
751 1458 875 1497 arce
917 1442 983 1495 ad
1042 1441 1353 1511 appositum
1388 1453 1419 1491 e
1470 1438 1697 1507 regione
1738 1435 2078 1504 oppidulum,

493 1541 558 1594 ad
591 1540 799 1593 hostem
833 1538 900 1590 ab
924 1536 1184 1589 interiore
1218 1546 1376 1586 muro
1407 1530 1728 1595 arcendum,
1755 1528 2078 1582 extenderit.

494 1632 725 1687 Vivebat
760 1639 890 1683 tunc
933 1629 986 1681 in
1011 1628 1202 1697 Scyro,
1239 1641 1361 1695 quze
1409 1639 1515 1677 una
1555 1632 1639 1677 est
1670 1622 1964 1693 Cyeladum
1998 1620 2081 1697 in-

496 1725 769 1788 sularum,
798 1724 884 1775 vir
915 1721 1137 1789 quidam
1173 1719 1350 1779 exsul,
1386 1716 1588 1784 sazpius
1620 1716 1777 1769 ducis
1807 1714 2081 1768 exercitus

496 1816 717 1870 functus
748 1828 996 1875 munere,
1022 1812 1244 1880 jamque
1267 1808 1481 1863 infenso
1505 1809 1556 1861 in
1582 1806 1897 1861 Michaelem
1923 1815 2076 1858 actus

495 1908 706 1971 animo,
738 1905 1041 1977 Gregorius
1080 1904 1334 1956 Pterotus
1380 1900 1624 1963 nomine,
1669 1898 1871 1954 Leonis
1904 1899 2079 1967 impe-

495 2001 699 2054 ratoris
748 1998 1139 2063 consobrinus,
1180 1995 1320 2048 haud
1359 1994 1433 2048 ita
1466 1993 1675 2063 pridem
1726 1992 1819 2045 illo
1863 1990 2077 2045 subhuo

494 2093 767 2163 relegatus
816 2106 881 2145 eo
913 2089 1056 2160 quod
1100 2088 1380 2143 silentium
1423 2087 1526 2141 sibi
1570 2086 1839 2155 imperare
1869 2084 2079 2138 noluis-

497 2196 598 2249 set,
631 2186 723 2240 sed
759 2200 870 2254 pra:
896 2183 1110 2238 fervore
1145 2182 1313 2235 animi
1338 2196 1403 2235 ac
1428 2179 1626 2233 Leonis
1652 2192 1839 2231 amore
1870 2176 2078 2230 saluta-

495 2287 612 2331 tum
661 2275 980 2331 Michaelem
1051 2275 1335 2345 ingressus
1384 2271 1574 2326 multis
1632 2285 1756 2324 cum
1816 2267 2080 2321 conviciis

497 2368 821 2439 aspersisset
868 2384 930 2422 ac
963 2367 1072 2437 58
1103 2367 1305 2421 caedem
1340 2364 1750 2433 exprobrasset.
1809 2360 1890 2414 Ad
1917 2374 2077 2430 quem

499 2472 627 2515 tunc
652 2458 879 2514 Michael
906 2478 919 2513 :
973 2459 1131 2525 Nuri,
1172 2457 1370 2526 inquit,
1400 2456 1567 2509 animi
1595 2456 1672 2507 tui
1702 2453 1964 2507 maestitia:
1991 2467 2082 2521 pe-

499 2554 651 2622 lagus
683 2568 744 2604 ac
781 2551 1019 2603 tristitia:
1056 2549 1496 2618 magnitudinem;
1534 2546 1844 2615 jubensque
1872 2544 2083 2614 patien—

498 2653 579 2698 ter
634 2641 780 2697 l'erre
819 2656 941 2711 qua:
984 2640 1348 2710 contigerant,
1410 2645 1537 2708 post
1576 2636 1814 2689 triduum
1864 2634 1916 2687 in
1961 2649 2080 2687 eam

499 2733 796 2806 Cyeladum
846 2732 1079 2786 insulam
1134 2746 1260 2784 eum
1307 2729 1591 2798 relegavit.
1636 2727 1792 2782 Hunc
1828 2726 1952 2780 belli
1988 2740 2083 2779 so-

499 2827 644 2881 cium
665 2826 900 2879 ascitum
920 2823 1161 2876 Thomas
1180 2822 1468 2876 duodecim
1488 2820 1716 2873 millium
1744 2818 2083 2873 terrestrium

500 2919 779 2988 copiarum
827 2916 1031 2984 agmini
1072 2913 1338 2984 praefecit.
1385 2912 1629 2967 Classem
1660 2926 1883 2982 quoque
1919 2925 2083 2979 quam

501 3010 767 3065 habuerat
793 3008 1089 3070 adornans,
1123 3005 1402 3073 aliumque
1441 3004 1490 3058 ei
1534 3003 1729 3057 ducem
1764 3000 2084 3071 praeficiens,

501 3105 693 3161 ambos
742 3115 1007 3173 tanquam
1052 3114 1426 3172 praaeursores
1473 3098 1678 3167 regiam
1735 3097 2085 3151 Constantini

509 3196 701 3250 urbem
742 3201 1050 3265 tentaturus
1090 3189 1390 3261 praemittit,
1425 3206 1457 3244 e
1502 3203 1561 3243 re
1603 3203 1703 3243 sua
1747 3186 1863 3242 fore
1902 3188 2091 3242 exisn-

509 3302 687 3351 mans,
728 3286 774 3341 si
804 3294 947 3339 terra
980 3283 1145 3340 simul
1176 3283 1426 3353 marique
1454 3297 1574 3337 eam
1611 3281 1938 3336 adoriretur.
1975 3280 2091 3335 lloe

504 3382 595 3436 uhi
631 3380 712 3435 sic
736 3388 950 3450 gestum
987 3385 1093 3442 est,
1133 3377 1408 3447 simulque
1440 3376 1662 3431 navales
1694 3390 1758 3429 ac
1792 3380 2089 3429 terreétres

503 3471 673 3541 cepi-aa
723 3470 789 3523 ad
831 3468 1260 3523 Blachernarum
1313 3467 1494 3521 sinum
1527 3474 1903 3534 apparuerunt
1931 3464 2091 3533 (nihil

506 3565 657 3616 enim
689 3569 907 3615 extenta
950 3559 1122 3613 ferrea
1159 3568 1352 3611 catena
1402 3556 1795 3624 impedimento
1844 3556 1948 3607 fuit
1999 3563 2092 3607 ant

507 3655 696 3708 urbem
733 3652 923 3723 juvit),
959 3650 1114 3705 nihili
1163 3651 1270 3704 illzn
1300 3658 1395 3703 aut
1425 3658 1573 3704 certe
1605 3648 1789 3719 exigui
1831 3649 2091 3701 momen'i

506 3747 637 3799 visae
668 3752 829 3808 sunt;
869 3743 1013 3797 unde
1044 3756 1144 3797 nec
1184 3740 1407 3811 dignum
1448 3737 1653 3807 aliquid
1688 3737 1950 3791 memoria
1974 3753 2093 3808 ges-

507 3846 719 3892 serunt.
748 3833 1018 3889 Caeterum
1056 3834 1298 3887 Thomas
1326 3833 1442 3902 ipse
1471 3830 1760 3895 arietibus,
1801 3829 2092 3884 testudini-

507 3929 610 3981 bus
645 3926 878 3995 aliisque
937 3924 1229 3987 machinis,
1260 3924 1458 3993 quibus
1479 3937 1667 3977 muros
1703 3921 2095 3976 concutiendus

507 4018 906 4083 arbitrabatur,
957 4032 1054 4086 per
1110 4015 1376 4084 quosdam
1433 4029 1623 4069 corum
1672 4013 1907 4069 artilices
1961 4029 2093 4067 con-

509 4111 761 4174 structis,
818 4110 883 4163 ad
940 4110 1056 4163 hate
1111 4117 1290 4161 autem
1346 4107 1643 4162 Anastasio
1682 4107 1940 4177 quodam,
2002 4107 2097 4176 qui

508 4202 724 4271 cjcrato
759 4201 1011 4255 monachi
1064 4201 1318 4254 instituto
1353 4201 1513 4269 paulo
1554 4212 1681 4253 ante
1731 4199 1797 4254 ad
1830 4208 2095 4254 veterato-

514 4295 652 4347 riam
705 4309 768 4348 ac
794 4292 1137 4348 saecularem
1193 4293 1360 4345 vitam
1396 4292 1711 4353 transierat,
1753 4292 1857 4345 atri
1898 4290 2097 4346 coloris

518 4398 687 4457 atque
730 4385 898 4440 animi
937 4386 990 4438 in
1024 4384 1192 4437 lilium
1241 4384 1499 4452 adoptato
1523 4394 1577 4439 et
1616 4392 1873 4438 consorte
1916 4393 2099 4454 tyran-

2182 514 2328 582 μένῳ
2360 513 2499 566 κατὰ
2539 514 2639 583 τὴν
2674 514 3082 582 βασιλεύουσαν.

2254 693 2335 750 ιδ’.
2371 696 2485 748 Οὐκ
2532 696 2721 749 ἔλαθεν
2778 692 2870 750 οὖν
2902 700 3074 751 ταῦτα
3107 699 3301 751 ϐάττον
3335 700 3365 769 ἦ
3401 699 3505 751 ἔδει
3537 701 3628 755 τὸν
3662 699 3757 770 βας

2182 786 2333 839 σιλέα
2361 804 2377 818 '
2418 788 2540 840 ὅθεν
2568 790 2661 841 καί.
2690 789 2920 859 στρατόν
2946 808 3065 843 τινα
3092 794 3153 843 ἐκ
3177 792 3283 843 τῶν
3309 792 3408 862 ἢδη
3448 811 3550 844 που
3589 808 3760 846 καται

2178 879 2553 950 λελειμμένων
2581 883 2643 933 ὲκ
2678 878 2777 952 τῆς
2820 882 3002 946 Ἀσίας
3028 885 3344 952 ἐπισυνάγει
3374 886 3465 936 καὶ
3498 887 3759 954 δυνάμεις

2179 971 2332 1034 τινας
2366 972 2452 1024 διὰ
2475 974 2568 1026 τοῦ
2596 975 2891 1027 Κατάκυλα
2933 977 3026 1028 καὶ
3068 976 3345 1029 Ὀλϐιανοῦ
3388 980 3757 1049 συναθροίζει,

2181 1064 2272 1117 τὸν
2314 1066 2571 1135 περὶτῆς
2623 1066 2900 1135 βασιλείας
2931 1068 3029 1138 ἤδη
3066 1068 3311 1120 κίνδυνον
3353 1069 3552 1130 δεξιῶς.
3616 1071 3758 1123 Ἀλλ’

2181 1157 2304 1210 οὐδὲ
2347 1157 2441 1210 τοῦ
2489 1161 2629 1211 κατὰ
2669 1159 2947 1213 θάλασσαν
3004 1161 3198 1231 ἡμέλει
3232 1162 3484 1231 στρατοῦ,
3510 1165 3659 1233 τάχει
3698 1163 3756 1214 δὲ

2184 1249 2365 1320 πολλῷ
2400 1250 2539 1318 πρὸς
2569 1251 2669 1322 τὴν
2703 1251 2914 1304 ἐκείνου
2944 1252 3086 1304 κατὰ
3114 1252 3220 1321 γῆν
3250 1270 3306 1304 τε
3360 1256 3453 1305 καὶ
3488 1253 3755 1306 θάλατταν
3787 1257 3790 1260 ’

2185 1340 2269 1412 [Ρ.
2304 1341 2395 1413 57]
2431 1342 3000 1414 ἀντιπαρεσκευάζετο
3034 1342 3281 1412 δύναμιν.
3316 1343 3407 1405 El;
3456 1342 3674 1396 τοσοῦτο
3701 1346 3758 1396 δε

2181 1428 2283 1503 ἧκε
2339 1433 2633 1504 δυσεργίας
2695 1436 2789 1487 καὶ
2838 1436 3219 1505 περιστάσεως
3264 1434 3339 1495 ὡς
3397 1438 3490 1487 καὶ
3542 1436 3761 1506 σιδηρᾶν

2183 1524 2375 1579 ἆλυσιν
2419 1525 2478 1588 ἐξ
2516 1526 2867 1595 ἀκροπόλεως
2912 1527 2990 1588 είς
3018 1527 3079 1578 τὸ
3120 1529 3455 1597 καταντικρὺ
3490 1529 3761 1596 πολίχνιῦν

2182 1619 2517 1683 ἐπεκτεῖναι,
2552 1619 2650 1688 τὴν
2692 1618 2892 1671 ἔσωθεν
2925 1620 3125 1672 ἄϐατον
3161 1622 3345 1691 τηρῶν
3380 1622 3519 1675 ὁδόν.
3561 1615 3670 1673 Ἦν
3704 1621 3759 1674 δέ

2183 1728 2268 1774 τις
2308 1711 2365 1764 ὲν
2416 1710 2609 1782 Σκὺρῳ
2656 1713 2804 1782 νήσῳ
2860 1713 2967 1765 τῶν
3016 1713 3313 1765 Κυκλάδων
3352 1716 3449 1783 μιᾷ
3494 1714 3760 1777 πολλάκις

2113 1782 2152 1834 Β
2183 1802 2611 1873 ἐστρατηγηκὼς
2640 1805 2779 1875 ἀνὴρ
2806 1805 3119 1876 ὑπερόριος,
3174 1807 3299 1875 ἄρτι
3335 1805 3391 1859 δὲ
3420 1804 3496 1876 τῷ
3538 1806 3762 1878 Μιχαὴλ

2184 1897 2265 1957 είς
2295 1896 2522 1965 πικρίαν
2551 1894 2728 1964 ψυχῆς
2759 1898 3088 1964 ἀφικόμενος
3122 1913 3136 1927 ο
3182 1896 3352 1968 ὄνομα
3400 1896 3577 1967 τούτῳ
3615 1899 3760 1969 Γρη-

2185 1987 2370 2055 γόριος
2400 1989 2427 2039 ὁ
2469 1985 2610 2039 οὕτω
2646 1986 2939 2055 λεγόμενος
2978 1987 3277 2056 Ιιτερωτδς,
3330 1987 3386 2050 ὃς
3440 1988 3757 2057 ἀδελφιδοῦς

2189 2077 2289 2147 μὲν
2320 2078 2586 2147 ὑπάρχων
2612 2078 2703 2131 τοῦ
2749 2079 2997 2143 Λέοντος,
3047 2079 3169 2148 ἄρτι
3216 2079 3274 2130 δὲ
3313 2080 3504 2132 τούτου
3539 2082 3762 2151 ἀναιρεο

2187 2170 2372 2233 θέντος
2404 2170 2696 2239 ὑπερόριος
2716 2170 2947 2237 γίνεται,
2986 2171 3066 2222 ὅτι
3098 2169 3172 2240 μὴ
3199 2172 3357 2240 σιγῇ,
3390 2170 3585 2241 ζεούσῃ
3612 2172 3668 2223 δὲ
3696 2173 3763 2244 τῇ

2187 2263 2384 2335 καρδίᾳ
2404 2264 2499 2316 καὶ
2534 2263 2685 2333 φιλίᾳ
2700 2263 2793 2315 τοῦ
2818 2264 3069 2327 Λέοντος,
3107 2265 3504 2335 προσκυνήσων
3535 2265 3624 2317 τὸν
3663 2266 3769 2319 Μι-

2186 2353 2327 2424 χαὴλ
2376 2355 2763 2424 εἰσερχόμενος
2794 2352 3013 2417 πολλοῖς
3052 2356 3378 2425 ὀνειδισμοῖς
3418 2358 3581 2411 αὐτὸν
3612 2376 3767 2428 περι-

2190 2448 2398 2513 έϐαλεν,
2423 2449 2513 2499 τδν
2540 2448 2697 2515 φόνον
2731 2447 2913 2517 φέρων
2943 2448 3051 2499 τῶν
3099 2448 3411 2517 λεγομένων
3439 2452 3765 2522 κατήγορον.

2190 2535 2261 2612 ⁷ῼ
2290 2540 2509 2610 Μιχαὴλ
2536 2540 2667 2603 τότε¹
2697 2540 2798 2609 μὲν
2826 2540 2995 2592 εἰπὼν
3015 2581 3028 2604 ,
3069 2540 3211 2593 Οἶδά
3235 2558 3351 2595 σου
3383 2541 3489 2607 τῆς
3514 2542 3768 2612 ἀθυμίας

2191 2630 2257 2684 τὸ
2311 2630 2573 2700 πέλαγος
2618 2629 2717 2682 καὶ
2768 2629 2877 2697 τῆς
2926 2632 3127 2697 λύπης
3182 2631 3248 2684 τὸ
3271 2632 3546 2701 μέγεθος,
3580 2634 3770 2704 φέρειν

2191 2723 2461 2795 ἐπέτρεπε
2516 2722 2584 2775 τὰ
2637 2722 2908 2792 γενόμενα
2956 2740 2969 2753 ·
3008 2724 3199 2795 τρίτης
3255 2722 3310 2776 δὲ
3370 2726 3771 2797 παρῳχηκυίας

2192 2817 2403 2887 ἡμέρας
2427 2815 2567 2869 κατὰ
2589 2815 2679 2869 τὸν
2700 2817 2990 2887 εἰρημένον
3020 2816 3183 2870 τόπον
3215 2816 3323 2869 τῶν
3352 2819 3650 2873 Κυκλάδων
3670 2837 3771 2871 πε-

2193 2909 2421 2979 ποίηκεν
2448 2910 2760 2980 ὑπερόριον.
2811 2907 3012 2962 Τοῦτον
3049 2910 3468 2981 ἑταιρισάμενος
3496 2912 3523 2963 ὁ
3570 2914 3773 2983 Θωμᾶς

2196 2999 2607 3070 στρατεύματός
2650 3018 2795 3065 τινος
2826 3001 2919 3053 τοῦ
2968 3001 3111 3055 κατὰ
3143 3001 3246 3072 γῆν
3272 3001 3400 3054 ὡσεὶ
3432 3003 3478 3034 ⁸⁸
3527 3002 3774 3073 χιλιάδας

2115 3133 2157 3192 c
2195 3092 2326 3146 δέκα
2359 3092 2631 3159 ἀνέδειξεν
2667 3096 2995 3166 στρατηγόν.
3042 3095 3151 3147 Καὶ
3180 3094 3271 3147 τὸν
3306 3095 3446 3148 κατὰ
3495 3095 3775 3151 Θάλασσαν

2190 3188 2246 3241 δὲ
2270 3188 2454 3242 στόλον
2471 3188 2619 3259 αὐτῷ
2645 3189 2938 3259 γενόμενον
2965 3190 3429 3262 εὐτρεπισάμενος
3452 3191 3569 3263 [καὶ
3585 3194 3776 3265 ἕτερον

2192 3279 2342 3349 αὐτῷ
2378 3282 2683 3351 ἐπιστήσας
2724 3278 3053 3351 στρατηγὸν]
3090 3276 3199 3333 οἷόν
3232 3299 3379 3346 τινας
3433 3284 3775 3356 προδρόμους

2194 3373 2521 3443 ἐξέπεμψεν,
2558 3373 2836 3442 ὠφέλιμον
2863 3369 3000 3425 εἶναι
3045 3374 3237 3444 κρίνας
3269 3374 3361 3427 τοῦ
3402 3378 3543 3429 κατὰ
3575 3377 3679 3447 γῆν
3709 3396 3772 3431 τε

2195 3465 2289 3518 καὶ
2321 3464 2596 3518 θάλασσαν
2631 3464 2749 3533 ἅμα
2790 3464 3061 3518 ποιεῖσθαι
3096 3465 3195 3530 τὰς
3246 3468 3576 3539 προσϐολάς.
3610 3469 3775 3523 Γενο-

2197 3556 2357 3626 μένου
2385 3556 2442 3609 δὲ
2474 3556 2667 3609 τούτου
2700 3558 2794 3610 καὶ
2828 3558 2971 3611 κατὰ
3003 3560 3201 3612 ταυτὸν
3233 3560 3618 3629 ἀναφανέντων
3665 3562 3779 3615 τῶν

2194 3646 2468 3702 ναυτικῶν
2500 3647 2593 3699 καὶ
2626 3647 2868 3711 πεζικῶν
2907 3649 3194 3718 δυνάμεων
3226 3652 3283 3703 ὲν
3332 3650 3409 3721 τῷ
3452 3652 3593 3723 προς
3634 3651 3779 3704 Βλα-

2195 3742 2414 3811 χέρναις
2450 3739 2636 3811 κόλπῳ
2661 3741 2801 3811 (οὐδὲ
2841 3742 2949 3811 γάρ
2980 3742 3237 3813 οὐδεμίαν
3269 3743 3507 3797 κώλυσιν
3564 3746 3597 3818 ἢ
3649 3746 3777 3817 βοή-

2196 3831 2347 3885 θειαν
2374 3833 2407 3904 ἡ
2434 3830 2816 3904 ὲξαρτισθεῖσα
2862 3833 3062 3905 σιδηρᾶ
3097 3837 3256 3907 σειρά
3291 3838 3650 3909 ἐπεδέδεικτο)
3694 3841 3779 3903 είς

2196 3923 2407 3996 οὐδὲνῆ
2441 3924 2635 3995 μικρὸν
2666 3927 2697 3995 ἡ
2729 3923 2935 3978 τούτων
2970 3928 3243 3997 παρουσία
3285 3928 3564 3998 λελόγιστο
3587 3949 3601 3963 ·
3653 3931 3781 3985 ὅθεν

2197 4017 2305 4070 οὐδ’
2348 4017 2629 4087 ἀξιόλογόν
2677 4035 2728 4070 τι
2771 4018 2902 4089 παρ’
2940 4019 3123 4083 αὐτοῖς
3181 4020 3518 4093 ἐπέπρακτο.
3571 4023 3715 4095 Πλὴν
3749 4026 3780 4078 ὁ

2198 4110 2396 4180 Θωμᾶς
2426 4111 2611 4182 κριοὺς
2653 4111 2747 4164 καὶ
2780 4110 3019 4181 χελώνας
3061 4113 3155 4166 καί
3187 4131 3337 4179 τινας
3369 4116 3663 4183 ἑλεπόλεις,
3708 4118 3781 4171 δι’

2200 4194 2272 4255 ὧν
2286 4202 2353 4253 τά
2382 4202 2535 4270 τείχη
2551 4197 2685 4270 ᾣετο
2708 4204 3040 4267 κατασείειν,
3063 4202 3151 4256 διά
3167 4220 3329 4258 τινων
3361 4208 3782 4272 κατασκευάσας

2203 4294 2622 4363 μηχανουργῶν,
2664 4293 2799 4363 πρὸς
2829 4293 2884 4347 δὲ
2914 4296 3007 4348 καί
3032 4313 3155 4351 τινα
3190 4297 3542 4355 Ἀναστάσιον
3566 4301 3691 4371 ἄρτι
3714 4301 3785 4373 δὴ

2199 4385 2290 4437 τὸν
2358 4384 2468 4437 τῶν
2525 4385 2777 4455 μοναχῶν
2838 4385 3211 4455 ἁλλαξάμενον
3262 4388 3376 4460 βίον
3427 4390 3525 4443 καὶ
3572 4393 3653 4453 είς
3687 4392 3785 4445 τὸν

512 4480 655 4533 nidis
706 4481 1043 4544 renuntiato,
1097 4478 1409 4550 ingentibus
1467 4479 1642 4549 copiis
1686 4491 2087 4547 numerosoque

2197 4478 2490 4548 ἀγυρτικὸν
2516 4478 2703 4531 τοῦτον
2748 4477 2813 4550 δὴ
2854 4481 2946 4533 καὶ
3003 4483 3278 4536 πολιτικὸν
3336 4483 3783 4551 ὑποστρέψαντα,

509 4573 686 4627 fretus
716 4572 982 4635 exercitu,
1017 4572 1082 4625 ad
1120 4572 1324 4641 regiam
1354 4571 1545 4625 urbem
1571 4570 1833 4623 advecms
1861 4577 1966 4630 est,
2004 4584 2097 4622 ra-

512 4674 601 4717 tus
629 4665 792 4719 simul
825 4675 989 4732 atque
1034 4665 1099 4717 ad
1136 4665 1324 4717 urhem
1355 4664 1705 4726 accessisset,
1759 4671 1946 4731 portas
1994 4663 2096 4731 ipsi

512 4765 822 4808 reseratum
866 4755 956 4810 iri.
1001 4753 1102 4809 Ubi
1156 4766 1339 4809 autem
1391 4755 1529 4808 nihil
1569 4766 1801 4808 eventus
1849 4753 1968 4823 ejus
2006 4770 2101 4808 ex-

515 4845 845 4912 spectationi
881 4847 1190 4916 respondit,
1220 4846 1326 4917 59
1349 4862 1651 4917 eorumque
1678 4847 1860 4916 potius
1888 4848 2102 4917 probris

514 4935 935 5006 compluebatur
967 4952 1032 4990 ac
1081 4940 1405 5004 maledictis,
1468 4948 1581 4992 tum
1630 4940 1849 4993 demum
1898 4948 2093 5009 praeto-

516 5030 660 5084 rium
694 5029 991 5084 tentorium
1028 5029 1343 5097 vallumque
1377 5032 1442 5083 ad
1475 5031 1685 5085 Paulini
1722 5032 1884 5095 aedes,
1922 5032 2029 5084 ubi.
2048 5042 2100 5085 ct

514 5121 910 5177 venerabilium
938 5116 1360 5189 'Anargyrorum
1392 5123 1678 5177 delubrum
1704 5124 1890 5194 palatii
1926 5124 2101 5178 instar

515 5224 865 5270 exstructum
903 5224 1005 5281 est,
1057 5213 1177 5267 fixit
1212 5215 1537 5284 muniitque.
1575 5215 1849 5270 Destinata
1883 5231 2102 5287 quoque

518 5314 671 5374 parte
698 5308 976 5363 exercitus
1008 5322 1231 5363 omnem
1259 5308 1324 5362 ad
1352 5308 1622 5363 Euxinum
1653 5324 1824 5379 usque
1850 5308 2104 5364 Hierum-

520 5412 629 5466 que
683 5400 959 5467 regionem
1012 5410 1177 5473 atque
1238 5401 1321 5457 his
1359 5401 1620 5456 ulteriora
1653 5402 1850 5472 oppida
1882 5401 2101 5464 invasit.

518 5488 584 5540 ad
629 5487 994 5545 defectionem
1047 5507 1273 5565 cogens,
1314 5509 1380 5549 ne
1410 5499 1572 5564 quem
1604 5508 1634 5547 a
1691 5500 1844 5565 tergo
1889 5494 2102 5549 hostem

518 5583 812 5645 pateretur.
868 5578 965 5634 His
1022 5580 1093 5635 ita
1136 5597 1199 5638 ex
1249 5585 1437 5639 animo
1471 5583 1812 5649 constitutis,
1846 5583 1977 5638 dum
2010 5601 2104 5654 ap-

2199 4570 2406 4642 μέλανα
2446 4571 2545 4641 τὴν
2575 4572 2789 4643 χροιάν,
2827 4572 3037 4642 μέλανα
3076 4575 3175 4643 τὴν
3206 4574 3403 4643 ψυχὴν,
3456 4574 3786 4644 υίοοετήσας

2199 4662 2295 4717 καὶ
2319 4664 2680 4731 συγκοινωνδν
2706 4665 2803 4732 τῆς
2828 4665 3129 4734 ἁνταρσίας
3160 4666 3533 4735 ἀναγορεύσας
3552 4706 3568 4730 ,
3602 4666 3788 4741 πολλῷ

2156 4822 2159 4823 ν
2202 4753 2416 4827 στρατῷ
2465 4758 2554 4809 καὶ
2595 4754 2825 4823 δυνάμει
2862 4754 3003 4824 ῥέων
3051 4756 3193 4809 κατὰ
3246 4757 3345 4827 τῆς
3390 4756 3786 4831 βασιλευούσης

2202 4847 2575 4917 προσήλαυνεν
2601 4886 2614 4909 ,
2652 4846 2766 4916 ἅμα
2809 4845 2865 4898 δὲ
2917 4846 2993 4915 τῷ
3041 4847 3118 4911 είς
3157 4846 3279 4918 διξιιν
3315 4851 3619 4923 ὲποφθῆναι
3674 4853 3785 4907 τῶν

2206 4939 2438 4991 πολιτῶν
2469 4939 2565 5001 τὰς
2598 4937 2769 4998 πύλας
2794 4938 2942 5008 αὑτῷ
2968 4939 3309 4994 ἀναπετάσαι
3339 4944 3601 5013 οἰόμενος,
3635 4944 3786 5015 μίσει

2204 5030 2267 5098 δὴ
2299 5028 2376 5100 τῷ
2414 5030 2549 5100 πρὸς
2602 5029 2840 5100 Μιχαήλ.
2911 5031 3063 5084 Ἐπεὶ
3094 5032 3150 5084 δὲ
3197 5033 3400 5105 ταύτης
3441 5037 3539 5106 τῆς
3571 5038 3785 5103 ἐλπίδος

2206 5122 2477 5186 διέπεσεν,
2512 5121 2710 5191 μᾶλλον
2741 5124 2839 5193 μὲν
2873 5120 2966 5176 οὑν
2990 5125 3083 5178 καὶ
3109 5124 3300 5196 ὕϐρεσι
3323 5128 3527 5181 τούτων
3560 5131 3654 5183 καὶ
3678 5131 3788 5183 λοι-

2208 5215 2413 5285 δορίαις
2471 5213 2753 5277 ἑπλὺνετο,
2818 5215 2937 5268 τότε
3003 5216 3102 5285 μὲν
3149 5217 3212 5289 δὴ
3261 5218 3359 5291 τὴν
3418 5222 3789 5293 στρατηγικὴν

2206 5306 2411 5376 σκηνὴν
2434 5307 2525 5358 καὶ
2549 5307 2639 5358 τὸν
2671 5306 2889 5378 χάρακα
2923 5309 3064 5363 κατὰ
3093 5307 3183 5363 τὸν
3207 5310 3298 5364 τοῦ
3324 5312 3590 5368 Παυλίνου
3614 5309 3788 5379 οἷκον,

2204 5396 2332 5449 ἔνθα
2365 5395 2429 5466 δὴ
2463 5398 2554 5449 καὶ
2582 5395 2640 5448 τὸ
2669 5397 2777 5451 τῶν
2826 5397 3140 5469 σεϐασμίων
3174 5400 3525 5473 ’Λναργύρων
3559 5402 3791 5471 τέμενος

2204 5483 2314 5543 οἷόν
2371 5505 2423 5539 τι
2462 5487 2762 5557 ἀνάκτορον
2816 5489 3205 5560 ᾠκοδόμηται,
3252 5492 3636 5564 ἑγκατέπηξε,
3688 5492 3794 5548 καὶ

2207 5584 2387 5636 πάντα
2409 5579 2499 5633 τὸν
2539 5580 2665 5651 ἄχρι
2690 5581 2944 5647 Εὐξείνου
2978 5586 3141 5639 τόπον
3176 5586 3270 5641 καὶ
3321 5584 3489 5655 Ἰεροῦ
3526 5584 3618 5639 καὶ
3676 5585 3793 5641 τῶν

1841 5676 2078 5734 VARle
2116 5673 2517 5734 LECTlONES.

590 5763 636 5793 "
664 5762 738 5827 ὡς
764 5764 886 5827 είςῖ
