4038 6214
286 235 351 327 73
1294 232 1437 293 me.
1484 231 1565 292 Π.
1596 255 1668 267 -
1692 229 2034 293 MICHAEL
2064 230 2560 293 AMORIENSIS.
3477 220 3549 298 τε

284 347 598 423 περαιτέρω
647 346 713 417 δὴ
768 346 974 401 τούτων
1023 344 1316 418 πολιχνίων
1356 346 1560 417 ἒπῆλθε
1591 345 1681 399 διά
1720 361 1862 409 τινος

1973 346 2186 415 paratui
2232 346 2543 416 castrisque
2590 346 2983 417 componendis
3012 346 3129 403 dies
3157 346 3363 417 aliquot
3394 348 3549 405 insu-

281 444 691 517 στρατεύματος
746 442 951 496 πείσων
978 482 997 509 ,
1038 443 1134 496 καὶ
1187 442 1262 512 μή
1311 459 1435 495 τινα
1476 441 1622 512 ἔχειν
1661 440 1767 495 ὑπὸ
1819 442 1864 473 ⁸⁷

279 540 435 595 νώτου
473 536 567 608 [Ρ.
599 535 699 607 38]
732 534 948 606 ἐχθρόν.
996 536 1152 588 Ἐπεὶ
1199 535 1255 587 δὲ
1306 535 1481 588 ταῦτα
1536 534 1681 588 κατὰ
1740 534 1867 589 νοῦν

284 634 412 703 ῐχειν
441 629 631 683 ἐδόκει
674 626 848 697 αὐτῷ,
883 627 1039 691 τινάς
1076 626 1294 698 ἡμέρας
1326 626 1465 697 πρὸς
1509 627 1867 698 παρασκευὴν

292 726 403 787 δοὺς
430 721 633 790 ἑαυτῷ,
667 720 748 781 ὼς
782 719 861 777 ἐκ,
886 737 1031 783 τινος
1065 719 1315 773 ἀπόπτου
1358 718 1576 773 κατεῖδε
1615 718 1707 773 τὸν
1767 718 1869 789 μὲν

301 814 496 885 Μιχαὴλ
533 812 596 865 τὸ
629 810 931 880 πολεμικὸν
980 813 1205 880 σημεῖον
1253 811 1344 863 ἐπὶ
1385 810 1578 879 τέγους
1628 809 1723 863 τοῦ
1765 811 1868 879 τῆς

300 906 533 960 Θεοτόκου
557 902 692 957 ναοῦ
724 902 1163 972 καταπεπηγότα
1189 890 1446 955 κάκεῖθεν
1464 899 1564 972 τὴν
1592 901 1734 955 κατὰ
1758 900 1867 953 τῶν

296 996 531 1052 ἐναντίων
566 985 723 1065 ἰσχύν
747 992 1075 1064 αἰτούμενόν
1098 1010 1160 1047 τε
1206 993 1303 1047 καὶ
1334 992 1829 1064 προσλαμϐάνοντα
1850 1032 1865 1057 ,

293 1092 361 1144 τὸν
377 1091 420 1143 δ’
446 1090 568 1142 υίδν
596 1086 766 1141 αὑτοῦ
800 1087 896 1140 τὸν
925 1085 1186 1155 Θεόφιλον
1209 1086 1389 1140 πάντα
1410 1086 1501 1140 τὸν
1522 1084 1624 1154 τῆς
1656 1087 1866 1150 πόλεως

286 1183 562 1254 περίδολον
596 1182 736 1251 μετὰ
764 1179 859 1233 τοῦ
892 1180 1036 1251 ἱεροῦ
1066 1180 1350 1250 τάγματος
1376 1179 1775 1249 ἐπιφοιτῶντα,
1806 1180 1867 1231 τό

281 1294 328 1330 τε
359 1275 632 1341 ζωοποιδν
665 1272 763 1327 τοῦ
797 1272 1032 1343 σταυροῦ
1066 1272 1221 1338 ξύλον
1245 1272 1642 1343 ἐπιφερόμενον
1657 1272 1751 1325 καὶ
1767 1272 1866 1342 τὴν

280 1369 479 1438 ἐσθῆτα
534 1367 640 1437 τῆς
690 1366 973 1434 πανάγνου
1034 1364 1241 1437 μητρὸς
1289 1363 1530 1435 Χριστοῦ
1583 1361 1681 1416 τοῦ
1730 1362 1865 1416 Θεοῦ

277 1462 451 1531 ἡμῶν,
489 1461 572 1524 εἰς
593 1458 797 1529 πολλὴν
829 1457 930 1526 μὲν
963 1456 1071 1509 τῶν
1102 1456 1450 1527 πραγμάτων
1478 1454 1865 1508 δυσελπιστίαν

278 1556 369 1608 καὶ
398 1552 449 1585 ⁸⁸
478 1554 738 1613 παντοῖος
788 1549 1008 1617 ἐγένετο
1056 1549 1156 1618 τὴν
1202 1546 1431 1618 γνώμην
1464 1546 1604 1601 κατὰ
1635 1546 1729 1599 τὸν
1770 1564 1867 1617 χα-

281 1643 592 1715 μαιλέοντα,
646 1641 764 1707 εἴγε
821 1637 896 1710 μὴ
931 1636 1067 1707 πρὸς
1103 1638 1333 1706 ὁρατοίες
1383 1636 1545 1707 μόνον
1582 1636 1719 1691 ἀλλὰ
1769 1636 1864 1690 καὶ

276 1736 541 1806 ἁοράτους
580 1733 729 1796 τινάς
764 1732 1027 1800 δυνάμεις
1065 1731 1434 1798 ἀναγκάζοιτο
1476 1728 1861 1800 διαμάχεσθαι.

278 1828 391 1884 Οὐκ
414 1830 562 1899 ἔχων
590 1826 637 1881 δ’
664 1828 692 1879 δ
714 1844 775 1887 τι,
796 1826 892 1878 καὶ
925 1823 1208 1896 πράξειεν,
1241 1823 1419 1886 ἄλλως
1442 1840 1498 1877 τε
1518 1823 1575 1876 δὲ
1606 1823 1701 1877 καὶ
1724 1822 1865 1893 ὄχλῳ

276 1924 342 1993 δὴ
368 1919 610 1991 τοσούτῳ
659 1918 1055 1991 τεθαρρηκὼς,
1099 1917 1193 1972 τὸν
1242 1916 1333 1969 διὰ
1390 1917 1573 1986 μάχης
1650 1915 1865 1985 ἔκρινεν

278 2016 470 2081 ἀγῶνα
490 2014 600 2067 τῶν
618 2012 876 2065 τοιούτων
904 2010 969 2079 δὴ
1002 2008 1285 2078 λογισμῶν
1335 2007 1590 2075 γενέσθαι
1642 2007 1860 2077 κριτήν.

283 2102 456 2155 Ὅθεν
484 2104 556 2170 τῇ
589 2100 711 2170 ἑξῆς
756 2099 961 2169 ἆματῷ
1018 2098 1161 2166 φωτὶ
1197 2099 1445 2167 σημάνας
1505 2098 1565 2150 τδ
1618 2098 1865 2151 ἐνυάλιον

288 2196 420 2258 τοὺς
435 2194 635 2264 ἄνδρας
664 2194 837 2262 ἐξῆγε,
867 2195 963 2251 καὶ
998 2191 1077 2262 τῷ
1113 2192 1209 2262 μὲν
1231 2191 1334 2261 υἱῷ
1366 2192 1506 2246 κατὰ
1542 2192 1633 2245 τὸν
1687 2193 1745 2244 ἐν
1796 2194 1861 2263 τῇ

280 2287 472 2356 χέρσῳ
503 2283 599 2339 τοῦ
625 2284 829 2354 τείχους
851 2302 917 2338 πε
927 2284 1141 2357 ρίσολον
1164 2283 1350 2354 φέρειν
1379 2283 1472 2336 τὸν
1508 2283 1746 2354 πόλεμον
1769 2283 1864 2337 καὶ

274 2380 377 2449 τὴν
395 2378 645 2447 ἀνάγκην
670 2377 1000 2448 ἐπέτρεπεν,
1025 2376 1192 2439 αὐτὸς
1223 2375 1279 2429 δὲ
1313 2374 1373 2429 τὸ
1407 2376 1543 2429 πολὺ
1577 2376 1684 2428 τῶν
1707 2375 1863 2429 δυνά-

278 2489 424 2542 μεων
458 2471 557 2523 καὶ
582 2469 692 2522 τῶν
724 2469 1041 2539 πολεμικῶν
1071 2468 1343 2536 ὀργάνων,
1370 2467 1439 2520 δι’
1472 2461 1549 2521 ὧν
1583 2466 1778 2537 ἔμελλε
1803 2466 1863 2519 τὸ

276 2567 451 2634 τεῖχος
481 2562 910 2633 καταπειράζειν
939 2561 1040 2630 τῆς
1083 2561 1314 2623 πόλεως,
1369 2554 1508 2630 ἔχων
1548 2558 1692 2613 κατὰ
1737 2559 1863 2623 τοὺς

278 2657 383 2709 τῶν
418 2655 738 2725 Βλαχερνῶν
789 2653 1032 2724 πύργους
1082 2646 1320 2706 ἐποιεῖτο
1375 2653 1473 2724 τὴν
1528 2649 1858 2723 προσϐολὴν,

278 2748 551 2819 κλίμακάς
584 2763 645 2801 τε
688 2746 769 2817 τῷ
800 2745 926 2815 ὕψει
974 2745 1302 2817 προσφέρων
1337 2743 1714 2813 ἀναλογούσας
1767 2743 1863 2798 καὶ

276 2839 514 2911 χελώνας
545 2837 768 2891 ἄλλοθεν
817 2838 915 2891 καὶ
943 2837 1208 2908 ἑτέρωθεν
1242 2838 1369 2901 τοὺς
1419 2837 1631 2907 κριοὺς,
1677 2834 1863 2902 τοξεύ-

278 2933 407 3003 μασί
437 2949 497 2985 τε
528 2932 628 2985 καλ⁸
676 2930 1028 3003 πετροϐόλοις
1060 2929 1399 3000 πανταχόθεν
1443 2929 1746 3001 χρώμενος,
1780 2924 1861 2991 οἷς

1974 435 2093 501 mit,
2125 435 2275 489 velut
2302 451 2331 491 e
2368 435 2586 505 specula
2620 434 2941 493 Michaelem
2977 438 3123 495 videt
3162 438 3287 493 belli
3329 439 3547 510 signum

1973 529 2025 583 in
2054 527 2443 583 Blacbernensi
2479 526 2721 597 Deipane
2762 537 2907 584 tecto
2939 529 3194 602 deligere,
3230 542 3392 601 atque
3424 532 3550 589 inde

1971 622 2118 678 vires
2147 623 2412 678 adversus
2441 622 2629 677 hostes
2660 622 2957 692 deposcere
2990 626 3205 696 sibique
3232 643 3544 699 corrogare,

1972 715 2205 785 eiusque
2250 714 2424 770 lilium
2468 714 2830 786 Theophilum
2863 734 3133 773 unaocum
3170 735 3327 774 sacro
3356 722 3547 776 ordine

1973 807 2126 862 urbis
2159 808 2426 863 ambitum
2458 824 2678 864 omnem
2712 816 2875 878 atque
2911 812 3113 865 mrenia
3136 813 3445 880 circumire,
3483 828 3549 868 ac

1974 910 2088 955 tum
2142 901 2420 957 viviﬁcum
2471 903 2655 957 crucis
2686 900 2893 969 lignum
2933 912 3047 959 tum
3091 906 3308 962 intactae
3341 907 3547 963 Christi

1974 994 2065 1048 Dei
2122 995 2299 1050 nostri
2347 998 2591 1064 parentis
2642 1005 2847 1052 vestem
2897 997 3276 1053 circumferre.
3335 1000 3405 1054 Ea
3462 1016 3550 1057 res

1970 1086 2090 1157 ejus
2150 1087 2390 1144 maxime
2447 1104 2571 1158 spes
2624 1088 2855 1158 dejecit,
2907 1091 3429 1161 cbamaeleontisque
3492 1094 3548 1146 in

1971 1195 2180 1235 morem
2233 1181 2631 1251 cogitationum
2674 1192 2811 1237 aestu
2858 1182 3044 1237 varius
3088 1198 3398 1254 ancepsque
3431 1200 3552 1255 age-

1969 1273 2152 1340 batur,
2203 1273 2476 1344 siquidem
2525 1276 2601 1329 illi
2648 1291 2760 1330 non
2794 1276 2955 1331 modo
2980 1288 3171 1331 contra
3207 1277 3393 1334 hostes
3420 1278 3551 1331 visi-
3661 1334 3667 1343 η

1969 1365 2106 1421 biles
2133 1366 2229 1421 sed
2263 1375 2317 1421 et
2346 1376 2539 1422 contra
2571 1368 2880 1438 inaspectas
2904 1369 3173 1439 quasdam
3199 1368 3550 1426 fortitudines

1969 1473 2151 1528 pugna
2192 1459 2530 1517 conserenda
2577 1469 2715 1515 erat.
2776 1459 2868 1515 Sic
2900 1461 3087 1530 itaque
3116 1461 3335 1516 consilil
3374 1460 3551 1516 incer-

1970 1564 2079 1619 tus,
2117 1554 2221 1609 etsi
2248 1554 2451 1623 alioqui
2487 1561 2567 1608 tot
2608 1554 2887 1623 tantisque
2920 1556 3093 1623 copiis
3127 1555 3322 1619 fretus,
3360 1569 3548 1610 earum

1970 1646 2203 1702 iudicem
2235 1647 2636 1717 cogitationum
2683 1646 2874 1703 Martis
2904 1648 3078 1702 aleam
3122 1645 3255 1723 fore.
3281 1647 3548 1705 decernit.

1971 1741 2155 1795 Prima
2202 1741 2388 1810 itaque
2436 1741 2544 1795 diei
2596 1740 2935 1810 insequentis
2978 1742 3099 1797 luce
3151 1742 3280 1797 dato
3316 1742 3550 1798 classico

1969 1849 2103 1890 suos
2128 1834 2330 1889 castris
2358 1834 2567 1898 educit;
2598 1848 2664 1888 ac
2696 1834 2806 1889 ﬁlio
2833 1834 3050 1904 quidem
3085 1844 3402 1891 terrestrem
3432 1852 3551 1892 mu-

1968 1941 2089 1980 rum
2132 1942 2455 1997 oppugnare
2497 1926 2686 1997 jussit,
2722 1929 2838 1997 ipse
2874 1943 2997 1982 cum
3042 1928 3238 1999 majori
3265 1930 3551 1999 cupiarum

1966 2028 2121 2089 parte
2167 2019 2633 2090 validioribusque
2661 2021 2772 2092 60
2813 2022 3085 2079 machinis
3125 2038 3191 2078 ac
3229 2024 3541 2091 tormentis,

1965 2111 2167 2182 quibus
2198 2112 2440 2168 civitatis
2468 2128 2687 2168 murum
2712 2122 3020 2168 tentaturus
3045 2124 3184 2180 erat,
3222 2113 3549 2170 Blacberua~

1966 2220 2087 2258 rum
2122 2212 2303 2260 turres
2338 2205 2673 2275 aggreditur,
2708 2205 2885 2262 scalas
2913 2206 3217 2261 admovens
3263 2223 3547 2264 murorum

1964 2297 2242 2352 altitudini
2275 2300 2660 2367 congruentes.
2703 2297 2844 2351 Alibi
2882 2299 3205 2362 testudines,
3247 2300 3376 2355 alibi
3406 2302 3550 2355 arie-

1966 2397 2090 2444 tes:
2138 2403 2412 2459 nusquam
2470 2403 2577 2443 non
2612 2387 2908 2443 missilium
2945 2389 3174 2457 grando,
3221 2404 3401 2459 exque
3451 2392 3549 2445 ba-

1964 2482 2103 2537 listis
2134 2482 2342 2537 densus
2373 2481 2612 2552 lapidum
2639 2481 2835 2545 imber;
2864 2495 2973 2550 quo
2996 2487 3107 2534 tam
3136 2483 3286 2535 varia
3307 2482 3550 2552 undique

1963 2569 2253 2639 omnisque
2310 2570 2528 2638 generis
2595 2571 3005 2640 oppugnatione
3084 2577 3198 2624 tum
3258 2572 3548 2642 Oppidanis

1965 2670 2232 2717 terrorem
2268 2661 2542 2733 injiceret.
2595 2669 2711 2715 tum
2750 2663 2886 2716 urbe
2911 2662 3201 2732 potiretur.
3255 2664 3326 2717 At
3364 2680 3549 2734 neque

1963 2767 2155 2807 muros
2186 2751 2491 2807 maritimos
2526 2752 2775 2822 negligit;
2811 2752 2906 2807 sed
2938 2752 3116 2809 classe
3162 2753 3404 2824 undique
3431 2757 3550 2810 ein-

1962 2861 2116 2915 gens,
2170 2845 2394 2917 ignique
2437 2852 2493 2899 et
2535 2843 2735 2912 jaculis
2778 2843 3075 2915 adbaecque
3105 2845 3403 2901 tetrascelis
3430 2847 3552 2916 qui-

1964 2939 2194 2994 busdam
2240 2936 2683 2993 obsidionalibus
2717 2937 2988 2993 machinis
3014 2924 3236 3008 prol'use
3264 2937 3549 3009 (perinde-

275 3024 467 3094 εμελλε
516 3023 790 3077 πάντοθεν
823 3023 1081 3085 παντοῖος
1130 3021 1459 3091 φαινόμενος
1511 3018 1860 3090 καταπλῆξαι

1966 3047 2069 3101 que
2091 3031 2262 3094 dicas,
2301 3037 2507 3085 temere
2535 3029 2795 3100 nulloque
2820 3029 3028 3098 judicio
3056 3045 3120 3085 ac
3146 3029 3286 3099 arte)
3333 3038 3547 3085 tentare

278 3117 377 3188 μὲν
399 3118 527 3179 τοὺς
548 3115 795 3181 πολίτας,
830 3116 1129 3185 κρατῆσειν
1173 3113 1350 3170 δὲκαὶ
1386 3114 1485 3183 τῆς
1515 3113 1746 3175 πόλεως.
1786 3112 1861 3164 Οὐ

277 3210 384 3281 μὴν
410 3210 539 3263 οὐδὲ
568 3209 680 3263 τῶν
700 3210 840 3263 κατὰ
859 3209 1130 3264 θάλατταν
1158 3207 1352 3276 ἡμέλει
1381 3206 1599 3277 τειχῶν,
1622 3206 1759 3263 ἀλλὰ
1786 3205 1863 3276 τῷ

274 3302 517 3373 ναυτικῴ
550 3302 818 3356 πάντοθεν
848 3300 1276 3371 περικυκλώσας
1307 3300 1480 3367 αὐτὴν
1518 3299 1653 3370 πυρί
1682 3315 1741 3351 τε
1766 3298 1862 3351 καὶ

273 3394 596 3465 τοξεύμασι,
615 3393 754 3464 πρὸς
783 3393 840 3446 δὲ
858 3393 952 3448 καί
981 3410 1095 3447 τισι
1113 3390 1531 3463 τετρασκελέσιν
1549 3390 1862 3445 ἑλεπόλεσιν

274 3484 513 3557 χρῆσθαι
543 3484 796 3540 ἐκέλευεν
825 3484 1063 3553 ἀφειδῶς
1084 3522 1099 3547 ,
1155 3483 1352 3538 ταυτὸν
1380 3482 1437 3536 δὲ
1472 3482 1569 3536 καὶ
1618 3482 1865 3552 ἀτέχνως

274 3582 447 3635 εἰπεῖν
476 3596 493 3615 ο
521 3579 650 3633 ὅθεν
674 3579 829 3632 οὐδὲν
884 3577 989 3632 τῶν
1021 3579 1101 3641 είς
1122 3577 1309 3648 ὃνησιν
1343 3576 1623 3647 φερόντων
1649 3576 1802 3647 αὐτῷ
1830 3577 1865 3646 ἡ

271 3672 513 3743 τοσαύτη
547 3672 781 3742 δύναμις
816 3670 1437 3741 συμπαρομαρτούντων
1482 3670 1697 3741 ἀνδρῶν
1728 3686 1863 3723 κατ-

270 3766 577 3835 επράξατο.
623 3763 700 3817 Τὸ
744 3763 845 3834 μὲν
875 3762 986 3832 γὰρ
1015 3762 1266 3817 ναυτικὸν
1294 3762 1455 3825 εὐθύς
1496 3779 1581 3826 τις
1620 3760 1863 3824 ἐναντίος

271 3859 667 3929 ἐπιγενόμενος
714 3857 918 3928 ἄνεμος
952 3857 1301 3913 συνδιεῖλκυσέ
1338 3873 1397 3910 τε
1433 3857 1529 3909 καὶ
1560 3856 1689 3911 ἄλλο
1725 3855 1863 3929 ἄλλῃ

267 3950 644 4021 διασπαρῆναι
688 3949 968 4018 ἐποίησεν,
1017 3948 1117 4004 ἅτε
1152 3947 1218 4018 δὴ
1260 3949 1355 4001 καὶ
1407 3946 1675 4018 χειμῶνος
1707 3948 1862 4010 ὄντος

268 4042 543 4109 tinetur
575 4040 720 4094 κατὰ
762 4040 825 4093 δὲ
876 4040 975 4110 τὴν
1012 4039 1241 4109 ἤπειρον
1291 4039 1553 4107 γενναίως
1605 4039 1707 4109 μὲν
1752 4038 1863 4091 τῶν

265 4135 381 4188 ἀπὸ
414 4134 462 4165 ³³
480 4134 586 4203 τῆς
610 4132 819 4195 πόλεως
840 4132 1309 4201 ἀπομαχομένων,
1332 4131 1427 4187 καὶ
1466 4135 1605 4194 τέως
1634 4131 1732 4201 μὲν
1762 4129 1862 4193 τὰς

266 4226 557 4298 κλίμακας
587 4226 896 4296 ἀχρήστους
917 4225 1068 4298 αύτῷ
1098 4224 1395 4279 ποιούντων
1423 4223 1511 4277 διὰ
1538 4224 1647 4278 τῶν
1668 4224 1732 4276 ὲκ
1754 4221 1865 4276 τῶν

260 4325 503 4395 πύργων
567 4318 926 4391 ῥηγνυμένων
985 4317 1353 4389 ἰσχυροτέρων
1410 4316 1603 4387 βελῶν,
1658 4314 1767 4368 τῶν
1816 4315 1861 4368 δ’

478 4389 843 4483 ὀργάνωνπῆ
880 4410 981 4481 μὲν
1021 4411 1121 4463 οὐκ
1150 4407 1580 4479 ἑφικνουμὲνων,
1613 4406 1709 4462 καὶ
1734 4407 1859 4461 τού·
1893 4389 1940 4461 .D

256 4522 356 4560 του
414 4504 672 4576 μεγάλην
719 4503 891 4575 ῥοπὴν
937 4505 1049 4565 τοῖς
1089 4502 1379 4574 πράγμασι
1409 4500 1719 4562 τεθεικότος
1768 4501 1863 4554 καὶ

255 4602 363 4672 τὴν
386 4598 564 4652 αὑτοῦ
596 4597 736 4669 πρὸς
766 4596 896 4658 τοὺς
926 4595 1201 4665 πολέμους
1250 4594 1513 4664 ἀπειρίαν
1554 4612 1816 4665 καταμαρ
1835 4624 1862 4636 -

253 4694 639 4766 τηρῆσαν-τος,
678 4691 755 4761 πῆ
793 4690 855 4743 δὲ
897 4690 994 4743 καὶ
1047 4689 1157 4741 τῶν
1189 4686 1602 4758 ὶφικνουμένων
1634 4689 1729 4753 καὶ
1755 4704 1860 4741 κσι⁹

250 4785 739 4856 ταλαμσανόντων
788 4780 1201 4836 ἀσθενεστάτων
1256 4780 1429 4834 ὄντων
1480 4780 1574 4834 καὶ
1611 4781 1674 4833 ού
1718 4781 1859 4834 κατὰ

254 4880 460 4950 μάχην
475 4877 737 4946 γενναίαν
765 4892 826 4929 τε
862 4875 958 4928 καὶ
985 4874 1247 4939 διασείειν
1284 4873 1441 4943 τείχη
1470 4874 1711 4940 εἰδότων,
1742 4872 1859 4927 ἀλλ’

246 4972 382 5026 οὐδὲ
410 4970 511 5023 τοῦ
536 4968 681 5021 κατὰ
703 4967 949 5037 πύργους
971 4967 1264 5036 ἱσταμένου
1288 4966 1484 5037 ἀνδρὸς
1509 4965 1862 5038 ύποχὼρησίν

245 5080 383 5117 τινα
466 5061 1026 5131 παρασκευαζόντων.
1072 5060 1159 5123 Ὠς
1224 5054 1319 5113 οὖν
1377 5059 1630 5128 ἐφαίνετο
1684 5060 1861 5114 ταῦτα

245 5152 343 5225 [Ρ.
379 5151 483 5224 59]
515 5153 579 5207 οὐ
608 5152 753 5206 κατὰ
776 5152 875 5222 τὴν
902 5150 1176 5223 προτέραν
1210 5150 1651 5220 διαθρυλήσασαν
1683 5153 1863 5206 πάντα

244 5246 469 5315 φήμην
491 5244 590 5299 καὶ
613 5242 1119 5303 διακωδωνίσασαν,
1149 5241 1298 5311 ἥττω
1319 5240 1376 5293 δὲ
1405 5241 1501 5293 καὶ
1522 5240 1597 5303 ὡς
1628 5242 1689 5293 ἐκ
1713 5260 1857 5305 τινος

242 5334 685 5403 ἀσθενεστάτης
717 5334 916 5403 φρενὸς
965 5332 1453 5402 διακυϐερνώμενα
1496 5332 1587 5385 καὶ
1620 5334 1858 5402 ἐκπερα-

242 5429 557 5497 τούμενα,
602 5426 950 5497 άνεθάρρησέ
1008 5442 1069 5477 τε
1120 5425 1153 5494 ὴ
1202 5424 1635 5494 πολιορκουμένη
1701 5426 1858 5488 πόλις

238 5524 510 5588 εὐθέως,
567 5520 664 5574 καὶ
698 5519 951 5573 τοσοῦτον
1006 5519 1435 5592 ὲκηδολωτέροις
1491 5519 1699 5590 ἐχρῆτο,
1743 5524 1856 5585 τοῖς

1963 3122 2132 3190 jubet.
2168 3120 2533 3187 Quamobrem
2563 3120 2726 3175 etiam
2756 3129 2903 3176 tanta
2940 3122 3023 3176 vis
3053 3122 3296 3177 virorum
3321 3123 3369 3177 ei
3405 3123 3547 3177 mili-

1967 3214 2193 3267 tantium
2228 3212 2365 3266 nihil
2412 3213 2785 3267 ei-commodi
2820 3212 3024 3266 attulit.
3068 3213 3222 3269 Illico
3252 3214 3397 3270 enim
3448 3216 3563 3269 ad-'

1965 3320 2161 3360 versus
2190 3311 2385 3358 ventus
2411 3302 2641 3359 classem
2678 3303 2985 3372 dissipavit,
3017 3304 3231 3374 alioque
3253 3317 3417 3376 atque
3437 3307 3544 3362 alio

1966 3412 2136 3451 naves
2158 3395 2395 3465 disiecit;
2426 3395 2631 3465 quippe
2655 3409 2780 3449 cum
2811 3394 3002 3466 ingens
3026 3397 3264 3465 procella
3299 3408 3448 3454 esset
3478 3413 3545 3455 ac

1966 3504 2117 3545 mare
2161 3495 2482 3544 aestuosum.
2534 3486 2705 3542 Terra
2749 3501 2971 3557 quoque
3006 3488 3292 3560 Oppidanis
3321 3498 3544 3546 strenuo

1964 3580 2374 3644 dimicantibus,
2402 3580 2787 3649 hactenusque
2818 3579 3051 3635 telorum
3084 3595 3115 3635 e
3154 3581 3399 3637 turribus
3427 3580 3542 3635 for-

1966 3675 2092 3729 titer
2125 3674 2419 3729 missorum
2449 3673 2713 3743 grandine
2734 3672 2955 3728 inutiles
2982 3673 3159 3729 scalas
3186 3674 3235 3728 ei
3267 3673 3543 3729 reddenti-

1965 3764 2090 3827 bus,
2120 3763 2188 3820 ad
2222 3765 2335 3819 haec
2364 3763 2655 3819 tormentis
2696 3764 2893 3833 partim
2934 3764 3000 3818 ad
3049 3765 3384 3821 destinatum
3424 3781 3538 3820 non

1966 3857 2359 3926 attingentibus
2413 3854 2581 3925 (quod
2622 3856 2843 3924 quidem
2878 3855 3189 3910 maximum
3220 3859 3385 3913 rebus
3416 3873 3539 3913 mo-

1965 3957 2210 4003 mentum
2259 3946 2444 4001 attulit
2484 3960 2722 4016 eumque
2769 3946 3007 4016 gerendo
3040 3946 3182 4001 bello
3225 3947 3536 4017 imperitum

1964 4039 2250 4107 ostendit),
2278 4039 2476 4109 partim
2508 4053 2641 4094 vero
2678 4038 3075 4108 altingentibus
3106 4038 3327 4107 quidem
3368 4049 3422 4094 et
3451 4054 3545 4093 as-

1965 4131 2340 4202 sequentibus,
2383 4132 2838 4189 imbecillioribus
2865 4131 3066 4202 tamen)
3115 4147 3219 4187 nee
3246 4132 3381 4187 satis
3410 4133 3539 4187 forti

1966 4233 2167 4283 conatu
2206 4232 2263 4281 et
2312 4232 2373 4279 ut
2404 4238 2596 4278 muros
2638 4232 2938 4279 concutere
2980 4234 3200 4294 possent
3247 4224 3332 4278 vel
3377 4224 3539 4279 etiam

1965 4315 2337 4388 praesidiarios
2406 4328 2473 4370 ex
2539 4313 2785 4367 turribus
2840 4324 3099 4369 excutere
3154 4322 3323 4382 atque
3391 4313 3543 4368 illinc

1970 4409 2181 4481 fugare.
2220 4405 2326 4464 Ubi
2382 4406 2551 4477 igitur
2604 4419 2713 4459 non
2757 4418 2823 4459 ex
2860 4404 3060 4473 prioris
3094 4404 3256 4460 famae
3304 4405 3539 4468 ratione,

1965 4511 2163 4559 cuncta
2195 4515 2390 4571 magno
2418 4497 2657 4568 quodam
2690 4497 2969 4565 vulgantis
3000 4497 3105 4567 ει
3154 4511 3397 4561 rumore,
3429 4498 3543 4552 lucc

1965 4611 2291 4668 apparuere,
2322 4594 2456 4666 quin
2488 4592 2671 4663 potius
2702 4591 2863 4661 longe
2890 4591 3125 4658 minora,
3149 4606 3214 4646 ac
3243 4607 3366 4661 qua
3388 4607 3541 4647 mens

1964 4690 2300 4745 debilissima
2344 4695 2556 4758 regeret
2601 4700 2665 4740 ac
2718 4685 3032 4755 parturiret,
3082 4685 3267 4739 statim
3312 4687 3539 4744 obsessa

1964 4782 2159 4837 civitas
2213 4781 2430 4837 animos
2463 4779 2860 4848 audaciamque
2910 4778 3225 4845 resumpsit.
3279 4786 3542 4851 tantaque

1962 4876 2016 4931 vi
2061 4874 2218 4945 longe
2270 4873 2548 4930 mittentes
2601 4870 2827 4926 balistas
2875 4870 3241 4941 displodebat,
3294 4881 3355 4927 ut
3387 4874 3539 4929 omni

1962 4966 2058 5022 illo
2095 4963 2475 5020 machinarum
2523 4969 2787 5032 apparatu
2822 4962 3014 5019 relicto
3040 4963 3410 5019 obsidentium
3443 4978 3542 5033 ag-

1964 5061 2112 5119 mina
2143 5057 2332 5128 procul
2366 5058 2617 5112 recedere
2642 5056 2819 5127 deque
2864 5058 3041 5113 salute
3073 5058 3365 5112 consilium
3400 5056 3543 5113 inire

1962 5152 2221 5223 coegerit.
2257 5149 2623 5218 Quamobrem
2671 5166 2780 5205 non
2821 5153 3039 5221 qualem
3082 5149 3336 5209 obsessor
3384 5159 3541 5215 puta-

1967 5252 2139 5304 verat,
2172 5243 2265 5298 sed
2300 5243 2594 5298 firmiorem
2626 5243 2786 5313 longe
2810 5258 2975 5311 quam
3005 5257 3105 5310 pro
3130 5240 3540 5296 existimatione

1965 5337 2154 5392 urbem
2196 5334 2442 5390 oﬂ‘endit.
2496 5333 2762 5388 Praeterea
2814 5346 2946 5387 vero
2986 5331 3102 5399 ipsa
3146 5345 3365 5399 quoque
3402 5341 3545 5386 tem-

1965 5440 2151 5499 pestas
2202 5428 2541 5498 asperiorem
2588 5440 2770 5480 acrem
2826 5423 3109 5479 reddebat.
3148 5421 3306 5479 Velut
3352 5425 3541 5493 itaque

1965 5532 2254 5592 appetente
2284 5522 2484 5586 hieme,
2523 5534 2582 5573 ac
2608 5534 2702 5588 per
2732 5516 2963 5572 hiemem
2990 5516 3288 5587 provinciis
3314 5515 3539 5586 reliquis

1566 5616 1798 5670 VARle
1840 5613 2240 5669 LECTIONEh.

321 5712 373 5743 ⁸⁷
405 5709 599 5766 nata?
676 5710 720 5742 "'
746 5710 1134 5765 δυσελπιστίαν
1164 5714 1393 5782 ἀφίκετο
1428 5715 1560 5769 καὶῖ

662 5805 932 5866 ΡΑτῐιοι..
968 5807 1083 5866 Gn.
1122 5806 1271 5866 CIX.

1635 5716 1680 5745 δ”
1719 5710 1848 5776 ἀπὸ]
1901 5709 2066 5765 αὑτοῦ
2103 5711 2161 5765 Ρ.

3008 5796 3044 5853 3
