4038 6214
447 265 527 332 ητδ
1553 247 2062 313 THEOPHANES
2095 247 2656 308 CONTINUATUS.
3611 256 3672 319 76

438 381 737 452 *l‘rigidlore
783 374 1041 440 Thracia,
1094 372 1161 426 ad
1213 369 1439 424 hiberna
1483 374 1538 420 et
1579 364 1645 418 ad
1695 351 2038 417 reducendae

2145 358 2356 429 βέλεσιν
2378 359 2454 422 ὼς
2477 358 2667 429 πόρρω
2713 374 2814 410 που
2849 356 3074 418 τούτους
3111 356 3424 428 αυλισθῆναι
3471 361 3677 434 ἐπαναγο

455 472 644 541 copias
677 469 924 524 animum
958 461 1244 520 convertit.

2145 455 2333 522 κάσαι,
2366 453 2463 516 τὰς
2485 452 2753 514 τοσαύτας
2799 451 3050 521 μηχανὰς
3102 452 3560 522 ἐγκαταλιπόντας,
3594 465 3675 516 καὶ

453 567 582 636 περὶ
613 563 713 632 τῆς
739 562 874 623 ιδίας
908 553 1255 630 βουλεύεσθαι
1295 547 1588 618 σωτηρίας.
1622 546 1783 636 Ὅθεν
1807 545 1925 636 ἐπεὶ
1950 546 2028 636 τὰῗ
2062 547 2207 636 κατά
2240 547 2340 618 τὴν
2388 546 2710 617 πολιορκίαν
2759 545 2855 614 οὐχ
2871 543 2945 609 ὡς
2997 543 3159 636 ᾤετο,
3204 546 3516 636 στερρότερα
3557 550 3605 604 δὲ
3645 554 3675 623 ἢ

457 635 602 708 κατὰ
629 652 728 722 τὴν
755 648 948 703 ἐαυτοῦ
990 644 1215 714 γνώμην
1256 641 1589 709 ἀπήντησεν,
1630 635 1804 698 ἄλλως
1845 635 1901 694 δέ
1947 635 2042 687 καὶ
2081 638 2112 704 ἡ
2149 635 2267 706 ὥρα
2318 636 2647 708 δριμύτερον
2699 638 2909 690 ἐδείκνυ
2961 635 3053 688 τὺν
3095 635 3306 705 καιρὸν,
3364 637 3450 692 ἆτε
3498 640 3554 711 δὴ
3600 642 3683 696 καὶ

455 745 721 815 χειμῶνος
753 738 1140 807 ἐπιγενομένου
1170 733 1268 787 καὶ
1285 733 1384 802 τῆς
1401 731 1623 802 Θρᾴκης
1647 727 1755 783 τῶν
1784 727 1959 784 ἀλλων
1989 729 2034 760 ⁶⁰
2070 727 2237 788 οὔσης
2300 729 2680 800 δυσχειμέρου,
2738 729 2831 782 ἐπὶ
2876 730 3324 799 παραχειμασίαν
3362 730 3555 803 ἐτράπη
3606 739 3690 790 καὶ

452 843 552 913 τὴν
573 841 666 894 τοῦ
688 834 929 908 ’στρατοῦ
965 832 1322 902 ἀνακομιδήν.

526 931 611 984 15.
654 927 792 981 Vere
842 925 1026 994 itaque
1079 923 1270 977 mitius
1312 920 1662 975 illucescente
1719 925 2038 987 turmasque

457 1023 720 1076 militares
751 1018 938 1072 lustris
965 1016 1081 1071 suis
1117 1029 1182 1068 ac
1213 1013 1459 1068 latibulis
1493 1011 1756 1066 excedere
1790 1019 2036 1081 cogente,

456 1113 714 1181 utrinque
761 1123 953 1163 rursus
1003 1118 1149 1162 terra
1193 1106 1443 1174 marique
1484 1103 1840 1159 adoriendam
1896 1101 2041 1156 Con-

455 1203 684 1260 stantini
757 1200 953 1255 urbem
1013 1199 1243 1267 putavit.
1298 1195 1485 1265 Neque
1535 1210 1667 1249 vero
1723 1193 2037 1248 Michaelem

445 1297 672 1368 qualem
708 1304 889 1354 antea.
944 1291 1036 1346 sed
1069 1291 1181 1360 jam
1236 1301 1291 1344 et
1332 1287 1684 1343 terrestribus
1713 1287 2038 1355 quibusdam

455 1400 510 1444 et
537 1386 822 1443 navalibus
842 1384 1014 1452 copiis
1041 1383 1364 1436 instructum
1385 1379 1610 1434 invenit.
1637 1378 1853 1432 Rursus
1877 1377 2043 1449 igitur

456 1479 704 1535 eamdem
751 1483 959 1544 partem
1001 1487 1164 1542 quam
1207 1473 1384 1540 prius,
1427 1470 1608 1524 sinum
1664 1469 1872 1524 scilicet
1917 1469 2041 1522 Bla-

457 1573 838 1634 chernensem,
873 1566 1174 1634 eodemque
1194 1572 1455 1633 apparatu
1486 1559 1826 1632 aggreditur.
1859 1560 2042 1615 Prima

457 1659 643 1728 itaque
696 1656 837 1720 luce,
875 1656 1001 1709 data
1049 1651 1326 1724 pugnandi
1379 1660 1606 1715 tessera,
1651 1665 1716 1704 ac
1763 1650 1896 1705 dum
1925 1648 2040 1734 jam

2213 920 2296 968 ιε’.
2331 911 2470 982 Ἤδη
2500 911 2554 964 δὲ
2585 910 2680 964 τοῦ
2732 909 2890 980 ἔαρος
2933 909 3142 979 ἥμερον
3186 908 3567 980 ἐπιλάμποντος
3607 908 3693 966 καὶ

2141 1009 2232 1060 τὸν
2262 1005 2605 1076 στρατιώτην
2647 1003 2803 1074 ὄχλον
2831 1002 2930 1066 τὰς
2960 1002 3286 1066 καταδύσεις
3323 1004 3407 1056 καὶ
3430 1005 3692 1073 χηραμοὺς

2143 1097 2468 1152 καταλιπεῖν
2518 1096 2892 1160 ἐκϐιάζοντος,
2945 1094 3344 1166 ἀμφοτέρωθεν
3396 1092 3535 1158 αὖθις
3563 1096 3694 1149 κατὰ

2142 1192 2248 1262 γῆν
2277 1207 2335 1243 τε
2383 1188 2651 1243 καὶκατὰ
2687 1187 2958 1241 θάλατταν
3013 1187 3196 1257 ἔκρινε
3249 1185 3586 1256 προσϐάλλειν
3625 1190 3688 1257 τῇ
3749 1235 3758 1244 .

2147 1283 2581 1338 Κωνσταντίνου.
2648 1282 2791 1336 Ἀλλ’
2841 1282 2940 1354 ήδη
2992 1283 3082 1335 τὸν
3145 1282 3370 1353 Μιχαὴλ
3393 1283 3484 1352 οὑχ
3526 1282 3593 1346 ὡς
3637 1284 3694 1336 τδ

2149 1377 2438 1449 πρότερον,
2471 1376 2595 1445 ἄρτι
2627 1376 2684 1430 δὲ
2720 1377 3118 1446 στρατιωτικήν
3153 1393 3276 1430 τινα
3313 1376 3530 1446 δύναμιν
3560 1375 3694 1448 εὔρι-

2149 1486 2249 1523 σκε
2281 1468 2697 1538 συλλεξάμενον,
2737 1469 2830 1521 καὶ
2851 1469 2992 1522 κατὰ
3023 1467 3295 1523 θάλατταν
3321 1469 3479 1539 ἄλλην
3505 1468 3564 1538 δὴ
3580 1485 3698 1521 ναυ-

2147 1563 2329 1630 τικήν.
2362 1562 2499 1615 Κατ’
2533 1563 2708 1615 ἐκεῖνο
2736 1560 2868 1630 γοῦν
2894 1560 3056 1613 πάλιν
3085 1562 3172 1632 ᾔει
3202 1561 3264 1614 τὸ
3306 1561 3471 1631 μέρος
3496 1561 3703 1616 ὁπλισά-

2153 1669 2311 1722 μενος
2403 1653 2496 1706 καὶ
2532 1654 2820 1724 πρότερον,
2873 1653 2966 1706 τὸν
2996 1653 3194 1707 κόλπον
3245 1653 3357 1707 τῶν
3385 1653 3704 1724 Βλαχερνῶν.

457 1751 884 1806 Blacbernenses
913 1747 1058 1801 muri
1093 1745 1375 1815 quatiendi
1401 1753 1608 1808 essent,
1640 1742 1869 1799 Michael
1893 1759 1924 1800 e
1951 1757 2040 1798 su-

2151 1743 2241 1807 Ὦς
2270 1740 2363 1798 οὖν
2388 1745 2571 1815 ἡμέρα
2595 1745 2918 1816 ὑπέλαμπεν
2950 1745 3042 1801 καὶ
3072 1747 3132 1800 τὸ
3165 1745 3417 1818 σύνθημα
3444 1746 3633 1801 ἐδίδοτο
3652 1743 3709 1797 τὺ

459 1843 661 1913 periori
696 1855 857 1896 muro
888 1839 1156 1910 quosdam
1206 1836 1521 1907 alloquendi
1565 1837 1908 1892 occasionem
1945 1850 2042 1890 na-

457 1947 582 1990 ctus
613 1935 885 1988 malorum
922 1931 1259 1986 oblivionem
1291 1929 1574 1999 multaque
1617 1929 1697 1984 eis
1743 1929 1884 1984 bona
1923 1929 2043 1983 col-

459 2030 702 2082 laturum
749 2024 1063 2095 pollicetur,
1097 2021 1143 2076 si
1177 2020 1338 2076 modo
1379 2021 1609 2074 consilio
1649 2027 1857 2074 mutato
1887 2019 1952 2074 ad
1986 2033 2045 2074 se

461 2119 785 2174 transierint
837 2132 938 2170 nec
976 2114 1174 2169 civium
1224 2113 1565 2184 fratrumque
1609 2127 1804 2169 cruore
1851 2110 2043 2168 [σεύαιδί

459 2212 514 2266 in
539 2211 780 2264 animum
811 2205 1145 2262 indu-xerint.
1171 2206 1280 2276 62
1313 2204 1423 2260 Hos
1444 2205 1734 2259 enimvero
1758 2205 1810 2257 in
1837 2203 2041 2258 dolium

462 2313 750 2371 pertusum
776 2299 1163 2369 (quod-adagio
1194 2297 1420 2367 dicitur)
1442 2311 1726 2352 sermones
1760 2311 2042 2365 perorans,

459 2404 576 2451 tum
600 2395 721 2449 illos
741 2393 1057 2458 ferociores,
1084 2403 1143 2447 ut
1183 2392 1514 2462 quibuscum
1541 2391 1810 2462 fprecibus
1853 2406 2044 2462 agere-

460 2499 551 2543 tur
589 2487 947 2558 (perindeque
985 2487 1138 2541 dicas
1177 2485 1420 2541 hostium
1457 2494 1604 2540 metu
1647 2485 1876 2551 solutos,
1910 2484 2043 2538 nihil

455 2579 565 2646 jam
609 2577 862 2633 servandi
919 2577 1131 2631 ordinis
1181 2591 1247 2631 ac
1290 2577 1722 2646 conspirationis
1753 2573 2042 2644 sollicitos)

457 2671 712 2734 reddidit,
730 2671 942 2738 sibique
961 2670 1130 2723 robur
1151 2684 1214 2722 ac
1246 2669 1556 2723 ﬁrmitatem
1591 2669 1805 2738 adjecit.
1837 2667 2042 2734 Quam-

458 2763 650 2817 obrem
707 2777 775 2816 ex
833 2761 1022 2814 multis
1055 2768 1277 2828 repente
1319 2760 1551 2828 portulis
1581 2774 1709 2814 suos
1736 2759 2042 2824 eﬂ‘undens,

457 2867 565 2923 qua
605 2853 682 2905 illi
735 2852 869 2905 nihil
909 2849 1182 2920 ejusmodi
1217 2851 1636 2918 exspecrabant,
1679 2853 1818 2919 parti
1851 2865 2040 2904 eorum

458 2944 829 3014 congreditur,
881 2943 1140 3012 justaque
1195 2941 1331 2995 satis
1385 2940 1542 2994 clade
1596 2941 1840 2996 alliciens
1895 2942 2042 2995 clare

457 3034 687 3090 victoria
718 3033 943 3103 potitur.
979 3031 1085 3086 Sed
1112 3041 1166 3086 et
1192 3029 1332 3084 mari
1363 3029 1642 3085 illustriori
1688 3045 1850 3102 quam
1895 3040 2033 3085 terra

2143 1836 2439 1906 πολεμικὸν
2501 1838 2594 1890 καὶ
2655 1839 2833 1908 τεῖχος
2862 1837 3057 1908 ἔμελλε
3103 1839 3416 1893 κατασείειν
3448 1837 3553 1891 τῶν
3579 1836 3709 1889 Βλα-

2143 1931 2370 2003 χερνῶν,
2389 1933 2469 1995 είς
2499 1931 2693 2002 λόγους
2722 1935 2786 2006 δή
2811 1951 2951 1988 τισιν
2991 1935 3056 1987 ἐκ
3079 1931 3171 1986 τοῦ
3203 1931 3312 1985 τῶν
3337 1931 3530 2002 τειχῶν
3561 1943 3714 2000 μετι-

2143 2023 2286 2094 ώρου
2310 2020 2474 2096 ἦλθεν
2494 2027 2521 2079 ό
2542 2026 2782 2097 Μιχαὴλ,
2815 2027 3122 2098 ἀμνηστίαν
3152 2027 3335 2089 αὐτοῖς
3361 2024 3545 2078 δεινῶν
3564 2024 3714 2090 εὐαγ-

2143 2117 2490 2187 γελιζόμενος
2516 2119 2614 2171 καὶ
2643 2118 3073 2190 ὑπισχνούμενος
3104 2118 3299 2173 δώσειν
3329 2116 3506 2187 ἀγαθά
3527 2116 3715 2178 πολλὰ,

2144 2210 2194 2261 εί
2226 2209 2384 2279 μόνον
2407 2210 2467 2281 δὴ
2499 2211 2885 2280 μετατάξοιντο
2912 2212 3006 2264 καὶ
3038 2212 3114 2281 μὴ
3158 2210 3467 2279 βουληθεῐεν
3493 2211 3717 2279 αῖμασιν

2143 2301 2431 2372 ὁμοφύλων
2486 2303 2578 2355 καὶ
2623 2301 2866 2370 ἀδελφῶν
2913 2299 3398 2371 καταχραίνεσθαι.
3468 2300 3610 2352 Ἀλλ’
3640 2303 3720 2364 εἰς

2145 2394 2303 2449 πίθον
2332 2396 2667 2466 τετρημένον
2709 2395 2776 2461 ⁸⁸,
2801 2393 2862 2447 τὺ
2887 2394 2981 2447 τοῦ
3016 2393 3200 2461 λόγου,
3253 2391 3476 2454 τούτους
3514 2391 3716 2444 ἐναπε-

2147 2487 2315 2558 ράνας
2343 2488 2388 2520 ”
2413 2486 2539 2549 τοὺς
2567 2485 2779 2555 λόγους,
2811 2485 3056 2548 ἐκείνους
3088 2484 3189 2554 μὲν
3215 2482 3716 2554 θαρσαλεωτέρους,

2144 2579 2223 2632 ὅτι
2274 2579 2339 2649 δὴ
2395 2580 2489 2632 καὶ
2522 2578 2946 2648 παρακαλοῐντο,
2979 2578 3176 2632 ταυτὸν
3206 2577 3262 2630 δέ
3293 2577 3470 2630 εἰπεῖν
3497 2578 3592 2629 καὶ
3621 2575 3720 2644 τῆς

2144 2672 2208 2723 ἐκ
2235 2668 2328 2722 τοῦ
2361 2670 2527 2739 φόϐου
2559 2671 2872 2734 συστάσεως
2893 2670 3218 2738 λελυμένους
3245 2668 3562 2740 εἰργάσατο,
3596 2667 3723 2720 ἐαυ-

2143 2759 2234 2812 τὸν
2264 2759 2318 2812 δέ
2344 2760 2607 2831 σταθερὸν
2637 2778 2696 2815 τε
2755 2763 2851 2814 καὶ
2888 2761 3261 2832 στερρότερον.
3296 2759 3463 2814 Ὅθεν
3483 2759 3641 2827 ἄφνω
3664 2759 3729 2810 ἐκ

2144 2851 2356 2904 πολλῶν
2380 2852 2614 2906 πυλίδων
2651 2852 2772 2905 κατ’
2809 2852 2990 2906 αὐτῶν
3027 2851 3306 2923 συρῤυεὶς,
3445 2849 3524 2921 μὴ
3554 2865 3733 2921 προσ-

2143 2943 2340 2996 εδόκων
2365 2945 2587 3010 ἐκεῖνοι,
2617 2944 2993 3016 συρρήγνυται
3019 2961 3129 2997 τισι
3161 2943 3372 3005 τούτοις
3403 2944 3489 3006 είς
3520 2943 3732 3012 μάχην,

2143 3035 2237 3088 καὶ
2264 3035 2462 3106 φθόρον
2507 3037 2688 3092 ἱκανὸν
2729 3037 3106 3107 ἐργασάμενος
3139 3036 3236 3106 τὴν
3282 3035 3532 3088 νικῶσαν
3589 3032 3736 3105 λαμ-

457 3127 688 3181 victoria
724 3135 977 3194 augetur.
1014 3122 1153 3178 Cum
1189 3123 1336 3177 enim
1389 3122 1753 3192 imperatoriae
1791 3123 2035 3180 triremes

2141 3098 2294 3181 ϐάνει
2349 3098 2639 3201 λαμπρῶς.
2706 3098 2863 3184 κὰὲά
2917 3098 3204 3184 ostntat
3233 3129 3289 3182 δι
3322 3129 3422 3182 και
3471 3098 3738 3201 μᾶλλονῆ

441 3218 630 3272 'altum
664 3224 930 3286 peterent,
959 3215 1184 3285 jamque
1217 3230 1410 3285 pugna:
1447 3215 1797 3270 conserenda:
1825 3215 2042 3272 adesset

462 3320 695 3381 tempus,
721 3321 889 3379 atque
916 3309 1053 3362 adeo
1076 3307 1194 3378 ipsa
1222 3307 1518 3362 desertoris
1549 3308 1743 3363 classis
1780 3323 2036 3379 congres-

460 3419 555 3459 sus
581 3403 774 3458 ardore
811 3417 945 3456 saxa
977 3402 1238 3466 mitteret,
1270 3401 1458 3455 nescio
1486 3415 1597 3470 quo
1633 3416 1761 3455 casu
1788 3413 2037 3456 conster-

460 3508 588 3551 nata
646 3495 917 3564 quibusve
971 3504 1090 3546 acta
1135 3493 1470 3557 terroribus,
1523 3509 1678 3549 versa
1736 3495 1904 3564 puppi
1967 3495 2034 3549 ad

397 3589 400 3592 ’
460 3595 661 3640 terram
695 3602 756 3640 se
783 3585 1059 3640 subducit.
1093 3583 1369 3640 Classiarii
1423 3601 1551 3656 pars
1589 3596 1850 3657 concepta
1897 3587 2038 3643 [idu-

457 3679 544 3734 cia
600 3679 668 3732 ad
703 3679 1087 3747 imperatorem
1136 3678 1419 3743 deﬁciunt,
1449 3694 1576 3748 pars
1615 3680 1680 3734 ad
1713 3694 1813 3735 sua
1859 3689 2036 3736 castra

456 3779 606 3824 terra
639 3777 892 3840 pergunt,
939 3785 1003 3825 ac
1036 3770 1123 3825 vel
1155 3769 1209 3824 in
1246 3771 1384 3826 mari
1425 3772 1631 3826 versari
1675 3783 1771 3827 aut
1811 3787 2038 3843 prorsus

459 3875 700 3930 pugnare
746 3870 1131 3930 pernegarent.
1167 3860 1260 3916 Sic
1313 3862 1522 3932 absque
1552 3862 1741 3919 labore
1768 3864 2038 3921 dissoluta

460 3953 687 4006 Thema
711 3953 928 4018 classis,
951 3953 1232 4024 cessitque
1274 3955 1327 4008 in
1363 3954 1614 4020 nihilum,
1649 3970 1773 4011 cum
1822 3958 2034 4013 nullum

459 4054 552 4098 aut
606 4061 706 4115 pro
759 4046 982 4100 navium
1037 4061 1266 4101 numero
1316 4056 1411 4102 aut
1467 4062 1569 4117 pro
1626 4049 2034 4107 classiariorum

460 4140 661 4194 virtute
711 4139 1035 4210 praeclarum
1088 4139 1302 4196 facinus
1352 4141 1638 4198 edidisset.

2140 3221 2262 3274 κατ’
2286 3222 2511 3293 ἤπειρον
2537 3223 2631 3294 τὴν
2662 3223 2903 3277 νικῶσαν
2929 3222 3256 3293 ἐλάμϐανεν.
3288 3221 3383 3282 Ὣς
3403 3221 3519 3292 γὰρ
3550 3223 3609 3274 αἱ
3643 3221 3744 3292 βα·

2141 3313 2348 3366 σιλικαὶ
2376 3316 2624 3386 τριήρεις
2653 3317 2922 3386 ἀνήγοντο
2968 3314 3062 3368 καὶ
3094 3315 3173 3377 είς
3223 3313 3426 3383 χεῖρας
3483 3315 3746 3385 συνέρχε-

2139 3411 2263 3464 σθαι
2309 3412 2569 3481 ἕμελλον,
2605 3411 2731 3481 ἄρτι
2765 3413 2828 3481 δὴ
2875 3411 3110 3480 πόλεμον
3157 3409 3606 3480 συγκροτοῢντος
3650 3411 3748 3464 καὶ

2133 3501 2314 3563 λίθους
2333 3502 2657 3570 ἐπαφιέντος
2686 3501 2781 3553 τοῦ
2809 3499 3178 3554 ἀποστατικοῦ
3201 3499 3494 3568 πλωΐμου,
3520 3503 3626 3555 οὐκ
3647 3497 3748 3556 οἷδ’

2134 3592 2164 3646 ὃ
2201 3611 2251 3646 τι
2280 3593 2544 3655 παθόντος
2573 3593 2667 3646 καὶ
2687 3593 3030 3663 τίσιδείμασι
3062 3593 3156 3645 καὶ
3175 3592 3442 3662 θορύϐοις
3470 3610 3748 3664 περικτυ-

2137 3685 2405 3755 πηθέντος
2459 3686 2552 3740 καὶ
2585 3685 2845 3757 πρύμναν
2892 3686 3228 3755 κρούσαντος
3272 3687 3574 3757 κατήγετο
3609 3688 3753 3757 πρὸς

2135 3779 2232 3848 τὴν
2259 3777 2488 3848 χέρσον·
2525 3777 2620 3832 καὶ
2653 3779 2703 3831 οἱ
2759 3780 2859 3849 μέν
2891 3778 3001 3831 τῶν
3035 3777 3249 3850 ἀνδρῶν
3305 3781 3460 3849 πρὸς
3509 3779 3752 3850 βασιλέα

2137 3868 2566 3940 αὑτομολοῢντες
2597 3870 2864 3943 ἐθάρρουν
2893 3869 3329 3942 μετατιθέμενοι,
3349 3874 3406 3924 οἱ
3428 3872 3491 3925 δὲ
3517 3873 3665 3943 πρὸς
3693 3873 3757 3925 τὸ

2137 3967 2339 4018 οἰκεῖον
2369 3966 2731 4035 στρατόπεδον
2761 3965 2822 4018 τὺ
2858 3964 3000 4017 κοιτά
3049 3965 3154 4033 γῆν
3203 3963 3654 4035 ἀπεδίδρασκον,
3691 3965 3755 4019 τὸ

2138 4059 2284 4111 κατὰ
2314 4058 2591 4112 θάλασσαν
2629 4055 2765 4111 εἶναι
2805 4058 2900 4110 καὶ
2925 4054 3286 4125 διαμάχεσθαι
3318 4057 3759 4131 ἀπαρνησάμε-

2137 4168 2219 4204 νοι
2252 4150 2552 4213 παντελῶς.
2580 4149 2738 4202 Οὕτω
2763 4148 2860 4217 μὲν
2889 4143 2982 4200 οὖν
3007 4146 3238 4215 ἀπονητὶ
3256 4145 3490 4220 διελύθη
3518 4151 3586 4204 τὸ
3619 4167 3760 4203 ναυ-

457 4229 641 4295 τικὸν,
667 4233 761 4283 καὶ
791 4229 926 4292 τιως
957 4229 1236 4302 ἐχώρησεν
1293 4230 1380 4303 [Ρ.
1409 4231 1500 4305 40]
1547 4235 1628 4298 είς
1672 4236 1846 4302 οὐδὲν,
1880 4238 2030 4306 ἄξιον
2057 4240 2180 4294 οὔτε
2217 4243 2264 4276 ⁸³
2289 4243 2384 4297 τοῦ
2434 4243 2673 4312 πλήθους
2723 4240 2834 4293 τῶν
2875 4239 3012 4294 νεῶν
3065 4239 3192 4293 οὗτε
3243 4238 3358 4292 τῶν
3427 4244 3521 4307 εις
3575 4248 3764 4306 αὐτὰς

457 4320 874 4394 ἀναϐεϐηκότων
895 4322 1105 4394 ἀνδρῶν
1133 4324 1593 4395 διαπραξάμενον.

529 4413 616 4468 t6.
665 4412 805 4469 Hinc
842 4430 1085 4486 quoque,
1123 4416 1285 4487 cujus
1315 4418 1426 4486 jam
1463 4416 1838 4488 meminimus,
1890 4420 2031 4476 Gre-
2059 4435 2112 4494 Ῑ)

457 4507 667 4576 gorius,
698 4521 824 4564 cum
863 4507 1197 4563 desertorem
1238 4507 1505 4563 Thomam
1535 4510 1744 4580 exiguae
1795 4512 2038 4566 auctori-

457 4601 586 4654 tatis
619 4615 762 4663 esse,
787 4601 1131 4672 multumque
1161 4603 1211 4656 ei
1239 4603 1478 4657 nominis
1505 4602 1826 4665 decessisse,
1854 4604 2038 4676 longe-

455 4707 562 4758 que
605 4694 844 4762 amplius
875 4693 948 4748 illi
997 4694 1345 4763 postmodum
1385 4694 1737 4749 decessurum
1769 4695 2038 4766 intellige-

457 4793 561 4844 ret,
624 4785 824 4854 quippe
878 4787 1086 4841 homini
1144 4787 1250 4857 63
1289 4789 1501 4859 poculis
1561 4788 1767 4854 dedito,
1827 4798 1880 4844 et
1950 4792 2037 4846 cui

459 4875 700 4930 maxime
738 4876 1025 4945 prudentia
1059 4881 1298 4947 deesset,
1325 4897 1433 4951 qua
1467 4882 1814 4952 potissimum
1844 4899 1908 4939 ac
1928 4898 2038 4953 prae

457 4968 610 5023 onmi
643 4968 747 5022 alia
799 4966 999 5022 virtute
1051 4981 1315 5037 parantur
1355 4975 1622 5041 victoriae,
1676 4985 1886 5043 partem
1935 4974 2036 5028 ali-

457 5073 621 5127 quam
651 5072 839 5114 secum
869 5071 1161 5112 assumens
1202 5060 1460 5129 subjectae
1491 5064 1742 5133 legionis,
1775 5065 2036 5135 priusque

459 5153 713 5207 monachi
762 5149 1047 5221 cujusdam
1097 5151 1334 5204 studiani
1385 5154 1622 5224 collegii,
1660 5157 1715 5210 in
1760 5173 1881 5212 eam
1916 5171 2032 5212 rem

461 5243 638 5305 missi,
659 5261 824 5314 opera
851 5244 1259 5301 communicato
1279 5259 1403 5299 cum
1429 5246 1759 5316 imperatore
1778 5251 2028 5315 consilio,

455 5349 486 5386 a
535 5333 747 5403 reliquo
782 5352 839 5392 se
878 5341 1120 5392 exercitu
1164 5335 1369 5402 avellit,
1418 5348 1757 5407 tyrannoque
1801 5356 1833 5395 a
1881 5349 2033 5411 tergo

455 5427 680 5491 secedit,
708 5438 821 5482 turn
855 5439 913 5484 ut
945 5431 1096 5486 illum
1142 5439 1445 5487 exterreret
1477 5444 1541 5485 ac
1589 5431 1902 5489 turbatione
1930 5434 2030 5488 im-

2211 4427 2308 4485 ις’.
2345 4419 2516 4472 Ὅθεν
2550 4416 2643 4470 καὶ
2672 4415 2971 4486 Γρηγόριος
2995 4415 3024 4467 ό
3059 4413 3320 4485 δηλωθεὶς
3355 4419 3767 4488 συνεωρακὼς

2133 4513 2297 4568 αὐτόν
2326 4529 2384 4565 τε
2417 4508 2605 4563 τοῦτον
2637 4508 2727 4561 τὸν
2750 4507 3064 4576 ἀποστάτην
3086 4507 3592 4576 εὐκαταφρόνητον
3617 4512 3765 4565 ὄντα

2134 4623 2192 4659 τε
2219 4607 2314 4658 καὶ
2340 4603 2504 4657 πλέον
2531 4602 2814 4672 προίόντος
2841 4600 2936 4654 τοῦ
2976 4601 3170 4670 χρόνου
3197 4597 3619 4666 γενησόμενον,
3654 4602 3768 4658 ἅτε

2134 4697 2198 4767 δὴ
2245 4698 2430 4760 πότοις
2484 4694 2813 4765 σχολάζοντα
2870 4691 2965 4743 καὶ
3023 4689 3338 4758 φρονήσεως
3380 4691 3768 4761 ἀμοιροῦντα

2136 4787 2278 4841 κατά
2309 4785 2465 4848 πολὺ,
2493 4785 2561 4837 δι’
2586 4780 2653 4854 ἦς
2677 4780 2960 4849 πεφύκασι
3005 4777 3207 4848 μᾶλλον
3237 4779 3271 4849 ἡ
3297 4778 3467 4831 ποθεν
3503 4782 3770 4840 ἂλλοθεν

2136 4882 2190 4934 αῑ
2221 4882 2370 4934 νῖκαι
2401 4874 2812 4952 προσγίνεσθαι,
2854 4874 3046 4945 μοῖράν
3091 4889 3212 4926 τινα
3252 4869 3348 4924 τοῦ
3400 4873 3507 4941 ὑφ’
3541 4877 3768 4932 ἑαυτὸν

2133 4974 2413 5041 τάγματος
2441 4967 2865 5036 συλλαϐόμενος,
2892 4964 2987 5017 καὶ
3023 4963 3286 5034 πρότερον
3309 4962 3365 5015 δέ
3394 4966 3765 5038 κοινολογη-

2135 5066 2365 5134 σάμενος
2398 5061 2476 5132 τῷ
2515 5059 2728 5131 βασιλεῖ
2754 5059 2840 5113 διὰ
2885 5057 3121 5128 μοναχοῦ
3159 5073 3304 5118 τινος
3327 5055 3420 5109 τοῦ
3459 5060 3591 5114 ἀπὸ
3643 5064 3769 5116 τῶν

2131 5155 2385 5211 Στουδίου
2415 5153 2510 5206 τοῦ
2534 5153 2580 5185 ⁸⁸
2609 5152 2873 5223 βασιλέως
2917 5149 3336 5211 ἀποσταλέντος,
3362 5151 3539 5220 ῥῆξιν
3567 5156 3770 5210 ἐννοεί

2131 5249 2224 5302 καὶ
2252 5246 2346 5301 τοῦ
2376 5247 2686 5301 ἀποστάτου
2704 5245 2912 5312 γίνεται
2939 5243 3078 5295 κατά
3099 5241 3292 5308 νώτου,
3310 5242 3456 5312 όμοῦ
3486 5246 3606 5313 μὲν
3630 5248 3774 5301 τοῦ-

2137 5357 2230 5393 τον
2259 5338 2596 5409 ἐκδειματῶν
2624 5337 2720 5390 καὶ
2769 5334 3000 5407 θορύϐου
3059 5333 3306 5405 πληρῶν,
3353 5335 3505 5401 όμοῦ
3555 5339 3622 5391 δὲ
3660 5341 3775 5394 καὶ

2135 5431 2248 5484 ,τῶν
2275 5433 2354 5493 εἰς
2382 5429 2606 5500 βασιλέα
2653 5426 2830 5497 ἑαυτῷ
2857 5425 3286 5496 ἡμαρτημένων,
3312 5423 3453 5478 ἀλλὰ
3501 5427 3632 5496 μὴν
3664 5431 3780 5484 καὶ

1731 5549 1967 5605 VARUE
1995 5539 2398 5605 LECTIONES.

526 5631 569 5660 '°
597 5631 771 5710 ςὶλλων
797 5633 1008 5710 μᾶλλον
1039 5636 1239 5707 diem?
1314 5641 1353 5671 ⁶¹
1392 5639 1753 5710 τετριμμένον
1785 5640 1844 5695 Ρ.

454 5702 564 5754 δίου
590 5701 692 5753 ὑπὸ
735 5701 863 5756 toﬁ?

1949 5643 1993 5674 “
2025 5639 2404 5710 tuampéaac?
2504 5635 2548 5667 ⁸³
2573 5650 2639 5690 an
2667 5634 2746 5698 tl;
2777 5632 2948 5700 οὐδέν,
2984 5632 3136 5686 οὐδὲν
3195 5631 3343 5699 ἀξιον
3384 5630 3408 5682 ?
3492 5633 3548 5663 οδ
3576 5635 3778 5688 Σταυ-
