4038 6214
295 300 360 363 77
1334 293 1477 356 ue.
1517 295 1702 354 11.-
1732 291 2072 352 meum.
2115 289 2610 352 AMORIENSIS.
3037 254 3044 260 ’
3504 290 3574 351 73

297 424 354 490 τῇ
387 419 557 472 αὐτοῦ
585 417 798 488 γαμετῇ
830 416 924 470 καὶ
958 417 1070 478 τοῖς
1094 414 1301 478 τέκνοις
1336 414 1453 484 (καὶ
1484 412 1594 484 γάρ
1624 411 1888 481 ἐτηροῦν-

2011 417 2185 476 iteret,
2225 419 2339 465 tum
2372 425 2502 464 vero
2535 419 2595 464 ut
2638 410 2737 465 sibi
2777 409 2913 480 ipse,
2946 410 3077 479 quin
3107 418 3159 465 et
3205 407 3362 464 uxori
3415 420 3470 465 et
3509 410 3580 466 li-

298 531 352 568 το
377 518 436 566 ἐν
464 511 688 580 φυλακῇ
727 507 938 563 ἐκείνου
972 507 1050 579 τῷ
1079 508 1251 579 Θωμᾷ
1299 505 1700 578 προσθεμένου)
1738 503 1888 557 διαλ-

297 605 461 673 λαγὴν
494 602 593 656 καὶ
629 600 965 673 συγγνώμην
997 600 1543 671 πραγματευόμενος.
1585 597 1727 650 Ἀλλ’
1761 595 1888 650 οὔτε

307 698 334 749 δ
363 693 611 765 βασιλεὺς
661 691 840 746 ταῦτα
895 692 1099 761 ἔφθασε
1151 690 1475 745 διακοῦσαι*
1528 693 1608 755 είς
1635 690 1889 745 τοσοῦτον

317 789 417 860 γὰρ
445 786 840 842 ἀπεκέκλειστο
869 786 964 839 καὶ
985 786 1094 840 τῶν
1125 785 1346 854 ἔξωθεν,
1371 786 1482 840 οὐδ’
1513 787 1561 840 εί
1584 786 1696 839 τῶν
1723 786 1892 854 ἐγγὺς

327 884 462 951 μόνον
496 899 603 946 τις,
661 880 782 935 ἀλλ’
831 880 940 934 οὐδ’
996 881 1045 933 εἰ
1096 879 1206 933 τῶν
1255 881 1593 952 πορρωτέρω
1626 879 1694 934 τὰ
1724 879 1890 933 αὐτοῦ

321 973 570 1046 ᾑρημένος
604 971 898 1043 ἐτύγχανε.
925 972 1035 1026 Καὶ
1061 975 1088 1025 ὁ
1111 971 1310 1044 Θωμᾶς
1332 973 1392 1026 τὸ
1427 973 1503 1044 μὴ
1534 972 1701 1026 πολὺν
1744 973 1892 1038 tear-

317 1083 428 1137 φης
455 1065 658 1119 τοῦτον
691 1063 949 1133 γενέσθαι
973 1065 1355 1137 κατοῤῥωδῶν,
1385 1065 1479 1119 καὶ
1504 1064 1667 1134 φόϐον
1699 1067 1757 1117 ἐν
1778 1067 1893 1130 τοῖς

311 1155 486 1211 ἑαυτοῦ
543 1156 774 1226 ποιῆσαι
825 1156 1171 1227 βουλόμενος,
1213 1157 1312 1224 τὴν
1346 1157 1444 1228 μὲν
1471 1157 1893 1228 στρατοπεδείαν

305 1250 388 1316 τῆς
416 1248 636 1310 πόλεως
665 1248 767 1300 οὐκ
817 1245 1122 1319 ἐξεκίνησε,
1177 1249 1346 1302 ταυτδ
1373 1247 1530 1302 τοῦτο
1569 1249 1892 1320 προμηθού-

306 1358 479 1411 μενος,
517 1341 617 1394 καὶ
673 1339 924 1412 προνοῶν
980 1340 1042 1394 τὸ
1081 1341 1158 1411 μὴ
1211 1341 1504 1410 διωχθῆναι
1567 1340 1886 1408 ἐξόπισθεν⁸

301 1431 507 1499 ὀλίγους
541 1430 598 1483 δέ
630 1447 807 1493 τινας,
829 1429 926 1484 καὶ
951 1429 1110 1493 ’ὀσους
1132 1429 1250 1502 ᾔδει
1279 1429 1595 1500 ἀξιοχρέους
1623 1429 1725 1500 τῆς
1757 1428 1893 1502 πρὸς

301 1525 383 1578 τὸν
411 1523 723 1596 Γρηγόριον
758 1524 941 1594 μάχης
975 1522 1158 1588 δντας,
1200 1521 1536 1593 παραλαϐὼν
1571 1521 1719 1594 ἐξῄει
1756 1523 1893 1595 πρὸς

304 1616 476 1678 αῦτον,
510 1616 604 1668 καὶ
635 1615 980 1684 περιγίνεται
1017 1613 1232 1678 τούτου,
1289 1615 1387 1668 καὶ
1418 1616 1690 1684 φεύγοντα
1723 1633 1892 1669 κατα-

301 1707 478 1763 λαϐὼν
509 1709 746 1778 ἀναιρεῖ.
782 1707 893 1760 Kal.
923 1702 1080 1770 αὖθις
1134 1706 1225 1760 διά
1261 1706 1475 1777 ταχέων
1503 1709 1641 1779 πρὸς
1668 1707 1767 1772 τὰς
1797 1707 1891 1762 δυ-

2000 503 2145 557 beris
2180 503 2326 574 (nam
2369 513 2422 556 et
2474 501 2597 556 illos
2649 501 2899 568 Michael,
2949 517 3060 572 quo
3097 517 3164 557 ex
3215 510 3464 571 tempore
3510 504 3578 557 ad

1999 589 2265 650 Thomam
2297 595 2591 656 defecerat,
2615 595 2668 648 in
2700 609 2922 650 carcere
2954 593 3231 665 habebat),
3276 595 3581 666 majestatis

1999 689 2210 744 scilicet
2259 705 2410 753 rens,
2456 691 2670 743 veniant
2721 689 3224 761 indulgentiamque
3287 691 3579 746 obtineret.

2002 781 2109 839 Sed
2153 799 2330 851 neque
2378 784 2672 852 imperator
2723 797 2836 837 rem
2893 783 3072 838 adhuc
3117 783 3370 839 audierat
3425 783 3583 852 (adeo

2001 877 2146 930 enim
2198 877 2379 931 omnis
2427 886 2580 930 extra
2625 886 2965 932 commeatus
2992 877 3248 934 occlusus
3287 878 3452 952 erat),
3482 894 3585 934 nec

2002 969 2047 1024 si
2082 971 2228 1040 quis,
2258 986 2365 1024 non
2401 971 2577 1024 solum
2612 985 2801 1025 eorum
2842 969 2935 1039 qui
2967 985 3132 1043 prope
3174 979 3359 1027 essent
3391 987 3579 1028 verum

2000 1063 2165 1117 etiam
2219 1063 2313 1132 qui
2362 1063 2578 1134 longius
2629 1063 2904 1128 abessent,
2955 1063 3074 1133 ejus
3129 1073 3311 1134 partes
3362 1074 3584 1120 secutus

2000 1169 2166 1216 esset.
2222 1158 2466 1213 Thomas
2523 1167 2704 1212 autem
2760 1157 2968 1212 veritus
3024 1172 3096 1211 ne
3151 1159 3333 1214 subito
3385 1174 3584 1228 magna

2002 1251 2253 1323 Gregorii
2319 1249 2617 1306 auctoritas
2679 1249 2856 1314 ﬁeret,
2913 1248 3070 1316 isque
3126 1248 3241 1304 suis
3295 1250 3585 1305 ordinibus

2001 1355 2269 1400 terrorem
2322 1343 2596 1414 injiceret,
2630 1343 2769 1397 nihil
2805 1341 2982 1398 soluta
3017 1342 3303 1398 obsidione
3355 1350 3449 1397 aut
3491 1358 3586 1400 ca-

2001 1438 2134 1493 stris
2182 1437 2250 1491 ab
2286 1437 2419 1492 urbe
2447 1436 2694 1499 dimotis,
2735 1437 2933 1492 timens
2977 1449 3044 1491 nc
3074 1451 3133 1491 se
3160 1435 3336 1490 hostis
3369 1452 3396 1490 a
3437 1447 3587 1508 tergo

2004 1531 2408 1598 insequeretur,
2454 1544 2659 1599 paucos
2711 1527 2951 1594 aliquos,
3005 1543 3070 1581 ac
3113 1538 3352 1598 quantos
3404 1528 3590 1598 Oppri-

2002 1622 2203 1679 ntendo
2241 1606 2521 1695 ‘Gregorio
2570 1619 2818 1677 sullicere
2867 1619 3221 1686 existimavit,
3277 1637 3588 1695 assumens,

2003 1717 2060 1773 in
2092 1718 2244 1772 illum
2273 1714 2494 1782 educit;
2531 1714 2829 1784 prailioque
2865 1711 3049 1768 fusum
3087 1727 3151 1766 ac
3185 1712 3239 1766 in
3276 1711 3401 1782 fuga
3439 1693 3592 1769 cont:

303 1803 494 1872 νάμεις
549 1801 648 1865 τὰς
706 1799 1184 1871 προσεδρευούσας
1211 1803 1278 1873 τῇ
1311 1800 1465 1854 πόλει
1511 1802 1742 1869 γίνεται,
1802 1802 1896 1855 καὶ

2011 1809 2334 1880 prehensum
2386 1781 2622 1862 necavit.
2661 1781 2906 1875 llincque
2948 1804 3199 1858 celeriter
3232 1802 3297 1857 ad
3345 1781 3590 1874 reliquas

303 1896 627 1966 γράμμασιν
643 1892 978 1948 ἐπιστέλλων
999 1893 1066 1947 τὰ
1085 1892 1279 1947 ἐαυτοῦ
1316 1893 1706 1965 περιαγγέλλει
1724 1894 1897 1948 ἀπαν-

305 1987 492 2057 ταχοῦ.
525 1987 600 2050 ὡς
633 1987 716 2057 εἴη
749 2001 809 2040 τε
865 1984 1192 2058 νενικηκὼς,
1244 1985 1385 2056 ὅπερ
1433 1984 1534 2038 οὐκ
1563 1979 1664 2057 ἦν,
1696 1985 1792 2038 καὶ
1836 1984 1899 2038 τδ

305 2080 721 2152 προσχωριάζον
778 2077 922 2132 κατὰ
975 2077 1082 2150 τὴν
1122 2077 1348 2133 Ἐλλάδα
1400 2079 1656 2132 ναυτικὸν
1686 2076 1899 2148 ταχέως

310 2171 556 2225 κελεὺων
610 2169 924 2240 ἀναχθῆναι,
981 2170 1058 2234 ὡς
1091 2164 1248 2232 αὖθις
1279 2169 1394 2232 τοῖς
1428 2167 1573 2222 κατὰ
1617 2167 1899 2225 θάλασσαν

314 2263 643 2334 προσϐάλλοι
703 2263 838 2335 μετὰ
904 2263 1268 2337 στερῤοτέρας
1324 2262 1610 2333 δυνάμεως
1651 2265 1896 2335 μέρεσιν.

321 2358 465 2411 Ἀλλ’
494 2360 696 2412 ἐκεῖναι
728 2357 829 2427 μὲν
862 2358 944 2420 είς
980 2355 1213 2430 ἀριθμὸν
1263 2355 1517 2409 τελοῦσαι
1558 2357 1899 2427 πεντήκοντα

305 2453 441 2521 πρὸς
496 2453 618 2514 ταῖς
649 2451 996 2522 τριακοσίαις
1031 2447 1483 2520 πολεμιστηρίοις
1511 2448 1630 2518 ἅμα
1673 2448 1890 2518 διήρεσι

303 2547 394 2598 καὶ
431 2547 761 2613 σιταγωγοῖς
791 2544 871 2617 τῷ
899 2543 1008 2597 τῶν
1041 2543 1285 2614 Βυρὶδων
1309 2543 1354 2574 ⁶
1383 2540 1527 2594 κατὰ
1566 2541 1791 2613 Θρᾴκην
1820 2541 1901 2594 λι»

304 2638 428 2707 μένι
488 2636 1007 2707 ἐγκαθορμίζονται,
1057 2634 1117 2700 ἐξ
1164 2633 1354 2706 οὐρίας
1407 2633 1692 2688 πλέουσαι.
1723 2635 1834 2688 Καὶ
1873 2634 1901 2687 δ

303 2729 582 2799 βασιλικὸς
611 2729 668 2782 δὲ
707 2728 994 2800 πυρφόρος
1035 2727 1221 2791 στόλος
1269 2724 1482 2788 τούτοις
1531 2723 1698 2796 μηδὲν
1731 2725 1902 2791 ἐγνω-

303 2825 456 2878 κόσιν
491 2822 674 2875 ἐκεῖσε
701 2818 980 2884 ἐπιτεθεὶς
1010 2819 1212 2880 πολλὰς
1251 2820 1351 2890 μὲν
1382 2820 1719 2890 αὐτάνδρους
1751 2817 1904 2888 αἱρεῖ

301 2915 411 2970 τῶν
450 2914 620 2986 νηῶν,
643 2912 798 2977 τινὰς
822 2912 879 2965 δέ
917 2914 1012 2966 καὶ
1042 2911 1315 2983 πυρπολεῖ
1347 2910 1700 2983 δυνατωτάτη
1733 2908 1897 2979 χειρὶ,

301 3013 502 3079 ὀλίγων
564 3009 851 3072 παντελῶς
899 3007 1006 3074 ἐξω
1063 3007 1374 3078 γενομένων
1408 3004 1505 3060 τοῦ
1561 3005 1772 3068 πάθους
1805 3002 1900 3058 καὶ

2002 1901 2189 1972 copias
2215 1901 2401 1955 urbem
2436 1897 2751 1954 obsidentes
2787 1911 3044 1951 reversus
3078 1894 3284 1950 litteras
3319 1894 3373 1949 in
3398 1905 3589 1950 omnes

1999 2005 2205 2067 partes,
2242 1995 2444 2065 quibus
2475 1991 2578 2046 sibi
2617 1989 2903 2045 victoriam
2938 1987 3061 2061 (etsi
3109 1987 3268 2058 falso)
3303 1988 3594 2043 uianit‘este

2001 2097 2308 2159 arrogaret,
2371 2085 2554 2153 dedit;
2589 2086 2986 2157 “classemque,
3041 2101 3208 2158 quam
3265 2079 3330 2139 in
3383 2083 3593 2140 Achaia

2005 2181 2264 2245 habebat,
2307 2180 2375 2236 ad
2408 2195 2468 2237 se
2500 2196 2663 2252 quam
2708 2181 2948 2249 primum
2998 2177 3195 2235 adduci
3244 2179 3424 2250 jubet,
3483 2192 3593 2249 quo

2003 2289 2196 2329 rursus
2226 2272 2675 2328 instructioribus
2698 2271 2871 2344 copiis
2905 2271 3041 2326 mari
3065 2277 3304 2344 pugnam
3337 2287 3597 2328 consere-

2001 2378 2104 2424 ret.
2154 2367 2265 2441 64
2304 2367 2608 2424 Constabat
2636 2367 2726 2422 illa
2775 2384 2896 2422 cum
2928 2367 3071 2422 bello
3103 2366 3245 2438 aptis
3274 2366 3593 2434 biremibus,

1921 2517 1924 2520 .
2004 2471 2113 2518 tum
2144 2462 2414 2517 onerariis
2450 2460 2710 2516 trecentis
2740 2459 3141 2530 quinquaginta
3170 2458 3434 2524 navibus;
3475 2471 3599 2528 quae

2000 2565 2056 2611 et
2107 2554 2257 2609 brevi
2296 2553 2553 2609 secundis
2583 2551 2736 2606 auris
2768 2551 2836 2605 ad
2889 2551 3242 2620 Byridensem
3277 2550 3329 2604 in
3360 2548 3597 2605 Thracia

2001 2652 2222 2715 portum
2255 2643 2557 2713 appellunt.
2598 2643 2960 2712 lmperatoria
2997 2634 3181 2697 autem
3226 2641 3599 2713 scypliouibus

2004 2739 2278 2792 instructa
2329 2735 2545 2802 classis,
2592 2734 2704 2789 illic
2760 2735 2948 2790 hostes
2981 2734 3037 2788 in
3085 2733 3323 2790 statione
3347 2735 3600 2790 incautos

2002 2843 2290 2902 aggressa,
2321 2827 2529 2884 multas
2553 2841 2748 2883 eorum
2777 2840 2942 2882 naves
2965 2841 3089 2881 cum
3123 2826 3258 2896 ipsis
3286 2827 3601 2882 vectoribus

2003 2922 2171 2992 capit,
2203 2921 2340 2978 alias
2377 2920 2425 2973 vi
2460 2919 2700 2975 maxima
2741 2918 3050 2985 comburit;
3083 2933 3271 2989 pauca;
3306 2917 3602 2988 admodum

2002 3015 2144 3071 cladi
2173 3014 2498 3086 superstites
2530 3013 2694 3070 celeri
2731 3012 2857 3084 fuga
2888 3023 3107 3082 portum
3139 3011 3599 3068 Blacbernensem

303 3107 446 3178 πῴς
480 3105 576 3158 τὸν
629 3103 741 3157 τῶν
789 3100 1118 3172 Βλαχερνῶν
1169 3101 1370 3155 κόλπον
1422 3099 1705 3171 καταίρειν
1739 3096 1898 3166 λόγον

2011 3117 2220 3178 petunt,
2264 3107 2314 3162 id
2354 3106 2919 3175 omninosatagentcs
2942 3111 3005 3158 ut
3030 3102 3376 3158 terrestribus
3401 3103 3598 3172 copiis.

301 3197 651 3269 ποιουμένων
706 3195 894 3263 πολὺν,
945 3195 1022 3259 ὼς
1051 3193 1120 3248 διν
1177 3189 1290 3248 εἶεν
1331 3192 1468 3261 ὁμοῦ
1513 3195 1578 3264 τῇ
1614 3193 1758 3244 κατὰ
1796 3189 1900 3261 γῆν

305 3294 543 3364 στρατιᾷ
564 3309 577 3321 ·
610 3289 641 3345 δ
681 3289 776 3344 καὶ
808 3290 1050 3359 γέγονεν.
1079 3286 1163 3340 Τὰ
1212 3285 1308 3357 μὲν
1336 3284 1428 3338 οὖν
1459 3285 1602 3338 κατὰ
1631 3284 1903 3338 θάλατταν

300 3385 496 3439 τοῦτον
537 3384 872 3456 ἐκυϐερνᾶτο
906 3385 1001 3437 καὶ
1054 3379 1324 3450 ηὐθύνετο
1355 3379 1445 3433 τὸν
1491 3377 1695 3451 τρόπον
1718 3394 1731 3407 ’
1762 3375 1902 3430 κατὰ

303 3479 412 3550 γῆν
438 3479 496 3533 δὲ
529 3478 618 3532 ἀεί
669 3493 786 3540 πως
833 3471 1226 3546 ἁκροϐολισμοί
1276 3489 1422 3537 τινες
1455 3473 1520 3526 ἐκ
1553 3469 1754 3542 μέρους
1807 3468 1904 3523 καὶ

303 3573 460 3641 φόνοι
488 3569 760 3640 ἐγένοντο,
801 3568 896 3621 νῦν
929 3568 1030 3638 μὲν
1066 3566 1162 3620 τοῦ
1177 3561 1422 3636 Μιχαὴλ,
1451 3562 1547 3617 νῦν
1575 3563 1631 3618 δὲ
1665 3562 1758 3616 τοῦ
1781 3559 1902 3614 υίοῦ

302 3661 474 3719 αὑτοῦ
531 3659 793 3730 Θεοφίλου
841 3659 1026 3720 αὐτοῖς
1074 3651 1388 3723 ἐπεξιόντος
1437 3653 1578 3726 μετὰ
1620 3651 1904 3709 Ὀλϐιανοῦ

299 3755 393 3830 [Ρ.
425 3755 522 3828 ιιι]
549 3755 644 3808 καὶ
684 3751 1007 3817 Κατάκυλα,
1041 3747 1135 3803 καὶ
1162 3747 1378 3820 πληγάς
1415 3745 1526 3801 ἔσθ’
1562 3746 1651 3800 ὅτε
1683 3745 1906 3816 καιρίας

301 3848 550 3918 διὸρντος
588 3862 647 3897 τε
681 3844 774 3898 καὶ
807 3841 1212 3913 λαμϐάνοντος’
1248 3841 1328 3893 οὺ
1356 3838 1462 3909 μὴν
1499 3836 1714 3910 ἀγῶνές
1760 3853 1906 3900 τινες

301 3940 562 4012 λαμπροὶ
591 3938 688 3992 καὶ
720 3933 962 3991 νεανικοὶ
1011 3935 1076 3988 ἐκ
1106 3931 1470 4005 παρατάξεως
1503 3933 1598 3985 καὶ
1628 3927 1729 4000 τῆς
1758 3929 1907 3998 ἱσορ-

309 4036 487 4107 ρόπου
524 4031 804 4102 δυνάμεως
846 4029 1005 4100 ἔσχον
1029 4027 1090 4082 τὸ
1119 4025 1312 4098 κῦρος,
1356 4025 1452 4080 ἆτε
1487 4023 1554 4095 δὴ
1584 4022 1767 4094 πολλῷ
1813 4019 1909 4078 τοῦ

303 4125 536 4198 Μιχαὴλ
561 4121 960 4194 ἐλαττουμένου
1011 4121 1106 4175 καὶ
1144 4118 1221 4191 μὴ
1259 4117 1414 4192 ,προς
1444 4115 1543 4188 τὴν
1573 4115 1784 4168 ἐκείνου
1819 4111 1911 4165 εὖ.

303 4220 485 4287 ζωνόν
521 4235 583 4273 τε
638 4217 732 4270 καὶ
762 4215 996 4288 ἱππικὴν
1032 4213 1296 4288 στρατιάν
1350 4208 1777 4266 ἀντιτάσσεσθαι
1820 4206 1910 4262 δυο

304 4315 583 4384 ναμένου.

384 4405 478 4469 ιζ’.
525 4404 616 4457 Ἐν
638 4400 852 4463 τούτοις
874 4397 968 4454 οὖν
996 4399 1165 4453 ὄντων
1188 4397 1392 4463 αὐτῶν,
1423 4395 1729 4469 Μορτάγων
1761 4395 1789 4450 ό
1805 4393 1914 4450 τῶν

2005 3201 2151 3272 quod
2211 3209 2266 3254 et
2327 3199 2400 3254 ita
2451 3199 2699 3270 contigit,
2751 3198 3131 3268 iungerentur.
3186 3197 3278 3253 Sic
3325 3213 3411 3254 res
3465 3198 3605 3254 mari

2006 3291 2320 3361 gerebatur,
2356 3288 2612 3358 felicique
2652 3288 2788 3344 adeo
2835 3288 3009 3342 exitu.
3043 3287 3212 3344 Terra
3249 3304 3377 3342 vero
3423 3288 3604 3346 conti-

2007 3399 2131 3440 nua:
2172 3397 2340 3454 prope
2387 3379 2664 3452 sigillatim
2715 3386 2873 3434 erant
2917 3371 3261 3433 velitatioues
3315 3379 3606 3449 caadesque

2005 3475 2333 3537 edebantur,
2385 3472 2548 3527 modo
2581 3469 2872 3537 Michaele,
2909 3469 3073 3524 modo
3120 3468 3240 3538 ejus
3271 3467 3382 3524 ﬁlio
3416 3468 3604 3527 Theo-

2007 3569 2158 3642 pbilo
2209 3565 2609 3642 cuvalbiano
2660 3573 2714 3621 ct
2749 3564 3008 3636 Catacyla
3069 3563 3333 3624 adversus
3390 3564 3606 3621 hostem

2007 3678 2140 3719 suos
2191 3662 2478 3718 cducente.
2529 3658 2734 3730 Horum
2793 3657 3108 3728 praeliorum
3166 3657 3352 3712 varius
3401 3657 3603 3720 exitus,

2005 3757 2261 3826 dataeque
2317 3761 2372 3810 et
2436 3761 2671 3822 acceptae
2735 3766 2896 3821 aequo
2942 3765 3080 3820 pene
3127 3758 3304 3808 marte
3373 3750 3609 3820 subinde

2003 3858 2244 3919 strages.
2304 3847 2465 3904 Iusta
2520 3855 2702 3900 tamen
2759 3858 2939 3914 pugna
2974 3857 3259 3913 nunquam
3314 3850 3604 3906 certatum,

2011 3955 2078 3998 eo
2107 3941 2254 4011 quod
2285 3939 2582 4010 imperator
2629 3951 2757 3994 cum
2790 3936 2969 3999 hoste,
3002 3935 3163 4006 cujus
3193 3945 3379 4008 essent
3412 3949 3608 3990 nume-

2012 4034 2257 4090 rosiores
2318 4032 2694 4102 expeditaeque
2763 4045 2829 4086 ac
2891 4036 3182 4099 equestres
3245 4027 3440 4097 copim,
3490 4025 3608 4092 ,ιιιιὶ

2015 4123 2274 4196 congredi
2313 4139 2420 4178 non
2458 4130 2666 4194 posset.

2093 4388 2184 4443 17.
2217 4389 2294 4444 Eo
2341 4400 2525 4440 rerum
2580 4392 2753 4448 statu,
2792 4381 3076 4451 Mortagon
3106 4373 3467 4452 Bulgarorum
3504 4339 3608 4434 iiu-

304 4497 656 4568 Βουλγάρων
685 4494 938 4564 βασιλεὺς
971 4491 1086 4561 (καὶ
1118 4491 1227 4562 γὰρ
1253 4489 1488 4558 Ξρθασεν
1513 4491 1546 4560 ἡ
1582 4491 1737 4561 φήμη
1756 4489 1903 4562 ⁸κατὰ

2023 4491 2265 4554 perator,
2303 4479 2446 4534 fama
2488 4477 2723 4542 excitus,
2751 4490 2873 4545 qua:
2900 4475 3011 4544 jam
3054 4482 3231 4528 totum
3263 4471 3449 4527 orbem
3485 4488 3611 4546 per-

301 4595 416 4664 τὴν
445 4588 786 4660 οἰκουμένην
826 4584 917 4638 τὸν
950 4583 1178 4656 βασιλέα
1225 4581 1335 4635 τῶν
1379 4580 1665 4650 Ῥωμαίων
1698 4581 1913 4650 πολιορ-

307 4686 592 4754 κούμενον
653 4678 1071 4750 διαγγέλλουσα)
1129 4676 1308 4749 λάθρα
1367 4672 1518 4737 τινὰς
1580 4675 1636 4736 ἐς
1691 4672 1914 4742 βασιλέα

313 4779 551 4851 πέμψας
584 4773 970 4842 ἐξαποστεῖλαι
1029 4769 1322 4841 αὐτομάτῳ
1351 4763 1545 4837 γνώμῃ
1597 4763 1916 4835 συμμαχίαν

310 4869 754 4939 καθυπισχνείτο
804 4864 894 4916 καὶ
935 4859 1188 4932 βοήθειαν
1216 4857 1366 4930 αὐτῷ
1399 4855 1496 4928 τὴν
1528 4852 1810 4926 ἀρκοῦσαν
1841 4854 1922 4908 δι·

310 4964 475 5018 δόναι
506 4955 911 5028 καθωμολόγει.
951 4951 1090 5007 Ἀλλ’
1115 4953 1142 5005 ὃ
1170 4969 1234 5020 γε
1264 4946 1509 5021 Μιχαὴλ,
1557 4949 1668 5002 εἴτε
1695 4949 1761 5020 τῇ
1793 4945 1924 5018 ἁλη-

314 5056 451 5128 θείᾳ
476 5055 542 5108 τὸ
573 5051 687 5105 τῶν
718 5047 1006 5120 ὁμοφύλων
1038 5044 1242 5114 πλῆθος
1283 5042 1714 5115 καταιδούμενος
1741 5061 1802 5098 τε
1830 5047 1926 5099 καὶ

316 5148 516 5213 ἐλεῶν,
550 5147 664 5200 εἴτε
696 5143 790 5197 καὶ
809 5140 1115 5213 χρημάτων
1151 5137 1469 5207 φειδόμενος
1497 5137 1784 5207 (ἐτύγχανε
1815 5136 1925 5210 γὰρ

319 5243 426 5298 ἐπὶ
453 5241 590 5298 πολὺ
617 5239 718 5303 τὰς
743 5239 934 5308 χεῖρας
961 5233 1068 5287 τῶν
1105 5231 1284 5286 ἄλλων
1311 5230 1578 5301 βασιλέων
1610 5230 1700 5298 ὑφ’
1728 5232 1923 5286 ἑαυτὸν

319 5335 472 5406 ἔχων
500 5336 565 5387 ἐκ
597 5329 936 5403 φειδωλίας),
965 5326 1062 5398 τὴν
1087 5325 1185 5398 μὲν
1213 5323 1438 5393 γνώμην
1464 5324 1618 5392 ἠξίου
1651 5323 1925 5395 ἀποδοχῆς

315 5430 548 5495 τούτου,
579 5426 884 5499 παρῃτεῖτο
904 5420 1081 5492 δὲτὴν
1113 5417 1276 5473 αὑτοῦ
1306 5415 1582 5487 βοήθειαν,
1626 5417 1720 5470 καὶ
1751 5417 1851 5469 οὐκ
1875 5415 1929 5469 ετ

319 5541 379 5578 τι
406 5523 623 5592 γένοιτο
657 5518 808 5588 παρὰ
839 5502 934 5567 τοῦ
968 5512 1300 5574 ἁποστάτου,
1335 5508 1623 5578 βούλεσθαι
1667 5507 1768 5580 τὴν
1801 5510 1926 5562 ἐπι-

215 5683 222 5686 _
322 5619 564 5689 τεο-..ρίαν
599 5611 749 5683 αὑτῴ
780 5607 1148 5678 κατεμήνυεν.
1196 5604 1336 5656 Ἀλλ’
1361 5603 1390 5656 ὃ
1419 5621 1480 5672 γε
1505 5605 1814 5675 Μορτάγων
1833 5603 1928 5658 καὶ

2026 4585 2266 4644 vaserat,
2340 4574 2712 4630 Romanorum
2781 4571 3167 4638 imperatorem
3219 4566 3364 4620 intra
3425 4579 3611 4622 muros

2027 4673 2316 4728 obsessum
2347 4666 2543 4730 teneri,
2583 4665 2754 4720 misso
2790 4662 2929 4717 clam
2963 4659 3031 4715 ad
3058 4657 3378 4714 Michaelem
3419 4659 3612 4714 nuntio

2027 4764 2172 4818 ultro
2227 4779 2287 4819 se
2348 4758 2551 4816 auxilia
2603 4756 2900 4812 missurum
2957 4752 3246 4823 pollicetur
3303 4765 3368 4806 ac
3423 4750 3611 4822 copias

2024 4863 2244 4928 quanta:
2295 4855 2562 4909 adversus
2612 4850 2830 4912 hostem
2880 4845 3213 4903 suilicerent.
3246 4845 3315 4900 At
3348 4843 3456 4916 65
3498 4844 3607 4911 illc,

2024 4952 2140 5010 sive
2197 4943 2388 5004 revera
2444 4942 2843 5010 Romanorum,
2887 4939 2942 4994 in
2982 4937 3207 4994 Thorme
3269 4935 3466 4992 castris
3505 4935 3611 5002 mi-

2025 5040 2326 5106 litantium,
2353 5035 2660 5094 reverentia
2709 5033 2876 5104 inque
2934 5047 3028 5088 eos
3080 5029 3452 5088 miseratione,
3497 5014 3613 5081 sive

2026 5135 2164 5192 alias
2216 5130 2550 5204 parcendum
2598 5124 2912 5196 sumptibus
2942 5123 3180 5178 ducebat
3225 5115 3431 5190 (nullus
3465 5116 3610 5172 enim

2033 5241 2276 5296 unquam
2321 5225 2714 5292 imperatorum
2761 5218 2856 5272 illo
2892 5215 2998 5270 fuit
3030 5208 3359 5279 sordidior),
3393 5206 3613 5263 laudato

2033 5318 2254 5390 Bulgari
2301 5315 2580 5388 proposito
2614 5311 2816 5368 auxilia
2866 5305 3160 5371 recusavit,
3203 5319 3305 5358 nec
3347 5301 3614 5373 quidquid

2033 5414 2254 5468 demum
2287 5420 2550 5481 tyrannus
2588 5401 2922 5475 praestiterit,
2955 5397 3039 5479 eis
3095 5411 3155 5451 se
3185 5411 3412 5451 usurum
3443 5390 3614 5464 signi-

2037 5503 2238 5560 ﬁcavit.
2266 5501 2547 5570 Mortagon
2577 5507 2781 5560 tamen,
2817 5499 2876 5546 ut
2916 5489 3012 5561 qui
3043 5487 3248 5562 alioqui
3276 5487 3434 5544 bellis
3471 5499 3614 5557 pra:-

2033 5599 2214 5668 daque
2272 5611 2336 5651 ac
2380 5592 2570 5664 spoliis
2625 5588 2910 5660 gauderet,
2974 5582 3264 5652 foedusque
3316 5579 3616 5636 tricennate

1651 5718 1884 5776 VARUE
1928 5712 2338 5773 LECTlO-NES.

446 5804 491 5836 ⁸³
526 5804 618 5859 alii
654 5796 938 5872 137.9650“.
971 5809 1160 5864 margo
1211 5791 1458 5849 Combel.
