4038 6214
305 374 359 436 81
1310 372 1458 436 LIB.
1495 373 1580 434 II.
1620 398 1666 409 σε
1719 373 2063 435 MICHAEL
2101 375 2597 442 AMORIENSIS.
3505 384 3576 445 82

304 493 384 561 δῆς
409 488 659 559 ἔφευρών
676 490 938 561 συνῆλθεν
975 490 1055 555 είς
1097 492 1298 564 χειρῶν
1326 494 1574 566 δύναμιν,
1599 498 1778 567 κρῖναι
1813 496 1873 550 τὸ

1991 494 2253 551 sustinere
2296 508 2586 567 paratum;
2616 500 2970 570 quamobrem
3018 500 3233 557 collatis
3276 499 3446 573 signis
3477 504 3576 554 de-

304 586 397 639 πᾶν
426 582 737 653 βουληθείς.
767 583 937 637 Ἔνθα
972 583 1038 656 δὴ
1068 585 1163 639 καί¹
1208 592 1737 661 καταστρατηγῆσαι
1785 590 1875 643 τὸν

314 673 510 745 βασιλέα
540 673 875 744 βουλόμενος
897 676 1060 738 αὐτὸς
1089 679 1155 748 τῇ
1185 677 1383 732 ἑαυτοῦ
1410 685 1877 753 καταστρατηγεῖ-

318 765 562 835 ταιβουλῇ
595 766 694 819 καὶ
731 765 828 819 τοῦ
885 767 1086 830 παντὸς
1135 768 1500 840 διαμαρτάνει
1549 771 1778 826 σκοποῦ.
1815 770 1874 825 '0

326 858 405 928 μὲν
426 858 526 929 γὰρ
558 859 683 929 ἅμα
729 858 808 929 τῷ
842 861 1185 932 συρραγῆναι
1213 862 1304 915 τὸν
1336 862 1578 934 πόλεμον
1621 865 1767 918 νῶτα
1799 865 1874 918 διο

323 951 437 1003 δόναι
467 949 545 1021 τῷ
572 949 790 1019 βασιλεῖ
812 950 1119 1017 ἐκέλευσεν,
1155 952 1215 1004 οὐ
1245 952 1347 1021 τὴν
1372 952 1481 1005 τῶν
1525 954 1721 1006 ἑαυτοῦ
1780 954 1875 1007 δυ-

323 1042 507 1111 νάμεων
527 1041 758 1112 γνώμην
782 1041 1085 1107 κατανοῶν,
1108 1041 1414 1114 ἀνθρώπων
1435 1042 1671 1098 ἔκπαλαι
1688 1062 1877 1114 γυναι-

316 1134 403 1189 κῶν
426 1133 524 1188 καὶ
542 1133 751 1187 τέκνων
778 1133 1155 1205 στερουμένων
1180 1133 1249 1189 δι’
1273 1134 1437 1189 αὐτὸν
1454 1134 1673 1201 καὶτὰς
1688 1139 1876 1210 χεῖρας

308 1227 370 1298 τῷ
420 1224 698 1296 ἀδελφικῷ
750 1225 935 1298 λύθρῳ
997 1227 1510 1297 καταμιαινόντωνο
1556 1231 1606 1283 οἳ
1655 1235 1878 1301 ταχεῖαν

307 1319 512 1373 ὶσεσθαι
543 1320 639 1371 καὶ
665 1319 767 1372 οὐκ
812 1319 895 1382 είς
931 1319 1192 1373 τοσοῦτον
1230 1321 1425 1391 χρόνον
1454 1323 1753 1394 ἐκταθῆναι
1780 1324 1879 1396 τὴν

307 1414 473 1467 αὐτῶν
500 1414 559 1465 ὲν
590 1414 705 1475 τοῖς
733 1411 1024 1482 ὑπαίθροις
1056 1411 1346 1485 διατριϐὴν
1399 1416 1879 1487 προσδοκήσαντες

305 1505 430 1577 πρὸς
476 1506 588 1559 πᾶν
641 1506 742 1575 μὲν
774 1499 916 1574 ἦσαν
946 1503 1071 1559 κατ’
1102 1506 1280 1578 ἀρχὰς
1330 1507 1624 1573 εὐπειθεῖς,
1670 1510 1790 1563 ἐπεὶ
1823 1511 1880 1564 δὲ

308 1600 390 1651 καί
415 1600 444 1651 ὁ
466 1598 659 1669 χρόνος
677 1594 781 1668 ήδη
806 1614 909 1651 που
934 1598 1220 1664 ὲξετέτατο
1243 1600 1449 1671 (τρίτος
1472 1602 1580 1673 γὰρ
1602 1603 1880 1676 ἐξηνύετο)

307 1688 390 1742 καὶ
418 1686 703 1751 ἀνηνύτοις
724 1689 790 1741 ὲκ
810 1687 922 1741 τῶν
941 1688 1065 1743 καθ’
1092 1688 1308 1761 ἡμέραν
1334 1692 1637 1762 γινομένων
1661 1692 1882 1747 ἐδόκουν

304 1782 620 1850 ἰπιχειρεῖν,
663 1777 856 1849 ἀνδρὸς
907 1778 1022 1842 ἑνὸς
1072 1779 1340 1853 ἐπιθυμίᾳ
1380 1782 1473 1835 καὶ
1505 1783 1734 1855 ἀπονοίᾳ
1760 1785 1880 1837 δου-

304 1872 561 1936 λεύοντες,
593 1871 897 1943 τηνικαῦτα
918 1873 980 1926 τὸ
1016 1873 1311 1928 κελευσθὲν
1356 1874 1431 1937 ὡς
1452 1876 1683 1947 ἕρμαιόν
1704 1895 1757 1931 τι
1784 1878 1879 1933 λα-

305 1964 481 2027 ὀόντες
507 1964 609 2034 οὐχ
632 1965 822 2035 ὥσπερ
853 1965 1062 2028 ἐκεῖνος
1091 1964 1346 2020 ἐϐούλετο
1368 1965 1567 2038 ἑξεπλή
1577 1984 1720 2038 ρουν,
1742 1969 1881 2023 ἀλλὰ

303 2058 374 2120 ὡς
403 2058 586 2121 αὑτοῖς
611 2057 780 2111 ἐδόκει
806 2056 992 2114 καλόν.
1029 2058 1087 2111 Ὀ
1118 2058 1217 2128 μὲν
1245 2058 1354 2131 γὰρ
1396 2059 1642 2127 ἐγκλῖναι
1671 2061 1882 2127 τούτοις

306 2152 385 2213 είς
407 2149 661 2203 τοσοῦτον
685 2149 988 2221 ἐπέτρεπεν
1016 2151 1141 2204 ὅσον
1168 2152 1270 2221 τὴν
1287 2151 1381 2204 τοῦ
1401 2151 1667 2222 βασιλέως
1696 2156 1880 2229 παρά-

307 2240 462 2308 ταξιν
522 2239 762 2295 διαλῦσαι
795 2243 892 2295 καὶ
937 2241 1097 2307 αὗθις
1124 2242 1465 2314 ὑποστρέψαι
1500 2245 1745 2318 στερρῶς
1786 2266 1883 2317 φοι

302 2335 554 2397 νεύοντας
573 2352 587 2365 ·
619 2334 703 2407 [Ρ.
728 2333 822 2406 43]
850 2335 900 2388 οἱ
929 2334 983 2387 δὲ
1007 2334 1199 2406 κόσμῳ
1225 2336 1321 2390 καὶ⁵
1350 2341 1586 2410 τακτικῇ
1620 2340 1884 2414 ἐμπειρίᾳ

295 2428 391 2499 τήν
412 2426 505 2481 τοῦ
538 2427 804 2499 βασιλέως
836 2427 1096 2497 στρατιὰν
1132 2430 1366 2482 κατόπιν
1389 2430 1641 2494 θέουσαν,
1667 2435 1762 2485 καὶ
1783 2434 1882 2504 οὐχ

293 2523 367 2584 ὡς
397 2520 553 2591 ᾠήθη
579 2519 913 2583 εὐδιαλύτως
941 2521 1005 2585 ⁵9,
1046 2520 1249 2584 ειδότες
1282 2522 1678 2595 ἀσχηματίστῳ
1706 2524 1884 2595 χρῶν-

293 2620 381 2667 ται
424 2615 596 2682 φυγῇ.
652 2614 747 2666 καὶ
793 2612 953 2675 ἄλλος
994 2612 1132 2685 ἄλλῃ
1165 2613 1514 2668 διεσκέδαστό
1545 2632 1606 2669 τε
1651 2616 1747 2669 καὶ
1803 2618 1883 2671 δι-

288 2705 700 2776 cpio-110.11?
724 2706 774 2758 οἱ
805 2706 907 2776 μὲν
937 2704 1107 2768 ἄλλοι,
1143 2706 1239 2759 νῦν
1280 2706 1380 2776 μὲν
1407 2707 1576 2777 ὀλίγοι
1600 2708 1696 2762 καὶ
1724 2704 1884 2775 αὖθις

288 2799 494 2868 ἕτεροι,
522 2798 602 2868 τῷ
639 2798 852 2868 βασιλεῖ
881 2799 1264 2869 προσχωροῦσι
1296 2800 1390 2852 καί
1420 2799 1884 2870 καθομο).ογοῦσιν

286 2890 441 2961 αύτῷ
464 2908 479 2923 ι
516 2890 680 2954 αὐτὸς
704 2891 764 2945 δὲ
820 2891 918 2945 σὺν
948 2891 1153 2960 ὀλίγοις
1198 2891 1312 2946 τισὶ
1341 2893 1480 2964 πρὸς
1509 2894 1610 2964 τὴν
1670 2895 1885 2966 ’Δδρια-

287 2983 551 3039 νούπολιν
578 2984 814 3049 σώζεται
863 2985 1090 3039 κάκεῖσε
1115 2986 1216 3055 τῆς
1242 2986 1425 3056 φυγῆς
1452 2988 1694 3043 ἵσταται.
1736 2988 1797 3043 ’0
1825 2989 1882 3044 δέ

287 3092 355 3144 γε
394 3075 588 3130 τούτου
627 3076 781 3139 νόθος
808 3094 871 3129 τε
901 3076 994 3130 καὶ
1015 3076 1448 3148 παρέγγραπτος
1478 3079 1595 3143 υίὸς
1631 3080 1885 3136 ’Δναστά-

1980 589 2318 644 cernendum
2370 592 2580 646 statuit.
2643 592 2937 664 Tyrannus
2998 611 3123 649 cum
3188 602 3577 662 stratagemate

1980 680 2367 749 imperatorem
2424 684 2587 739 vellet
2636 685 2905 755 decipere,
2939 689 3129 742 eodem
3162 689 3278 757 ipse
3307 684 3578 755 decipitur

1981 782 2038 826 et
2080 772 2148 826 ab
2197 788 2366 845 scopo
2407 791 2634 845 prorsus
2665 777 2904 832 aberrat.
2945 776 3105 834 Jubet
3154 779 3414 833 nimirum
3447 792 3577 831 suos

1981 864 2162 934 primo
2223 881 2521 935 congressu
2580 878 2729 938 terga
2787 869 3102 940 imperatori
3167 870 3319 935 dare,
3382 884 3575 938 parum

1979 957 2290 1026 intelligens
2330 974 2436 1029 qua
2486 960 2559 1013 illi
2619 961 2671 1014 in
2724 976 2850 1015 eum
2900 970 3083 1015 mente
3134 960 3310 1016 affecti
3364 950 3599 1016 essent?

1978 1046 2082 1099 viri
2138 1046 2347 1101 scilicet
2397 1048 2515 1118 ejus
2561 1047 2891 1120 jampridem
2932 1066 3098 1106 causa
3134 1050 3319 1105 liberis
3355 1060 3407 1105 et
3438 1064 3576 1104 uxo-

1979 1139 2139 1194 ribus
2189 1139 2413 1209 privati,
2446 1150 2504 1195 ut
2555 1140 2797 1196 fraterno
2845 1156 3042 1198 cruore
3089 1141 3311 1198 dextras
3364 1141 3577 1210 pollue-

1981 1240 2145 1296 rent;
2175 1231 2266 1300 qui
2304 1231 2463 1285 initio
2497 1231 2741 1299 quidem.
2769 1248 2892 1287 cum
2924 1234 3144 1287 brevem
3173 1232 3575 1302 expeditionem

1984 1321 2102 1376 fore
2144 1337 2245 1376 nec
2294 1338 2352 1377 se
2389 1325 2575 1378 tandiu
2626 1324 2730 1379 sub
2781 1325 2873 1379 dio
2931 1334 3241 1379 moraturos
3292 1339 3416 1379 esse
3448 1338 3577 1393 spe-

1984 1422 2219 1475 rassent,
2278 1414 2344 1466 ad
2380 1413 2563 1467 omnia
2590 1428 2651 1468 se
2679 1414 3045 1483 obsequentes
3072 1415 3437 1484 praebuerant.
3470 1408 3574 1469 Ubi

1983 1514 2163 1557 autem
2216 1502 2329 1575 jam
2365 1511 2581 1574 tempus
2618 1505 2963 1570 trahebatur,
2994 1506 3195 1577 quippe
3233 1521 3357 1561 cum
3400 1520 3579 1560 annus

1980 1592 2091 1663 jam
2131 1596 2327 1650 tertius
2371 1594 2644 1661 ﬂuxisset,
2683 1612 2859 1667 exque
2888 1597 3207 1666 antidiana
3238 1596 3578 1666 experientia

1983 1703 2047 1743 ea
2096 1702 2157 1742 se
2205 1694 2416 1742 tentare
2441 1687 2750 1758 [senserant
2790 1704 2911 1759 qua:
2960 1688 3111 1744 nullo
3163 1688 3370 1743 absolvi
3428 1688 3576 1744 exitu

1986 1790 2235 1851 possent,
2268 1781 2398 1836 dum
2446 1783 2612 1839 unius
2662 1783 2761 1837 viri
2813 1782 3024 1837 libidini
3058 1783 3431 1843 acdemcntia:
3462 1796 3579 1837 ser-

1984 1875 2186 1938 virent,
2217 1875 2438 1929 tandem
2489 1874 2545 1929 id
2575 1875 2717 1945 quod
2762 1876 2900 1946 ipsis
2934 1876 3261 1947 imperatum
3315 1885 3454 1938 erat.
3488 1875 3577 1932 in-

1982 1968 2184 2039 sperati
2215 1969 2352 2024 lucri
2386 1968 2510 2022 loco
2542 1969 2897 2039 accipientes,
2929 1984 3037 2024 non
3094 1985 3159 2025 ex
3208 1970 3354 2024 illius
3394 1977 3579 2025 mente

1983 2060 2077 2115 sed
2130 2075 2197 2114 ex
2254 2059 2371 2114 suis
2417 2058 2662 2129 ipsorum
2723 2059 3033 2115 rationibus
3082 2060 3420 2130 implendum
3468 2059 3573 2114 sibi

1982 2159 2266 2221 putavere.
2302 2148 2504 2221 Nempe
2549 2151 2690 2221 jussi
2723 2161 2879 2207 erant
2907 2158 2967 2207 ut
2997 2152 3266 2221 tantisper
3297 2150 3574 2215 cederent.

1982 2241 2115 2296 dum
2167 2240 2315 2311 regia
2357 2242 2506 2296 acies
2560 2241 2899 2312 insequendo
2944 2244 3165 2298 ordines
3217 2244 3473 2308 solveret,
3508 2260 3575 2299 ac

1983 2343 2101 2388 tum
2167 2335 2381 2389 demum
2455 2335 2705 2389 conversi
2769 2336 2954 2390 hostes
3014 2334 3230 2390 fortiter
3280 2336 3573 2390 caaderent.

1985 2427 2186 2482 Verum
2231 2427 2307 2481 illi
2337 2425 2468 2481 dum
2504 2426 2805 2497 composite
2835 2443 3011 2498 exque
3054 2426 3248 2483 bellica
3284 2438 3418 2495 arte,
3468 2444 3577 2482 non

1986 2527 2193 2574 temere
2260 2519 2458 2574 solutis
2517 2519 2828 2585 ordinibus,
2882 2529 2941 2574 ut
2999 2520 3114 2590 ipse
3171 2529 3477 2590 putaverat,
3546 2537 3577 2574 a

1988 2620 2139 2681 tergo
2187 2611 2488 2666 irruentem
2541 2611 2947 2681 imperatoriam
2985 2612 3098 2684 68
3143 2614 3316 2668 aciem
3370 2613 3576 2675 vident.

1983 2717 2172 2757 veram
2228 2703 2406 2773 reipsa
2437 2701 2685 2773 nihilque
2706 2703 3027 2760 simulantes
3052 2713 3349 2775 capessunt
3370 2703 3577 2776 fugam;

1986 2796 2191 2865 aliique
2238 2795 2349 2851 alio
2400 2795 2651 2866 dissipati
2712 2810 2774 2850 ac
2825 2795 3153 2863 dilahentcs,
3188 2796 3351 2852 modo
3396 2797 3579 2867 pauci.

1984 2888 2150 2944 modo
2217 2888 2424 2960 plures,
2458 2886 2526 2943 ad
2580 2887 2973 2957 imperatorem
3032 2888 3361 2960 confugiunt
3414 2904 3581 2959 seque

1986 2978 2066 3033 illi
2125 2988 2477 3034 sacramento
2527 2979 2861 3048 astringunt.
2893 2977 3185 3050 Tyrannus
3236 2995 3359 3035 cum
3393 2980 3581 3051 paucis

1984 3070 2313 3141 quibusdam
2360 3069 2770 3140 Adrianopolim
2792 3111 2807 3136 ,
2840 3070 3025 3126 evadit
3060 3072 3353 3127 incolumis
3396 3072 3584 3143 ibique

286 3185 408 3231 σιος
432 3167 533 3222 τοῦ
558 3169 661 3236 τῆς
716 3167 897 3239 Βύζης
962 3167 1182 3237 φεύγων
1214 3168 1652 3239 ὲπιλαμδάνεται
1694 3172 1881 3225 πτολί-

1991 3161 2171 3233 fugam
2223 3162 2408 3217 sistit:
2438 3161 2561 3232 ejus
2598 3177 2731 3217 vero
2779 3162 2984 3217 nothus
3032 3179 3096 3219 ac
3140 3164 3391 3221 facticius
3437 3164 3582 3220 illius

284 3276 525 3328 σματος.
556 3260 669 3313 Καὶ
698 3259 758 3312 ού
792 3259 934 3313 κατὰ
964 3257 1157 3329 τύχην,
1180 3252 1352 3327 οἶμαι,
1386 3258 1528 3312 κατὰ
1546 3260 1603 3314 δὲ
1628 3262 1886 3333 πρόνοιάν

283 3369 434 3414 τινα,
462 3351 532 3404 ἵν’
560 3350 796 3416 ἕκαστος
822 3352 1031 3405 τούτων
1061 3352 1198 3424 πρὸς
1220 3351 1414 3406 ἑαυτὸν
1432 3353 1644 3406 ἑλκύων
1671 3352 1770 3426 τὴν
1791 3355 1887 3411 τοῦ

284 3443 565 3511 βασιλέως
609 3443 936 3516 προσεδρίαν
986 3443 1069 3515 τῷ
1096 3444 1270 3517 ἑτέρῳ
1303 3445 1438 3500 διδοί
1466 3446 1656 3502 ἄνεσίν
1681 3465 1743 3502 τε
1792 3450 1890 3505 καί⁸

283 3536 491 3607 καιρὸν
528 3539 612 3601 είς
638 3536 736 3607 τὴν
761 3539 1071 3609 προνομήν.

334 3715 453 3769 .ιθ¹.
502 3714 645 3769 ’Δλλ’
675 3716 704 3768 ὅ
734 3732 795 3784 γε
836 3715 1091 3787 βασιλεὺς
1110 3720 1174 3772 ὲκ
1204 3720 1362 3785 ποδὸς
1382 3722 1595 3788 τούτοις
1624 3724 1890 3796 ἑπόμενος

282 3807 520 3879 πρῶτον
566 3807 713 3875 ἐγνω
736 3808 825 3861 τὸν
860 3808 1064 3879 Θωμᾶν
1093 3810 1407 3883 πολιορκεῖν
1434 3816 1528 3869 καὶ
1555 3816 1654 3888 τὴν
1683 3834 1889 3888 προγε-

280 3902 611 3973 γενημένην
641 3904 723 3966 είς
749 3902 913 3955 αὐτὸν
945 3904 1239 3959 ἀποδοῦναι
1276 3907 1454 3979 τούτῳ
1483 3911 1695 3981 ποινήν.
1726 3910 1893 3965 Ὅθεν

280 3992 499 4060 ἐπάγει
528 3993 677 4064 αὐτῷ
711 3994 1050 4066 πολιορκίαν,
1082 3997 1143 4050 ού
1165 3996 1254 4051 διὰ
1294 4001 1762 4073 μηχανημάτωνῆ
1794 4002 1892 4055 ἄλ-

279 4087 407 4139 λων
440 4087 612 4140 τινῶν
652 4088 972 4153 σπουδάζων
1001 4090 1163 4143 αὐτὸν
1213 4091 1486 4156 καθελεῖν,
1522 4094 1639 4164 ἅμα
1670 4094 1770 4162 μὲν
1801 4094 1894 4149 τὸν

278 4178 571 4247 ἐμφύλιον
599 4178 1016 4250 ἀποδιδράσκων
1064 4183 1324 4253 πόλεμον,
1360 4183 1476 4255 ἅμα
1502 4185 1561 4239 δὲ
1583 4185 1660 4257 τῷ
1691 4186 1737 4219 ⁷⁸
1767 4186 1896 4252 τοὺς

276 4271 388 4339 τὴν
402 4269 648 4324 Σκυθίαν
673 4273 960 4337 οἰκοῦντας
981 4273 1090 4328 τῶν
1112 4276 1369 4330 τοιούτων
1392 4277 1709 4349 ἀμαθήτους
1723 4296 1896 4333 κατασ

278 4362 519 4417 σκευῶν
583 4363 873 4433 βούλεσθαι
902 4365 1201 4437 διαμένειν,
1238 4368 1375 4423 ἀλλὰ
1396 4369 1543 4441 λιμῷ
1563 4369 1659 4425 καὶ
1681 4371 1897 4444 ἀνάγκῃ

274 4456 403 4509 τῶν
431 4456 787 4528 ἐπιτηδείων,
820 4455 902 4523 οἷς
942 4460 1000 4515 ὲν
1031 4459 1225 4514 σπάνει
1280 4461 1378 4514 καὶ
1424 4462 1604 4535 ἐνδείᾳ
1652 4464 1768 4517 ἀλλ’
1797 4464 1898 4518 οὐκ

1989 3252 2317 3309 Anastasius
2363 3268 2429 3308 ex
2464 3252 2593 3321 fuga
2628 3252 2783 3324 Byza:
2829 3263 3070 3309 castrum
3115 3265 3367 3326 occupat.
3400 3255 3584 3328 Neque

1991 3347 2043 3401 id
2092 3361 2249 3411 casu,
2299 3344 2395 3401 sed
2443 3354 2594 3401 certa
2627 3342 2722 3400 Dei
2756 3345 3095 3416 providentia
3133 3346 3341 3401 factum
3388 3349 3583 3405 existi-

1989 3455 2155 3505 mem,
2194 3447 2256 3494 ut
2296 3440 2448 3509 ;dum
2510 3438 2747 3510 quisque
2801 3438 3019 3493 illorum
3070 3440 3452 3511 imperatorem
3511 3444 3580 3497 ad

1988 3532 2351 3590 obsidendum
2405 3531 2591 3601 trahit,
2639 3532 2795 3588 alteri
2834 3532 3081 3589 inducias
3114 3544 3435 3606 tempusque
3484 3550 3581 3606 pa-

1991 3626 2216 3683 bulandi
2267 3626 2559 3697 praeberet.

2065 3721 2154 3775 19.
2195 3718 2370 3778 Porro
2421 3721 2721 3791 imperator
2755 3735 2786 3776 e
2830 3720 3062 3792 vestigio
3119 3720 3246 3778 illos
3295 3720 3583 3778 insecutus

1992 3813 2231 3882 primum
2261 3811 2533 3868 Thomam
2586 3813 2950 3870 obsidendum
2980 3829 3043 3870 ac
3075 3813 3339 3870 vicariam
3387 3816 3437 3872 ei
3464 3830 3584 3889 pm-

1994 3921 2121 3960 nam
2178 3905 2511 3961 reddendam
2560 3906 2870 3961 constituit.
2937 3904 3166 3962 Obsidet
3202 3916 3411 3976 autem,
3468 3922 3582 3964 non

1997 3999 2305 4063 machinas,
2346 4015 2456 4055 non
2486 4007 2761 4054 tormenta
2794 3999 3086 4066 adhibens,
3118 4007 3234 4053 tum
3272 3999 3419 4068 quod
3455 3998 3585 4055 belli

1996 4090 2174 4145 civilis
2195 4091 2396 4145 damna
2430 4092 2606 4145 vitare
2638 4099 2885 4161 cuperet,
2941 4100 3056 4146 tum
3089 4090 3237 4163 quod
3270 4092 3481 4146 vicinos
3505 4092 3582 4146 illi

1999 4180 2209 4237 civitati
2266 4181 2502 4253 Scythas
2551 4196 2617 4237 ea
2672 4184 3042 4239 instrumenta
3094 4185 3293 4240 docere
3337 4184 3589 4250 nolebat,

1998 4275 2202 4348 quibus
2227 4274 2393 4331 urbes
2415 4275 2718 4345 expugnari
2749 4276 2932 4332 solent
2957 4294 2971 4331 :
2992 4276 3085 4332 sed
3113 4275 3255 4332 fame
3290 4292 3585 4347 rerumque

2003 4369 2073 4424 ad
2103 4367 2311 4424 victum
2370 4365 2813 4423 necessariarum
2848 4368 3100 4438 penuria,
3132 4384 3258 4423 raro
3285 4368 3338 4423 in
3365 4368 3586 4425 civitate

2001 4467 2314 4515 commeatu
2344 4474 2447 4515 nec
2479 4459 2704 4528 copiosa
2732 4473 2954 4514 annona
3004 4459 3059 4512 in
3087 4475 3151 4515 ea
3197 4462 3457 4533 reposita.
3494 4459 3587 4517 Sic

275 4548 825 4621 ἀποθησαυρίζουσα
849 4553 881 4622 ἡ
907 4551 1063 4615 πόλις
1092 4552 1398 4607 ἐδείκνυτο.
1429 4555 1711 4621 Ἐγνωστο
1762 4554 1886 4624 γοῦν

2002 4553 2189 4624 itaque
2223 4553 2299 4608 illi
2328 4553 2716 4617 constitutum,
2749 4552 2917 4621 inque
2950 4565 3075 4605 eum
3106 4552 3328 4608 modum
3360 4553 3584 4608 ductum

275 4640 478 4695 ταῦτα
501 4642 675 4710 αὐτῷ,
708 4645 804 4697 καὶ
834 4643 1010 4716 ἀρχὴν
1040 4645 1073 4716 ἡ
1103 4643 1305 4714 πρᾶξις
1349 4643 1680 4714 ἐλάμϐανεν.
1748 4646 1807 4700 '0
1833 4646 1891 4702 δέ

278 4749 353 4799 γε
389 4734 859 4806 πολιορκούμενος
908 4738 1111 4803 παντὸς
1162 4738 1263 4808 μὲν
1300 4735 1440 4802 ζὼου
1475 4737 1693 4810 πρῶτον
1749 4738 1893 4794 ἰδέαν

277 4824 603 4896 ἄχρηστον,
644 4829 835 4881 ἔπειτα
860 4828 917 4882 δὲ
951 4830 1045 4882 καὶ
1082 4831 1264 4884 πᾶσαν
1290 4829 1508 4901 ἠλικίαν
1534 4829 1637 4900 τῆς
1685 4830 1893 4898 πόλεως

278 4918 519 4983 ἐξωθεῖ,
544 4919 608 4971 ού
642 4921 1092 4993 παρακλητικοῖς,
1121 4922 1196 4987 ὡς
1221 4922 1287 4976 ἂν
1310 4923 1453 4977 εἴποι
1485 4940 1592 4990 τις,
1618 4923 1797 4994 λόγοις
1826 4925 1897 4979 τὰ

278 5013 478 5066 πολλὰ
507 5014 619 5067 τῶν
650 5015 904 5085 πράξεων
935 5016 1177 5084 διοικῶν,
1208 5020 1459 5089 τυράννῳ
1488 5019 1546 5072 δὲ
1578 5017 1773 5091 γνώμῃ
1800 5020 1895 5074 καὶ

276 5106 631 5177 αὐθεκάστῳ
649 5125 664 5139 ο
690 5108 720 5161 δ
753 5109 925 5162 καὶτὸ
956 5110 1073 5162 κατ’
1100 5109 1268 5164 αὑτοῦ
1291 5111 1624 5181 ἀνεθυμίασέ
1652 5129 1711 5165 τε
1737 5116 1896 5182 μῖσος

276 5202 399 5253 καὶ
458 5202 787 5257 ἁνενέωσεν.
831 5204 1063 5258 Ἔπειτα
1098 5203 1174 5267 ὡς
1228 5203 1331 5273 ἤδη
1365 5203 1616 5274 ἢκμαζεν
1650 5205 1679 5257 δ
1710 5205 1893 5276 λιμὸς,

278 5294 591 5365 σωτηρίας
619 5296 661 5327 ¹¹
699 5296 858 5359 ἐλπὶς
890 5296 1152 5365 οὐδαμοῦ,
1201 5295 1484 5366 ἠνάγκαζε
1519 5297 1577 5349 δὲ
1631 5299 1725 5352 καὶ
1767 5301 1896 5363 τοὺς

277 5387 512 5456 ἑαυτῆς
546 5386 747 5457 φόρους
797 5387 1102 5450 ἁνελλιπεῖς
1132 5386 1332 5459 ἀπῄτει
1369 5388 1434 5458 δὴ
1470 5389 1501 5455 ὴ
1558 5388 1792 5461 γαστὴρ,
1846 5391 1895 5445 οί

277 5479 407 5546 μὲν
441 5479 624 5551 λάθρα
650 5480 742 5534 διὰ
766 5496 929 5533 τινων
954 5480 1187 5533 πυλίδων
1214 5483 1263 5533 οἱ
1286 5481 1343 5534 δὲ
1387 5481 1476 5534 διὰ
1527 5482 1724 5552 τειχῶν
1764 5482 1898 5537 καθ-

279 5590 298 5622 ι
308 5571 603 5642 μώμενοι,
632 5574 683 5626 oi
711 5573 811 5643 μὲν
839 5573 1095 5644 φέροντες
1119 5573 1198 5644 τῷ
1222 5574 1431 5646 βασιλεῖ
1451 5574 1681 5639 ἑαυτοὺς
1712 5576 1895 5631 ἐπεδί-

2001 4648 2080 4701 rei
2121 4646 2431 4703 exordium.
2458 4642 2732 4701 Obscssus
2767 4642 3012 4698 Thomas
3056 4644 3111 4699 in
3164 4643 3359 4715 primis
3415 4661 3595 4717 genus

2002 4752 2166 4793 omne
2189 4737 2509 4792 animalium
2538 4735 2607 4791 ad
2637 4735 2841 4791 bellum
2871 4736 3089 4802 inutile,
3115 4752 3417 4808 omnesque
3448 4739 3586 4794 adeo

2002 4829 2207 4900 quibus
2255 4843 2353 4899 per
2396 4836 2612 4883 aetatem
2675 4842 2784 4883 non
2837 4828 3027 4883 liceret
3076 4845 3228 4885 arma
3261 4829 3423 4895 ferre,
3451 4832 3593 4888 urho

2003 4923 2170 4994 ejicit,
2211 4922 2471 4993 pleraque
2523 4936 2738 4992 gerens,
2766 4932 2828 4977 ut
2855 4921 2980 4992 quis
3009 4922 3175 4990 dicat,
3224 4940 3334 4979 non
3369 4925 3583 4979 lenibus

2007 5014 2188 5071 verbis
2215 5024 2270 5069 et
2294 5014 2362 5069 ad
2382 5014 2781 5068 obsecrandum
2812 5016 3156 5085 compositis,
3178 5017 3270 5072 sed
3299 5017 3589 5087 tyrannica

2002 5110 2190 5165 animo
2224 5124 2288 5164 ac
2313 5108 2519 5180 rigido;
2548 5109 2701 5179 quod
2728 5120 2781 5166 et
2812 5110 2924 5181 69
2951 5110 3348 5181 eppidanorum
3374 5110 3429 5163 in
3457 5124 3581 5165 eum

2002 5202 2259 5259 conﬂavit
2315 5202 2579 5272 auxitque
2642 5202 2853 5262 odium.
2910 5202 3114 5257 Deinde
3171 5201 3585 5272 ingravescente

1999 5295 2113 5365 jam
2144 5293 2309 5359 fame,
2339 5308 2405 5349 ac
2443 5294 2617 5349 salute
2646 5294 2930 5363 desperata
2952 5334 2968 5359 ,
2999 5308 3125 5348 cum
3161 5300 3352 5348 venter
3384 5294 3585 5351 nihilo-

2006 5389 2190 5443 minus
2220 5397 2441 5458 cogeret
2474 5402 2686 5457 suaque
2722 5386 2922 5440 tributa
2949 5384 3123 5440 durus
3149 5394 3373 5440 exactor
3410 5386 3583 5460 ἀερο-

2006 5488 2205 5545 sceret,
2236 5480 2334 5551 qui
2368 5479 2510 5535 intra
2546 5478 2701 5533 urbis
2732 5486 2884 5548 septa
2923 5476 3272 5545 tenebantur,
3308 5480 3401 5534 alii
3424 5482 3605 5540 cacis.

2003 5573 2338 5646 quibusdam
2394 5573 2568 5642 portis
2632 5570 2820 5625 furtim
2867 5570 3088 5635 dilapsi,
3152 5571 3244 5627 alii
3300 5571 3434 5627 loris
3484 5588 3583 5642 per

275 5663 459 5728 δουί,
488 5666 547 5719 οι
574 5666 635 5719 δὲ
667 5666 802 5738 πρὸς
824 5667 917 5720 τὸν
951 5667 1066 5722 υίὸν
1100 5668 1241 5721 κατὰ
1288 5669 1347 5721 τὸ
1377 5668 1554 5739 Βύζης
1581 5668 1886 5731 πτολίεθοοκ

2009 5684 2200 5726 muros
2235 5666 2517 5731 submissi,
2552 5679 2680 5735 pars
2718 5679 2842 5720 sese
2864 5664 3181 5737 imperatori
3214 5664 3434 5730 dedunt,
3456 5679 3582 5734 pars

1612 5758 1849 5819 VARIA‘I
1890 5758 2301 5822 LECTIONES.

393 5853 439 5885 "
465 5852 795 5921 ἐνδια).ύτως
833 5857 892 5912 Ρ.
933 5873 1059 5914 mox
1092 5857 1275 5913 malim
1314 5858 1534 5925 ἰδόντες.
1612 5860 1657 5893 ⁷ο
1690 5859 1768 5931 τῷ
1804 5878 1909 5919 om.
1937 5862 1996 5920 Ρ.
2076 5860 2116 5895 ⁷¹
2150 5854 2420 5927 σωτηρίας
2457 5853 2502 5909 δ’
2530 5850 2595 5926 ἦν
2626 5854 2775 5918 ἐλπὶς
2808 5854 2830 5909 ἲ
