4038 6214
300 370 368 436 85
1291 374 1436 435 LIB.
1476 375 1556 436 II.
1596 399 1667 413 --
1701 377 2046 440 MICIIAEL
2083 378 2577 442 AMORIENSIS.
3496 375 3571 437 86

303 486 406 551 ἄρα
439 480 609 551 μῖσος
638 479 778 537 κατὰ
803 478 898 534 τοῦ
924 479 1147 552 Μιχαὴλ
1190 482 1358 535 πᾶσιν
1383 482 1544 553 ἐνέφυ
1577 483 1672 538 καὶ
1700 483 1760 548 ἐξ
1787 484 1881 540 ἄλ-

2004 484 2157 541 :haeli
2210 484 2578 541 resistebant:
2611 492 2821 540 tantum
2862 484 3119 540 nimirum
3173 485 3419 541 omnium
3445 490 3567 541 anl-

301 577 405 628 λων
439 573 549 643 μιν
583 570 740 637 τσως,
766 570 949 645 πολλῷ
977 573 1037 627 δὲ
1068 573 1230 628 πλέον
1262 575 1328 629 ἐκ
1356 573 1451 629 τοῦ
1490 576 1566 647 μὴ
1602 575 1887 646 βούλεσθαι

312 666 391 720 τὸν
416 665 467 697 ’δ
492 665 640 719 κατὰ
672 664 785 719 τῶν
833 664 920 737 [Ρ.
964 665 1056 738 45]
1100 666 1263 723 θείων
1323 669 1550 723 εἰκόνων
1593 669 1889 743 ἀναρριπι-

321 756 503 812 σθὲντα
532 754 860 815 καταλῦσαι.
883 758 1029 831 Πλὴν
1053 759 1278 825 ταύταις
1298 760 1629 832 πλησιάσας,
1655 763 1749 816 τοῦ
1792 762 1889 834 μὲν

329 848 534 920 σεισμοῦ
577 850 969 921 ἐπιγινομένου
998 852 1046 884 ⁷⁸
1076 853 1172 907 καὶ
1208 851 1302 906 τοῦ
1330 851 1543 925 τείχους
1570 852 1664 908 τοῦ
1688 853 1887 908 Πανίου

330 940 751 1011 καταϐληθέντος
777 944 811 1013 ὴ
838 943 920 1007 είς
938 943 1072 997 αὐτὸ
1088 943 1326 1016 πάροδος
1355 944 1569 1016 ἀκμητὶ
1598 945 1788 1015 γέγονε
1812 945 1889 1016 τῷ

327 1031 528 1102 Μιχαὴλ
547 1047 561 1060 °
589 1031 625 1103 ἡ
641 1030 687 1085 δ’
721 1031 1021 1104 Ἡράκλεια
1054 1033 1149 1087 καὶ
1164 1031 1243 1097 ῶς
1263 1032 1582 1104 ἀντέχουσα,
1606 1033 1755 1103 ὅμως
1780 1032 1889 1087 τῶν

322 1128 368 1180 ix
389 1124 496 1195 τῆς
532 1123 809 1193 θαλάττης
841 1122 1030 1196 μερῶν
1059 1124 1578 1196 κατακυριευθεῖσα,
1604 1124 1889 1178 ἁλίσκεται

314 1218 397 1271 καὶ
428 1216 573 1288 α’ύτη
607 1216 903 1288 ἀναιμωτὶ,
940 1217 1036 1271 καὶ
1073 1215 1169 1272 τοῦ
1207 1219 1433 1288 φρονεῖν
1471 1218 1539 1273 τά
1564 1216 1659 1272 τοῦ
1685 1217 1890 1289 τυράν-

311 1328 391 1363 νου
423 1309 864 1372 ἀπαλλάττεται,
900 1308 1114 1371 πίστεις
1142 1307 1407 1363 δεδωκυῖα
1437 1307 1516 1381 τῷ
1540 1307 1769 1379 βασιλεῖ.

372 1402 492 1456 Καὶ
538 1402 610 1457 τά
645 1401 745 1472 μὲν
792 1399 933 1456 κατὰ
979 1399 1183 1471 Θωμᾶν
1232 1400 1619 1472 συμϐεϐηκότα
1652 1402 1895 1457 τοιοῦτον

306 1492 432 1562 [axe
470 1492 631 1556 τέλος
658 1492 725 1546 ἐκ
751 1492 851 1562 τῆς
880 1491 1178 1562 εἰρημένης
1220 1492 1417 1563 ἀρχῆς,
1469 1492 1561 1545 καλ⁵
1596 1492 1740 1546 οὕτω
1770 1510 1895 1565 τρο-

306 1586 613 1659 παιοφόρος
636 1586 665 1639 6
701 1584 958 1656 βασιλεὺς
1007 1584 1072 1638 ἐκ
1107 1584 1218 1638 τῶν
1251 1587 1374 1639 κατ’
1415 1585 1644 1656 ἤπειρον
1672 1586 1893 1658 ἔρχεται

307 1680 543 1746 πόλεων,
567 1679 724 1733 οὐδὲν
741 1677 932 1752 ἕτερον
960 1677 1068 1733 ἀπὸ
1099 1677 1418 1733 στασιωτῶν
1448 1678 1715 1749 ἐννοήσας
1744 1677 1776 1750 ἢ
1801 1679 1895 1733 ἐπὶ

303 1771 405 1842 τῆς
436 1766 841 1841 ἁμιλλητηρίου
864 1768 993 1833 θέας
1015 1768 1107 1821 ἐπὶ
1129 1765 1306 1838 τούτῳ
1326 1768 1700 1839 γεγενημένης
1718 1768 1894 1824 ὀπίσω

302 1831 561 1936 χεῖρε
589 1831 912 1934 δεδεμένους
934 1831 1160 1932 ποιῆσαι
1186 1831 1417 1915 διελθεῖν
1440 1831 1545 1914 καῖ
1563 1831 1894 1932 ὑπερορίους
1922 1831 1969 1891 Β

302 1960 438 2021 τοὺς
476 1956 839 2020 αἰτιωτάτους
872 1954 1154 2024 γενέσθαι.

384 2048 600 2102 Αὐτίκα
626 2045 759 2114 γοῦν
807 2045 906 2101 καὶ
944 2046 1083 2117 πρὸς
1115 2044 1378 2117 Χοιρέαν,
1409 2044 1491 2101 ἔτι
1546 2063 1609 2116 γε
1647 2046 1756 2119 μὴν
1802 2048 1896 2102 καὶ

312 2136 462 2204 πρὸς
494 2133 811 2205 Γαζαρηνδν
854 2132 949 2188 τδν
1003 2132 1379 2206 Κολωνιάτην,
1418 2133 1743 2207 ἀνθρώπους
1794 2136 1897 2208 μὲν

311 2228 485 2290 ὄντας
514 2226 607 2280 καὶ
634 2224 794 2279 πιστά
823 2224 1199 2295 φυλάττοντας
1234 2226 1314 2299 τῷ
1339 2226 1532 2299 Θωμᾷ,
1563 2227 1896 2299 κατέχοντας

303 2320 369 2373 δὲ
416 2319 509 2372 τὸν
533 2317 635 2390 μὲν
679 2317 776 2390 τὴν
823 2316 1086 2372 Καδάλαν
1118 2315 1214 2370 τοῦ
1252 2317 1477 2390 Χοιρέα,
1516 2319 1611 2374 τοῦ
1646 2319 1898 2391 Γαζαρηο

300 2410 408 2465 νοῦ
436 2410 499 2468 δέ
518 2411 616 2483 τὴν
657 2409 951 2474 Σανιάναν,
980 2410 1074 2463 καλ⁹
1106 2408 1308 2474 πολλὰς
1350 2394 1561 2466 ἐκεῖθεν
1598 2414 1896 2467 ποιούντων

297 2502 690 2573 καταδρομὰς,
722 2500 819 2556 καὶ
850 2501 1162 2575 λῃστρικῶς
1194 2500 1404 2567 ζῶντάς
1433 2520 1494 2556 τε
1534 2503 1629 2558 καὶ
1647 2521 1897 2575 τυραννι-

296 2595 448 2660 κῶς.
476 2594 901 2667 χρυσοσούλλιον
931 2595 1209 2666 ἐκπέμπει
1240 2596 1268 2649 6
1310 2595 1555 2669 Μιχαὴλ,
1598 2597 1783 2668 τιμὰς·
1802 2616 1898 2670 με-

297 2690 489 2761 γάλας
526 2690 628 2754 τὰς
676 2688 786 2742 τῶν
830 2687 1150 2760 μαγίστρων
1206 2687 1744 2759 καθυπισχνούμενος
1805 2692 1897 2744 καὶ

296 2779 631 2855 ἀμνηστίαν
662 2778 875 2845 κακῶν,
912 2779 1009 2833 καὶ
1032 2778 1192 2849 δῆλον
1226 2778 1318 2833 τὸν
1342 2777 1437 2833 τοῦ
1478 2777 1650 2850 Θωμᾶ
1669 2778 1897 2836 θάνατον

294 2874 528 2951 τούτοις
582 2873 778 2927 ποιῶν.
849 2871 991 2927 Ἀλλ’
1045 2860 1289 2937 ἐκείνους
1330 2873 1431 2945 μὲν
1472 2872 1572 2926 οὐκ
1624 2872 1899 2930 ἔπεισενό

292 2966 670 3033 ἀποσταλεὶς,
703 2965 976 3030 ἀλαζόνας
1019 2964 1184 3028 ὄντας
1229 2982 1289 3019 τε
1342 2967 1439 3020 καὶ
1479 2965 1774 3021 ἀτίθασσον
1805 2984 1899 3022 κε-

294 3061 626 3134 κτημένους
653 3059 874 3131 ψυχήντ
908 3060 1131 3129 ἐτέρους
1177 3058 1235 3112 δέ
1280 3076 1433 3123 τινας
1470 3059 1579 3114 τῶν
1621 3059 1897 3134 ὑποϐεϐη-

293 3155 493 3209 κότων
514 3153 723 3226 κλέψας
745 3153 841 3207 καὶ
869 3154 1005 3224 πρὸς
1029 3154 1132 3222 τὴν
1155 3150 1251 3204 τοῦ
1285 3150 1554 3221 βασιλέως
1589 3150 1770 3204 πίστιν
1800 3168 1898 3223 με-

293 3245 504 3308 ταθεὶς
562 3245 784 3298 ἔπεισεν
831 3242 1149 3310 ἐξελθόντας
1203 3242 1251 3275 ⁷⁸
1296 3241 1434 3312 πρὸς
1496 3241 1596 3304 τὰς
1651 3240 1904 3313 συνήθεις

290 3336 577 3411 λῃστείας
604 3335 931 3390 ἀποκλεῖσαι
962 3329 1176 3399 τούτοις
1210 3332 1310 3398 τὰς
1357 3331 1468 3386 τῶν
1497 3332 1697 3405 τειχῶν
1730 3332 1908 3399 πύλας

294 3437 409 3485 καὶ
444 3429 615 3498 λόγου
648 3426 1106 3483 καταλελοιπέναι
1146 3426 1339 3498 χωρίς.
1391 3425 1571 3498 Ὅπερ
1617 3425 1715 3480 καὶ
1746 3426 1907 3497 γέγο-

291 3540 425 3575 νεν.
472 3520 707 3574 Ἐκεῖνοι
762 3518 863 3590 μὲν
907 3513 1002 3573 οὗν
1056 3518 1133 3582 ὡς
1188 3511 1346 3588 εὖρον
1372 3517 1768 3590 κεκλεισμένας
1808 3518 1909 3583 τὰς

297 3612 522 3679 πύλας,
571 3609 672 3682 τὴν
700 3610 795 3665 ἐπὶ
824 3610 1025 3682 Συρίαν
1065 3608 1339 3664 ἔσπευσαν
1375 3608 1625 3664 διανῦσαι
1656 3609 1794 3675 ὁδὸν,
1828 3609 1908 3682 τῷ

298 3704 474 3779 φόὄῳ
526 3703 875 3776 βαλλόμενοι.
903 3705 1113 3767 Ζῶντες
1134 3702 1192 3757 δὲ
1228 3702 1380 3774 ὅμως
1414 3702 1634 3767 ἁλόντες
1661 3701 1739 3774 τῷ
1763 3702 1908 3774 ξύλῳ

297 3799 652 3872 ἐξήρτηνται
704 3798 800 3852 καὶ
823 3796 920 3852 τοῦ
957 3795 1073 3868 βίου
1104 3795 1304 3861 ἔξωθεν
1331 3795 1596 3865 γίνονται.
1633 3795 1816 3862 Ἀξιον
1850 3795 1909 3849 δέ

300 3890 460 3962 μηδὲ
492 3888 658 3943 τοῦτο
697 3887 1107 3959 παραδραμεῖν,
1136 3887 1284 3961 ὅπως
1313 3888 1342 3940 6
1365 3886 1681 3959 Γαζαρηνδς
1712 3884 1909 3958 προδέ-

305 3985 448 4037 δοτο
498 3981 597 4036 καὶ
654 3979 766 4035 τῶν
814 3979 1015 4051 τειχῶν
1062 3979 1483 4034 ἀπεκέκλειστο.
1538 3978 1746 4049 Ἀνδρα
1787 3976 1910 4030 τινὰ

304 4079 581 4147 ἄγροικον
607 4075 637 4129 6
684 4072 1015 4137 ἀποσταλεὶς
1047 4071 1447 4142 δεξιωσάμενος
1485 4070 1672 4141 φωνῆς
1707 4070 1909 4136 ἐπιμε-

302 4168 586 4240 λούμενον
627 4166 725 4222 καὶ
772 4168 896 4229 ταῖς
936 4165 1102 4236 ᾠδαῖς
1145 4163 1483 4235 τερπόμενον
1512 4160 1768 4233 ἐμμελῶς
1789 4161 1910 4223 ταῖς

303 4261 642 4332 ἀνειμέναις
659 4258 893 4321 ταύταις
914 4258 1011 4311 καὶ
1026 4257 1399 4328 ἀγροικικαῖς,
1423 4254 1586 4325 μέλος
1610 4271 1664 4307 τι
1685 4250 1911 4317 ἐπλεξεν

306 4354 460 4425 πρὸς
484 4353 578 4408 τὸν
623 4351 838 4407 ἐκείνου
879 4349 1165 4420 οἰκονόμον
1199 4346 1323 4418 ἔχον
1351 4345 1448 4418 τὴν
1470 4344 1772 4416 ἀναφοράν.
1800 4340 1910 4399 Ἦν

306 4448 376 4502 δὲ
412 4445 617 4507 αὐταῖς
640 4442 852 4507 λέξεσιν
878 4440 1022 4496 οὕτω
1039 4456 1053 4471 ο
1089 4441 1420 4506 Ἄκουσον,
1444 4438 1582 4507 κῦρι
1611 4440 1908 4508 οἰκονόμε,

1990 574 2097 630 mis
2119 572 2264 630 illius
2290 574 2564 631 insederat
2589 575 2796 643 odium,
2822 585 2935 631 tum
2958 576 3096 632 forte
3117 576 3238 633 aliis
3259 591 3327 632 ex
3358 578 3564 641 causis.

1993 678 2107 721 tum
2158 667 2434 737 praecipue
2474 666 2622 737 quod
2683 668 3004 725 suscitatam
3054 669 3319 725 adversus
3378 682 3565 725 sacras

1992 758 2260 830 imagines
2281 762 2717 829 persecutionem
2760 764 2943 831 sopire
2969 763 3210 818 nolebat.
3239 764 3344 820 Ubi
3378 772 3565 820 tamen

1993 849 2062 905 ad
2094 850 2219 905 illas
2243 852 2495 914 accessit,
2525 851 2771 920 disjectis
2811 861 2971 908 terrae
3010 863 3157 909 motu
3187 852 3341 911 Panii
3372 855 3566 919 muris.

1995 942 2147 998 nullo
2176 942 2393 1015 negotio
2437 943 2492 998 in
2528 943 2706 1014 ipsum
2746 944 2998 1001 Michaeli
3049 945 3333 1016 ingressus
3374 947 3567 1016 patuit.

1996 1033 2259 1091 Heraclea
2307 1049 2439 1091 vero
2478 1051 2792 1107 quanquam
2840 1037 3165 1103 resistebat,
3202 1053 3233 1093 a
3280 1039 3571 1094 maritimis

1998 1128 2113 1195 ipsa
2170 1127 2417 1196 partibus
2444 1139 2778 1199 expugnata,
2821 1129 2972 1185 nulla
3018 1129 3220 1185 civium
3269 1137 3452 1200 strage
3477 1144 3572 1184 ca-

1997 1217 2187 1287 pitur,
2255 1218 2492 1290 dataque
2542 1219 2858 1290 imperatori
2908 1219 3014 1276 ﬁde
3057 1220 3278 1276 studere
3340 1231 3573 1292 tyranno

1996 1311 2221 1366 desinit.

2067 1401 2169 1457 llic
2203 1418 2389 1458 rerum
2439 1401 2666 1458 Thema:
2704 1402 2829 1460 ﬁnis
2877 1419 2944 1459 ex
2990 1403 3084 1459 tali
3118 1402 3394 1472 principio
3427 1402 3569 1467 fuit;

1997 1496 2188 1566 sicque
2238 1494 2467 1550 Michael
2501 1494 2844 1565 triumphans
2873 1509 2941 1550 ex
2970 1494 3306 1551 continentis
3346 1493 3574 1549 urbibus

1997 1589 2181 1646 rediit.
2240 1589 2300 1643 In
2329 1588 2513 1645 socios
2568 1597 2750 1645 autem
2799 1586 3125 1644 defectionis
3167 1588 3394 1643 Thomas
3439 1586 3574 1642 nihil

1997 1683 2248 1739 acerbius
2284 1683 2479 1739 statuit
2502 1697 2670 1753 quam
2722 1681 2871 1753 qudd
2892 1680 3231 1737 Circensium
3262 1680 3576 1752 spectaculo
3610 1680 3613 1681 ⁷

1998 1774 2051 1829 in
2084 1789 2207 1831 eam
2238 1790 2357 1832 rem
2405 1776 2711 1831 constituto
2755 1775 3013 1831 manibus
3042 1789 3072 1830 a
3119 1785 3272 1845 tergo
3315 1773 3577 1830 revinctis

2000 1881 2099 1923 eos
2124 1867 2489 1932 circumduci,
2541 1882 2607 1923 ac
2640 1867 2737 1937 qui
2775 1867 3145 1923 maximorum
3174 1868 3255 1922 rei
3305 1866 3574 1922 scelerum

2001 1968 2210 2027 essent,
2237 1959 2433 2016 exsilio
2463 1959 2642 2017 solum
2668 1969 2882 2016 vertere
2906 1958 3094 2030 jussit.

2073 2048 2195 2108 Mox
2219 2065 2441 2121 quoque
2464 2051 2530 2106 ad
2555 2050 2866 2117 Chaeream,
2889 2064 3099 2106 necnon
3148 2049 3216 2104 ad
3235 2048 3577 2104 Gazarenum

2002 2140 2370 2211 Coloniatem,
2431 2142 2654 2199 Thomie
2702 2142 2980 2214 quondam
3036 2142 3369 2198 domesticos
3418 2141 3579 2213 eique

2003 2243 2323 2295 constanter
2339 2244 2624 2292 servantes
2646 2234 2807 2291 ﬁdem
2821 2233 3241 2305 (tenebatalter,
3263 2233 3369 2304 72
3386 2247 3580 2303 nempe

2001 2326 2286 2391 Chaereas,
2324 2324 2577 2396 praesidio
2598 2324 2882 2392 Cabalam,
2908 2324 3069 2389 alter,
3120 2338 3317 2393 nempe
3345 2322 3581 2378 Gazare-

2003 2435 2129 2483 nus,
2192 2420 2497 2488 occupabat
2553 2417 2889 2486 Sanianam;
2938 2433 3008 2473 ex
3071 2416 3275 2488 quibus
3312 2414 3582 2486 prasidiis

2004 2510 2228 2565 crebras
2278 2508 2355 2563 illi
2418 2507 2776 2564 excursiones
2848 2506 3144 2569 habebant,
3196 2505 3583 2571 latronumque

2004 2616 2159 2656 more
2178 2615 2243 2656 ac
2271 2600 2553 2672 tyrannice
2582 2598 2858 2669 vivebant)
2884 2612 3109 2652 auream
3137 2596 3365 2661 bullam,
3400 2595 3577 2664 impe-

2004 2695 2274 2751 ratorium
2337 2692 2548 2749 scilicet
2577 2691 2843 2761 diploma,
2896 2690 3064 2745 mittit
3096 2688 3355 2753 Michael,
3405 2686 3580 2761 magi-

2004 2797 2244 2845 strorum
2285 2787 2493 2842 honore
2516 2785 2791 2856 prmcipuo
2816 2799 2877 2839 se
2914 2783 3040 2838 illos
3074 2790 3392 2838 evecturum
3420 2780 3580 2851 polli-

2004 2881 2149 2936 citus
2207 2893 2273 2935 ac
2324 2878 2709 2948 impunitatem
2779 2878 3080 2941 daturum,
3149 2874 3419 2930 Thomam
3466 2873 3581 2944 jam

2005 2973 2338 3029 exstinctum
2374 2968 2713 3040 signiﬁcans.
2750 2966 2950 3024 Verum
2976 2966 3209 3022 nuntius
3251 2965 3320 3020 ab
3344 2965 3582 3033 impera-

2006 3075 2127 3121 tore
2190 3064 2395 3120 missus
2465 3062 2719 3118 homines
2785 3068 3109 3132 arrogantes
3164 3073 3231 3114 ac
3292 3055 3585 3127 praefracto

1931 3194 1974 3253 α
2008 3158 2191 3214 animo
2228 3158 2294 3211 ad
2332 3156 2571 3211 oﬂicium
2602 3168 2866 3210 revocare
2902 3168 3014 3209 non
3057 3151 3238 3223 potuit
3269 3170 3283 3207 :
3309 3148 3585 3220 corruptis

2008 3260 2192 3307 tamen
2223 3251 2554 3322 quibusdam
2586 3248 3057 3319 prasidiariorum
3102 3246 3207 3300 sub
3230 3245 3336 3300 illis
3366 3258 3583 3298 meren-

2010 3344 2158 3399 tibus
2187 3343 2353 3413 inque
2383 3340 2733 3411 imperatoris
2772 3339 2930 3394 ﬁdem
2976 3335 3264 3400 traductis,
3295 3333 3490 3390 suadet
3526 3348 3587 3388 ut

2008 3434 2077 3491 ad
2101 3434 2294 3490 solitas
2319 3432 2703 3504 populationes
2730 3427 3054 3500 praedasque
3084 3425 3324 3496 agendas
3347 3422 3588 3493 egressis

2009 3538 2297 3580 murorum
2319 3530 2509 3593 portas
2528 3519 2789 3577 claudant
2815 3534 2881 3574 ac
2911 3533 3013 3574 nec
3036 3531 3301 3586 responso
3329 3515 3585 3585 dignatos

2009 3617 2346 3687 relinquant.
2381 3614 2582 3685 Sicque
2610 3614 2749 3669 adeo
2769 3611 3018 3682 contigit.
3039 3610 3120 3665 Illi
3150 3610 3373 3665 clausas
3395 3614 3589 3679 portas

2009 3706 2156 3763 nacti
2184 3705 2422 3777 indeque
2442 3703 2717 3775 perterriti
2742 3702 2797 3759 in
2822 3701 3039 3774 Syriam
3075 3700 3202 3771 luga
3230 3698 3586 3755 contendunt.
3646 3762 3653 3768 ,

2010 3797 2129 3854 Vivi
2162 3807 2341 3854 tamen
2376 3800 2520 3867 capti
2575 3811 2716 3867 eque
2764 3795 2914 3867 ligno
2952 3793 3207 3865 suspensi
3252 3793 3366 3848 vita
3401 3800 3592 3848 extrue

2009 3892 2236 3948 duntur.
2276 3890 2465 3961 Neque
2487 3905 2620 3946 vero
2650 3888 3011 3946 omittendum
3043 3901 3188 3951 reor,
3217 3900 3327 3956 quo
3345 3900 3406 3941 se
3429 3883 3591 3941 modo

2012 3983 2264 4039 habuerit
2289 3982 2557 4039 Gazareni
2584 3981 2843 4052 proditio,
2863 3988 2919 4036 et
2938 3988 2999 4035 ut
3024 3978 3097 4034 sit
3119 3978 3294 4033 muris
3306 3976 3589 4033 exclusus.

2011 4075 2295 4132 Michaelis
2334 4076 2542 4145 legatus
2568 4075 2838 4131 rusticum
2867 4072 3163 4144 quemdam
3198 4070 3351 4126 vocis
3388 4068 3591 4125 modu-

2012 4167 2237 4224 lantiam
2281 4165 2626 4222 all'ectantem
2655 4166 2963 4236 solutisque
3008 4179 3074 4220 ac
3109 4161 3396 4218 rusticano
3433 4175 3592 4216 more

2013 4258 2336 4331 compositis
2367 4258 2598 4316 canticis
2625 4272 2749 4315 sese
2778 4258 3141 4314 obiectantem
3173 4269 3302 4310 cum
3336 4252 3591 4309 humani.

2013 4361 2096 4407 ter
2145 4351 2472 4420 excepisset,
2516 4363 2742 4405 carmen
2785 4347 3071 4418 quoddam
3121 4344 3424 4409 contexuit,
3480 4358 3595 4413 quo

2014 4441 2283 4499 Gazareni
2332 4454 2680 4515 (nconomum
2724 4439 3128 4510 alloqueretur,
3169 4434 3331 4506 cujus
3374 4435 3466 4491 hic
3521 4434 3591 4490 ad

306 4539 375 4592 τι
421 4536 593 4607 λέγει
624 4533 882 4603 Γυόέριν
907 4549 922 4564 ·
962 4531 1098 4587 Ἐάν
1123 4548 1227 4601 μοι
1257 4529 1380 4603 ,δῷς
1424 4529 1540 4598 τὴν
1580 4528 1903 4595 Σανιάναν,

2016 4536 2243 4593 verbum
2281 4544 2459 4591 tenor.
2491 4533 2654 4600 Audi,
2710 4531 2923 4587 domine
2952 4545 3236 4595 arconome,
3289 4528 3416 4600 quid
3448 4527 3595 4583 dicat

301 4628 779 4702 μητροπολίτην
827 4638 903 4679 σε

312 4720 409 4794 [Ρ.
439 4717 532 4793 46]
569 4734 670 4773 σοι
699 4715 895 4771 δώσω.
923 4714 1096 4769 Τοῦτο
1140 4713 1403 4776 πολλάκις
1457 4711 1716 4783 ᾀδόμενον
1738 4713 1796 4767 ἐν
1830 4714 1914 4768 αἰ-

316 4814 526 4885 σθήσει
582 4810 773 4865 τοῦτον
827 4808 1083 4880 γενέσθαι
1134 4807 1227 4862 τὸν
1253 4806 1542 4877 οἰκονόμον
1592 4805 1912 4876 πεποίηκεν.

313 4908 495 4961 Ὅθεν
528 4905 607 4971 ὡς
632 4904 775 4973 έγνω
804 4902 897 4957 τὸν
924 4900 1049 4955 νοῦν
1075 4917 1135 4954 τε
1159 4901 1254 4953 καὶ
1281 4898 1383 4970 τὴν
1428 4898 1538 4953 τῶν
1568 4898 1917 4970 πραγμάτων

312 5001 635 5071 ἀναφορὰν.
670 4996 984 5063 ἐξελθόντος
1018 4994 1149 5049 ποτὲ
1194 4993 1288 5048 τοῦ
1322 4991 1642 5065 Γαζαρηνοῦ
1674 4992 1917 5049 ἔκλεισεν

314 5093 453 5148 κατ’
488 5090 655 5144 αὑτοῦ
686 5090 787 5154 τὰς
821 5087 999 5151 πύλας
1028 5090 1123 5141 καὶ
1147 5084 1339 5138 τοῦτον
1380 5083 1583 5152 ἔξωθεν
1633 5084 1917 5151 ἐγκατέλι-

318 5202 457 5239 πεν.
495 5181 610 5236 Καὶ
644 5181 819 5235 ταῦτα
880 5180 980 5251 μὲν
1032 5179 1162 5250 περὶ
1206 5177 1316 5230 τῶν
1369 5176 1694 5247 ὑπερνεφῶν
1715 5175 1921 5230 τούτων

318 5275 653 5346 πολιχνίων,
675 5274 773 5328 καὶ
805 5271 951 5326 οὓτω
972 5270 1235 5341 τούτωνὴ
1266 5268 1428 5323 πάλιν
1457 5267 1563 5322 ὑπὸ
1584 5267 1680 5321 τοῦ
1702 5268 1921 5340 Μιχαὴλ

317 5369 663 5440 κατάληψις.

407 5467 516 5513 κα’.
546 5459 663 5513 Ούκ
714 5456 909 5530 ἔμελλε
944 5455 1002 5510 δέ
1039 5456 1169 5525 ἄχρι
1205 5452 1416 5508 τούτων
1474 5453 1509 5522 ὴ
1539 5452 1683 5525 φορά
1726 5452 1920 5523 στήσε-

979 4622 1215 4690 ποιήσω
1294 4620 1395 4674 καὶ
1444 4620 1915 4689 Νεοκαισάρειάν

2018 4627 2230 4699 Gybcri.
2250 4626 2313 4684 Si
2344 4625 2643 4684 Sanianam
2662 4624 2891 4690 dederis,
2918 4622 3117 4693 faciam
3142 4631 3190 4676 te
3208 4619 3597 4691 metropolitant

2017 4728 2069 4773 et
2099 4718 2505 4775 Neocmaream
2537 4716 2634 4772 tibi
2666 4713 3004 4770 concredam.
3047 4713 3185 4768 Dum
3239 4712 3354 4767 haec
3396 4711 3599 4781 sapius

2018 4810 2286 4875 cantillat,
2318 4824 2608 4865 meonomo
2638 4817 2872 4863 mentem
2904 4805 3102 4876 aperit,
3135 4812 3195 4859 ut
3228 4819 3343 4859 rem
3390 4802 3597 4859 intelli-

2020 4911 2132 4973 gat.
2162 4901 2299 4958 Cum
2334 4901 2504 4970 igitur
2527 4915 2752 4956 sensum
2782 4898 3155 4969 perspexisset
3181 4912 3246 4953 ac
3270 4895 3402 4967 quid
3431 4894 3603 4950 verba

2023 4995 2111 5050 illa
2143 4993 2495 5063 designarent
2521 4991 3023 5055 animadvertisset,
3046 4989 3153 5061 73
3178 5002 3403 5059 egresso
3426 5000 3601 5055 quan-

2021 5088 2202 5157 doque
2231 5084 2514 5141 Gazareno
2566 5094 2755 5156 portas
2790 5082 2998 5139 claudit
3053 5091 3109 5137 et
3152 5080 3289 5136 foris
3318 5078 3601 5134 hominem

2024 5178 2308 5249 relinquit.
2335 5176 2611 5233 Hactenus
2641 5176 2788 5247 quod
2816 5177 3011 5231 attinet
3039 5174 3107 5228 ad
3140 5173 3250 5228 duo
3276 5172 3367 5226 illa
3399 5169 3597 5242 oppida

2021 5266 2155 5337 ipsis
2210 5266 2607 5337 propemodum
2656 5266 2897 5321 nubibus
2934 5262 3269 5327 minitantia,
3309 5272 3365 5318 et
3405 5270 3466 5317 ut
3508 5260 3604 5316 illa

2024 5371 2219 5413 rursus
2249 5373 2280 5411 a
2309 5355 2575 5412 Michaele
2597 5356 2649 5411 in
2677 5356 2836 5411 ﬁdem
2870 5363 3088 5423 recepta
3116 5353 3249 5409 sint.

2095 5450 2187 5505 21.
2220 5448 2407 5520 Neque
2443 5464 2574 5505 vero
2597 5448 2874 5504 malorum
2913 5446 2997 5503 vis
3033 5455 3199 5518 atque
3229 5446 3467 5518 impetus
3501 5442 3605 5499 hoe

328 5550 587 5605 σθαιτῶν
614 5550 823 5615 κακῶν,
842 5547 979 5602 ἀλλά
992 5548 1100 5601 τῶν
1120 5547 1214 5601 δύο
1235 5545 1504 5616 ἠπείρων,
1531 5545 1716 5609 Ἀσίας
1739 5545 1903 5616 φαμὲι

2026 5543 2249 5600 cardine
2270 5552 2389 5599 erat
2427 5542 2743 5599 sistendus:
2779 5543 2875 5597 scd
2913 5556 3039 5597 cum
3070 5541 3191 5596 dna:
3234 5540 3603 5597 continentes.

328 5644 435 5698 Ml
461 5642 751 5715 Εὐρώπης,
796 5643 855 5694 ἐν
889 5640 1045 5713 θυμῷ
1098 5639 1301 5711 Κυρίου
1346 5633 1457 5693 οἷόν
1500 5656 1643 5704 τινος
1678 5638 1903 5709 κεφαλῆς

2028 5635 2157 5691 Asia
2189 5635 2401 5690 scilicet
2425 5642 2479 5689 et
2512 5632 2753 5704 Europa,
2781 5632 2949 5689 veluti
2971 5640 3137 5703 caput
3158 5642 3211 5689 ct
3234 5632 3406 5688 cauda
3430 5631 3603 5686 divmi

1653 5734 1890 5791 VARIA‘I
1929 5730 2341 5790 LECTIONES.

446 5837 493 5868 "
516 5837 666 5895 deest
695 5836 937 5907 διωγμὸν
971 5837 1054 5894 vel
1097 5834 1353 5906 πόλεμον.
1389 5833 1636 5893 Combcl.
1717 5831 1761 5866 "'
1790 5832 1857 5901 τῇ
1893 5828 1992 5901 μὲν
2023 5822 2247 5897 σεισμοῦ
2281 5812 2722 5896 ἐπιγενομένουῖ

2804 5850 2808 5855 ·
2873 5822 3204 5891 ἐξελθόντων
3231 5823 3253 5877 ?
