4038 6214
421 353 491 418 87
1541 333 2050 399 TlIEOPHANES
2078 333 2639 397 CONTINUATUS.
3602 330 3681 395 88

424 463 671 521 numinis
705 460 1078 531 indignatione
1124 466 1455 527 ,quanquam
1490 452 1596 522 ipsi
1620 467 1733 506 non
1768 448 1984 505 intelle-

2114 450 2187 502 ταὶ
2212 450 2400 518 οὐρᾶς,
2433 449 2480 501 εἰ
2507 447 2601 500 καὶ
2631 444 2706 515 μὴ
2730 444 3001 507 συνίεσαν,
3036 436 3437 493 παιδευθέντων
3470 439 3679 507 φόνοις,

425 554 640 624 serant)
669 552 927 614 caedibus,
958 547 1244 611 incendiis,
1279 554 1438 599 terra:
1465 544 1730 602 motibus.
1769 541 2000 611 rapinis,

425 649 666 705 civilium
683 656 931 701 motuum
960 640 1182 709 iniuria,
1199 638 1622 695 excursionibus
1645 650 1709 691 ac
1724 637 2001 698 vastitate,

428 740 723 812 insperatis
755 738 973 792 urbium
1006 731 1424 797 mutationibus,
1454 730 1629 800 signis
1658 742 1688 783 e
1718 727 1884 792 casio,
1927 726 2001 781 si-

427 831 551 900 gnis
593 844 659 883 ex
700 840 826 881 aere
863 824 1143 893 castigatae
1171 822 1428 886 fuissent,
1462 828 1739 890 postremo
1769 818 2001 872 miseras

425 936 645 993 quoque
694 918 923 982 insulas,
977 917 1119 971 velut
1175 912 1526 970 instrumenti
1581 910 1781 967 musici
1816 924 2002 966 mesen

426 1013 743 1084 quamdam,
772 1019 831 1065 ut
860 1010 1027 1064 totius
1047 1007 1293 1076 corporis
1321 1006 1475 1076 plaga
1500 1004 1814 1060 communis
1835 1011 2000 1068 esset,

427 1105 572 1159 mala
631 1103 968 1157 invaserunt.
1010 1098 1211 1155 Verum
1246 1096 1449 1167 corrigi
1482 1111 1589 1150 non
1619 1102 1871 1165 poterant
1908 1092 2003 1163 qui

425 1195 523 1250 Dei
578 1193 817 1250 hominis
862 1190 1090 1260 efﬁgiem
1125 1188 1411 1245 colendam
1472 1186 1841 1257 negavissent.
1885 1184 2004 1249 Quo

427 1290 598 1361 igitur
639 1294 887 1357 tempore
931 1283 1173 1338 Thomas
1204 1297 1293 1337 res
1324 1295 1495 1334 novas
1526 1278 1707 1333 moliri
1738 1285 2001 1347 cmperat,

430 1383 512 1436 rei
553 1379 699 1435 fama
722 1378 777 1433 in
805 1392 1002 1432 omnes
1028 1376 1136 1430 late
1160 1385 1345 1446 partes
1376 1374 1585 1444 perlata
1638 1370 1878 1442 Agareni
1910 1384 2003 1425 oc-

428 1473 574 1528 cidui
607 1470 798 1527 Iberite
841 1470 996 1525 sinus
1050 1468 1265 1532 incolae,
1307 1465 1527 1521 Oceano
1564 1462 1803 1527 finitimi,
1862 1475 2003 1532 quos

424 1560 752 1636 jampridem
793 1567 1005 1614 mutata
1065 1556 1309 1612 nominis
1335 1554 1699 1626 appellatione
1731 1551 2002 1622 Hispanos

429 1663 646 1717 vocant,
680 1652 901 1721 copiosa
927 1648 1069 1704 aucti
1098 1649 1381 1703 hominum
1409 1645 1782 1711 multitudine,
1815 1657 2003 1698 suum-

428 1761 535 1816 que
562 1745 696 1800 illud
727 1742 1049 1813 Hesperium
1082 1740 1227 1795 latus
1255 1739 1458 1808 gracile
1479 1751 1788 1809 parumque
1823 1734 2003 1790 fertile

428 1853 495 1893 ac
524 1836 847 1907 opulentum
902 1833 1222 1898 sentientes,
1278 1831 1364 1885 cui
1412 1830 1653 1900 denique
1702 1828 2001 1899 plurimum

429 1932 497 1983 de
526 1930 624 1984 soli
658 1929 905 1983 ubertate
927 1941 991 1982 ac
1024 1926 1267 1981 bonitate
1288 1924 1534 1989 deesset;
1568 1923 1699 1993 quin
1729 1934 1785 1978 et
1813 1922 2003 1978 eodem

430 2023 567 2078 vitio
609 2022 862 2076 laborare
912 2019 1233 2074 orientalem
1264 2032 1487 2088 quoque
1531 2017 1723 2072 lberite
1753 2030 1816 2072 ac
1845 2016 2007 2070 meri—

429 2114 704 2171 dionalem
735 2113 947 2184 plagam
978 2128 991 2165 :
1028 2126 1140 2166 non
1163 2110 1309 2165 enim
1333 2118 1449 2165 tota
1484 2110 1642 2165 bonis
1674 2118 1834 2163 terrm
1866 2107 2008 2163 dori-

429 2208 533 2263 hus
559 2206 727 2278 pollet
754 2214 849 2260 aut
870 2205 1006 2260 satis
1039 2202 1191 2259 ferax
1227 2212 1312 2257 est
1333 2220 1347 2255 :
1365 2203 1596 2257 occidua
1614 2210 1801 2256 tamen
1824 2200 2002 2270 plaga,

431 2301 513 2355 uti
541 2298 799 2362 diximus,
830 2297 1042 2367 reliqua
1068 2295 1396 2364 squallidior
1440 2302 1527 2350 est
1574 2294 1867 2363 minusque
1900 2290 2009 2363 74

428 2388 585 2445 ferax
620 2406 684 2446 ac
709 2388 987 2460 gracilior,
1015 2388 1248 2457 ideoque
1277 2386 1415 2457 ipsis
1461 2386 1672 2443 alendis
1706 2401 1769 2441 ac
1808 2399 2007 2455 procu-

430 2484 621 2541 randis
646 2498 756 2537 non
795 2482 1071 2537 sufﬁciens
1089 2522 1101 2544 ,
1127 2480 1275 2550 iusta
1300 2481 1547 2549 corporis
1577 2479 1717 2533 mole
1742 2478 2005 2548 praeditis,

431 2592 499 2632 ac
525 2589 666 2644 quos
699 2587 925 2629 necesse
972 2572 1046 2627 sit
1093 2579 1436 2626 commeatus
1465 2569 1797 2625 abundantia
1828 2569 2010 2624 adole-

431 2683 608 2733 scere,
638 2682 747 2722 non
781 2666 903 2736 ejus
931 2664 1181 2735 penuria.
1225 2662 1291 2717 Hi
1327 2662 1493 2733 igitur
1523 2663 1589 2717 ad
1618 2662 2007 2733 Apochapsum

433 2758 611 2830 gentis
640 2769 1019 2811 amerumnam
1056 2754 1379 2808 accedentes
1413 2754 1698 2823 rogabant,
1750 2750 1818 2805 Ut
1866 2751 2009 2805 colo-

436 2852 583 2904 niam
607 2849 742 2919 ipsis
772 2846 962 2900 ducere
990 2846 1358 2913 liceretatque
1382 2844 1490 2897 alio
1514 2846 1883 2914 commigrare,
1919 2844 2010 2913 qui

434 2943 499 2997 ob
525 2940 921 2996 multitudinem
953 2947 1173 3009 angus-te
1206 2938 1542 3001 habitarent,
1576 2954 1636 2990 ac
1669 2953 1798 3003 quos
1834 2952 2011 2990 neces-

434 3034 707 3090 sariarttm
751 3047 928 3086 rerum
986 3032 1168 3101 inopia
1205 3040 1479 3099 premeret.
1533 3029 1791 3099 Princeps
1822 3028 2005 3085 statim

2105 542 2484 625 Ep:pq:poi;,
2529 538 2796 609 σεισμοῖς,
2836 534 3135 605 ἁρπαγαῖς,
3170 531 3461 623 ἐμφυλίοις
3512 549 3683 586 κατα-

2102 633 2355 706 δρομαῖς,
2402 619 2613 685 πόλεων
2654 628 2998 691 ἀνελπίστοις
3055 619 3398 698 μεταϐολαῖς,
3433 624 3686 695 σημείοις

2103 725 2164 790 ἐξ
2197 724 2453 796 οὐρανοῦ,
2490 724 2741 795 σημείοις
2779 722 2838 789 ἐξ
2876 721 3059 794 ἀέρος,
3110 718 3263 781 τέλος
3296 716 3391 772 καὶ
3440 722 3561 782 ταῖς
3591 737 3687 773 τα-

2102 818 2406 889 λαιπώροις
2439 818 2627 889 νήσοις
2656 811 2766 883 οἷόν
2796 832 2918 869 τινα
2949 813 3141 883 μέσην,
3186 811 3254 865 τν⁹
3287 810 3563 880 όλόσωμος
3598 812 3683 882 εἴη

2102 913 2137 983 ἡ
2173 910 2392 982 πληγὴ,
2430 908 2705 979 ἐπέδραμε
2759 906 2827 960 τὰ
2875 905 3042 959 δεινά.
3089 903 3228 958 Ἀλλ’
3284 903 3385 957 οὐκ
3430 899 3499 973 ἦν
3553 920 3687 955 παι-

2103 1006 2291 1059 δεῦσαι
2318 1005 2445 1068 τοὺς
2498 1002 2597 1075 τὴν
2636 1001 2985 1072 θεάνθρωπον
3031 997 3433 1069 ἐξηρνημένους
3468 995 3687 1068 μορφήν

2104 1098 2456 1169 προσκυνεῖν.
2489 1095 2656 1149 Ὅθεν
2684 1095 2808 1163 ἄρτι
2832 1091 2895 1163 δὴ
2924 1090 3018 1145 τοῦ
3052 1089 3194 1145 κατά
3222 1088 3314 1141 τὸν
3356 1087 3555 1158 Θωμᾶν
3588 1086 3688 1157 ἄρα

2106 1188 2295 1254 ξαντος
2312 1186 2705 1259 νεωτερισμοῦ,
2723 1186 2846 1238 ἐπεὶ
2865 1183 3038 1237 ταῦτα
3061 1180 3291 1252 ἠκούετο
3318 1181 3361 1211 ’⁷⁷
3384 1178 3683 1249 πανταχοῦ,

2104 1282 2153 1333 οἱ
2182 1281 2275 1333 τὸν
2326 1277 2583 1350 ἑσπέριον
2639 1276 2840 1330 κόλπον
2895 1276 2993 1346 τῆς
3036 1273 3274 1343 Ἰϐηρίας
3313 1271 3392 1343 τῷ
3448 1270 3686 1340 Ὠκεανῷ

2105 1370 2481 1440 γειτονοῦντες
2562 1366 2858 1438 ’Ᾱγαρηνοὶ
2930 1362 3317 1427 κατοικοῦντες
3370 1361 3689 1434 (Ἱσπάνους

2103 1462 2330 1527 τούτους
2362 1464 2390 1515 ὁ
2426 1461 2595 1524 πολὺς
2628 1461 2829 1531 ῥεύσας
2880 1458 3072 1528 χρόνος
3126 1452 3573 1525 μετωνόμασεν),⁶
3608 1455 3689 1517 είς

2105 1556 2311 1625 πλῆθος
2348 1555 2614 1626 σωμάτων
2642 1553 2739 1607 καὶ
2777 1550 3034 1622 εὐθηνίαν
3057 1548 3152 1603 τοῦ
3198 1548 3389 1617 γένους
3429 1546 3691 1618 ἐξηλακό-

2103 1667 2214 1715 τες,
2249 1648 2349 1719 τὴν
2372 1649 2492 1702 κατ’
2522 1645 2721 1708 αὐτοὺς
2748 1644 3001 1712 ἑσπέριον
3028 1640 3271 1711 πλευρὰν
3292 1638 3502 1710 λυπρὰν
3525 1633 3690 1691 οὖσαν

2107 1742 2202 1795 καὶ
2230 1740 2469 1812 μετρίως
2495 1738 2791 1807 εὐδαίμονα
2812 1734 3065 1806 ὁρῶντες,
3100 1733 3197 1787 καὶ
3222 1731 3553 1803 λειπομένην
3590 1730 3691 1801 μὲν

2108 1835 2207 1905 τῆς
2256 1832 2394 1903 πρὸς
2426 1831 2528 1901 γῆν
2560 1829 2765 1901 ἀρετῆς
2814 1827 2911 1882 καὶ
2948 1825 3208 1895 ἀφθονίας
3246 1824 3387 1879 κατά
3418 1823 3572 1886 πολὺ,
3606 1824 3693 1875 ἐν-

2108 1926 2338 1980 δέουσαν
2368 1924 2426 1977 δὲ
2449 1922 2541 1976 καὶ
2570 1921 2707 1993 πρὸς
2730 1921 2862 1980 αὐτὸ
2892 1918 3051 1973 τοῦτο
3079 1919 3123 1950 ’⁷⁸
3151 1917 3287 1986 ἑῷον
3316 1917 3415 1987 τῆς
3450 1915 3691 1987 Ἰϐηρίας

2108 2019 2203 2071 καὶ
2235 2017 2407 2071 νότιον
2457 2015 2540 2085 (οὐ
2574 2013 2683 2084 γὰρ
2712 2012 2899 2067 ἅπασα
2952 2011 3088 2081 πρὸς
3138 2010 3319 2063 πᾶσαν
3349 2006 3454 2077 γῆς
3490 2004 3691 2077 ἀρετὴν

2107 2106 2393 2175 ἐπιτηδεία
2430 2106 2526 2158 καὶ
2553 2102 2806 2173 εὔφορος,
2836 2096 2975 2154 ἀλλά
3000 2099 3058 2153 τὸ
3085 2098 3184 2168 τῆς
3234 2094 3492 2167 ἑσπερίου
3528 2092 3694 2145 πλευ⁴

2110 2201 2229 2273 ρᾶς,
2282 2198 2360 2262 ὡς
2402 2200 2638 2269 εἴρηται,
2668 2193 2952 2264 αὐχμηρόν
2983 2208 3040 2243 τε
3075 2188 3168 2243 καὶ
3224 2187 3560 2260 λυπρότερον
3590 2183 3691 2254 τῆς

2107 2290 2342 2362 λοιπῆς),
2372 2291 2466 2345 καὶ
2482 2288 2745 2358 διά,τοῦτο
2764 2285 2887 2341 οὗτε
2912 2284 3130 2356 τρέφειν
3162 2278 3464 2352 δυναμένης
3486 2276 3689 2338 αὖτοὺς

2107 2387 2205 2439 καὶ⁹
2243 2386 2465 2440 διοικεῖν
2500 2378 2698 2452 ἄνδρας
2733 2378 2979 2449 σώμασιν
3004 2374 3343 2446 ἐὐμεγέθεσι
3368 2370 3684 2443 χρωμένους

2109 2477 2204 2531 καὶ
2231 2475 2452 2545 ἀγαθῶν
2471 2474 2703 2543 εὐφορίᾳ
2724 2471 2838 2525 ἀλλ’
2864 2470 2965 2523 οὐκ
2994 2465 3173 2537 ἐνδείᾳ
3198 2461 3593 2533 αὐξανομένους
3612 2458 3683 2523 τ’,

2109 2566 2253 2626 οὗτοι
2286 2571 2415 2639 γοῦν
2443 2566 2837 2640 προσελθόντες
2882 2561 3132 2633 Ἀπὸχαψ
3159 2559 3239 2631 τῷ
3283 2556 3490 2611 ἑαυτῶν
3518 2556 3695 2624 ἁμερ-

2113 2682 2215 2735 μου
2226 2668 2330 2736 μνῇ
2346 2663 2631 2718 ἀποικίαν
2646 2657 2779 2713 τινὰ
2797 2656 2892 2711 καὶ
2912 2655 3020 2726 γῆς
3029 2651 3487 2724 μετανάστασιν
3506 2645 3696 2736 ᾔτουν

2110 2734 2327 2821 αὐτοῖς.
2368 2755 2671 2825 γενέσθαι,
2725 2748 2943 2818 πλήθει
2991 2763 3055 2799 τε
3108 2734 3697 2811 στενοχωρουμένοις

2112 2850 2209 2905 καὶ
2243 2838 2589 2917 ἀναγκαίων
2622 2842 2844 2898 σπάνει
2893 2837 3282 2908 πιεζομένοις.
3342 2832 3401 2885 Ὃ
3434 2829 3492 2883 δέ
3536 2827 3697 2881 πλοῖά

2110 2959 2230 2995 τινα
2255 2937 2625 2999 ἐπισκευάσας
2656 2934 2864 3005 μακρὰ,
2890 2932 2987 2986 καὶ
3009 2930 3241 3000 δύναμιν
3273 2927 3374 2980 οὐκ
3408 2922 3596 2991 όλίγην
3636 2917 3697 2985 ἐξ

2110 3032 2290 3088 αὐτῶν
2316 3030 2521 3085 τούτων
2540 3028 2865 3100 ἐμϐιϐάσας,
2899 3026 2991 3079 ἐπὶ
3013 3022 3268 3096 λῃστείαν
3296 3018 3454 3081 τέως,
3484 3012 3686 3068 λανθά-

436 3128 655 3199 magnis
682 3125 964 3182 instructis
992 3125 1225 3180 navibus
1254 3124 1526 3195 justisque
1557 3123 1637 3178 eis
1674 3123 1847 3193 cepiis
1899 3122 2004 3176 im-

2114 3142 2305 3180 νουσαν
2343 3123 2483 3194 ἔχων
2517 3121 2612 3193 τὴν
2646 3121 2876 3184 ἔννοιαν,
2906 3117 3015 3171 τῶν
3042 3115 3275 3187 πρὸςπῇ
3297 3112 3373 3179 ἕῳ
3424 3105 3697 3199 κειμένων

435 3219 655 3291 positis,
691 3218 866 3274 celato
904 3217 1087 3272 adhuc
1120 3216 1374 3279 consilio,
1412 3216 1479 3270 ad
1507 3214 1746 3270 Orientis
1775 3215 2005 3278 insulas,

434 3329 562 3385 qua;
586 3323 789 3370 nostra:
834 3311 1059 3367 ditionis
1088 3320 1266 3377 erant,
1307 3309 1525 3363 interim
1554 3306 1852 3376 praedatum
1876 3306 2011 3361 edu-

432 3408 529 3473 cit,
569 3413 683 3461 tum
716 3403 957 3460 subditis
987 3416 1103 3457 rem
1129 3409 1337 3470 gratam
1372 3400 1740 3469 prastiturus,
1772 3411 2007 3466 quorum

434 3495 792 3566 cupiditatem
834 3494 1029 3547 alienis
1065 3492 1265 3561 opibus
1305 3491 1552 3555 satiaret,
1603 3498 1717 3543 tum
1743 3488 1879 3543 adeo
1909 3501 2009 3542 ex-

446 3592 764 3663 ploraturus
799 3603 929 3643 num
978 3601 1100 3656 quae
1146 3586 1311 3641 fertili
1359 3586 1476 3640 solo
1507 3600 1570 3639 ac
1609 3584 1792 3655 opimo
1830 3581 2009 3637 insula

434 3688 771 3746 occurreret,
821 3680 876 3734 in
911 3694 1075 3749 quam
1125 3677 1411 3733 commode
1456 3689 1682 3731 suorum
1738 3673 2009 3730 coloniam

435 3776 683 3829 duceret.
714 3769 1016 3840 Postquam
1050 3769 1217 3839 igitur
1250 3768 1316 3822 ad
1346 3767 1548 3821 multas
1578 3765 1786 3821 insulas
1815 3763 2012 3835 appul-

436 3880 535 3922 sus
566 3866 842 3919 neminem
870 3861 975 3917 sibi
1018 3862 1366 3916 resistentem
1393 3860 1698 3929 majoresvc
1720 3867 1813 3913 aut
1835 3858 2013 3912 mino-

437 3976 529 4017 res
560 3973 731 4014 naves
760 3964 1124 4027 opponentem
1170 3954 1379 4009 invenit
1431 3954 1646 4025 (omnes
1688 3952 1829 4009 enim
1861 3950 2009 4007 omni

437 4054 644 4109 orbatae
675 4049 928 4122 praesidio
989 4056 1166 4112 erant,
1196 4062 1264 4102 eo
1295 4047 1443 4117 quod
1476 4046 1656 4101 omnis
1688 4044 1884 4101 classis
1920 4059 2013 4100 ea-

435 4160 558 4201 rum
587 4142 841 4216 przesidio
875 4140 1173 4194 constituta
1199 4137 1477 4207 suppetias
1502 4136 1727 4191 Thoma:
1748 4136 2013 4192 adversus

435 4235 646 4307 Cpolim
694 4229 1092 4300 adnavigarat),
1142 4228 1458 4297 ingentique
1489 4226 1670 4297 przeda
1724 4241 1790 4281 ex
1825 4226 2010 4280 omni-

435 4327 564 4392 bus,
596 4325 662 4381 ad
701 4338 843 4395 quas
892 4321 1158 4392 appulsus
1197 4320 1395 4385 fuerat,
1449 4319 1647 4374 insulis
1686 4319 1913 4389 potitus,
1954 4318 2010 4370 in

435 4418 652 4473 Cretam
683 4429 909 4487 quoque
945 4413 1112 4478 venit,
1143 4425 1309 4482 quam
1361 4409 1705 4480 depraedatus
1740 4424 1803 4463 ac
1839 4424 2012 4479 popu-

2116 3221 2296 3291 νήσων
2340 3192 2435 3272 καὶ
2478 3192 2768 3287 ἡμετέρων
2789 3209 3168 3281 τυγχανόντων
3218 3204 3510 3275 ἐτράπετο,
3560 3192 3698 3291 ὁμρῦ

2121 3286 2219 3384 μέν
2250 3310 2309 3365 τὸ
2339 3286 2534 3371 αὐτοῖς
2556 3304 2996 3375 ἐπιθυμούμενον
3020 3296 3311 3370 ἐκπληρῶν
3347 3295 3443 3349 καί
3486 3292 3551 3345 ἐκ
3587 3286 3699 3342 τῶν

2117 3402 2417 3474 ἀλλοτρίων
2446 3401 2671 3462 τούτους
2698 3396 3128 3468 προσκορεννὺς,
3151 3390 3286 3461 ὁμσῦ
3336 3388 3391 3443 δέ
3423 3398 3700 3441 κατασκε-

2117 3498 2353 3568 ψόμενος
2378 3495 2424 3526 ⁸ο
2452 3492 2507 3546 εἴ
2540 3509 2626 3555 τις
2678 3490 2827 3543 ἔστιν
2860 3489 3033 3551 οὕτως
3078 3486 3307 3556 εὔφορος
3362 3481 3469 3537 τῶν
3521 3477 3702 3546 νήσων

2119 3592 2213 3643 καὶ
2241 3585 2447 3660 λιπαρὰ
2478 3586 2557 3649 είς
2584 3584 2863 3656 μετοικίαν
2894 3582 3089 3636 αὐτῶν.
3125 3577 3209 3651 [Ρ.
3238 3575 3329 3648 47]
3373 3572 3527 3627 Ἐπεὶ
3566 3569 3701 3639 γοῦν

2120 3681 2343 3745 πολλαῖς
2382 3679 2490 3733 τῶν
2541 3679 2722 3749 νήσων
2753 3674 3074 3747 πλησιάζων
3104 3671 3195 3727 τὸν
3230 3662 3702 3736 ἀντιπαραταττό-

2124 3790 2282 3845 μενον
2324 3769 2506 3844 μικρῷ
2554 3769 2587 3839 ἦ
2643 3768 2864 3839 μεγάλῳ
2912 3765 3081 3834 πλοίῳ
3117 3763 3216 3832 οὐχ
3247 3759 3502 3832 εὕρισκεν
3547 3757 3704 3845 (sm-f-

2123 3865 2315 3939 ροῦντο
2339 3862 2450 3934 γὰρ
2479 3863 2652 3914 πᾶσαι
2684 3859 2782 3928 τῆς
2818 3857 3000 3911 αὐτῶν
3060 3852 3336 3926 βοηθείας,
3368 3849 3507 3933 ἄρτι
3555 3844 3702 3899 κατά
3756 3870 3769 3879 ι

2119 3959 2218 4028 τῆς
2251 3950 2879 4011 Κωνσταντινουπὸλεως
2905 3945 3284 4016 ἐκϐοηθουσῶν
3304 3943 3398 3995 καὶ
3419 3935 3702 3993 πλεουσῶν

2125 4048 2265 4122 μετά
2314 4047 2409 4102 τοῦ
2441 4044 2655 4116 Θωμᾶ),
2696 4040 2937 4111 μεγάλας
2969 4040 3026 4092 δέ
3075 4036 3341 4106 ὠφελείας
3376 4035 3456 4122 ἐκ,
3487 4028 3699 4122 πασῶν,

2122 4118 2214 4203 αἷς
2241 4137 2336 4193 καὶ
2370 4133 2780 4208 προσὼρμιξεν,
2811 4126 3119 4198 ἐκαρποῦτό
3145 4143 3204 4177 τε
3241 4125 3333 4178 καὶ
3371 4118 3701 4191 ἐλάμϐανεν,

2119 4230 2222 4305 ἧκε
2254 4231 2350 4284 καὶ
2380 4229 2515 4299 πρὸς
2537 4227 2664 4288 τοὺς
2689 4223 3008 4294 Κρηταιεῖς,
3037 4221 3131 4273 καὶ
3165 4218 3391 4279 τούτους
3423 4210 3701 4283 καταδρα-

2124 4301 2240 4392 μὼν
2281 4322 2375 4375 καὶ
2420 4319 2571 4373 λείαν
2616 4317 2852 4387 ποιήσας
2898 4315 2992 4367 καὶ
3024 4309 3579 4383 ἀνδραποδισάμενος,
3625 4301 3705 4366 ὡς

2122 4417 2270 4487 ἐνῆν,
2301 4410 2394 4467 καὶ
2424 4411 2688 4467 πάντοθεν
2713 4405 3049 4478 καταμαθὼν
3076 4406 3173 4476 τὴν
3207 4403 3307 4473 τῆς
3344 4404 3443 4470 γῆς
3477 4396 3705 4467 ἀρετὴν,

439 4507 584 4564 latus
610 4517 876 4577 quantum
930 4505 981 4559 ei
1028 4504 1246 4568 licebat,
1293 4518 1417 4558 eum
1446 4501 1596 4557 omni
1628 4515 1694 4555 ex
1723 4510 1877 4570 parte
1909 4501 2009 4557 soli

2125 4510 2219 4563 καὶ
2249 4507 2366 4570 πῶς
2401 4505 2487 4576 εἴη
2532 4504 2668 4574 πρὸς
2694 4503 2876 4557 πᾶσαν
2912 4500 3072 4571 χάριν
3099 4495 3192 4549 καὶ
3220 4491 3442 4562 ἀγαθῶν
3469 4489 3707 4561 εὔφορος

338 4629 343 4633 «
438 4600 739 4656 bonitatem
773 4598 1243 4669 deprehendisset,
1266 4605 1320 4650 et
1348 4604 1686 4665 quantopere
1709 4594 1775 4648 ad
1799 4609 2019 4649 omnem

438 4700 781 4747 venustatem
830 4692 1160 4761 frugumque
1210 4689 1518 4744 ubertatem
1572 4686 1771 4742 fertilis
1829 4697 2018 4742 esset:

442 4784 547 4848 En,
577 4785 673 4849 ait,
711 4799 816 4836 non
859 4792 937 4836 est
964 4784 1076 4835 hac
1109 4781 1224 4835 alia
1248 4797 1409 4851 quam
1442 4790 1583 4833 terra
1610 4778 1781 4847 ﬂuens
1812 4777 1949 4833 lacte
1973 4786 2022 4833 et

441 4874 617 4929 melle.
645 4871 725 4926 Ac
750 4881 863 4925 tum
889 4870 1108 4938 quidem
1131 4871 1365 4925 navibus
1392 4870 1575 4925 omnis
1598 4868 1817 4941 generis
1839 4868 2019 4938 praeda

440 4965 684 5023 oneratis
717 4963 823 5035 75
858 4962 1079 5017 domum
1113 4962 1307 5025 rediit;
1365 4976 1731 5033 reversusque
1778 4951 2015 5017 validam

441 5072 510 5115 ac
540 5058 812 5129 ingentem
840 5053 1070 5108 classem
1103 5049 1344 5103 instruit.
1376 5051 1618 5106 Exeunte
1644 5067 1810 5122 porro
1842 5052 2020 5107 hieme

441 5163 681 5219 vereque
724 5149 967 5208 ineunte,
1017 5142 1376 5215 quadraginta
1412 5145 1631 5199 navium
1661 5145 1837 5200 classe
1868 5143 2024 5199 belli-

444 5240 597 5296 cosis
668 5239 981 5296 hominibus
1057 5242 1323 5297 onerata,
1394 5242 1723 5305 captatoque
1779 5236 2022 5291 secundo

444 5343 631 5397 vento,
667 5342 816 5388 recta
857 5334 911 5388 in
944 5332 1187 5395 Cretam,
1243 5328 1364 5383 aliis
1415 5328 1612 5399 spretis
1646 5328 1864 5393 insulis,
1893 5344 2025 5385 con-

447 5425 641 5481 tendit.
668 5422 788 5479 Jam
812 5440 941 5496 ergo
972 5425 1237 5495 appulsus
1259 5432 1398 5489 erat,
1420 5430 1473 5477 et
1494 5419 1562 5476 ad
1583 5422 2024 5493 promontorium

447 5519 594 5589 quod
628 5520 924 5574 Cltaracem
977 5528 1177 5573 vocant
1225 5530 1550 5573 exscensum
1607 5513 1831 5573 fecerat.
1884 5516 2023 5571 Cum

2124 4600 2406 4670 ἀφθονίαν,
2463 4597 2665 4659 Τοῦτο,
2697 4594 2822 4664 ἔφη,
2858 4591 2932 4660 γῆ
2973 4592 3083 4645 οὐκ
3123 4586 3281 4654 ἄλλη
3322 4584 3359 4654 ἢ
3389 4584 3426 4652 ἠ
3468 4580 3710 4651 ῥέουσα

2118 4693 2257 4764 μέλι
2290 4691 2387 4745 καὶ
2424 4689 2599 4760 γάλα.
2656 4687 2765 4740 Καὶ
2797 4684 2918 4737 τότε
2957 4682 3058 4755 μὲν
3091 4678 3357 4733 παντοίων
3409 4675 3711 4746 γενόμενος

2124 4786 2349 4855 ἀγαθῶν
2373 4785 2415 4815 ⁸¹
2456 4781 2629 4852 ἀπῄει
2654 4781 2754 4849 τὴν
2783 4778 2987 4843 οἴκαδε,
3020 4778 3114 4830 καὶ
3143 4774 3291 4845 πάσῃ
3325 4771 3469 4842 χειρὶ
3508 4769 3602 4822 καὶ
3622 4767 3711 4821 δυ-

2124 4878 2283 4947 νάμει
2312 4873 2564 4929 ναυτικὸν
2585 4858 2845 4942 ἐξήρτυεν
2872 4888 2884 4899 ·
2912 4869 2985 4932 ὡς
3008 4868 3052 4921 δ’
3076 4869 3102 4920 ὁ
3124 4864 3331 4938 χειμὼν
3360 4861 3712 4917 ἐτετελείωτο

2128 4968 2224 5024 καὶ
2242 4967 2303 5021 τὸ
2331 4966 2430 5036 ἔαρ
2450 4964 2797 5033 ὑπέλαμπεν,
2822 4962 3228 5031 τεσσαράκοντα
3255 4953 3548 5028 πληρώσας
3575 4953 3710 5019 ναῦς

2130 5058 2341 5130 ἀνδρῶν
2371 5056 2626 5128 μαχίμων
2671 5055 2766 5108 καὶ
2804 5052 3106 5122 ἐπιτήδειον
3136 5050 3337 5117 ἄνεμον
3367 5047 3713 5119 ἐπιτηρήσας

2126 5155 2227 5225 τὴν
2261 5151 2354 5205 ἐπὶ
2411 5152 2638 5221 Κρήτην
2689 5147 2968 5202 ἐστέλλετο
3020 5142 3363 5211 εὐθυπορῶν,
3400 5140 3499 5203 τὰς
3543 5138 3715 5201 ἄλλας

2128 5246 2238 5299 τῶν
2265 5246 2446 5315 νήσων
2471 5242 2698 5312 θέμενος
2729 5242 2808 5301 εἰς
2840 5237 3013 5290 οὐδέν.
3047 5236 3205 5304 Ἀρτι
3225 5234 3355 5303 γοῦν
3386 5231 3711 5299 ἐπλησίαζε,

2133 5333 2225 5389 καὶ
2263 5332 2339 5402 τῷ
2369 5329 2704 5401 ἀκρωτηρίῳ
2734 5327 2812 5397 τῷ
2846 5326 3063 5397 Χάρακι
3094 5324 3417 5394 καλουμένῳ
3441 5321 3717 5391 κατὴγετό

2131 5443 2191 5480 τε
2222 5425 2316 5477 καὶ
2362 5417 2797 5493 προσωρμίζετο.
2854 5418 2944 5480 Ὠς
2987 5416 3033 5471 δ’
3067 5416 3219 5469 οὐδὲν
3270 5413 3395 5467 οὕτε
3436 5412 3578 5466 κατά
3610 5410 3717 5484 τὴν

2133 5516 2466 5589 καταγωγὴν
2494 5514 2619 5569 οὕτε
2651 5512 2796 5569 κατά
2840 5511 2940 5583 τὴν
2977 5509 3248 5565 ἀπόϐασιν
3279 5508 3453 5576 ἐφάνη
3496 5504 3717 5570 τούτοις

1750 5632 1989 5690 νΑΙὶΙᾸΞ
2036 5633 2441 5690 LEC'l‘lUNES.

532 5734 575 5764 τ’
606 5733 837 5801 ἧκουστο
862 5745 1053 5803 margo
1080 5729 1327 5803 Combcf.
1405 5734 1447 5765 ⁷⁸
1482 5728 1657 5801 τοῦτο]
1687 5728 1773 5783 to?
1854 5731 1895 5761 7“
1930 5731 2009 5784 α’ἶιέ

2116 5730 2263 5795 ένους
2297 5728 2355 5787 Ρ,

452 5800 744 5877 πεπληκὼς
768 5800 1314 5881 ἁγαθῶνῧείιωηυε.

2435 5730 2477 5761 *θ
2514 5725 2998 5798 κατασκεψάμενος
3025 5718 3087 5774 Ρ.
3180 5719 3220 5749 ⁸¹
3247 5716 3332 5773 τὲιν
3379 5716 3559 5771 στόλον
3602 5718 3709 5787 ἑμ-
