4038 6214
241 380 308 444 89

1199 384 1346 446 LIB.
1391 385 1475 447 II.
1513 410 1580 424 -
1620 387 1965 449 MICHAEL
1998 391 2492 456 AMORIENSIS.

3424 403 3497 467 90

239 489 339 544 τῶν
378 487 695 552 ἀπευκτῶν,
725 489 864 544 ἀλλὰ
906 491 1000 545 καὶ
1048 493 1184 564 πρὸς
1235 494 1387 558 λείας
1431 494 1674 567 χωροῦσι
1721 497 1813 550 καὶ

1921 508 2104 556 autem
2163 517 2263 558 nec
2313 502 2370 558 in
2419 504 2740 574 appulsione
2789 521 2890 561 nec
2935 507 3293 566 exscensione
3341 509 3503 569 triste

244 583 366 654 πρὸς
393 582 658 653 ἁρπαγὰς
691 582 937 656 εὐχερῶς
967 585 1036 639 τὰ
1061 586 1160 653 τῆς
1186 584 1448 658 ἐπιϐολῆς
1477 603 1538 640 τε
1573 589 1668 641 καὶ
1691 589 1815 643 ἑπι-

245 673 531 744 χειρήσεως
563 673 912 743 ἐπεραίνετο,
943 676 1071 737 τοὺς
1102 675 1204 745 μὶν
1231 675 1571 748 ἐπιτηδείους
1601 677 1682 740 εἷς
1717 678 1816 740 τὰς

253 765 488 835 συνήθεις
514 765 802 835 προνομὰς
821 766 1117 820 ἀπέστελλε
1145 766 1668 840 δουλαγωγήσοντας
1689 772 1816 834 τοὺς

258 857 482 928 ὶχδροῦς,
531 857 698 921 αὐτὸς
730 858 790 910 δὲ
842 860 970 922 τοὺς
997 859 1220 924 λοιποὺς
1261 861 1422 931 ἔχων,
1455 862 1584 934 ἄρτι
1622 862 1688 933 δὴ
1719 861 1815 916 τοῦ

265 949 550 1019 πνεύματος
579 951 1000 1021 ἐπακμάζοντος
1031 952 1304 1007 κάκείνων
1335 953 1453 1024 ἅμα
1479 956 1816 1027 πορρωτέρω

273 1043 460 1096 σταδίων
487 1041 626 1096 δέκα
653 1041 688 1114 ἢ
713 1042 1010 1098 δεκαπέντε
1038 1045 1373 1116 γενομένων,
1415 1044 1529 1118 πῦρ
1562 1047 1816 1118 ἐμϐαλὼν

265 1137 360 1197 ταῖς
380 1135 571 1188 ναυσὶν
601 1135 821 1199 ἁπάσας
855 1136 1176 1207 κατέφλεξε,
1210 1140 1539 1208 φεισάμενος
1575 1141 1639 1194 τὺ
1673 1158 1817 1213 παρ-

261 1229 378 1282 άπαν
413 1227 706 1297 οὐδεμιᾶς.
744 1227 898 1291 Τέως
956 1229 1056 1299 μὲν
1108 1229 1202 1283 οὖν
1250 1229 1330 1300 τῷ
1364 1231 1658 1302 παραδόξῳ
1719 1230 1814 1285 τοῦ

254 1320 560 1390 ¹πράγματος
600 1319 1048 1388 καταπλαγέντες
1077 1322 1225 1386 ἄπας
1254 1322 1319 1393 δὴ
1360 1323 1388 1375 6
1435 1324 1668 1394 στρατὸς
1702 1323 1818 1395 (καὶ

248 1415 339 1482 γὰρ
372 1413 769 1467 ὲπαλινόστουν
798 1412 1021 1484 εὐθέως)
1073 1415 1553 1486 ὲκδειματούμενοι
1591 1417 1690 1488 τὴν
1728 1419 1818 1470 αί-

243 1509 352 1560 τίαν
373 1508 748 1562 ἐπυνθάνοντο
787 1509 884 1562 καὶ
911 1509 990 1573 είς
1018 1509 1210 1579 λόγους
1240 1508 1404 1582 ἦλθον
1436 1509 1815 1580 νεωτερικούς.

251 1601 389 1656 Ἐπεὶ
448 1599 508 1653 δὲ
579 1603 922 1673 κατήκουσαν
974 1602 1010 1657 ἃ
1075 1602 1245 1656 πάλαι
1303 1603 1554 1656 ὠδῖνοντο
1593 1604 1640 1636 ⁸⁸
1663 1645 1676 1669 ,
1743 1603 1823 1667 ὡς

236 1693 413 1747 Αἰντοί
435 1709 504 1746 τε
534 1693 768 1747 τούτων
793 1693 966 1762 ὑμεῖς
988 1694 1034 1726 ⁸³
1054 1693 1341 1749 ἀποικίαν
1373 1692 1690 1761 ζητοῦντες
1715 1694 1814 1749 καί

230 1785 345 1855 τῆν
390 1786 653 1856 ἀγαθὴν,
687 1786 820 1856 ἐμοί
847 1804 913 1840 τε
943 1789 1165 1855 ταύτης
1195 1787 1481 1856 οὐδετέρα
1537 1787 1819 1855 κρείττων

229 1881 600 1950 νενόμισται,
635 1883 724 1946 εὶς
753 1881 801 1914 ⁸⁵
834 1881 1060 1948 ταύτην
1101 1876 1294 1950 ἦλθον
1352 1879 1502 1932 ὁδόν
1545 1877 1689 1948 ὑμῖν
1739 1895 1820 1934 ’τε

225 1975 419 2043 ἀγαθὰ
451 1971 769 2042 προξενῶν
797 1972 894 2026 καὶ
924 1972 1029 2042 ἐμὲ
1050 1971 1163 2041 τῆς
1197 1971 1268 2036 ἐξ
1307 1969 1478 2041 ὑμῶν
1506 1970 1819 2025 ἀπαλλάτ-

221 2082 352 2119 των
374 2066 714 2136 ὀχλήσεως.
755 2064 845 2126 Ὠς
869 2064 926 2118 δὲ
952 2066 1046 2118 καὶ
1075 2063 1352 2133 γυναικῶν
1382 2064 1691 2135 ἐμέμνηντο
1725 2063 1819 2118 καὶ

222 2158 448 2212 παίδων
494 2159 598 2211 οὐκ
651 2156 976 2227 ὠλιγώρουν,
1019 2157 1127 2212 Kal
1171 2155 1477 2224 γυναῖκες,
1523 2155 1651 2225 ἔφη,
1701 2148 1818 2209 ὦδε

217 2250 515 2320 ὑμέτεραι
572 2254 632 2304 αι
682 2248 1268 2320 αίχμαλωτιζόμεναι,
1321 2248 1420 2303 καί
1479 2247 1694 2314 παῖδες
1743 2250 1816 2303 οὐ

215 2317 380 2413 μετὰ
400 2317 622 2411 ,λιαρόν
641 2342 687 2374 ⁸⁸
825 2317 1043 2396 (terim.
1071 2317 1248 2393 *Ὅθεν
1279 2343 1394 2403 τοῖς
1423 2340 1690 2401 τοιούτοις
1718 2356 1816 2393 κα-

223 2434 662 2503 τασιγασθέντες
691 2434 893 2504 λόγοις,
920 2435 1018 2488 καὶ
1053 2433 1327 2505 ἀποδοχῆς
1370 2433 1497 2498 ἄξια
1530 2433 1815 2503 κρίναντες

215 2525 292 2578 τὰ
321 2523 620 2593 λεγόμενα,
651 2523 860 2594 τάφρον
911 2522 1008 2593 μὲν
1047 2521 1278 2593 ἢγειραν
1316 2521 1535 2593 πρῶτον
1567 2520 1810 2590 βαθεῖαν,

215 2619 316 2670 καὶ
352 2616 581 2688 χάρακα
633 2617 691 2669 ἐν
731 2614 904 2686 ταύτῃ
935 2613 1372 2685 καταπήξαντες,
1399 2613 1528 2667 ἔνθα
1572 2614 1668 2666 καὶ
1716 2611 1812 2664 νῦν

213 2707 400 2762 λαϐὼν
442 2709 546 2778 τὴν
585 2708 907 2777 ἐπωνυμίαν
938 2709 966 2761 6
991 2707 1155 2770 τόπος
1202 2703 1366 2770 σώζει
1397 2705 1500 2775 τήν
1531 2720 1810 2774 προσηγο-

218 2801 367 2872 ρίαν,
411 2798 634 2866 Χάνδαξ
681 2799 1102 2871 ὀνομαζόμενος,
1147 2799 1324 2852 ἐκεῖσε
1373 2795 1807 2865 διενυκτέρευον,

216 2895 474 2964 φυλακάς
512 2910 573 2947 τε
623 2894 724 2958 τὰς
778 2891 1166 2964 προσηκούσας
1216 2887 1666 2959 ποιούμενοικαὶ
1710 2888 1810 2951 τὰς

216 2982 490 3052 ὠφελείας
518 2981 702 3036 αὐτῶν
729 2983 906 3035 ἐκεῖσε
935 2979 1494 3051 ἀποθησαυρίζοντες.

290 3093 327 3127 κ
335 3070 383 3144 β’
388 3113 402 3126 .
422 3074 633 3144 Χρόνος
651 3073 706 3126 δὲ
723 3072 892 3145 ἐρρύη
913 3072 1080 3135 πολὺς
1096 3071 1372 3141 οὐδαμῶς,
1393 3071 1489 3125 καὶ
1510 3069 1688 3124 πάντα
1714 3069 1806 3123 τὸν

1921 593 2129 663 aliquid
2170 595 2482 660 accidisset,
2520 596 2743 667 jamque
2799 598 2970 655 libere
3012 603 3223 672 praedas
3275 615 3500 675 agerent

1919 699 1983 742 ac
2013 699 2386 755 excurrerent,
2417 687 2594 743 facilis
2625 690 2742 745 visa
2798 696 3075 761 aggressio
3101 705 3184 750 est
3211 697 3498 765 explendi-

1919 792 2027 847 que
2046 778 2261 833 consilii
2292 777 2629 835 ratio.Viros
2656 780 2880 838 idoneos
2908 800 2972 838 ex
3004 800 3157 842 more
3181 790 3498 858 populatum

1921 870 2086 924 mittit
2121 871 2469 942 praedamque
2524 879 2782 937 acturos:
2813 875 2930 944 ipse
2978 891 3101 931 cum
3134 880 3383 949 reliquis,
3409 883 3500 938 ubi

1921 961 2012 1018 isti
2047 964 2212 1033 paulo
2250 965 2488 1035 longius,
2527 965 2594 1020 ad
2639 966 2824 1022 decem
2861 969 3078 1025 circiter
3117 971 3502 1041 quindecimvc

1919 1054 2118 1121 stadia,
2153 1068 2557 1127 processerant,
2589 1070 2753 1115 vento
2785 1061 2947 1115 etiam
2978 1063 3372 1133 invalescente,
3413 1068 3500 1123 in-

1915 1147 2064 1217 jecto
2127 1149 2250 1217 igne
2299 1163 2493 1206 omnes
2533 1152 2598 1206 ad
2649 1168 2815 1207 unam
2851 1169 3020 1210 naves
3075 1156 3334 1213 incendit.
3377 1159 3499 1228 Quo

1920 1240 2102 1296 subito
2128 1241 2518 1312 conflagrantis
2573 1245 2765 1301 classis
2836 1249 3146 1316 spectaculo
3178 1253 3500 1320 perterritus

1920 1333 2102 1386 omnis
2138 1334 2414 1388 exercitus
2448 1345 2558 1388 tum
2588 1336 2735 1392 illico
2771 1338 2836 1393 ad
2865 1349 3045 1395 castra
3084 1343 3280 1397 reverti
3312 1344 3498 1413 coepit,

1921 1432 2032 1478 tum
2067 1422 2306 1479 ferocius
2344 1425 2465 1493 ejus
2499 1428 2630 1480 tanti
2689 1427 2954 1484 facinoris
3013 1431 3291 1485 rationem
3335 1447 3500 1502 repo-

1921 1529 2096 1570 scere.
2136 1515 2217 1569 Ad
2245 1531 2382 1585 quos
2432 1517 2584 1573 dux:
2621 1515 2851 1572 Factum
2874 1530 2975 1586 est,
3015 1521 3209 1592 inquit,
3239 1525 3377 1593 quod
3413 1541 3499 1578 cos

1878 1609 2122 1677 .pridem
2156 1608 2566 1677 parturiebatis.
2615 1609 2714 1665 Vos
2775 1613 2880 1680 ipsi
2938 1614 3087 1668 nobis
3143 1615 3222 1669 rei
3256 1626 3500 1671 auctores

1922 1699 2128 1768 fuistis,
2180 1702 2270 1770 qui
2304 1702 2570 1755 coloniam
2602 1719 2664 1755 ac
2695 1713 2892 1757 terram
2923 1705 3114 1758 bonum
3161 1710 3498 1776 qua'sieritis.

1923 1791 2008 1844 Ad
2041 1808 2124 1844 me
2147 1791 2285 1861 quod
2311 1794 2524 1857 attinet,
2551 1795 2653 1846 hac
2677 1796 3104 1861 praestantiorem
3134 1795 3338 1849 nullam
3383 1799 3501 1851 exi-

1923 1887 2157 1940 stimavi.
2217 1884 2432 1956 Hocque
2477 1887 2608 1940 adeo
2638 1887 2740 1940 iter
2769 1891 2998 1956 suscepi,
3032 1899 3088 1941 ut
3114 1897 3165 1942 et
3189 1889 3331 1943 vobis
3364 1889 3500 1944 bona

1920 1994 2168 2046 pararem
2218 1989 2268 2032 et
2323 1987 2509 2033 vestra:
2549 1993 2629 2032 me
2675 1979 3123 2048 interpellationis
3161 1981 3406 2035 molestia
3435 1984 3503 2035 li-

1921 2071 2179 2126 berarem.
2221 2072 2358 2126 Cum
2405 2081 2588 2126 autem
2625 2072 2791 2126 etiam
2826 2088 3062 2127 uxorum
3119 2074 3504 2130 meminissent

1918 2182 2021 2221 nec
2046 2167 2345 2221 liberorum
2371 2166 2752 2237 negligendam
2787 2182 2999 2233 curam,
3033 2169 3319 2239 respondit
3362 2171 3504 2240 Apu-

1917 2261 2174 2330 chapsus,
2209 2258 2275 2313 In
2303 2270 2550 2327 promptu
2578 2270 2703 2314 sunt
2735 2276 2946 2326 uxores,
2977 2261 3224 2317 mulieres
3255 2263 3500 2331 captiua;

1911 2363 1967 2408 ct
1995 2370 2124 2424 quas
2155 2353 2264 2425 76
2296 2369 2361 2407 ex
2392 2354 2500 2408 illis
2556 2353 2696 2408 brevi
2746 2357 3044 2424 suscepturi
3091 2357 3219 2411 estis
3281 2355 3497 2410 liberos.

1917 2444 2012 2501 llis
2053 2448 2237 2515 itaque
2271 2446 2451 2500 verbis
2475 2446 2670 2509 sedati,
2700 2461 2873 2516 eaque
2904 2445 3067 2517 digna
3105 2445 3501 2516 approbatione

1915 2536 2042 2602 rati,
2089 2537 2259 2589 altum
2293 2537 2470 2604 primo
2500 2535 2713 2590 ducunt
2757 2550 3032 2606 aggerem,
3068 2537 3382 2605 vallumque
3407 2535 3500 2605 ja-

1913 2629 2124 2684 cientes
2164 2627 2334 2698 (unde
2375 2636 2430 2682 et
2461 2628 2618 2684 locus
2649 2629 2886 2684 inditum
2915 2636 3335 2701 cognomentum
3367 2627 3502 2683 hac-

1917 2732 2069 2777 tenus
2110 2719 2596 2787 retinet,-Candax
2655 2721 2984 2794 appellatus)
3044 2721 3158 2777 illic
3204 2729 3498 2791 pernocta-

1912 2815 2062 2880 bant,
2091 2819 2391 2869 consuetas
2443 2814 2704 2871 excubias
2744 2816 3008 2871 habentes
3035 2828 3338 2884 omnesque
3364 2827 3498 2870 suas

1911 2923 2042 2980 opes
2080 2915 2135 2964 et
2163 2907 2454 2964 facultates
2489 2907 2564 2963 ibi
2601 2915 2947 2978 reponentes.

1977 3088 2072 3146 22.
2114 3089 2229 3144 Non
2271 3087 2496 3160 longum
2540 3085 2774 3140 ﬂuxerat
2836 3094 3071 3155 tempus,
3147 3095 3272 3138 cum
3321 3081 3507 3138 omnis

215 3167 449 3240 βασιλέα
478 3168 516 3237 ἡ
551 3167 708 3236 φήμη
754 3165 974 3232 ἐδίδαξε.
1005 3163 1118 3220 Καὶ
1162 3164 1228 3232 δή
1275 3163 1368 3216 τὸν
1398 3164 1804 3234 πρωτοσπαθά-

1919 3183 2028 3254 ejus
2059 3181 2358 3237 molitionis
2381 3179 2525 3232 fama
2555 3178 2621 3232 ad
2655 3176 3007 3247 imperatoris
3059 3185 3223 3231 aures
3252 3181 3506 3245 pervecta

215 3278 334 3332 ριον
361 3259 664 3325 Φωτεινδν,
706 3257 789 3328 ιΡ.
817 3253 906 3331 48]
955 3258 1288 3330 πρόπαππον
1320 3255 1423 3326 μὲν
1449 3257 1603 3326 Ζωῆς
1627 3256 1722 3326 τῆς
1748 3256 1805 3308 ἐν

216 3353 476 3424 μακαρίᾳ
525 3355 596 3424 τῇ
649 3352 802 3424 λήξει
856 3351 1183 3405 θεοστέπτου
1233 3348 1553 3418 Αὐγούστης
1603 3348 1807 3418 τυγχά-

217 3463 402 3509 νοντα,
432 3443 853 3516 στρατηγοῦντα
871 3445 927 3498 6!
950 3442 1254 3516 τηνικαῦτα
1282 3443 1393 3500 τῶν
1422 3439 1805 3504 ’Λνατολικῶν,

212 3539 284 3590 τὰ
303 3539 405 3607 τῆς
426 3539 664 3608 Κρήτης
686 3537 899 3591 ἅπαντα
915 3537 1138 3591 διοικεῖν
1161 3535 1524 3608 προεϐάλετο’
1545 3534 1602 3597 ὃς
1629 3534 1808 3587 ἐκεῖσε

214 3630 698 3701 παραγενόμενος,
730 3631 822 3682 καὶ
855 3629 964 3683 τῶν
988 3629 1089 3699 μὲν
1117 3629 1408 3698 γενόμενος
1437 3627 1661 3700 θεατὴς,
1697 3625 1808 3680 τῶν

214 3725 273 3778 δὲ
307 3724 409 3778 καὶ
436 3722 741 3795 ἀκροατὴς,
766 3723 1092 3794 τρανότερον
1123 3723 1436 3776 ἀνεδίδασκε
1463 3719 1556 3774 τὸν
1589 3718 1810 3790 Μιχαὴλ

213 3821 285 3872 τὰ
323 3817 710 3890 πραττόμενα,
766 3817 860 3870 καὶ
888 3815 1120 3888 δύναμίν
1157 3833 1280 3869 τινα
1308 3815 1462 3885 ἠξίου
1498 3814 1810 3884 ἐκπέμπειν

213 3911 316 3981 τὴν
346 3910 569 3965 ἐκεῖθεν
599 3908 1048 3979 ἀποσοϐήσουσαν
1098 3908 1224 3971 τοὺς
1255 3905 1505 3978 ἐχθρούς.
1540 3903 1810 3976 Δαμιανδν

213 4002 352 4070 γοῦν
411 4001 635 4072 κόμητα
667 4001 796 4054 ὄντα
840 3999 940 4054 τοῦ
996 3999 1281 4070 βασιλικοῦ
1322 3999 1681 4052 ίπποστασίου
1715 3996 1810 4050 καὶ

216 4092 728 4165 πρωτοσπαθάριον
759 4091 899 4162 μετὰ
932 4092 1135 4163 πολλῆς
1172 4092 1454 4163 δυνάμεως
1484 4092 1579 4145 καὶ
1631 4105 1812 4159 παρα-

213 4185 426 4255 σκευῆς
471 4187 504 4238 ό
561 4182 866 4253 βασιλεύων
904 4183 1225 4237 ἀπέστειλεν
1286 4185 1367 4246 εἰς
1419 4181 1674 4254 βοήθειαν
1713 4179 1810 4232 τοῦ

213 4277 542 4348 στρατηγοῦ
563 4276 835 4330 Φωτεινοῦ
853 4292 869 4310 ο
901 4275 952 4330 οἶ
980 4276 1076 4330 καὶ
1105 4275 1399 4335 ένωθέντες
1418 4275 1510 4328 τὸν
1540 4273 1640 4343 μὲν
1669 4273 1812 4328 κατὰ

209 4370 328 4424 τῶν
375 4367 706 4440 Ἀγαρηνῶν
729 4369 966 4439 πόλεμον
995 4369 1254 4440 ἔστησαν,
1292 4369 1374 4432 είς
1402 4366 1558 4422 οὐδὲν
1587 4367 1646 4421 δὲ
1670 4367 1810 4438 χρή-

212 4480 385 4535 σιμον
416 4464 480 4517 τὸ
503 4464 656 4526 τέλος
706 4462 1026 4534 ἐνέσκηψεν.
1055 4462 1228 4524 Αὐτός
1257 4478 1316 4516 τε
1353 4462 1462 4534 γὰρ
1507 4465 1534 4517 6
1565 4463 1812 4534 προρρη-

1909 3284 2014 3331 est.
2075 3272 2126 3328 ls
2158 3273 2340 3342 itaque
2367 3269 2601 3324 Photino
2627 3267 3087 3338 protospathario,
3121 3266 3294 3321 felicis
3322 3280 3507 3320 recor-

1911 3365 2149 3422 dationis
2197 3365 2337 3420 Zeos
2397 3378 2427 3417 a
2470 3359 2582 3417 Deo
2633 3369 2905 3415 coronatae
2970 3359 3230 3428 Augustae
3276 3371 3504 3427 proavo,
3604 3409 3617 3413 -

1911 3455 2269 3512 Orientalium
2303 3467 2405 3524 per
2453 3452 2505 3507 id
2554 3460 2773 3520 tempus
2803 3449 2952 3512 duci,
3009 3463 3280 3503 summam
3310 3446 3388 3500 rei
3435 3446 3506 3500 ad

1911 3549 2123 3606 Cretam
2169 3547 2471 3618 spectantis
2520 3543 2821 3601 commisit.
2881 3541 3001 3608 Quo
3060 3540 3150 3594 ille
3203 3539 3505 3610 profectus,

1911 3657 1975 3698 ac
2013 3653 2134 3697 cum
2177 3641 2282 3695 alia
2325 3641 2500 3695 oculis
2542 3639 2657 3710 ipse
2704 3637 3016 3700 lustrasset,
3047 3643 3160 3689 tum
3193 3633 3315 3689 aliis
3365 3633 3507 3688 refe-

1911 3734 2158 3788 rentibus
2182 3734 2287 3787 alia
2331 3733 2654 3800 accepisset,
2680 3744 2802 3798 qua:
2835 3735 3156 3798 gererentur
3190 3725 3506 3794 imperatori

1913 3826 2116 3883 clarius
2153 3824 2470 3890 declaravit,
2511 3823 2767 3892 viresque
2812 3820 3030 3889 aliquas
3060 3817 3127 3872 ad
3158 3818 3345 3872 hostes
3381 3819 3508 3871 inde

1913 3917 2280 3989 proﬂigandos
2343 3915 2411 3970 ab
2467 3897 2602 3970 urbe
2664 3912 2803 3967 mitti
2871 3910 3104 3983 rogavit.
3170 3907 3498 3962 Damianum

1913 4009 2097 4080 itaque
2130 4009 2273 4064 sacri
2331 4007 2533 4063 stabuli
2563 4006 2822 4062 comitem
2870 4018 2934 4057 ac
2993 4000 3505 4071 protospatharium

1914 4117 2038 4158 cum
2070 4101 2277 4171 ingenti
2309 4099 2554 4155 exercitu
2593 4105 2646 4155 et
2669 4105 2936 4169 apparatu
2971 4093 3210 4150 Photino
3243 4091 3370 4147 duci
3403 4091 3507 4144 im-

1915 4203 2138 4265 perator
2194 4192 2475 4264 suppetias
2514 4193 2704 4246 mittit.
2775 4179 3104 4260 Conjunctis
3151 4185 3231 4241 illi
3295 4184 3508 4239 viribus

1917 4285 2182 4341 adversus
2212 4284 2496 4353 Agarenos
2519 4279 2719 4336 bellum
2745 4282 3066 4346 instruunt;
3109 4291 3209 4330 nec
3239 4283 3418 4328 tamen
3442 4289 3510 4326 eo

1915 4388 2115 4436 conatu
2147 4375 2492 4432 commodum
2525 4373 2731 4444 aliquid
2761 4371 3098 4443 parturiunt.
3160 4366 3332 4435 Quem
3360 4363 3507 4419 enim

1919 4471 2190 4534 dicebam,
2245 4467 2544 4522 Damianus
2596 4465 2772 4536 primo
2830 4464 3017 4521 statim
3060 4472 3362 4530 congressu
3414 4470 3509 4510 ac-

211 4557 336 4622 θεὶς
369 4558 649 4629 Δαμιανδς
699 4557 840 4610 κατὰ
876 4559 974 4628 τὴν
1010 4557 1263 4624 εἰσϐολήν
1301 4560 1401 4626 τῆς
1428 4559 1608 4628 μάχης
1644 4556 1807 4619 εὐθὺς

1919 4575 2074 4634 cepto
2100 4564 2325 4618 vulnere
2359 4562 2560 4616 cadens
2603 4568 2768 4629 atque
2791 4558 3078 4628 iugulatus
3114 4550 3348 4622 reliquis
3393 4564 3504 4602 non

211 4652 574 4723 τραυματίας
605 4649 785 4705 πεσὼν
815 4652 911 4704 καὶ
956 4651 1139 4720 σφαγῇ
1181 4649 1516 4718 παραδοθεὶς
1549 4649 1674 4712 τοὺς
1705 4649 1811 4702 λοι·

211 4747 362 4810 ποὺς
405 4749 472 4801 οὐ
524 4747 685 4818 νικᾷν
737 4747 831 4800 καὶ
874 4745 1060 4817 μένειν
1106 4742 1239 4816 ἀλλὰ
1278 4741 1501 4812 φεύγειν
1556 4739 1808 4810 ἐποίησεν

209 4841 609 4912 ἡττημένους⁹
654 4839 778 4894 καθ’
831 4839 899 4911 ήν
959 4837 1169 4910 τροπήν
1220 4837 1315 4891 καὶ
1357 4839 1385 4890 6
1432 4834 1698 4897 Φωτεινὸς
1754 4835 1812 4886 ὲν

211 4935 478 5004 μοιθηρίῳ
509 4931 665 5002 μόλις
713 4931 1034 4996 διασώζεται
1073 4929 1211 5001 πρὸς
1254 4927 1354 5000 τὴν
1404 4928 1553 4991 Δίαν,
1589 4927 1683 4980 καὶ
1735 4923 1815 4993 τῷ

209 5025 446 5094 βασιλεῖ
478 5026 588 5076 τῶν
638 5023 992 5094 πραχθέντων
1021 5022 1362 5091 αὐτάγγελος
1391 5021 1625 5090 γίνεται.
1673 5017 1815 5070 ‘AD.’

205 5111 382 5176 οὗτος
415 5115 519 5185 μὲν
552 5115 675 5168 ἐπεὶ
704 5114 789 5168 διὰ
815 5114 982 5184 τιμῆς
1007 5115 1173 5185 ήγετο
1223 5114 1372 5184 παρὰ
1401 5112 1494 5166 τοῦ
1547 5109 1815 5182 βασιλέως

208 5207 331 5274 ἀεὶ,
368 5208 472 5277 τὴν
499 5209 600 5278 τῆς
624 5206 878 5269 Σικελίας
909 5205 1244 5278 στρατηγίδα
1269 5202 1424 5268 αὖθις
1454 5206 1554 5274 τῆς
1584 5202 1814 5274 Κρήτης

205 5297 588 5350 ἀλλάσσεται.

287 5389 411 5458 κγ’.
448 5391 578 5454 Τοῖς
611 5390 657 5444 δ’
699 5390 994 5454 Ἰσπανίοις
1028 5389 1107 5444 ἔτι
1139 5407 1254 5453 πως
1289 5389 1346 5441 ὲν
1362 5389 1576 5459 ταραχῇ
1605 5385 1700 5439 καὶ
1723 5401 1818 5456 με·

211 5484 408 5556 ρίμνῃ
445 5484 730 5553 διάγουσιν
771 5485 912 5557 ἀνήρ
967 5501 1048 5547 τις
1079 5485 1142 5536 ὲκ
1166 5481 1275 5536 τῶν
1305 5482 1478 5550 ὀρέων
1522 5479 1622 5549 τῆς
1652 5480 1819 5551 νήσου

210 5577 591 5639 ἐπικατασὰς
619 5557 892 5648 μοναστής
921 5577 1077 5632 ἄλλον
1106 5576 1308 5645 ἔφησεν
1347 5569 1485 5626 εἶναι
1521 5572 1684 5625 τόπον
1724 5571 1823 5625 αὑ-

207 5670 345 5732 τοῖς
378 5665 823 5738 ἐπιτηδειότερον
868 5668 1004 5739 πρός
1050 5684 1106 5720 τε
1143 5665 1478 5736 πολίσματος
1507 5665 1687 5716 κτίσιν
1725 5667 1818 5717 καὶ

1919 4655 2162 4712 victoria:
2201 4653 2548 4724 durandiqne
2582 4649 2799 4704 fortiter
2835 4644 3174 4707 certaminis,
3223 4641 3323 4697 sed
3367 4638 3510 4708 fuga:

1927 4764 1992 4802 ac
2025 4747 2198 4802 eladis
2254 4755 2446 4800 auctor
2485 4742 2606 4798 luit.
2652 4741 2838 4811 anue
2883 4738 3009 4808 fuga
3069 4735 3335 4790 Photinus
3378 4746 3509 4786 con-

1921 4853 2114 4896 scensa
2139 4831 2341 4901 celoce,
2366 4835 2476 4906 77
2502 4835 2569 4888 ad
2597 4832 2748 4887 Diam
2775 4832 2861 4885 vix
2885 4845 3075 4898 sospes
3104 4825 3363 4892 evadens,
3393 4824 3510 4895 ipse

1927 4913 2241 5002 imperatori
2271 4928 2442 4983 cladis
2482 4934 2719 4994 acceptae
2746 4923 2976 4979 nuntius
3010 4918 3243 4976 exstitit.
3267 4916 3510 4985 Impera-

1922 5031 2034 5088 tor,
2060 5021 2207 5093 quod
2237 5019 2415 5074 virum
2461 5017 2746 5087 magniﬁce
2770 5015 2994 5076 coleret,
3030 5027 3130 5082 pro
3174 5011 3338 5065 Creta
3370 5003 3508 5059 Sici-

1925 5115 2012 5170 lia:
2034 5127 2159 5168 cum
2187 5109 2420 5181 imperio
2451 5108 2603 5164 illum
2638 5105 3079 5179 praeessejussit.

1994 5383 2084 5439 25.
2111 5382 2286 5437 Porro
2304 5379 2578 5449 Hispanos
2609 5375 2786 5430 adhuc
2812 5374 2956 5426 inter
2989 5381 3153 5423 curas
3183 5363 3512 5420 ﬂuctuantes

1925 5477 2234 5534 monachus
2269 5472 2495 5545 quidam
2533 5486 2600 5526 ex
2646 5468 2839 5525 insulse
2891 5462 3170 5519 montibus
3216 5461 3510 5527 degressus

1925 5569 2358 5628 commodiorem
2383 5565 2548 5620 alium
2581 5563 2762 5617 locum
2789 5572 2912 5614 esse
2934 5562 3142 5618 monet,
3185 5550 3278 5606 ubi
3313 5549 3505 5603 urbem

1924 5664 2166 5719 condant
2192 5659 2558 5726 uberioreque
2589 5652 2840 5710 fruantur
2896 5660 3112 5703 annona
3143 5658 3204 5698 ac
3239 5638 3338 5696 tuti
3369 5653 3503 5693 con-

1525 5753 1760 5809 VARUE
1803 5749 2214 5810 LECTIUNES.

298 5856 351 5885 ⁸³
390 5853 661 5910 ὼδὺνοντο
689 5852 754 5910 ll.
831 5856 874 5887 ⁸³
899 5852 1077 5926 ὑμεῖς]
1114 5853 1274 5907 αἴτιοι
1301 5853 1499 5924 ὑμείςῗ
1571 5855 1616 5887 ⁸⁵
1648 5851 1749 5924 εἰς]
1779 5853 1914 5907 ὥστε
1953 5853 2070 5915 27;?

2141 5851 2184 5879 ⁸⁵
2225 5843 2473 5920 μακρδνῗ
