4038 6214
534 374 609 437 95

1638 369 2149 431 THEOPHANES
2175 369 2733 433 CONTINUATUS.
3741 372 3806 435 96

532 487 701 543 etiam
736 498 799 537 ex
863 482 956 537 illo
1000 490 1250 551 tempore
1302 482 1556 536 roborata
1605 482 1897 553 multiceps
1945 485 2115 556 hydra

2225 484 2577 555 διαμείνασαν
2609 481 2983 552 πολυκέφαλον
3016 480 3203 551 ὕδραν,
3237 481 3415 534 ἐκεῖσε
3448 481 3548 534 καὶ
3576 480 3803 553 ἄλλαχοῦ

535 575 858 641 duraverit;
924 588 1047 643 qua:
1091 588 1217 627 cum
1278 573 1350 625 ibi
1408 572 1644 643 aliisque
1710 574 1847 630 locis
1911 591 2129 645 semper

534 667 929 733 exscindatur,
992 665 1114 720 aliis
1184 665 1417 720 subinde
1509 666 1779 736 germinat
1857 668 1924 723 ac
1988 671 2134 725 revi-

535 760 724 814 nscit.

607 852 696 906 26.
732 851 1043 906 Secundum
1082 851 1198 906 haec
1239 852 1322 905 vir
1350 852 1579 922 quidam
1614 853 1694 908 rei
1738 854 2000 909 militaris
2032 871 2130 924 ap-

2245 577 2344 647 μὲν
2373 576 2825 647 ἀποτεμνομένην
2852 574 2958 639 ἀεὶ,
2981 572 3384 629 ἁναθάλλουσαν
3412 573 3469 627 δὲ
3502 573 3754 646 ἀλλαχοῦ.

2308 848 2421 916 κς⁹.
2463 850 2618 903 Μετὰ
2648 849 2704 904 δὲ
2746 850 2919 903 ταῦτα
2948 850 3087 923 ἀνήρ
3121 867 3204 914 τις
3244 856 3648 926 στρατιωτικῆς
3688 859 3805 912 πεί-

540 945 719 1014 prime
774 960 981 1014 gnarus
1029 944 1443 1013 prudentiaeque
1484 959 1550 1000 ac
1592 947 1911 1015 sagacitatis
1952 947 2125 1005 laudis

2239 958 2362 1012 ρας,
2418 943 2556 1013 πρὸς
2613 943 2671 996 δὲ
2719 943 2815 997 καὶ
2858 944 3174 1014 φρονήσεως
3234 945 3329 997 καὶ
3380 946 3662 1016 ἀγχινοίας
3713 949 3806 1006 οὐκ

538 1052 648 1089 non
668 1051 881 1105 expers,
900 1044 1265 1105 cognomento
1282 1035 1589 1108 Ooryphas,
1608 1038 2126 1109 imperatorisjussu

545 1129 848 1183 exercitum
879 1127 1046 1199 cogit,
1068 1127 1576 1199 Quadragenarium
1606 1137 1739 1184 tunc
1767 1131 2126 1200 appellatum,

543 1223 691 1291 quod
709 1221 1071 1290 quadraginta
1094 1222 1245 1276 aurei
1267 1221 1321 1275 in
1346 1220 1589 1291 singulos
1615 1222 1894 1277 distributi
1919 1231 2127 1279 essent.

548 1314 602 1369 is
632 1314 771 1368 alias
800 1330 1019 1383 quoque
1051 1313 1284 1378 insulas,
1328 1328 1467 1382 quas
1523 1313 1601 1367 illi
1663 1314 1862 1384 exiguo
1895 1328 2127 1370 numero

548 1409 853 1476 paucisque
909 1407 1118 1460 colonis
1154 1406 1434 1467 tenebant.
1495 1406 1780 1471 invadens,
1813 1406 2126 1477 partimque

538 1497 735 1551 locatis
791 1495 1006 1550 insidiis
1037 1496 1232 1563 partim
1269 1494 1458 1564 praelia
1521 1510 1876 1565 congressus,
1923 1497 2127 1566 Agere-

541 1599 645 1639 nos
691 1586 748 1638 in
806 1586 887 1639 eis
945 1584 1318 1639 internecione
1356 1584 1557 1640 delevit
1598 1599 1664 1639 ac
1684 1586 1926 1641 sustulit.
1970 1585 2125 1641 Hanc

536 1692 681 1741 vero,
739 1676 804 1730 de
850 1692 955 1746 qua
1001 1676 1150 1729 nobis
1175 1692 1346 1730 sermo
1411 1686 1487 1730 est
1538 1676 1613 1748 (id
1647 1687 1729 1732 est
1772 1677 2011 1749 Cretam)
2054 1683 2125 1733 ad

535 1785 654 1833 nos,
706 1778 763 1821 ut
838 1769 1066 1834 videtur,
1122 1770 1207 1823 lue
1247 1774 1344 1822 hac
1400 1770 1728 1824 liberandam
1799 1776 2119 1829 transmisit.

2233 1035 2485 1105 ἄμοιρος,
2531 1029 2595 1088 οὗ
2636 1035 2697 1087 τὸ
2749 1033 3037 1105 ἐπώνυμον
3078 1033 3370 1107 Ὠορύφας,
3423 1039 3653 1111 στρατόν
3692 1058 3807 1097 τινα

2230 1123 2493 1195 ἀθροίσας
2520 1125 2611 1177 τὸν
2638 1125 2737 1199 [Ρ.
2769 1125 2862 1198 51]
2890 1131 3421 1198 τεσσαρακοντάριον
3459 1132 3577 1186 τότε
3610 1136 3807 1189 καλού-

2234 1232 2395 1285 μενον
2418 1215 2703 1289 βασιλικῆς
2726 1219 2790 1271 ὲκ
2811 1218 3180 1290 προστάξεως,
3206 1221 3270 1273 ὲκ
3293 1221 3388 1275 τοῦ
3415 1222 3806 1300 διανεμηθῆναι

2230 1308 2416 1371 αὐτοῖς
2461 1308 2566 1362 ἀνὰ
2611 1310 3023 1379 τεσσαράκοντα
3073 1312 3366 1383 χρυσίνων,
3397 1314 3498 1379 τάς
3550 1335 3609 1371 τε
3640 1320 3808 1386 ἄλλας

2229 1400 2459 1470 νήσους,
2513 1394 2603 1463 αἷς
2645 1401 2903 1469 ὀλίγιστοι
2952 1402 3230 1474 ἐφέροντο,
3287 1408 3663 1480 κατατρέχων,
3716 1415 3807 1467 καὶ

2227 1493 2338 1554 τοῖς
2375 1491 2473 1561 μὲν
2516 1491 2709 1562 λόχους
2732 1493 2975 1562 ἐπάγων,
3004 1499 3118 1558 τοῖς
3152 1495 3209 1548 δὲ
3237 1496 3332 1550 καὶ
3360 1500 3612 1571 φανερῶς
3652 1505 3810 1557 mils-

2230 1584 2367 1653 μῶν,
2395 1584 2761 1656 ὲξωλόθρευσέ
2789 1604 2848 1640 τε
2876 1590 2970 1641 καὶ
2999 1590 3247 1663 ἀπωλείᾳ
3278 1593 3631 1665 παρέδωκεν·
3667 1600 3808 1653 Tati-

2225 1692 2339 1741 την
2357 1677 2402 1708 ⁸⁸
2429 1675 2519 1742 δὲ,
2548 1677 2628 1743 ὡς
2650 1679 2867 1747 ἔοικεν,
2893 1682 3288 1754 παρέπεμψεν
3307 1688 3393 1752 είς
3420 1686 3597 1757 ἡμᾶς.
3636 1691 3809 1747 Ἀλλὰ

2223 1767 2297 1820 τὰ
2324 1766 2443 1836 μὲν
2461 1768 2593 1837 περὶ
2622 1768 2815 1837 αὐτῆς
2847 1770 2969 1837 θεῷ
2997 1771 3241 1842 πάντως
3254 1776 3534 1846 μελήσει,
3551 1780 3810 1852 μελήσει

538 1858 676 1924 Qua
722 1877 881 1929 porro
918 1860 1069 1913 illum
1106 1871 1366 1927 spectant,
1417 1864 1629 1916 omnino
1687 1862 1897 1933 curabit
1944 1867 2121 1919 Deus:

2227 1856 2294 1910 δὲ
2325 1859 2425 1912 καὶ
2471 1860 2619 1928 ἡμῖν
2666 1862 2793 1929 τοῖς
2823 1863 3054 1932 νύκτωρ
3101 1840 3657 1942 xat‘jzso'syspar
3695 1840 3811 1945 τὴν

540 1954 633 2006 sed
664 1964 711 2007 et
741 1954 888 2006 nobis
909 1970 1051 2007 cura:
1073 1957 1196 2015 erit,
1226 1972 1451 2025 quorum
1479 1957 1687 2010 animos
1710 1956 1827 2025 eius
1850 1958 2125 2013 vindican-

535 2041 622 2095 ἄιε
642 2041 943 2095 sollicitudo
966 2044 1059 2096 diu
1090 2055 1350 2114 noctuque
1383 2046 1593 2099 diuexat
1629 2063 1691 2100 ac
1716 2048 1947 2116 con/icit.

610 2134 697 2188 27.
737 2134 941 2190 Eodem
975 2146 1221 2207 tempore
1265 2137 1606 2209 Euphemius
1636 2142 1861 2210 quidam
1896 2144 1951 2197 in
1986 2141 2126 2198 Sici-

540 2225 614 2280 lia
638 2226 892 2283 tribunus
944 2229 1172 2299 virginis
1199 2230 1486 2301 cujusdam
1519 2234 1572 2287 in
1598 2234 1851 2290 coenobio
1894 2237 2125 2306 agentis,

540 2317 792 2386 olimque
839 2319 893 2372 in
921 2333 989 2372 eo
1020 2330 1281 2388 suscepto
1308 2321 1579 2390 religiosa:
1632 2323 1997 2379 institutionis
2028 2326 2127 2380 ha-

541 2405 660 2460 bitu
700 2410 984 2475 merentis,
1015 2424 1204 2465 amore
1226 2411 1544 2481 corripitur,
1573 2414 1960 2485 explendasque
1994 2416 2122 2471 libi-

542 2500 692 2558 dinis
751 2503 955 2572 ingenti
1004 2505 1283 2560 desiderio
1339 2508 1610 2575 copulatis
1650 2524 1773 2564 cum
1826 2525 1890 2565 ea
1917 2513 2123 2582 nuptiis

541 2594 884 2649 accenditur.
912 2596 1069 2661 Quod
1096 2612 1227 2652 vero
1247 2601 1556 2669 exemplum
1590 2602 1735 2656 haud
1766 2604 1955 2670 procul
1983 2616 2123 2671 erat,

536 2700 652 2739 rem
681 2685 952 2754 ejusmodi
1011 2689 1155 2743 nihil
1186 2699 1379 2747 vetans
1429 2702 1526 2747 aut
1579 2693 1649 2748 ab
1702 2708 1769 2749 eo
1816 2695 2121 2763 deterrens,

535 2776 653 2845 ipse
683 2778 793 2846 82
827 2778 1085 2835 nimirum
1122 2779 1356 2837 Michael
1384 2782 1533 2854 (nam
1569 2794 1623 2839 et
1659 2786 1770 2852 ille,
1805 2788 1884 2842 uti
1915 2788 2120 2844 dictum

536 2878 644 2931 est,
675 2868 858 2925 simile
882 2870 1097 2927 facinus
1120 2888 1294 2943 nuper
1346 2878 1737 2944 perpetrarat),
1796 2880 2060 2948 virginem
2091 2897 2123 2937 e

538 2962 873 3016 monasterio
923 2974 1135 3034 raptam
1176 2966 1406 3021 invitam
1446 2969 1514 3023 ad
1563 2985 1625 3026 se
1680 2971 1959 3028 subducit.
2010 2973 2121 3030 Ad-

2223 1952 2437 2022 ψυχὴν
2467 1953 2824 2009 δαπανῶσιν
2852 1956 3003 2026 ὑπὲρ
3033 1958 3242 2027 αὐτῆς.

2299 2130 2401 2197 κζ’.
2438 2134 2598 2187 Κατὰ
2619 2136 2675 2189 δὲ
2703 2136 2794 2191 τὸν
2818 2137 2981 2193 αὑτὸν
3010 2140 3204 2211 καιρὸν
3234 2140 3525 2215 Εὕφήμιός
3553 2164 3637 2211 τις
3667 2148 3808 2203 κατὰ

2221 2226 2323 2294 τὴν
2369 2227 2619 2280 Σικελίαν
2688 2231 3051 2302 τουρμάρχης
3112 2232 3282 2287 τελῶν
3330 2238 3605 2308 παρθένου
3663 2240 3808 2306 τινος

2223 2318 2337 2388 ἦρα
2381 2319 2739 2391 ἁσκητηρίοις
2794 2324 3221 2395 ἑνδιαιτωμὲνης
3266 2328 3357 2380 καὶ
3407 2328 3469 2381 τὸ
3509 2332 3806 2403 μοναχικδν

2223 2408 2459 2463 ἔκπαλαι
2481 2412 2864 2484 ἀναλαϐούσης
2888 2416 3092 2485 σχῆμα,
3119 2419 3209 2470 καὶ
3233 2417 3319 2472 διὰ
3343 2419 3537 2473 πολλοῦ
3560 2424 3801 2477 ἐποιεῖτο

2224 2504 2316 2556 τὸν
2348 2502 2514 2557 αὑτοῦ
2544 2505 2723 2576 ἔρωτα
2750 2507 3128 2578 ἐκπληρῶσαι,
3169 2511 3267 2581 τὴν
3315 2511 3584 2582 παρθένον
3616 2514 3801 2568 λαϐὼν

2225 2613 2343 2659 πως
2376 2599 2459 2660 είς
2498 2600 2766 2669 γαμετήν.
2822 2600 2975 2654 Ἐπεὶ
3008 2602 3141 2669 γοῦν
3196 2603 3545 2676 παράδειγμα
3574 2608 3634 2660 οὐ
3672 2608 3807 2681 πόρ-

2224 2688 2400 2758 ρωθεν
2432 2686 2581 2760 εἶχεν
2613 2692 2674 2743 οὐ
2718 2692 2931 2746 κωλῦον
2960 2695 3070 2748 οὐδ’
3119 2697 3451 2768 ἀποτρέπον,
3498 2697 3688 2769 τοῖ’ριτον
3742 2701 3809 2772 δὴ

2222 2778 2312 2832 τὸν
2335 2779 2555 2852 Μιχαὴλ
2584 2783 2707 2852 (καὶ
2732 2784 2862 2854 γὰρ,
2891 2786 2967 2849 ὡς
2989 2789 3225 2859 εἴρηται,
3252 2790 3345 2843 καὶ
3374 2792 3537 2855 αὐτὸς
3564 2792 3810 2847 τοιοῦτόν

2219 2872 2278 2924 τί
2300 2873 2602 2944 ἐτόλμησεν
2621 2876 2663 2943 ),
2704 2878 3021 2949 ἀφαρπάζει
3056 2873 3155 2953 τὴν
3202 2883 3471 2955 παρθένον
3504 2885 3597 2939 τοῦ
3634 2888 3811 2959 ἀσκη-

2219 2981 2284 3034 τη
2295 2963 2410 3034 ρίου
2445 2967 2539 3019 καὶ
2568 2968 2705 3037 πρὸς
2733 2971 2924 3023 ἑαυτὸν
2951 2972 3192 3027 ἄκουσαν
3224 2976 3561 3044 ὑπηγάγετο.
3584 2978 3812 3050 Ταύτης

536 3061 673 3107 eunt
700 3053 885 3124 itaque
912 3054 1233 3112 Michaelem
1269 3059 1495 3131 virginis
1515 3064 1778 3130 germani,
1799 3074 2123 3138 gestumque

2225 3054 2313 3109 οὖν
2332 3059 2380 3110 οἱ
2406 3058 2629 3129 ἀδελφοὶ⁸
2654 3060 2733 3132 τῷ
2762 3062 2981 3133 Μιχαὴλ
3008 3068 3295 3136 προσίασι,
3322 3068 3389 3122 τὰ
3414 3070 3507 3125 τοῦ
3529 3071 3813 3142 δράματος

539 3144 722 3200 scelus
747 3148 1119 3216 expostulant.
1179 3149 1320 3206 Tum
1358 3153 1659 3223 imperator
1720 3155 1927 3213 Sicilire
1977 3175 2115 3229 prm-

2225 3147 2591 3219 διηγούμενοι.
2638 3150 2695 3207 '0
2725 3153 2780 3207 δὲ
2815 3156 3025 3210 κελεύει
3057 3158 3136 3229 τῷ
3163 3162 3473 3233 στρατηγῷ,
3517 3165 3587 3218 El
3616 3165 3813 3232 οὕτως

536 3237 644 3291 tori
696 3240 944 3307 mandat,
979 3244 1242 3313 siquidem
1271 3262 1450 3299 verum
1480 3264 1568 3303 eos
1620 3252 1818 3305 crimen
1858 3253 2116 3310 detulisse

2225 3242 2488 3310 φωράσω
2531 3246 2804 3314 ἔχουσαν
2851 3249 2967 3318 τὴν
3007 3251 3317 3319 ἀλήθειαν,
3372 3255 3488 3325 τὴν
3514 3257 3661 3325 ῥῖνα
3704 3258 3812 3314 τοῦ

532 3331 869 3398 compererit,
907 3331 1033 3403 legis
1087 3335 1143 3388 in
1193 3352 1312 3389 eum
1357 3339 1529 3408 rigore
1585 3338 1876 3408 Euphemio
1927 3360 2116 3400 nasum

2225 3339 2658 3405 τετολμηκότος
2690 3343 3003 3411 Εὐφημίου
3028 3346 3349 3417 ἀποτεμεῖν
3386 3349 3536 3404 κατὰ
3557 3350 3678 3418 τὴν
3704 3353 3814 3407 τοῦ

533 3420 838 3478 abscindat.
870 3423 1208 3493 Euphemius
1240 3443 1371 3482 vero
1399 3430 1491 3483 ubi
1519 3432 1761 3495 rescivit,
1818 3450 2116 3507 secumque

2225 3426 2406 3494 νόμου
2445 3428 2765 3496 ἀκρίϐειαν.
2806 3434 2916 3487 Kal.
2943 3438 2972 3489 ὁ
3006 3437 3289 3509 Εὐφήμιος
3316 3441 3505 3511 μαθὼν
3532 3442 3596 3515 δὴ
3627 3445 3815 3499 ταῦτα

529 3511 656 3581 jure
690 3517 960 3583 agendum
987 3527 1246 3586 reputans
1270 3535 1335 3575 ac
1364 3521 1712 3590 imperatoris
1766 3526 1900 3580 iram
1934 3530 2112 3583 refor-

2225 3517 2314 3571 καὶ
2344 3517 2443 3589 τὴν
2472 3523 2555 3583 εἰς
2582 3521 2749 3577 αὐτὸν
2779 3526 2874 3580 τοῦ
2902 3529 3066 3599 νόμου
3111 3533 3345 3604 τήρησιν
3373 3536 3466 3589 καὶ
3510 3511 3608 3608 τὴν
3642 3537 3808 3608 βασι-

539 3605 777 3673 midans,
805 3609 996 3664 ascitis
1015 3610 1068 3665 in
1093 3611 1527 3680 coniurationem
1546 3624 1659 3671 tum
1682 3618 1731 3671 ei
1757 3620 2109 3679 militantium

2225 3611 2375 3682 λικὴν
2404 3612 3019 3690 ἀπειλὴνρ,συνωμότας
3066 3624 3249 3679 λαϐὼν
3301 3628 3526 3692 τούτους
3570 3646 3631 3683 τε
3682 3633 3817 3695 τοὺς

482 3704 487 3709 ’
531 3712 697 3752 manu
720 3709 832 3755 tum
866 3704 1148 3759 nonnullis
1175 3706 1299 3763 aliis
1330 3708 1583 3773 tribunis,
1607 3721 1895 3780 praetorem
1920 3715 1976 3770 in
2009 3718 2114 3774 hoc

2225 3702 2320 3757 ὕπὸ
2342 3704 2444 3776 τὴν
2474 3707 2642 3762 αὐτοῦ
2674 3717 2836 3784 χεῖρα
2871 3715 2966 3767 καί
2996 3734 3148 3780 τινας
3171 3718 3280 3771 τῶν
3308 3721 3811 3795 συντουρμαρχῶν,

536 3789 846 3845 venientem
877 3803 936 3848 ut
959 3809 1153 3863 poenas
1187 3797 1255 3851 ab
1291 3812 1357 3851 eo
1382 3811 1714 3868 reposceret,
1738 3804 1862 3875 luga
1888 3804 2109 3872 delusit,

2225 3796 2305 3848 τὸν
2335 3804 2640 3872 στρατηγὸν
2664 3806 2757 3859 ἐπὶ
2786 3807 2962 3878 τούτῳ
2994 3810 3432 3880 παραγινόμενον
3464 3789 3816 3882 παρελάυνει

530 3885 691 3946 atque
715 3879 781 3934 ad
812 3880 1013 3937 Africa:
1046 3898 1494 3941 ameramnunem
1533 3888 1799 3961 confugit,
1835 3894 2111 3962 pollicitus

2225 3890 2446 3958 lxsiOav,
2485 3897 2582 3948 καὶ
2624 3898 2762 3969 πρὸς
2806 3899 2899 3952 τὸν
2936 3901 3201 3972 Ἀφρικῆς
3235 3879 3619 3973 ἀποδιδράσκει
3660 3907 3818 3978 ἀμε·

532 3981 751 4023 omnem
782 3986 842 4025 se
866 3972 943 4026 illi
974 3973 1220 4030 Siciliam
1265 3977 1641 4045 subiecturum
1674 3997 1737 4037 ac
1771 3986 1977 4053 grande
2008 3988 2111 4042 tri-

2225 3987 2513 4057 οαμνουνῆ,
2557 3991 2741 4044 πᾶσαν
2786 3993 2884 4064 τὴν
2915 3993 3166 4047 Σικελίαν
3203 3995 3295 4049 ὑπ’
3337 3996 3531 4067 ἐκείνῳ
3565 4000 3816 4070 ποιῆσαι

535 4059 730 4115 butum
763 4064 1097 4133 soluturum,
1131 4068 1176 4123 si
1206 4070 1370 4124 modo
1402 4072 1447 4126 is
1482 4073 1532 4127 ei
1566 4074 1877 4145 imperiales
1904 4080 2109 4138 infulas

2225 4073 2695 4149 καθυποσχόμενος
2732 4059 3058 4137 καιδιδόναι
3090 4087 3290 4157 φόρους
3324 4059 3571 4156 πολλοδς,
3615 4091 3674 4143 εἰ
3698 4059 3819 4162 ’μό-

530 4166 836 4225 nomenque
865 4157 1103 4213 deferret
1131 4163 1531 4235 nonnullasque
1588 4169 1778 4238 copias
1814 4171 1942 4226 belli
1972 4176 2107 4229 sub-

2225 4184 2301 4221 ιον
2332 4170 2690 4241 ἀναγορεύσει
2741 4175 2932 4229 τοῦτον
2985 4178 3209 4248 βασιλέα
3244 4179 3337 4232 καί
3363 4196 3486 4232 τινα
3515 4157 3817 4252 παράσχοι

530 4243 672 4299 sidio
727 4248 1194 4306 subministraret.
1260 4252 1418 4311 Facit
1472 4257 1584 4323 ille,
1629 4275 1691 4316 ac
1736 4262 2107 4321 Romanorum

2225 4257 2485 4329 Βοήθειαν.
2556 4263 2902 4336 Ἀναγορεύει
2953 4243 3085 4336 γοῦν
3140 4268 3330 4323 τοῦτον
3380 4243 3608 4341 βασιλέα
3660 4243 3816 4328 Ῥω-

528 4334 908 4406 imperatorem
931 4342 1198 4399 acclamat
1215 4353 1937 4421 ;numerosoqueassignato
1952 4371 2111 4412 exer-

2225 4351 2410 4417 talwv,
2464 4354 2558 4406 καὶ
2597 4334 2763 4426 χεῖρα
2785 4334 2974 4414 δίδωσι
3002 4360 3223 4432 πολλὴν,
3277 4334 3391 4417 καὶ.
3412 4365 3509 4435 τῆς
3538 4365 3819 4430 Σικελίας

525 4425 640 4479 citu
670 4427 818 4484 illius
844 4431 1016 4501 ipsius
1033 4448 1199 4504 opera
1232 4434 1432 4493 Siciliae
1456 4452 1683 4511 compos
1705 4443 1968 4511 efﬁcitur;
2006 4462 2107 4503 nec

2225 4445 2487 4516 ἐγκρατὴς
2516 4448 2746 4516 γίνεται,
2790 4454 2922 4523 παρ’
2963 4455 3130 4508 αὐτοῦ
3160 4456 3352 4509 τούτου
3383 4456 3563 4511 λαϐὼν
3592 4459 3818 4532 αὐτὴν,

526 4520 674 4576 illius
708 4524 1072 4595 solummodo,
1104 4531 1198 4585 sed
1232 4541 1289 4588 et
1344 4534 1603 4598 aliorum,
1634 4536 1726 4604 qui
1788 4537 1892 4605 ipsi
1943 4541 2102 4610 adju-

2225 4538 2271 4589 >ὑ
2304 4538 2492 4591 τούτου
2534 4541 2693 4611 μόνον
2724 4520 2992 4600 ἀλλά-καὶ
3023 4549 3225 4619 ἑτέρων
3276 4550 3590 4621 συνδρόμων
3638 4520 3819 4621 γενοξ

523 4630 718 4671 verunt
758 4634 1029 4691 suamque
1080 4624 1287 4692 pariter
1317 4641 1537 4695 operam
1572 4626 1639 4681 ad
1679 4628 1920 4698 regionis
1951 4631 2101 4689 illius

2225 4624 2383 4679 ιένων
2420 4629 2514 4681 ἐπὶ
2547 4632 2614 4701 τῇ
2657 4633 2917 4687 τοιοῦτων
2970 4636 3216 4708 ἀπωλείᾳ
3262 4637 3464 4695 τόπων.
3517 4640 3695 4710 Δηλοῖ
3752 4642 3818 4697 δὲ

522 4706 883 4765 defectionem
922 4716 1294 4773 contulerunt.
1352 4717 1479 4774 Haec
1518 4719 1822 4776 clarissime
1848 4722 2102 4781 uberius-

2225 4717 2374 4772 ταῦτα
2401 4720 2714 4790 σαφέστατα
2742 4728 2833 4777 καὶ
2863 4706 3272 4800 πλατικώτερον
3303 4732 3336 4801 ἡ
3362 4732 3482 4784 τότε
3511 4706 3814 4803 γραφεῖσα

520 4812 629 4866 que
677 4814 971 4861 exsecutus
1017 4805 1400 4880 Theognostus
1456 4812 1691 4868 historia
1740 4830 1904 4884 quam
1970 4829 2100 4873 tunc

2225 4807 2532 4882 iaoyvdio'rqi
2560 4811 2636 4884 τῷ
2664 4815 2796 4885 περὶ
2831 4815 3201 4889 ὁρθογραφίας
3241 4823 3546 4891 γεγραφότι
3582 4827 3691 4879 καὶ
3723 4829 3814 4891 εἰς

521 4888 713 4956 edidit,
746 4894 1005 4964 venitque
1056 4900 1111 4951 in
1150 4917 1343 4957 manus
1374 4914 1591 4960 nostras
1619 4922 1634 4972 ;
1690 4905 1736 4961 is
1768 4907 1978 4962 scilicet
2005 4908 2098 4977 qui

2225 4903 2389 4971 [εἴρας
2419 4902 2650 4957 ἐλθοῦσα
2682 4907 2860 4975 ἡμῶν,
2898 4910 2963 4979 ἢν
2988 4912 3016 4961 ὁ
3049 4888 3373 4982 βουλόμενος
3402 4888 3813 4989 μεταχειριζιῦζ

520 4979 589 5034 de
622 4980 1008 5051 orthographia
1040 4986 1236 5061 librum
1263 4995 1592 5063 conscripsit
1632 5011 1699 5050 ex
1740 5012 1847 5065 qua
1890 5000 2094 5067 possit,

2225 5006 2361 5055 ιενος
2388 4992 2459 5045 τὰ
2492 4994 2614 5049 καθ’
2644 4994 2876 5050 ἕκαστον
2906 4979 3416 5073 ἀναδιδαχθῆσεταιξ
3452 4979 3661 5075 mlh-vd
3697 4979 3813 5078 μὲν

519 5071 732 5144 singula
770 5073 984 5143 plenius
1011 5075 1221 5133 discere
1245 5081 1331 5134 cui
1382 5082 1624 5140 libuerit.
1676 5086 1944 5143 Caeterum
1988 5088 2099 5143 Eu-

2225 5083 2485 5155 Ξὺφήμιος
2543 5088 2660 5158 μετ’
2710 5090 2771 5142 οὐ
2805 5091 2940 5146 πολὺ
2974 5071 3142 5147 ἆθλον
3158 5071 3266 5166 τῆς
3318 5071 3660 5161 ἀποστασίας
3697 5071 3811 5155 καὶ

522 5164 776 5232 phemius
802 5167 944 5222 haud
962 5167 1035 5222 ita
1061 5179 1182 5239 post
1199 5170 1524 5229 defectionis
1547 5180 1856 5234 mercedem
1873 5197 2098 5252 sumque

2225 5173 2297 5243 τῆς
2324 5176 2520 5230 ἑαυτοῦ
2545 5179 2778 5250 ἀνομίας
2811 5181 2876 5235 λα
2886 5184 3083 5254 μϐἀνει
3116 5164 3334 5259 τὴνήτῆς
3360 5188 3553 5243 ἑαυτοῦ
3585 5191 3812 5263 στέρη-

520 5256 803 5323 przetnium
830 5258 1200 5325 improbitatis
1243 5266 1421 5333 capite
1451 5280 1627 5322 caesus
1664 5269 1877 5340 recipit.
1925 5270 2097 5345 Regio

2225 5281 2285 5317 ην
2317 5268 2583 5338 κεφαλῆς.
2636 5272 2829 5343 Σχῆμα
2862 5275 2968 5346 γὰρ
2998 5275 3137 5346 ἔχων
3174 5256 3462 5349 βασιλικὸν
3493 5281 3661 5352 ἀπῄει
3693 5256 3811 5336 καὶ

522 5361 759 5415 namque
804 5352 992 5408 habitu
1033 5369 1158 5409 cum
1188 5363 1242 5411 et
1277 5354 1582 5427 Syracusas
1635 5359 1916 5427 lustraret,
1979 5364 2099 5420 lon-

2225 5359 2342 5413 ιατὰ
2370 5362 2468 5432 τὴν
2499 5363 2874 5434 Συράκουσαν,
2907 5370 3000 5421 καὶ
3030 5370 3094 5440 δὴ
3128 5371 3331 5426 ἄποθεν
3358 5372 3652 5443 γενόμενος
3687 5375 3813 5445 τῆς

517 5437 755 5506 giusque
791 5456 818 5491 a
844 5444 1208 5511 stipatoribus
1237 5448 1376 5512 suis,
1419 5460 1683 5518 quantum
1718 5453 1827 5523 83
1872 5455 1986 5511 fere
2014 5465 2099 5511 est

2227 5453 2390 5506 αυτοῦ
2448 5455 2656 5520 τάξεως
2707 5458 2800 5511 καὶ
2847 5460 2954 5514 τῶν
3001 5437 3316 5535 δορυφόρων
3363 5437 3439 5530 ως
3471 5437 3580 5519 ἀπὸ
3616 5437 3806 5531 τόξου

511 5540 695 5598 pctus
722 5532 955 5602 sagittas,
984 5538 1287 5605 praevolans
1312 5541 1378 5595 ad
1415 5542 1605 5598 urbem
1639 5548 1987 5615 accessisset,
2013 5557 2093 5620 ty-

2225 5546 2356 5614 ιολῆς
2379 5548 2598 5617 ἐγένετο
2625 5551 2770 5605 κατὰ
2799 5551 2898 5623 τὴν
2922 5532 3097 5622 πόλιν,
3131 5532 3335 5627 ὁμιλῶν
3367 5560 3550 5621 αὐτοῖς
3576 5573 3807 5627 stipav-

517 5622 788 5692 rannique
817 5640 882 5680 ac
918 5629 1067 5699 regio
1098 5629 1239 5688 fastu
1271 5634 1600 5706 alloqucndo
1628 5636 1776 5694 cives
1810 5640 2094 5697 demulce-

2228 5641 2359 5705 ικῶς
2394 5642 2476 5713 ῙΡ.
2509 5643 2609 5717 52]
2642 5663 2701 5699 τε
2732 5648 2824 5701 καὶ
2855 5622 3177 5719 βασιλικῶςί
3208 5653 3409 5709 Τοῦτον
3430 5652 3504 5720 ὡς
3536 5669 3813 5727 προσερ-

1797 5734 2029 5790 νΑῐίυΕ
2068 5734 2474 5792 [ιΕΟΤΙυΝΕὸ.

589 5811 635 5842 ’⁸
670 5809 971 5883 ταύτῃ-ιπ-
1004 5814 1141 5888 ὑπὲρ
1169 5819 1360 5892 αὐτῆς]
1391 5824 1744 5883 Constantini
1771 5825 2277 5901 Porphyrogcuncti
2311 5831 2497 5902 verba,
2534 5841 2588 5888 ut
2622 5834 2854 5892 \idetur.
2895 5837 3062 5895 Gesn.
