4038 6214
250 214 315 274 97
1008 212 1157 271 LIB.
1194 210 1288 271 IIl
1358 237 1410 250 -
1440 209 1936 273 THEOPHILUS
1982 210 2405 274 MICHAELIS
2434 210 2715 274 FILIUS.
3431 214 3504 279 98

244 331 453 403 χύμενον
486 324 742 395 ἔγνωσαν
769 324 863 378 δύο
890 325 1035 389 τινὲς
1082 324 1324 395 ἀδελφοὶ,
1354 327 1641 397 γενόμενοι
1673 325 1816 396 σύμ-

1919 337 2021 393 ret,
2070 328 2151 383 sic
2190 329 2539 384 accedentem
2572 328 2682 383 duo
2720 323 2943 394 quidam
2984 323 3179 381 fratres
3203 327 3509 397 conspicati

244 419 501 478 πνοοικαὶ
546 417 751 472 ταυτὸν
800 418 1172 488 φρονήσαντες
1203 419 1598 489 προσέρχονται
1643 419 1820 491 τούτῳ

244 511 541 586 εἰρηνικῶς,
590 509 693 579 τὴν
741 514 1128 579 προσήκουσαν
1179 510 1396 581 βασιλεί
1428 511 1595 583 τιμὴν
1625 513 1821 566 ἀπονέ-

251 623 431 681 μοντες.
480 601 577 665 Ὠς
621 601 667 653 δ’
702 601 988 671 Εὐφήμιος
1018 604 1117 674 τήν
1149 622 1210 657 τε
1250 604 1381 675 παρ’
1404 604 1587 657 αὐτῶν
1617 606 1820 673 ἀναγό-

252 716 402 773 ρευσιν
430 694 749 757 ἀσπαστῶς
781 694 1000 760 ἐδέξατο
1031 696 1128 749 καὶ
1161 696 1271 750 τῶν
1302 696 1479 751 ἄλλων
1513 700 1819 768 κατήκουεν

258 791 426 855 αὐτῶν,
459 784 873 859 προσεκαλεῖτο
902 787 1127 853 τούτους
1156 790 1496 860 φιλοφρόνως
1523 791 1820 849 ἀποδώσων

264 886 340 939 τὸν
362 879 675 951 ἀσπασμόνο
725 880 827 933 καὶ
871 881 937 951 δὴ
977 880 1169 946 κλίνας
1196 882 1297 951 τὴν
1342 884 1587 956 κεφαλὴν
1622 887 1715 938 καὶ
1758 885 1820 939 τὸ

272 976 397 1045 στόμα
448 969 831 1041 προσερείσας
899 971 981 1042 τῷ
1039 973 1272 1043 στόματι
1331 978 1450 1038 ταῖς
1523 976 1669 1047 θριξὶ
1718 976 1818 1046 μὲν

271 1066 503 1135 κατέχεται
538 1062 789 1136 ίσχυρῶς
839 1064 979 1133 πρὸς
1032 1065 1221 1134 ἐτέρου
1256 1066 1365 1120 τῶν
1392 1063 1678 1137 ’ἀδελφῶν,
1715 1068 1820 1120 ὑπὸ

265 1160 306 1213 δι
337 1155 404 1210 τοῦ
453 1155 656 1226 ἑτέρου
704 1156 1032 1225 ἀφαιρεῖται
1064 1156 1164 1227 τὴν
1215 1158 1483 1230 κεφαλήν.
1520 1159 1630 1213 Καὶ
1659 1161 1686 1213 ὁ
1715 1160 1818 1231 μὲν

258 1252 495 1320 meum;
528 1247 769 1317 τοιούτῳ
796 1247 946 1302 τέλει
979 1248 1072 1301 τοῦ
1105 1249 1222 1319 βίου
1251 1251 1543 1323 ἐχρήσατο.
1724 1304 1727 1307 .

301 1340 389 1413 κη’.
422 1342 489 1394 Οἱ
524 1339 571 1395 δ’
607 1339 915 1410 Ἀγαρηνοὶ
943 1341 1002 1393 οὑ
1027 1340 1129 1410 τῆς
1162 1342 1415 1406 Σικελίας
1447 1345 1608 1414 μόνον
1630 1343 1817 1399 ἔκτοτε

245 1432 351 1488 ἀλλὰ
402 1430 499 1484 καὶ
556 1428 893 1500 Καλαϐρίας
950 1431 1045 1483 καὶ
1096 1432 1515 1504 Λαγγοδαρδίας
1571 1434 1818 1503 ἐγένοντο

240 1524 523 1596 ἔγκρατείς,
570 1522 763 1576 πᾶσαν
794 1523 1231 1594 κατατρέχοντες
1272 1524 1367 1578 καὶ
1395 1525 1817 1599 διαπορθοῦντες

237 1620 309 1672 καὶ
332 1613 729 1686 ἐνσκηνοῦντες
759 1612 893 1685 ἄχρι
919 1617 1013 1686 τῆς
1044 1613 1325 1684 βασιλείας
1348 1616 1443 1670 τοῦ
1475 1619 1536 1672 ὲν
1568 1621 1817 1691 μακαρίᾳ

1920 421 2038 491 pari
2077 421 2237 476 ambo
2277 422 2685 491 conspiratione
2722 435 2941 490 unoque
3003 421 3233 475 consilio
3285 423 3509 491 paciﬂce

1920 513 2145 578 adeunt,
2180 514 2525 567 convenienti
2550 529 2648 583 pro
2675 513 2958 582 majestate
2990 511 3197 567 honore
3222 528 3348 568 eum
3378 528 3508 582 pro-

1919 608 2233 669 sequentes.
2281 599 2619 671 Euphemius
2654 616 2844 655 eorum
2893 600 3082 657 lubens
3119 603 3505 658 salutationem

1919 693 2181 755 admittit.
2211 707 2389 762 exque
2415 694 2539 747 aliis
2563 695 2786 747 eosdem
2821 693 3007 748 titulos
3035 696 3207 748 audit.
3248 695 3388 749 Tum
3417 697 3501 749 vi-

1918 802 2012 843 ros
2047 787 2114 840 ad
2149 802 2208 841 se
2238 787 2466 840 comiter
2490 796 2669 849 vocat,
2710 788 2829 856 ipse
2862 788 3100 844 vicissim
3142 789 3351 844 salutes
3382 788 3507 843 red-

1921 879 2158 934 diturus.
2189 878 2331 949 Ergo
2355 895 2477 933 cum
2506 890 2671 949 caput
2714 880 2985 935 inclinans
3015 883 3241 938 alterius
3277 883 3507 937 fratrum

1920 973 2001 1027 ori
2064 973 2316 1027 osculum
2386 972 2596 1043 ﬁgeret,
2636 973 2881 1030 crinibus
2947 974 3034 1031 ille
3096 977 3499 1045 apprehensum

1918 1066 2097 1121 valide
2136 1075 2303 1132 tenet,
2329 1066 2467 1121 alter
2505 1068 2573 1121 ab
2604 1067 2849 1121 humeris
2889 1076 3049 1137 caput
3103 1077 3371 1138 amputat.
3425 1072 3505 1124 Ac

1919 1158 2139 1228 quidem
2166 1157 2503 1229 Euphemius
2525 1160 2617 1214 tali
2652 1160 2844 1215 mortis
2888 1174 3086 1230 genere
3112 1160 3242 1216 fatis
3278 1176 3509 1217 conces—

1919 1251 2014 1306 sit.

1987 1343 2078 1399 28.
2131 1342 2301 1397 Porro
2353 1341 2609 1398 Saraceni
2655 1358 2721 1397 ex
2765 1356 2832 1397 eo
2872 1350 3115 1413 tempore
3162 1358 3273 1398 non
3321 1343 3507 1398 Sicilia

1918 1436 2097 1499 solum
2127 1435 2221 1490 sed
2253 1443 2307 1489 et
2352 1434 2609 1489 Calabria
2644 1444 2697 1489 et
2739 1433 3120 1504 Longohardia
3154 1435 3311 1505 potiti
3353 1446 3507 1500 sunt,

1918 1541 2137 1582 omnem
2172 1541 2292 1581 eam
2329 1527 2606 1596 regionem
2652 1525 3001 1580 incursantes
3045 1540 3112 1580 ac
3158 1526 3505 1596 populantes,

1917 1617 1987 1672 ad
2029 1632 2204 1686 usque
2236 1628 2478 1687 tempora
2525 1616 2702 1671 felicis
2741 1616 3139 1671 recordationis
3180 1617 3366 1671 Basilii
3401 1617 3505 1670 im-

232 1713 282 1784 τῇ
323 1709 472 1781 λήξει
514 1706 813 1761 Βασιλείου
846 1707 944 1760 τοῦ
983 1706 1272 1778 βασιλέως.
1319 1710 1482 1765 Ἀλλὰ
1508 1712 1681 1766 ταῦτα
1718 1713 1815 1784 μὲν

1918 1709 2187 1778 peratoris
2241 1709 2353 1763 illic
2402 1710 2720 1764 constitutis
2762 1710 3008 1764 sedibus.
3052 1712 3180 1765 Haec
3223 1710 3506 1766 enimvero

231 1800 257 1871 ἡ
303 1798 503 1853 ἐκείνου
557 1794 807 1867 δηλώσει
852 1795 1101 1865 ἱστορίαο
1152 1799 1181 1849 ὁ
1235 1797 1294 1852 δὲ
1359 1799 1579 1871 Μιχαὴλ
1636 1802 1811 1872 μῆνας

225 1888 351 1943 ὀκτὼ
396 1888 494 1942 καὶ
542 1885 644 1957 ἔτη
704 1886 809 1955 τῆς
862 1884 1142 1956 βασιλείας
1191 1887 1483 1959 γενόμενος
1540 1892 1817 1964 ἐγκρατὴς

222 1982 360 2038 ἐννέα
408 1981 503 2034 τὸν
533 1979 658 2050 βίον
719 1978 1019 2057 κατέλυσε,
1073 1979 1152 2051 τῷ
1195 1980 1491 2053 δυσουρίας
1541 1987 1815 2056 νοσήματι

216 2078 383 2141 ἁλοὺς,
416 2077 480 2129 ἐκ
529 2075 648 2129 τῶν
694 2073 921 2145 νεφρῶν
982 2074 1254 2147 λαὸούσης
1302 2075 1402 2148 τὴν
1437 2078 1637 2149 ἀρχὴν,
1676 2080 1813 2150 μήτε

213 2172 311 2240 τὴν
336 2170 464 2241 πρὸς
496 2168 639 2222 Θεὸν
670 2166 999 2232 καταλύσας
1026 2168 1372 2239 δυσμένειαν,
1404 2165 1484 2234 οἷς
1516 2171 1616 2241 οὐκ
1647 2171 1806 2243 ἡθελε

213 2264 308 2333 τὴν
348 2260 542 2317 ἑαυτοῦ
596 2260 831 2333 μορφὴν
883 2259 951 2312 δι’
992 2262 1143 2331 ἡμᾶς
1192 2262 1595 2332 ἀναλαϐόμενον
1627 2264 1807 2336 σάρκα

213 2358 555 2428 προσκυνεῖν,
626 2354 846 2429 μᾶλλον
913 2351 973 2405 δὲ
1029 2353 1124 2406 καὶ
1183 2354 1311 2419 τοὺς
1367 2355 1813 2426 προσκυνοῦντας

210 2448 476 2520 καθαιρῶν
508 2446 789 2503 Μεθόδιόν
824 2462 888 2500 τε
927 2444 1022 2499 καὶ
1050 2444 1348 2516 Εὐθύμιον,
1384 2448 1515 2519 περὶ
1544 2442 1621 2502 ὦν
1653 2450 1811 2519 είρή-

208 2558 398 2613 ταμεν,
432 2542 531 2595 καὶ
560 2540 659 2594 τὸν
692 2539 808 2593 τῶν
856 2539 1181 2609 Ἀγαρηνῶν
1211 2539 1531 2611 ὲπαυξήσας
1567 2539 1808 2594 ἀκατάλο

204 2643 396 2697 λακτον
430 2635 702 2705 πόλεμον,
750 2632 826 2686 τά
869 2649 932 2687 τε
962 2632 1104 2686 κατὰ
1147 2631 1347 2702 Θωμᾶν
1382 2633 1477 2687 καὶ
1523 2631 1632 2685 τῶν
1659 2633 1813 2702 Κρη-

203 2732 416 2798 ταιέων,
449 2728 597 2783 ἀλλὰ
628 2726 743 2799 μὴν
774 2725 876 2780 καὶ
908 2724 1018 2778 τῶν
1067 2723 1379 2795 εἰρημένων
1419 2724 1696 2794 Ἀφρίκων
1722 2723 1809 2776 διὰ

203 2824 300 2892 τὴν
330 2818 527 2876 ἑαυτοῦ
560 2816 772 2873 κακίαν
821 2813 1249 2877 ἀποστείλαντος
1302 2813 1398 2867 τοῦ
1442 2813 1600 2870 Θεοῦ.
1651 2811 1810 2867 Ἀλλὰ

202 2919 295 2975 καὶ
342 2916 497 2969 πᾶσα
547 2913 584 2982 ἡ
645 2909 943 2980 Δαλματία
973 2908 1075 2979 τῆς
1102 2908 1210 2961 τῶν
1273 2907 1562 2977 Ῥωμαίων
1597 2910 1809 2981 ἀπέστη

202 3010 317 3065 τότε
347 3004 664 3079 βασιλείας,
691 3003 789 3071 καὶ
823 3000 1117 3070 γεγόνασιν
1141 2999 1380 3062 ἅπαντες
1418 3000 1720 3071 ίδιόρυθμοί
1750 3019 1809 3055 τε

1919 1802 2068 1857 illius
2094 1801 2400 1857 declarabit
2424 1802 2678 1857 historia.
2701 1803 2930 1857 Michael
2959 1812 3141 1858 autem
3172 1820 3296 1859 cum
3326 1818 3504 1858 annos

1918 1912 2113 1953 novem
2161 1908 2400 1951 'mcnses
2457 1904 2579 1951 octo
2630 1896 2919 1966 imperium
2988 1897 3270 1960 tenuisset,
3330 1897 3507 1950 urina:

1916 1986 2233 2049 difﬁcultate
2277 2000 2342 2039 ex
2382 2000 2572 2040 renum
2616 1988 2871 2056 passione
2903 1996 3023 2040 orta
3068 1988 3372 2041 exstinctus
3395 1997 3501 2050 est,

1917 2094 2042 2133 cum
2089 2094 2192 2134 nec
2233 2078 2670 2135 infensissimum
2704 2079 2756 2132 in
2791 2076 2958 2133 Deum
2994 2078 3177 2133 odium
3229 2078 3505 2148 posuiss:t

1914 2171 1935 2241 Α(
1963 2186 2025 2227 ea
2049 2172 2256 2228 scilicet
2281 2172 2672 2241 ratione,quod
2696 2170 2816 2241 ejus
2846 2171 2937 2240 qui
2971 2185 3068 2240 pro
3092 2171 3251 2227 nobis
3280 2186 3500 2226 carnem

1916 2264 2215 2333 assumpsit
2268 2262 2501 2334 efﬁgiem
2569 2264 2798 2318 adorare
2852 2264 3016 2318 nollet
3064 2282 3077 2331 ;
3124 2265 3255 2333 quin
3316 2264 3502 2333 potius

1916 2356 2062 2411 illius
2078 2356 2317 2411 cultores
2331 2355 2633 2418 abdicaret.
2654 2355 2985 2412 Methodium
3007 2356 3498 2428 Eupliemiumqne.

1912 2448 1982 2504 de
2009 2449 2209 2517 quibus
2248 2449 2301 2501 iit
2328 2449 2707 2519 superioribus
2730 2464 2909 2504 sermo
2942 2450 3161 2503 habitus
3194 2450 3322 2518 est),
3357 2451 3502 2519 Aga-

1912 2555 2169 2595 renorum
2210 2555 2431 2610 quoque
2471 2540 2816 2609 implacabile
2851 2542 3050 2596 bellum
3093 2542 3340 2596 auxisset
3378 2558 3395 2607 ;
3437 2555 3501 2596 ac

1915 2632 2060 2688 Deus
2100 2634 2169 2688 ob
2207 2634 2331 2704 ejus
2372 2634 2669 2703 nequitiam
2708 2642 2763 2687 et
2795 2632 3019 2688 Thoutae
3065 2634 3413 2691 rebellionem
3446 2642 3501 2689 et

1912 2724 2252 2780 Cretensium
2284 2735 2447 2794 atque
2473 2724 2585 2796 84
2612 2724 2992 2780 Africanorum
3022 2765 3036 2787 ,
3070 2726 3136 2779 de
3169 2725 3366 2794 quibus
3384 2727 3497 2794 jam

1912 2817 2118 2873 dictum
2148 2827 2253 2884 est,
2284 2816 2685 2873 Saracenorum
2717 2816 2917 2871 bellum
2947 2815 3290 2871 immisisset.
3321 2815 3425 2871 Sed
3447 2825 3501 2871 et

1910 2912 2093 2975 omnis
2137 2910 2407 2965 Dalmatia
2448 2909 2549 2963 sub
2583 2909 2636 2963 id
2679 2920 2896 2977 tempus
2930 2924 2959 2961 a
2988 2906 3240 2963 Romano
3272 2909 3500 2973 imperio

1914 3000 2130 3066 defecit,
2155 3002 2349 3072 suique
2372 3016 2562 3057 omnes
2578 3000 2721 3069 juris
2742 3015 2806 3055 ac
2831 3000 2935 3056 sibi
2951 3000 3129 3069 capita
3150 2998 3496 3066 exstiterunt,

201 3103 294 3158 καὶ
320 3070 698 3167 αὐτοκέφαλοι
738 3094 906 3166 μέχρι
947 3094 1047 3164 τῆς
1080 3091 1173 3145 τοῦ
1220 3091 1497 3146 Βασιλείου
1524 3070 1841 3146 τοῦγάοιδίέ

1917 3070 2275 3164 quoadusque
2311 3095 2547 3164 inclytus
2579 3094 2668 3149 ille
2699 3092 2932 3147 Basilius
2980 3092 3267 3161 imperium
3305 3107 3497 3161 regen-

204 3210 303 3264 μου
358 3187 687 3261 βασιλείας·
745 3184 868 3239 τότε
922 3182 1033 3253 γὰρ
1092 3181 1256 3235 πάλιν
1310 3175 1458 3234 οὗτοι
1519 3183 1814 3252 Ῥωμαίοις

204 3282 700 3350 καθυπετάγησαν.
760 3274 1105 3346 Πεπλήρωτο
1163 3270 1355 3326 δὲκαὶ
1426 3274 1455 3326 ὁ
1508 3274 1595 3327 ἐπ’
1662 3273 1813 3346 αὐτῷ

205 3375 471 3449 χρησμὸς,
506 3372 696 3439 λέγων
729 3367 878 3422 οὕτω
898 3385 914 3399 ·

277 3467 464 3536 Ἀρχὴ
489 3463 807 3536 amarior-“Te
840 3456 1277 3536 ίτρορνπξσοζται
1308 3455 1383 3536 τῇ
1405 3455 1600 3536 χθονί,

265 3528 461 3593 Ὀὶῶέ
491 3528 771 3601 κατάρξῄ
800 3530 912 3598 τῆς
942 3528 1303 3601 Βαϐυλῶνος
1335 3528 1576 3601 δράκων

266 3598 693 3677 Δύστλωσός
720 3598 916 3671 ἄρδην
945 3600 1048 3654 καὶ
1073 3600 1450 3668 φιλόχρυσος
1478 3598 1640 3651 λίαν.

217 3701 399 3783 ξΕτέθη
433 3700 494 3754 δὲ
545 3700 576 3752 ὁ
626 3696 825 3750 τούτου
860 3694 1057 3765 νεκρὸς
1092 3695 1150 3746 ὲν
1187 3690 1267 3762 τῷ
1314 3690 1426 3778 ναῷ
1463 3689 1574 3743 τῶν
1610 3687 1812 3757 Ἀγίων

214 3796 580 3861 ’Δποστόλων,
630 3793 694 3846 ὲν
724 3791 804 3862 τῷ
838 3788 1006 3862 ὴρώῳ
1047 3785 1457 3852 Ἰουστινιανοῦ,
1487 3787 1546 3838 ὲν
1576 3784 1811 3857 λάρνακι

205 3890 450 3960 πρασίνῳ
474 3884 817 3955 Θετταλικῇ.

1910 3184 2040 3238 dum
2069 3185 2310 3251 suscepit
2338 3200 2353 3235 :
2387 3193 2519 3238 tunc
2541 3183 2690 3237 enim
2717 3181 2979 3236 Romana:
3011 3179 3139 3236 facti
3165 3190 3298 3236 sunt
3328 3181 3499 3235 ditio-

1909 3276 2018 3331 nis.
2052 3274 2340 3345 lmpletum
2380 3289 2509 3330 vero
2538 3285 2620 3328 est
2657 3274 2805 3343 quod
2844 3274 2912 3327 de
2939 3273 3035 3328 illo
3062 3272 3341 3328 ferebatur
3370 3288 3500 3328 ora.-

1910 3367 2120 3431 culum,
2149 3367 2204 3420 in
2235 3367 2377 3420 hanc
2406 3365 2758 3422 sententiam.

2049 3456 2163 3510 Hoc
2192 3457 2407 3510 initium
2437 3456 2698 3509 malorum
2735 3455 2918 3509 telluri
2951 3456 3178 3523 accidet,

2056 3526 2250 3580 Rerum
2280 3530 2515 3595 potietur
2542 3544 2660 3579 cum
2692 3526 3015 3594 Babylonius
3062 3526 3248 3589 draco,

2052 3596 2276 3666 Lingua:
2306 3599 2581 3666 imperita,
2619 3607 2667 3650 et
2696 3600 2818 3650 auri
2852 3598 3297 3665 cupientissimus.

1911 3688 2143 3744 cadaver
2163 3691 2284 3757 ejus
2311 3692 2613 3759 repositum
2635 3692 2687 3745 iu
2704 3689 3005 3745 Iustiniani
3031 3700 3405 3754 monumento,
3425 3688 3494 3746 ad

1908 3781 2080 3836 aedem
2110 3782 2498 3851 Apostolorum
2524 3783 2580 3837 in
2603 3798 2731 3838 area
2761 3798 2829 3837 ex
2858 3797 3133 3837 marmore
3150 3780 3497 3838 viridi'l‘her

1910 3875 2102 3931 salico.

213 4056 3466 4089 Νῆα-Μ

1588 4199 1955 4289 ΛΟΓΟΣ
1992 4190 2112 4284 I".

1042 4375 1204 4428 ΠΕΡΙ
1234 4372 1371 4428 ΤΗΣ
1402 4373 1764 4429 ΒΑΣΙΛΕΙΑΣ
1787 4369 2146 4439 ⁵ΘΕΟΦΙΛΟΥ
2175 4366 2342 4422 ΥιοΥ
2382 4364 2679 4425 ΜΙΧΔΗΔ.

1538 4676 1897 4764 LIBER
1966 4677 2165 4763 III.

1168 4846 1540 4905 THEOPlllLl
1576 4845 1949 4904 MICHAELIS
1986 4845 2141 4902 FILII
2187 4846 2553 4905 IMPERIUM.

270 5133 350 5207 [Ρ.
494 5130 569 5189 α’.
585 5129 671 5186 Τὰ
691 5128 874 5201 μὲνδὴ
891 5124 1209 5199 πραχθέντα
1231 5126 1454 5198 Μιχαὴλ
1469 5125 1547 5197 τῷ
1569 5126 1804 5199 Τραυλῷ
1837 5134 1841 5145 ‘

1984 5125 2037 5180 1.
2077 5123 2361 5182 Michaelis
2396 5122 2545 5179 Balbi
2577 5133 2730 5195 gesta
2773 5124 2932 5180 anuis
2977 5137 3172 5178 novem
3208 5110 3495 5183 mensibus

209 5224 592 5296 βασιλεύσαντι
613 5222 774 5280 ἐννέα
801 5221 985 5276 ἔτεσιν
1011 5219 1147 5289 πρὸς
1172 5220 1341 5291 μησὶν
1367 5218 1511 5273 ὀκτὼ
1533 5219 1591 5272 ὲν
1602 5217 1681 5288 τῷ
1702 5217 1811 5289 πρὸ

1917 5227 2057 5283 octo.
2110 5217 2315 5289 quibus
2358 5232 2541 5274 rerum
2582 5218 2785 5286 potitus
2833 5224 2938 5281 est.
2984 5214 3254 5284 superiori
3285 5213 3427 5270 libro
3456 5231 3492 5272 a

204 5320 390 5375 τούτου
419 5320 618 5393 βιϐλίῳ
639 5316 947 5388 δεδήλωται
967 5330 981 5345 ο
1007 5314 1035 5368 ὁ
1063 5312 1120 5367 δὲ
1146 5312 1260 5377 υίὸς
1286 5310 1452 5368 αὑτοῦ
1477 5311 1581 5383 ἢδη
1608 5310 1808 5380 Θεόφι-

1917 5312 2071 5368 nobis
2114 5311 2363 5382 exposita
2397 5320 2545 5366 sunt.
2585 5308 2717 5379 Ejus
2748 5318 2929 5364 autem
2961 5306 3108 5362 ﬁlius
3132 5304 3492 5377 Theophilus,

204 5408 285 5475 30;
334 5414 535 5483 ἀνδρὸς
584 5412 730 5483 ἔχων
772 5406 994 5483 ἡλικίαν
1044 5404 1145 5477 τὴν
1193 5403 1469 5475 πατρικὴν
1503 5401 1680 5474 ἀρχὴν
1712 5399 1808 5455 καὶ

1917 5403 2118 5460 virilem
2161 5403 2273 5473 jam
2304 5412 2520 5459 mtatem
2554 5400 2857 5472 ingressus,
2885 5408 3174 5468 paternum
3201 5399 3493 5470 imperium

207 5499 489 5565 [unitum
538 5504 684 5557 κατὰ
725 5501 820 5554 τὸν
867 5496 1202 5568 Ὀκτώόριον
1268 5495 1417 5565 μῆνα
1464 5492 1565 5562 τῆς
1615 5491 1809 5562 ὀγδόης

1917 5495 2153 5563 suscepit
2196 5510 2387 5551 mense
2421 5491 2667 5557 Octobri,
2706 5490 3007 5546 indictione
3033 5488 3088 5545 8.
3124 5487 3175 5545 Is
3200 5489 3493 5546 ferventis-

212 5594 541 5661 ίσέεικτιῶνος
571 5594 870 5662 διεδέξατο,
895 5592 1041 5662 λόγῳ
1070 5589 1169 5660 μὲν
1201 5580 1296 5641 οὖν
1326 5587 1426 5656 τῆς
1457 5584 1806 5654 δικαιοσύνης

1917 5585 2107 5639 simum
2138 5585 2357 5653 quidem
2386 5582 2615 5653 justitim
2644 5579 2883 5635 studium
2908 5597 3018 5651 prae
3040 5597 3099 5637 se
3122 5581 3231 5652 85
3256 5580 3493 5644 ferebat,

206 5681 397 5758 ὧσπερ
434 5688 682 5761 ἔμπυρος
731 5686 979 5759 ἐραστὴς
1033 5678 1319 5738 καλεῖσθαι
1353 5677 1677 5751 βουλόμενος
1709 5675 1805 5731 καὶ

1924 5675 2449 5745 cgumqnecivilium
2475 5671 2700 5731 sedulus
2719 5675 3037 5731 observator
3062 5673 3233 5729 videri
3268 5671 3435 5728 voluit
3473 5688 3489 5724 :
