4038 6214
272 251 348 313 itll
1003 250 1151 311 LIB.
1178 250 1295 310 III.
1330 274 1400 285 -
1435 244 1932 311 THEOPHILUS
1962 245 2384 308 MICHAELIS
2422 248 2699 310 FILIUS.

3393 246 3498 313 102

267 375 487 435 πίστεως,
513 371 693 442 εἴχετο
723 367 782 422 δὲ
810 368 903 422 καὶ
935 367 1034 438 τῆς
1062 366 1551 440 πατροπαραδότου
1600 364 1807 435 μιαρᾶς

1926 361 2081 419 Deum
2118 364 2285 436 inque
2312 364 2433 435 ejus
2461 365 2829 421 castissimam
2879 372 3147 429 matrem,
3188 366 3264 421 uti
3294 366 3497 430 aiebat.

266 465 357 519 τῶν
390 461 765 533 Είκονομάχων
812 460 1116 531 αἱρέσεως,
1164 460 1262 513 καὶ
1300 458 1476 531 ταύτῃ
1508 475 1572 527 γε
1608 456 1675 527 δὴ
1718 456 1813 509 τὸν

269 556 430 625 εὐειδῆ
460 554 546 628 [Ρ.
594 553 688 625 55]
721 553 819 607 καὶ
863 555 1133 621 πανάγιον
1174 553 1304 608 λαὸν
1331 552 1602 623 ἐτάραττέ
1627 570 1686 605 τε
1716 551 1813 605 καὶ

269 649 564 705 ¹ιιολυειδέσιν
602 648 776 702 ἐδίδου
824 646 1125 713 κακώσεσι,
1159 646 1341 702 πάντα
1384 646 1481 701 τὸν
1529 646 1630 715 τῆς
1660 645 1813 716 βασι-

270 745 387 808 λείας
420 741 583 797 αὐτοῦ
614 742 811 813 χρόνον
847 743 1125 814 ἠρεμῆσαι
1167 741 1244 814 μὴ
1290 742 1681 812 συγχωρήσας,
1729 736 1813 805 οἷς

277 836 459 899 Mrs;
486 837 547 888 ἐν
574 835 840 906 πολέμοις
870 835 1239 907 ἀνδραγαθίας
1263 834 1619 906 καταλλήλως
1647 834 1814 904 ἐλάμ-

282 933 420 996 ϐανεν,
442 928 555 983 ἀλλ’
585 928 790 1001 ἦττητό
811 946 873 983 τε
904 930 993 984 ἀεὶ
1032 929 1125 983 καὶ
1164 929 1227 983 οὐ
1266 928 1410 985 κατὰ
1451 927 1678 1001 βασιλέα
1705 930 1811 983 ὑπο

294 1023 514 1093 έστρεςεν.

327 1293 381 1363 ᾔ
405 1289 708 1363 Τοιγαροῦν
756 1290 1020 1363 ἐχόμενος
1043 1290 1147 1362 τῆς
1192 1289 1562 1363 δικαιοσύνης,
1598 1290 1661 1345 οὐ
1705 1292 1812 1363 μὴν

271 1387 315 1442 δὲ
339 1386 416 1441 καὶ
444 1386 549 1456 τῆς
598 1384 741 1454 πρὸς
774 1384 877 1457 τὴν
908 1383 1006 1439 τοῦ
1055 1383 1194 1438 Θεοῦ
1226 1385 1440 1456 μητέρα
1485 1384 1726 1450 πίστεώς
1752 1402 1812 1438 τε

268 1479 341 1530 καὶ
370 1475 698 1547 προθυμίας,
728 1473 901 1546 ἀπῄει
952 1475 1194 1544 ἔφιππος
1222 1475 1314 1529 διὰ
1367 1475 1471 1546 τῆς
1508 1476 1653 1531 κατὰ
1712 1477 1813 1548 τὴν

264 1568 411 1639 μέσην
437 1564 704 1630 πλατείας
729 1565 829 1620 καὶ
854 1566 1133 1637 λεωφόρου
1164 1568 1307 1637 πρὸς
1333 1567 1424 1621 τδν
1460 1568 1518 1621 ἐν
1568 1567 1814 1639 Βλαχέρσ

260 1676 360 1722 ναις
384 1658 524 1712 θεῖον
559 1657 689 1717 ναὸν
749 1656 962 1730 ἑκάστῃ
1012 1657 1293 1728 ἐϐὼμᾶδι,
1353 1658 1459 1712 ὑπὸ
1494 1657 1605 1712 τῶν
1659 1658 1815 1730 δορυ-

1915 469 2104 515 sancte
2137 460 2450 515 adhmrebat
2484 477 2498 514 :
2532 462 2626 516 sed
2658 468 2713 515 et
2740 460 2969 531 impura:
2998 461 3336 518 venerabiles
3364 463 3501 519 ima-

1914 550 2069 621 gines
2111 551 2547 620 impugnantium
2598 552 2793 608 haeresi
2846 568 2876 608 a
2926 553 3227 623 majoribus
3265 565 3502 626 acceptze

1915 644 2168 700 addictus
2200 654 2337 708 crat,
2369 660 2544 715 eaque
2566 647 2776 701 ratione
2808 647 3116 717 religiosam
3143 655 3502 720 sanctamque

1915 736 2159 790 turbavit
2196 736 2404 805 plebem
2436 736 2686 806 variique
2717 739 2932 807 generis
2975 738 3130 792 malis
3163 736 3372 803 alliixit,
3402 753 3502 794 nec

1914 828 2159 899 quandiu
2195 827 2409 898 imperii
2441 828 2685 883 habenas
2717 829 3029 883 moderatus
3050 831 3352 898 est,quiete
3380 845 3500 885 eam

1915 936 2075 991 agere
2122 920 2390 990 permisit.
2444 919 2600 976 Unde
2639 920 2804 975 etiam
2848 932 3240 992 congruentem
3281 924 3427 978 hanc
3466 938 3499 978 a

1915 1011 2027 1067 Deo
2068 1013 2373 1068 mercedem
2416 1013 2622 1074 retulit.
2660 1020 2722 1066 ut
2782 1012 2920 1066 nihil
2952 1013 3195 1082 prmelari
3236 1012 3500 1070 facinoris

1916 1104 1970 1159 in
2024 1105 2181 1161 bellis
2210 1106 2460 1170 ediderit,
2504 1106 2596 1161 sed
2629 1106 2804 1160 victus
2841 1121 3077 1174 semper,
3126 1121 3227 1163 nec
3256 1115 3318 1162 ut
3345 1109 3501 1163 decet

1915 1196 2305 1266 imperatorem
2334 1211 2512 1266 exque
2544 1198 2830 1267 majestate
2853 1198 3077 1253 domum
3114 1202 3355 1258 redierit.

1985 1290 2039 1344 5.
2066 1288 2168 1356 Qui
2201 1304 2331 1359 ergo
2363 1290 2641 1346 studiosus
2663 1292 2887 1360 iustitiae
2911 1302 3073 1358 esset,
3101 1309 3335 1365 ergaque
3370 1311 3503 1351 sau-

1914 1391 2058 1437 ctam
2089 1380 2183 1435 Dei
2215 1382 2437 1436 Matrem
2479 1382 2637 1437 ﬁdem
2670 1399 2823 1438 suam
2856 1399 2920 1439 ac
2945 1384 3278 1440 alacritatem
3308 1388 3505 1456 proba-

1914 1484 2019 1540 ret,
2069 1490 2169 1545 per
2204 1475 2448 1545 singulas
2497 1474 2866 1531 hebdomadas
2893 1478 2979 1531 via
3015 1478 3231 1546 publica
3267 1468 3507 1557 stipante

1912 1568 2174 1623 satellitio
2217 1568 2286 1622 ad
2340 1568 2582 1622 divinam
2632 1568 3086 1626 Blacbernensem
3143 1572 3312 1627 aedem
3362 1586 3505 1643 equo

1916 1662 2266 1732 procedebat.
2320 1661 2499 1731 Hujus
2528 1671 2710 1716 autem
2760 1677 2976 1732 pompa:
3008 1677 3071 1718 ea
3101 1665 3244 1719 ratio
3272 1673 3412 1725 erat,
3447 1671 3508 1719 ut

256 1747 419 1817 φόρων
455 1723 989 1817 παραπεμπόμενος.
1031 1723 1223 1817 Ἀπῄει
1259 1745 1318 1799 δὲ
1351 1746 1489 1800 πᾶσι
1545 1745 1671 1816 μὲν,
1705 1723 1814 1819 πρὸ

1926 1723 1980 1809 se
2011 1753 2288 1816 omnibus.
2313 1752 2381 1808 iis
2403 1723 2639 1808 maxime
2663 1723 3112 1824 qui-ulla-injuria
3136 1723 3503 1819 adicerentur,

256 1835 434 1899 παντὸς
459 1836 519 1890 δέ
570 1836 685 1898 τοῖς
738 1833 1113 1904 ἀδικουμένοις
1160 1834 1339 1898 διδοὺς
1365 1835 1581 1902 ἑαυτὸν,
1611 1837 1688 1900 ὡς
1746 1838 1813 1891 ἂν

251 1930 408 2000 έκοιεν
451 1929 523 1983 τὰ
557 1926 743 1983 αὐτῶν
793 1926 1169 1998 ἐπιτραγῳδεῖν
1210 1926 1540 1999 ζάδικήματα
1587 1928 1685 1985 καὶ
1738 1930 1815 2000 μὴ

252 2023 390 2095 παρὰ
421 2036 588 2075 τινων
617 2017 933 2073 κακοποιῶν
969 2017 1267 2073 κωλύοιντο
1313 2019 1688 2091 ὑφορωμένων
1710 2020 1815 2092 τὴν

245 2116 460 2175 ἔκτισιν,
484 2110 742 2183 δεύτερον
769 2108 828 2163 δὲ
855 2108 943 2163 ἶνα
972 2109 1065 2163 διὰ
1088 2108 1190 2180 τὴν
1227 2110 1435 2181 ἀγορὰν
1465 2110 1817 2182 διερχόμενος

244 2206 432 2275 θεατὴς
490 2201 699 2272 γίνοιτο
736 2200 845 2255 τῶν
886 2199 1064 2255 ὠνίων
1096 2216 1111 2232 ·
1167 2200 1291 2255 ὅθεν
1350 2201 1585 2257 ἑκάστου
1605 2202 1655 2235 ει
1706 2202 1817 2261 τῶν

240 2293 700 2369 πιπρασκομένων
745 2292 872 2346 ὅσου
929 2291 1192 2347 πωλεῖται
1266 2294 1410 2348 κατὰ
1454 2292 1555 2366 τὴν
1605 2293 1816 2368 ἀγορὰν

238 2390 442 2462 ἠρώτα,
469 2387 575 2441 οὐκ
593 2387 655 2439 ἐν
675 2386 940 2457 παρέργῳ
972 2384 1132 2438 τοῦτο
1159 2385 1330 2439 ποιῶν
1370 2387 1509 2441 ἀλλὰ
1542 2388 1639 2442 καὶ
1694 2387 1818 2443 λίαν

231 2480 471 2553 ἐνεργῶς
502 2496 565 2532 τε
594 2478 692 2533 καὶ
713 2478 1016 2547 ἐπιμόνως,
1049 2478 1159 2532 οὐδ’
1196 2478 1278 2532 ἐνὶ
1325 2478 1486 2532 τοῦτο
1508 2480 1641 2534 εῖδει
1679 2480 1818 2534 ἀλλὰ

228 2571 396 2627 παντὶ
430 2571 535 2641 μὲν
564 2568 644 2639 τῷ
676 2569 901 2641 τρέφειν
929 2567 1218 2639 ἄνθρωπον
1253 2568 1560 2639 δυναμένῳ,
1598 2569 1698 2623 εἴτ’
1725 2569 1819 2626 οῦν

222 2664 550 2733 ἐσθιόμενον
567 2660 670 2714 εἴτ’
698 2659 791 2714 οῦν
810 2659 907 2715 καὶ
938 2661 1250 2729 πινόμενον,
1275 2661 1439 2715 παντὶ
1465 2660 1522 2713 δὲ
1552 2661 1632 2733 τῷ
1660 2679 1822 2734 περι·

218 2757 455 2812 θάλπειν
472 2755 577 2809 καὶ
601 2755 684 2817 είς
720 2751 992 2823 ὰμφίασιν
1020 2752 1287 2820 τελοῦντι,
1318 2754 1415 2807 καὶ
1437 2756 1604 2809 πᾶσιν
1629 2756 1821 2822 ἁπλῶς

214 2852 327 2908 τοῖς
364 2848 524 2903 κατὰ
558 2847 658 2918 τὴν
680 2846 893 2917 ἀγορὰν
924 2845 1315 2917 προκειμένοις
1331 2844 1445 2900 τῶν
1474 2847 1819 2920 βουλομένων

212 2946 522 3015 ἐξωνήσει.
557 2944 659 2999 Διά
694 2959 781 2996 τοι
834 2941 995 2996 τοῦτο
1022 2941 1146 2996 οὐδὲ
1173 2941 1375 3014 ῥαδίως
1428 2940 1498 2995 ἂν
1542 2937 1684 2997 εἶδέν
1734 2959 1823 3005 τις

1922 1845 2166 1915 ipsorum
2215 1844 2507 1899 auditurus
2540 1844 2813 1914 querelas,
2854 1843 2908 1898 in
2944 1856 3294 1915 conspectum
3327 1847 3504 1911 daret,

1922 1952 2024 1993 nec
2040 1936 2184 1991 ullus
2206 1935 2487 1990 maleﬁcus
2510 1950 2730 2005 pcenam
2755 1936 2823 1990 ab
2842 1950 2908 1991 eo
2942 1936 3285 2007 irrogandam
3308 1937 3507 1992 timens

1923 2043 2206 2084 accessum
2229 2028 2564 2098 prohiberet.
2582 2028 2935 2083 Simuletiam
2959 2039 3020 2083 ut
3040 2044 3137 2099 per
3152 2029 3330 2085 forum
3352 2031 3507 2100 equi-

1922 2130 2050 2176 tans
2086 2136 2176 2175 res
2199 2121 2417 2177 venales
2443 2122 2758 2193 inspiceret.
2787 2120 3045 2177 Omnium
3074 2123 3259 2193 itaque
3301 2125 3355 2179 in
3384 2123 3507 2179 foro

1923 2211 2200 2266 venalium
2250 2212 2484 2283 pretium
2535 2211 2905 2283 exquirebat;
2953 2228 3130 2283 neque
3160 2228 3290 2269 vero
3329 2214 3509 2270 obiter

1920 2318 2038 2358 rem
2086 2302 2399 2372 praestabat,
2440 2302 2534 2358 sed
2575 2317 2806 2373 eperose
2834 2301 3130 2358 admodum
3162 2318 3228 2359 ac
3270 2321 3510 2375 morose,

1922 2410 2025 2451 nec
2068 2396 2121 2449 in
2148 2412 2260 2450 uno
2285 2396 2553 2455 duntaxat
2586 2396 2851 2451 mercium
2882 2411 3099 2466 genere,
3127 2400 3219 2454 sed
3254 2400 3306 2453 in
3329 2401 3509 2454 omni-

1923 2485 2028 2541 bus
2056 2488 2352 2541 esculentis
2385 2487 2499 2542 sive
2539 2488 2703 2541 etiam
2742 2487 3059 2556 potulentis,
3096 2488 3340 2545 vestibus
3376 2491 3506 2545 item

1923 2593 1992 2633 ac
2012 2579 2369 2647 operimentis
2403 2594 2421 2645 ;
2454 2578 2717 2649 quidquid
2743 2578 2980 2646 denique
3010 2579 3063 2631 in
3096 2577 3211 2633 l'ore
3242 2582 3507 2636 mercium

1924 2673 2227 2741 prostabat.
2268 2670 2633 2738 Quamobrem
2671 2672 2757 2727 vix
2792 2688 3031 2741 unquam
3072 2672 3301 2728 solemni
3338 2673 3511 2745 impe-

1925 2772 2170 2818 ratorum
2199 2777 2349 2817 more
2374 2777 2570 2833 pompa
2616 2764 2911 2833 procedere
2939 2763 3059 2835 88
3082 2765 3231 2820 visus
3265 2774 3373 2833 est,
3415 2765 3509 2835 qui
3615 2822 3620 2827 ,

1929 2856 2287 2926 procurandae
2303 2856 2609 2925 reipublicae
2627 2872 2878 2926 magnam
2898 2858 3230 2928 diligentiam
3244 2872 3307 2913 ac
3324 2871 3508 2913 curam

1931 2947 2184 3013 haberet,
2225 2963 2371 3004 nunc
2405 2963 2507 3019 pro
2539 2948 2797 3004 tribunali
2829 2949 3029 3005 sedens
3054 2993 3071 3017 ,
3102 2967 3251 3007 nunc
3278 2952 3511 3023 singulis

211 3037 386 3090 αὑτδν
408 3034 786 3105 ἐξεληλυθότα
825 3035 906 3099 εἰς
937 3033 1265 3105 πρόκενσον,
1294 3032 1497 3105 πολλὴν
1544 3034 1821 3089 ἐνδεικνύ-

1931 3040 2277 3110 septimanis,
2326 3041 2401 3097 uti
2462 3041 2671 3098 dictum
2717 3050 2836 3109 est,
2880 3042 2937 3097 in
2982 3043 3260 3113 publicum
3322 3056 3513 3115 proce-
3584 3023 3588 3026 V

208 3146 388 3199 μενον
412 3128 667 3197 σπουδὴν
706 3126 844 3196 πρὸς
887 3128 957 3180 τὰ
980 3127 1137 3181 κοινά
1159 3144 1220 3181 τε
1243 3128 1340 3180 xci.
1364 3125 1692 3197 ἐπιμέλειαν
1722 3124 1821 3181 νῦν
1854 3124 1897 3140 ν
1930 3132 2085 3190 deus.

205 3217 311 3286 μὲν
347 3217 415 3268 ἐν
442 3214 905 3286 κριτηρίοις.νῦν
938 3215 1020 3281 δὲ,
1080 3216 1158 3279 ὡς
1215 3215 1455 3287 εἴρηται,
1511 3216 1656 3270 κατὰ
1718 3218 1821 3282 τὰς

203 3304 497 3374 προόδους
533 3303 633 3375 τῆς
664 3302 982 3375 ἑϐδομάδος.

268 3397 342 3453 δ’.
392 3399 574 3462 Ὅθεν
612 3398 739 3452 ἐπεί
799 3415 927 3453 τινα
956 3398 1067 3454 τῶν
1122 3396 1422 3470 ὀφθαλμῶν
1466 3399 1715 3455 ἑστίασιν
1753 3400 1824 3455 τὰ

200 3494 315 3563 πρὸ
370 3496 488 3564 τῆς
551 3492 761 3556 πόλεως
799 3491 993 3562 ἔχοντα
1036 3491 1115 3555 ὡς
1172 3492 1266 3546 ἐπὶ
1319 3492 1379 3546 τὸ
1441 3494 1696 3547 πλεῖστον
1741 3496 1825 3557 είς

202 3589 393 3643 ἰαυτὰ
416 3587 661 3643 καλοῦσι
694 3588 823 3651 τοὺς
851 3586 1118 3658 βασιλεῖς,
1145 3585 1217 3640 τὰ
1254 3586 1394 3659 πρὸς
1417 3586 1517 3658 τὴν
1545 3587 1822 3643 θάλασσαν

199 3683 297 3736 τοῦ
359 3680 657 3735 παλατίου
700 3680 856 3751 τείχη
904 3680 1018 3735 τῶν
1062 3679 1311 3751 ἀρχαίων
1344 3678 1615 3749 θεμελίων
1670 3675 1824 3744 οὗτος

202 3772 629 3847 παρεκϐαλὼν,
668 3774 764 3827 καὶ
797 3772 938 3843 πρὸς
982 3772 1053 3828 τὰ
1104 3772 1332 3842 ἡλιακὰ,
1375 3771 1507 3826 Ενθα
1555 3772 1824 3843 πρότερον

200 3863 566 3933 ιινστέρνης
613 3860 781 3931 οὔσης
843 3860 1044 3931 συνέϐη
1102 3861 1383 3933 βασιλικὸν
1449 3863 1824 3933 ἀποπνιγῆναι

203 3956 353 4021 θεὸν,
393 3952 776 4025 παραδείσους
806 3953 1212 4024 ἐργασάμενος,
1268 3952 1480 4008 ἐκεῖθεν
1528 3954 1592 4008 τὸ
1640 3956 1827 4009 λεῖπον

206 4048 558 4119 ἀνεπλήρου
598 4046 695 4099 καὶ
756 4044 949 4099 ἑαυτὸν
994 4043 1199 4123 ἔτερπε
1227 4045 1444 4110 τούτοις
1493 4047 1590 4101 καὶ
1638 4047 1824 4118 »ἐψυχ-

202 4141 461 4209 στύγει,
498 4138 585 4203 ὡς
618 4138 682 4191 τὸ
709 4136 879 4201 είκός.
911 4138 1022 4196 Καί
1057 4156 1188 4193 ποτε
1219 4137 1413 4193 τούτου
1436 4139 1616 4193 ἐκεῖσε
1649 4138 1828 4192 ἐνδια-

201 4235 537 4305 qam,
569 4234 682 4287 εἴτε
702 4231 771 4304 δὴ
798 4231 897 4286 καὶ
915 4231 1286 4301 δειπνοῦντος,
1303 4231 1377 4296 ὡς
1408 4214 1589 4302 λόγος,
1621 4232 1822 4305 συνέϐη

203 4325 345 4379 ναῦν
408 4340 557 4380 τινα
610 4323 950 4394 μυριοφόρον
989 4322 1049 4388 ἐξ
1082 4322 1271 4393 οὐρίας
1306 4322 1578 4379 πλέουσαν
1620 4324 1833 4378 ἀναπε-

2000 3396 2055 3454 4.
2091 3396 2239 3452 Unde
2261 3396 2387 3466 quia
2411 3395 2728 3453 suburbana
2748 3394 2998 3466 quaedam
3024 3403 3244 3466 aspectu
3265 3398 3511 3468 jucunda

1926 3499 2092 3559 atque
2136 3505 2356 3545 amens
2394 3493 2540 3545 baud
2587 3504 2716 3545 raro
2762 3490 3071 3560 principum
3107 3492 3323 3547 animos
3352 3492 3419 3547 ad
3452 3507 3521 3547 se

1926 3583 2231 3654 pelliciunt,
2267 3583 2383 3653 ipse
2405 3596 2594 3638 muros
2618 3583 2810 3654 palatii
2842 3582 2910 3637 ad
2941 3598 3097 3638 mare
3132 3595 3419 3654 vergentes
3443 3584 3516 3639 ab

1926 3678 2169 3749 antiquis
2217 3677 2587 3733 fundamentis
2620 3679 2882 3744 diruens,
2930 3685 2986 3733 et
3019 3679 3086 3734 ad
3110 3662 3347 3734 'solaria
3394 3678 3513 3749 (ubi

1928 3774 2081 3841 prius
2103 3788 2229 3829 cum
2262 3772 2415 3827 lacus
2440 3780 2610 3837 esset,
2637 3773 2986 3842 imperatoris
3012 3771 3185 3826 tilium
3208 3773 3367 3841 aquis
3396 3771 3515 3828 sui-

1927 3862 2101 3918 focari
2152 3862 2478 3933 contigerat)
2542 3862 2733 3917 hortos
2788 3861 3018 3922 iaciens.
3076 3863 3201 3917 inde
3262 3860 3513 3918 levamen

1928 3954 2147 4024 aliquod
2202 3955 2391 4009 animo
2446 3955 2742 4025 ηοω-εδει,
2792 3970 2960 4026 seque
3002 3954 3111 4020 bis,
3146 3963 3205 4009 ut
3242 3954 3352 4025 'par
3406 3966 3512 4023 est,

1929 4048 2255 4102 oblectabat.
2282 4047 2397 4103 illic
2423 4050 2763 4120 quandoque
2776 4058 3028 4105 versante
3045 4049 3370 4119 Theophila,
3398 4052 3516 4105 sive

1930 4139 2120 4203 etiam,
2152 4147 2212 4193 ut
2242 4138 2387 4194 fama
2421 4150 2527 4205 est,
2560 4153 2812 4204 cenante.
2843 4140 3074 4215 contigit
3102 4142 3281 4196 navim
3318 4157 3515 4216 quam-

1931 4232 2055 4285 dam
2097 4229 2405 4285 onerariam
2436 4232 2809 4300 praegrandem
2842 4232 3032 4302 pansis
3062 4232 3218 4295 velis,
3271 4232 3519 4287 secundo

1929 4330 2101 4377 vento
2123 4322 2405 4392 appulsam
2432 4362 2448 4386 ,
2479 4322 2684 4392 ingenti
2716 4325 2860 4380 mole
2890 4326 3083 4379 umbra
3113 4332 3328 4395 partum
3357 4326 3516 4379 obte-

208 4419 542 4491 πταμένας
568 4418 639 4487 δὴ
667 4419 782 4480 τοῖς
814 4415 1003 4481 ἱστίοις
1048 4416 1126 4487 τῷ
1162 4416 1384 4487 μεγέθει
1416 4416 1505 4471 τὸν
1556 4416 1754 4487 λιμένα
1778 4416 1822 4449 ³⁸

1936 4430 2064 4486 gere
2094 4430 2159 4471 ac
2185 4416 2570 4486 imperatorem
2610 4416 2665 4471 in
2696 4424 2975 4487 stuporem
3007 4432 3187 4488 agere.
3220 4417 3517 4473 Perconta-

207 4516 623 4569 κατασκιάσαι
654 4511 753 4565 καὶ
775 4511 868 4566 τὸν
902 4510 1128 4581 βασιλέα
1150 4512 1231 4575 είς
1260 4509 1472 4580 θάμϐος
1499 4511 1824 4581 ἐπαγαγεῖν.

219 4610 513 4665 ἐπὺθετο
545 4603 648 4662 οὖν
688 4604 884 4660 αὐτίκα
912 4605 1059 4669 τίνος
1085 4621 1149 4658 τε
1188 4606 1223 4675 ἡ
1254 4604 1418 4667 ὁλκὰς
1462 4603 1548 4676 εἴη
1578 4606 1673 4660 καὶ
1722 4607 1753 4659 ὃ
1776 4622 1829 4659 τι

204 4704 369 4774 φέρω.
388 4702 519 4757 τῶν
566 4698 873 4770 ἐδωδίμων.
915 4698 1004 4761 Ὠς
1033 4696 1092 4750 δὲ
1120 4696 1222 4768 τῆς
1246 4695 1569 4767 Αύγούστης
1595 4699 1831 4769 ἤκουσεν

200 4792 299 4844 καὶ
336 4790 562 4845 λαθεῖν
611 4786 776 4841 τοῦτο
794 4787 901 4841 οὐκ
930 4781 1022 4858 ἦν,
1052 4789 1174 4840 τότε
1221 4785 1323 4857 μὲν
1353 4787 1700 4858 ἐφησυχάσαι
1741 4787 1831 4841 λέ·-

200 4901 369 4951 rma
405 4884 524 4939 καὶ
548 4880 864 4952 διαπέμψαι
890 4880 982 4937 τὸν
1004 4882 1195 4952 καιρὸν
1228 4881 1392 4954 μέχρι
1420 4882 1523 4953 τῆς
1554 4877 1625 4955 ἧς
1649 4880 1832 4937 εἰώθει

190 4983 432 5052 ἡμέρας
466 4976 638 5033 κατὰ
683 4975 784 5040 τὰς
814 4975 1127 5047 Βλαχέρνας
1184 4975 1341 5030 ἱέναι.
1399 4976 1553 5029 Ἐπεὶ
1602 4975 1648 5028 δ’
1705 4976 1742 5048 ἦ
1772 4990 1833 5029 τε

185 5076 403 5146 ἡμέρα
439 5069 660 5142 παρῆν
692 5070 790 5124 καὶ
813 5069 842 5120 ό
869 5068 965 5123 τοῦ
998 5068 1190 5123 πλοίου
1217 5070 1388 5141 ὅρμος
1419 5068 1581 5138 δῆλος
1618 5068 1833 5140 ὑπῆρχε

176 5164 263 5234 τῷ
300 5162 571 5233 βασιλεῖ
593 5158 936 5229 ἀναμαθόντι
959 5158 1048 5215 διά
1085 5175 1258 5223 τινος,
1294 5160 1395 5230 τῆς
1425 5160 1508 5223 είς
1544 5159 1609 5212 τὸ
1646 5160 1833 5216 πλοῖον

168 5260 511 5328 φερούσης
542 5251 838 5322 ἁπήρχετο
861 5251 985 5307 όδοῦ
1011 5268 1026 5283 ·
1056 5246 1125 5322 ἦν
1152 5250 1212 5305 δὲ
1234 5252 1376 5306 κατά
1406 5251 1500 5305 τὸν
1525 5252 1830 5324 Βόσπορον.

164 5352 273 5419 ίΡ.
314 5347 437 5420 50}
472 5346 608 5400 Καὶ
662 5345 902 5414 ἐπείπερ
924 5343 1374 5415 παραγενόμενος
1399 5343 1554 5414 παρὰ
1575 5344 1677 5415 τὴν
1703 5347 1837 5417 πρύ.

166 5461 346 5511 ’.ναν
384 5442 556 5511 iam
578 5439 685 5510 τῆς
709 5436 848 5501 νεὼς
863 5435 1264 5509 ἀκολουθούσης
1286 5437 1833 5511 τῆςτάξειιις,ὴριίιτα

163 5536 281 5607 τὴν
310 5533 683 5603 σύγκλητον
701 5530 801 5601 οὐχ
828 5528 991 5595 ἅπαξ
1014 5529 1082 5599 δὴ
1122 5528 1283 5600 μόνον
1313 5528 1449 5585 ἀλλὰ
1488 5531 1583 5585 καὶ
1629 5532 1713 5596 δὶς
1741 5534 1834 5590 καὶ

1935 4509 2099 4565 batur
2116 4508 2281 4581 igitur
2303 4511 2509 4573 statim,
2527 4509 2815 4579 cuiusnam
2835 4510 2924 4564 illa
2946 4519 3089 4565 esset
3115 4509 3313 4579 quidve
3342 4524 3518 4564 anno-

1934 4617 2131 4657 uarum
2161 4602 2477 4673 adveheret.
2504 4601 2605 4656 Ubi
2638 4615 2802 4672 porro
2837 4602 3098 4672 Augusta:
3130 4616 3253 4657 esse
3286 4600 3520 4668 audivit,

1935 4711 2130 4765 resque
2158 4695 2341 4750 notior
2368 4703 2488 4749 erat
2506 4707 2671 4764 quam
2706 4701 2766 4748 ut
2797 4693 2965 4749 latere
2989 4700 3198 4763 posset,
3226 4703 3364 4749 tunc
3390 4693 3518 4765 qui-

1934 4789 2059 4844 dem
2104 4788 2329 4844 siluisse
2372 4787 2549 4851 aiunt,
2595 4787 2852 4856 diemque
2884 4795 3231 4856 exspectasse
3256 4801 3365 4857 quo
3412 4786 3517 4857 ipsi

1936 4880 2113 4934 moris
2142 4888 2261 4934 erat
2293 4878 2623 4935 Blacbernas
2649 4877 2966 4948 procedere.
2993 4878 3245 4949 Cumque
3275 4879 3392 4934 dies
3424 4893 3519 4949 ap-

1938 4974 2205 5044 petiisset,
2259 4982 2422 5042 atque
2467 4970 2558 5026 ubi
2608 4971 2765 5026 navis
2806 4970 2973 5026 statio
3002 4980 3149 5026 esset
3178 4986 3243 5026 ex
3278 4970 3519 5041 quodam

1936 5068 2239 5131 didicisset,
2269 5080 2463 5121 versus
2489 5080 2606 5119 eam
2641 5067 2924 5121 contendit
2944 5064 3071 5127 iter,
3105 5065 3173 5119 ad
3206 5064 3519 5134 Bosporum

1936 5158 2166 5214 scilicet.
2220 5156 2457 5211 Veniens
2502 5154 2687 5225 itaque
2747 5155 2979 5224 stipatus
3026 5154 3309 5222 obsequio.
3346 5160 3401 5207 et
3446 5153 3519 5206 ad

1937 5252 2161 5323 puppim
2184 5251 2415 5321 positus,
2434 5258 2682 5305 senatum
2705 5248 2938 5320 rogavit,
2954 5260 3130 5317 neque
3155 5244 3212 5299 id
3230 5244 3401 5300 semel
3419 5246 3521 5300 sed

1938 5345 2135 5399 iterum
2175 5352 2339 5414 atque
2367 5344 2551 5409 tertio,
2574 5356 2704 5398 num
2733 5340 2863 5413 quid
2896 5339 3056 5395 alicui
3080 5338 3297 5392 deesset
3324 5352 3521 5393 eorum

1937 5453 2061 5510 qua
2094 5439 2150 5492 in
2180 5453 2340 5494 usum
2387 5435 2607 5493 familia:
2646 5434 2761 5508 89
2781 5435 2983 5491 cedunt
3011 5445 3077 5487 ac
3107 5444 3338 5487 annonae
3358 5441 3521 5495 sunt,

1937 5533 2178 5589 triticum
2203 5533 2409 5588 scilicet
2440 5541 2496 5587 et
2524 5531 2707 5586 vinum
2730 5529 2948 5585 aliudve
2976 5526 3239 5584 edulium.
3268 5526 3524 5596 Cumque

1533 5625 1775 5686 VARIA'S
1828 5627 2231 5687 LECTIONES.

252 5734 311 5764 "
338 5732 473 5783 ικα
486 5744 628 5782 στου
660 5726 683 5779 ?
775 5722 821 5757 "
848 5723 1040 5795 λιμένα
1072 5720 1461 5786 Combeilsius,
1490 5721 1759 5792 λειμῶνα.
