4038 6214
456 145 555 211 inii
1538 154 2049 218 THEOPHANES
2088 154 2651 218 CON’I‘INUATUS.
3614 147 3715 215 10’s

450 266 651 337 saepius
687 265 863 336 rogati
896 265 987 322 vix
1028 267 1243 323 tandem
1282 269 1694 339 respondissent
1724 273 1930 328 nullius
1975 289 2035 329 se

2142 274 2280 345 τρὶς,
2311 274 2437 327 ὅτου
2464 275 2529 338 δή
2562 290 2648 336 τις
2674 271 2786 341 ἔχοι
2831 270 3020 343 χρείαν
3053 268 3161 323 τῶν
3195 265 3494 335 ἐδωδίμων,
3562 263 3712 321 σίτου

449 373 608 427 egere
646 359 890 428 quandiu
943 359 1037 414 illo
1090 375 1272 414 rerum
1319 361 1541 415 domino
1586 378 1652 417 ac
1704 367 2033 434 imperatore

2142 367 2170 437 ἦ
2206 368 2349 420 οἴνου
2382 367 2417 437 ἦ
2450 382 2595 428 τινος
2621 364 2786 419 ἄλλου
2841 364 2951 417 τῶν
3002 361 3121 415 κατ’
3161 356 3309 415 οἷκον
3350 355 3716 427 ἀναλισκομέ-

450 449 685 503 feliciter
717 451 1039 519 gauderent,
1071 466 1135 504 ac
1166 465 1223 503 se
1248 450 1467 519 penitus
1501 467 1612 522 quo
1642 463 1912 523 spectaret
1941 456 2033 512 illa

2142 476 2263 512 νων.
2316 457 2402 523 Ὠς
2427 458 2483 512 δὲ
2508 458 2768 521 πολλάκις
2794 455 3160 527 ἐρωτηθέντες
3209 453 3362 524 μόλις
3407 450 3550 517 απαξ
3578 453 3719 504 ἀπε*

450 544 808 613 interrogatio
838 543 1055 598 nescire
1078 544 1433 602 addidissent.
1465 547 1533 599 At
1571 549 1803 613 nescitis,
1836 550 2031 620 inquit,

2137 551 2407 621 κρίθησαν
2433 550 2709 617 Μηδενὸς
2749 550 3068 603 ,λείπεσθαι
3094 545 3271 615 μέχρι
3305 543 3418 612 τῆς
3464 542 3585 610 σῆς
3617 544 3719 597 εὐ.

451 650 531 687 nte
559 636 647 704 qui
675 633 771 687 Dei
801 644 929 687 nutu
958 650 1021 685 ac
1051 634 1319 688 voluntate
1343 636 1632 704 imperator
1656 639 1931 702 exsistam,
1968 639 2033 693 ab

2142 642 2463 711 μοιροῦμεν
2482 641 2841 704 δεσποτείας
2862 656 2926 693 τε
2943 640 3039 693 καὶ
3059 636 3405 703 βασιλείας.
3427 634 3525 688 καὶ
3546 652 3718 705 προσ-

450 723 691 792 Augusta
717 741 776 776 ac
798 724 1014 793 conjuge
1037 726 1342 778 nauclerum
1361 726 1565 795 factum
1591 744 1701 783 esse
1717 729 1742 781 ?
1762 728 2037 798 Additque

452 818 897 888 indignabundus
941 834 955 870 :
1013 817 1159 871 Nunt
1207 818 1324 886 quis
1376 836 1610 889 unquam
1663 822 2035 890 imperatorem

452 909 745 983 Romqnum
805 908 982 978 ejusve
1035 909 1314 978 coniugem
1376 921 1734 967 mercaturam
1799 929 2036 968 exercere

450 1002 630 1054 vidit?
670 1000 935 1069 Tuncque
972 1001 1111 1055 adeo
1146 1018 1271 1057 cum
1307 1018 1468 1057 nemo
1504 1020 1830 1075 responsum
1859 1007 2035 1075 daret,

450 1094 686 1162 egressis
718 1094 987 1149 duntaxat
1018 1094 1147 1150 viris
1170 1096 1266 1165 qui
1295 1097 1347 1151 in
1380 1098 1505 1153 navi
1542 1108 1718 1163 erant,
1749 1116 1869 1155 eam
1905 1116 2038 1156 cun-

450 1182 628 1238 fcstlm
670 1199 794 1239 eum
840 1186 1056 1239 ancoris
1089 1195 1143 1240 ct
1172 1187 1327 1253 velis,
1355 1203 1419 1242 ac
1460 1190 1728 1259 quidquid
1771 1192 2037 1247 mercium

450 1287 590 1342 erat,
644 1278 754 1347 igni
806 1279 1110 1345 succendit,
1158 1282 1390 1335 multum
1453 1293 1639 1352 postea
1696 1285 2037 1355 vituperans,

453 1368 714 1439 nulloque
764 1384 873 1424 non
906 1372 1155 1427 convicio
1205 1373 1484 1428 dominam
1535 1390 1793 1441 oneratis,
1847 1393 1910 1432 ac
1957 1378 2041 1432 vel

454 1476 643 1515 necem
686 1462 968 1528 minitans,
1004 1465 1047 1518 si
1072 1480 1238 1534 porro
1269 1466 1537 1533 ejusmodi
1563 1468 1768 1537 aliquid
1797 1469 2043 1527 factitare

452 1568 692 1622 unquam
733 1555 1258 1624 deprehenderetur.

2137 733 2399 787 τιθέντων
2415 732 2622 800 Μηδὲν
2639 732 2684 765 ’⁸
2697 732 2917 786 ειδέναι.
2933 725 3147 784 τῶνῶν
3171 726 3532 795 ἐρωτώμεθα.
3552 726 3607 779 Ἀ
3617 726 3720 781 .u'

2139 827 2251 879 οὐκ
2273 826 2425 891 ἴστε,
2458 824 2681 894 ἔφησεν,
2716 823 2805 876 ὅτι
2829 840 2907 891 με
2928 822 3047 876 ὑπὸ
3078 820 3228 875 Θεοῦ
3250 819 3518 885 βασιλέα
3548 820 3724 887 γενό-

2136 934 2328 987 μενον
2362 919 2399 985 ἡ
2449 916 2774 985 Αὐγοῦστα
2823 914 2922 968 καὶ
2956 914 3209 981 σύμϐιος
3256 912 3608 978 ναύκληρόν
3646 927 3727 978 με

2142 1007 2496 1078 είργάσατο;
2524 1008 2622 1063 καί
2654 1008 2749 1073 τίς
2785 1005 3043 1071 πώποτε,
3079 1004 3217 1074 μετά
3236 1004 3462 1072 πικρίας
3483 1002 3659 1070 λέγων
3673 1002 3724 1035 ⁸⁷

2141 1102 2301 1155 τοῦτο
2344 1102 2546 1172 ψυχῆς,
2591 1098 2857 1166 βασιλέα
2927 1098 3230 1168 Ῥωμαίων
3278 1095 3316 1163 ἢ
3372 1094 3487 1161 τὴν
3529 1093 3727 1149 αὑτοῦ

2147 1195 2414 1264 γαμετὴν
2451 1196 2720 1263 ἔμπορον
2761 1192 3090 1256 ἐθεάσατο;
3122 1190 3233 1245 Καὶ
3276 1190 3369 1241 ἐπὶ
3410 1187 3583 1258 τούτῳ
3621 1189 3729 1241 ἀν-

2147 1288 2507 1358 απολογήτων
2553 1288 2844 1356 μενόντων,
2899 1285 3185 1339 ἐκέλευσεν
3237 1280 3486 1351 αὐθωρδν
3526 1280 3728 1351 μόνους

2144 1382 2390 1448 ἐξιόντας
2425 1384 2552 1446 τοὺς
2579 1380 2900 1453 ἀνθρώπους
2948 1380 3049 1451 τὴν
3089 1377 3223 1432 ναῦν
3286 1377 3506 1445 ἐκείνην
3540 1392 3729 1446 παρα-

2142 1474 2325 1529 δοῦναι
2353 1476 2488 1544 πυρὶ
2516 1476 2705 1536 αὐταῖς
2745 1473 3019 1544 ἀγκύραις
3066 1473 3160 1524 καὶ
3214 1470 3405 1533 ἱστίοις
3457 1470 3554 1523 καὶ
3606 1471 3729 1533 τοῖς

2148 1566 2329 1630 ἄλλοις
2364 1570 2529 1620 πᾶσιν
2582 1566 2913 1635 ἀγωγίμοις,
2975 1564 3147 1623 mm
3175 1563 3451 1618 κατειπὼν
3493 1562 3727 1632 ὕστερον

450 1650 544 1703 καὶ
576 1650 857 1716 παντοίαις
879 1650 1072 1722 ὖδρεσι
1107 1653 1208 1721 τὴν
1253 1653 1547 1713 δέσποιναν
1582 1655 1919 1727 περιϐαλὼν,
1951 1658 2027 1723 ὡς
2056 1661 2149 1715 καὶ
2171 1663 2344 1733 αὐτῆς
2392 1661 2758 1732 ἐπαπειλῆσαι
2809 1661 3098 1730 ἐξαγαγεῖν
3146 1660 3244 1730 τῆς
3284 1659 3450 1730 ζωῆς,
3490 1658 3604 1728 εῑγε
3656 1657 3732 1730 δὴ

449 1743 635 1798 ἔκτοτε
660 1743 900 1798 τοιοῦτόν
930 1762 983 1797 τι
1007 1744 1236 1798 ποιοῦσα
1254 1747 1562 1818 φωραθείη.

522 1838 574 1893 5.
607 1837 878 1892 Caeterum
902 1835 1193 1894 Theodora
1213 1840 1342 1906 (hoc
1362 1841 1508 1896 enim
1533 1844 1793 1913 Augustae
1811 1846 2033 1916 nomen)

2210 1843 2273 1897 ε’.
2314 1843 2477 1896 Ἀλλά

450 1928 873 2000 Paphlagoniam
904 1930 1141 2000 patriam
1181 1932 1537 1997 honestabat,
1574 1937 1831 2005 oppidum
1884 1939 2040 1995 Ehis—

451 2037 569 2077 sam
606 2037 622 2077 :
656 2030 909 2091 parentes
934 2021 1204 2079 Marinum
1229 2035 1458 2094 patrem,
1493 2028 1670 2083 virum
1703 2045 1809 2084 non
1837 2031 2039 2085 obscu-

451 2130 573 2169 rum
606 2114 939 2184 autprivam
964 2116 1129 2171 sortis
1155 2117 1451 2181 hominem,
1473 2122 1563 2174 sed
1594 2121 1687 2188 qui
1709 2122 2039 2191 drungarius

451 2203 725 2259 exstiterit
774 2205 858 2260 vel
903 2205 987 2276 (ut
1036 2207 1161 2262 aliis
1204 2208 1399 2279 placet)
1458 2211 1708 2267 tribunus
1748 2231 1762 2267 :
1816 2213 2039 2269 Matrem

454 2293 645 2349 habuit
697 2292 1066 2350 Tlteoctistam
1111 2310 1476 2365 cOgnomcnto
1512 2299 1810 2367 Florinam,
1851 2304 2042 2361 ambos

452 2384 559 2453 piis
587 2383 833 2439 moribus
856 2396 1112 2453 rectaque
1140 2386 1192 2441 in
1227 2387 1331 2441 tide
1354 2389 1635 2454 educatos,
1665 2407 1727 2446 ac
1756 2392 1849 2461 qui
1875 2409 2042 2448 vene-

455 2472 707 2529 rabilium
734 2472 1035 2542 imaginum
1058 2475 1290 2539 cultum,
1326 2492 1423 2544 pro
1451 2480 1696 2532 omnium
1728 2478 1846 2549 ejus
1871 2482 2045 2538 aetatis

452 2564 733 2621 hominum
758 2565 923 2636 genio
952 2574 1116 2636 atque
1150 2567 1370 2634 haeresi,
1398 2569 1625 2625 minime
1656 2572 2041 2643 ahnegasseut,

450 2658 547 2715 sed
578 2660 968 2716 ardentissimo
988 2676 1086 2716 eas
1116 2662 1303 2717 studio
1335 2664 1451 2719 oris
1484 2680 1791 2736 manusque
1816 2677 1869 2723 et
1889 2669 2044 2725 sinus

450 2750 707 2822 amplexu
722 2763 1135 2806 venerarentur.
1156 2752 1328 2809 Porro
1346 2755 1633 2813 Theodora
1666 2760 1815 2829 regia
1830 2761 2041 2831 pridem

450 2856 518 2899 ex
564 2843 955 2914 imperatorum
1006 2842 1117 2915 90
1157 2860 1308 2899 more
1350 2860 1554 2902 corona
1599 2848 1825 2912 donata,
1875 2852 2045 2907 Mater

450 2950 674 3007 quoque
710 2934 1024 2990 Theoctista
1074 2940 1243 2993 z‘ostte
1272 2953 1439 3007 quam
1476 2952 1675 2997 vocant
1707 2941 1783 3013 (id
1817 2952 1903 2998 est
1932 2944 2047 2999 cin-

452 3026 581 3097 gulo
614 3025 850 3096 donata!)
877 3042 941 3082 ac
972 3028 1214 3097 patriciae
1237 3029 1560 3098 dignitatem
1593 3042 1888 3092 consecuta
1904 3045 2042 3091 erat.

2508 1841 2740 1913 πατρίδα
2767 1841 2866 1911 μὲν
2894 1842 2927 1911 ἡ
2961 1837 3216 1910 Θεοδὼρα
3244 1836 3423 1907 (τοῦτο
3466 1838 3577 1909 γὰρ
3604 1837 3734 1893 δνο-

2145 1955 2221 2009 μα
2256 1940 2321 2007 τῇ
2353 1934 2666 2007 Αύγούστῃ)
2699 1933 3084 2002 Παφλαγονίαν
3114 1931 3431 2000 ἐσέμνυνεν,
3468 1930 3565 1984 καὶ
3615 1946 3732 2002 χω-

2146 2031 2263 2102 ρίον
2310 2028 2597 2093 Ἔόισσαν,
2633 2027 2934 2096 γεννήτορα
2972 2026 3029 2078 δὲ
3063 2025 3308 2094 Μαρῖνον
3359 2024 3462 2077 οὐκ
3510 2022 3733 2093 ἄσημόν

2138 2138 2259 2175 τινα
2288 2122 2321 2191 ἢ
2356 2121 2573 2190 ἰδιώτην
2600 2120 2700 2190 τὴν
2739 2119 2933 2188 τύχην,
2991 2117 3353 2187 δρουγγάριον
3402 2116 3460 2168 δὲ
3500 2115 3531 2185 ἦ
3563 2132 3731 2187 τουρ-

2147 2216 2364 2287 μάρχην
2419 2212 2562 2266 κατά
2612 2228 2784 2273 τινας,
2827 2209 2923 2263 καὶ
2976 2210 3190 2279 μητέρα
3243 2208 3577 2276 Θεοκτίστην
3624 2207 3733 2277 τὴν

2141 2306 2285 2360 οὕτω
2330 2306 2612 2376 Φλωρίναν
2647 2300 3188 2371 κατονομαζομένην,
3236 2300 3583 2369 ἀμφοτέρους
3625 2300 3729 2351 εύ-

2144 2399 2332 2471 σεδείᾳ
2360 2395 2907 2468 ὲντεθραμμὲνουςθθ
2949 2394 3045 2447 καὶ
3075 2395 3172 2463 τὴν
3218 2392 3332 2446 τῶν
3381 2392 3594 2446 σεπτῶν
3636 2393 3727 2444 εἰ·

2144 2492 2317 2544 κόνων
2371 2488 2752 2560 προσκύνησιν
2804 2487 2906 2538 οὐκ
2983 2484 3414 2555 ὲξαρνουμένους
3471 2482 3593 2552 μὲν,
3642 2480 3730 2543 ὼς

2143 2582 2264 2636 κατ’
2312 2582 2489 2635 ἐκεῖνο
2526 2578 2730 2641 πάντες
2785 2575 3006 2647 καιροῦ,
3043 2572 3464 2643 ἀσπαζομένους
3509 2571 3568 2625 δὲ
3620 2570 3732 2623 καὶ

2145 2670 2658 2741 ὲνστερνιςομένους
2706 2665 3025 2737 ὑπερφυῶς.
3070 2664 3276 2733 Ἀλλ’ὴ
3336 2662 3433 2733 μὲν
3471 2659 3737 2731 Θεοδώρα

2142 2762 2440 2832 διαδήματι
2488 2759 2768 2828 βασιλείας
2813 2758 2980 2812 πάλαι
3022 2757 3089 2827 δὴ
3140 2755 3497 2819 κατέστεπτο,
3547 2752 3643 2806 καὶ
3701 2755 3737 2822 η

2145 2852 2316 2920 αὐτῆς
2375 2852 2559 2921 μήτηρ
2611 2848 2911 2916 Θεοκτίστη
2972 2846 3155 2916 ζωστή
3207 2862 3267 2898 τε
3321 2845 3416 2897 καὶ
3464 2843 3742 2913 πατρικία

2141 2945 2422 3014 τετίμητο.
2460 2943 2609 3011 Αὕτη
2633 2941 2698 3005 δὴ
2724 2939 2819 2994 οὖν
2846 2941 2878 3009 ἡ
2902 2938 3204 3008 Θεοκτίστη
3233 2938 3377 2991 κατά
3401 2935 3491 2988 τδν
3521 2937 3739 3004 ἑαυτῆς

2141 3031 2311 3102 οἷκον,
2331 3034 2463 3088 ἔνθα
2485 3033 2550 3103 δὴ
2570 3035 2604 3102 ἡ
2643 3033 2751 3086 τῶν
2779 3034 2818 3085 Γ
2821 3031 3062 3101 αστρίων
3084 3029 3221 3101 μονὴ
3252 3030 3353 3101 τὴν
3384 3027 3565 3098 ’πῆξιν
3610 3027 3743 3098 ἔχει

452 3117 529 3174 lhi
583 3119 767 3188 itaque
804 3119 1114 3176 Theoctista
1162 3121 1217 3175 in
1268 3123 1491 3178 domum
1540 3141 1720 3191 suam,
1769 3144 1934 3198 quam
1978 3145 2041 3184 eo

2145 3127 2333 3182 τὰνῦν
2364 3127 2461 3180 καὶ
2514 3127 2724 3197 ἵδρυσιν
2753 3120 2845 3196 (ἦν
2895 3125 2953 3177 δὲ
2994 3123 3187 3177 τοῢτον
3255 3121 3317 3187 ἐξ
3362 3122 3573 3175 ἐκείνου
3628 3120 3742 3176 τοῦ

450 3207 575 3263 loco
592 3208 752 3263 sitam
783 3207 1017 3263 habebat
1043 3209 1136 3265 ubi
1156 3210 1319 3266 modo
1340 3212 1682 3271 Gastriorum
1706 3189 2040 3273 exstructum

2150 3221 2443 3293 πατρικίου
2470 3189 2860 3289 ἐξωνησαμένη
2898 3218 3160 3288 Νικήτα),
3185 3216 3281 3278 τὰς
3313 3217 3412 3287 τῆς
3445 3213 3745 3285 Θεοδὼρας

451 3302 846 3365 monasterium
896 3313 1001 3367 est,
1053 3317 1231 3373 exque
1286 3303 1474 3361 Niceta
1529 3310 1758 3376 patricio
1809 3322 2039 3378 emerat,

452 3394 757 3451 Theodore
782 3396 922 3453 ﬁlias
942 3397 1179 3454 invitans
1195 3398 1465 3468 (Quinque
1482 3400 1588 3455 illa;
1615 3419 1845 3458 numero
1863 3415 2042 3470 erant,

452 3484 652 3549 Thecla
684 3485 910 3540 etAnna
940 3486 1340 3554 Anastasiaque
1368 3496 1423 3541 et
1448 3488 1738 3545 Pulcheria
1763 3499 1817 3544 et
1851 3490 2047 3574 Maria)

451 3595 578 3635 cum
610 3580 733 3637 aliis
766 3578 1130 3646 munusculis,
1172 3580 1375 3649 quibus
1414 3580 1714 3637 dentulceri
1746 3583 1837 3639 hic
1876 3601 2043 3642 sexus

451 3675 610 3739 solet,
655 3672 1061 3739 blandiebatur,
1102 3680 1218 3727 tum
1253 3688 1502 3729 seorsum
1535 3690 1823 3733 assumens
1852 3679 2042 3734 horta.

453 3768 613 3831 batur
656 3774 717 3820 ut
760 3779 925 3835 supra
976 3780 1167 3819 sexum
1208 3782 1364 3821 suum
1409 3777 1664 3837 saperent
1717 3769 2042 3842 animosque

450 3857 636 3929 viriles
670 3871 733 3911 ac
764 3865 1011 3911 materno
1044 3855 1182 3910 lacte
1212 3856 1407 3927 dignos
1433 3869 1798 3926 assumerent,
1830 3862 2042 3917 abomi-

451 3957 647 4004 nantes
690 3956 969 4019 paternam
1014 3948 1269 4007 haeresim
1309 3964 1610 4020 sacrasque
1642 3954 2037 4011 venerabilium

452 4039 751 4109 imaginum
798 4039 1172 4108 amplexantes
1224 4054 1291 4095 ac
1338 4044 1727 4100 exosculantes
1778 4045 2037 4118 efﬁgies;

450 4131 727 4202 simulque
760 4130 813 4184 in
849 4145 1049 4185 manus
1070 4146 1384 4199 assumens,
1413 4134 1614 4205 quippe
1645 4151 1783 4206 quas
1813 4138 1867 4193 in
1902 4138 2040 4194 cista

450 4225 688 4295 quadarn
731 4223 1000 4293 repositas
1041 4223 1301 4289 habebat,
1342 4226 1513 4282 vultui
1554 4227 1820 4297 labiisque
1849 4230 2040 4286 admo-

450 4332 585 4373 vens
632 4315 841 4388 puellas
891 4316 1293 4384 sanctiﬁcabat,
1353 4319 1517 4389 inque
1559 4337 1747 4376 earum
1795 4336 2073 4378 amorcm‘

450 4410 576 4466 illas
623 4410 924 4467 excitabat.
958 4408 1076 4467 Hoc
1120 4410 1212 4466 illa
1255 4427 1381 4467 cum
1421 4412 1717 4468 identidem
1744 4411 2040 4480 factitaret,

2149 3312 2455 3382 θυγατέρας
2486 3309 2943 3380 μετακαλουμένη
2979 3308 3163 3380 (πέντε
3210 3306 3267 3360 δὲ
3301 3303 3444 3379 ἦσαν
3471 3305 3563 3359 τὸν
3600 3307 3746 3377 ἀρι-

2146 3404 2305 3475 θμὸν,
2333 3407 2442 3475 ἦτε
2463 3404 2642 3457 Θέκλα
2671 3403 2766 3457 καὶ
2784 3406 2973 3469 Ἀννα,
2992 3403 3325 3458 Ἀναστασία
3350 3418 3409 3453 τε
3440 3400 3534 3454 καὶ
3556 3402 3748 3454 Πουλς

2144 3496 2325 3566 χερία,
2366 3497 2460 3550 καὶ
2487 3497 2522 3567 ἡ
2565 3494 2776 3566 Μαρία)
2810 3494 2999 3557 ἄλλαις
3032 3510 3091 3545 τε
3120 3493 3349 3564 δωρεαῖς
3392 3486 3479 3555 αἷς
3516 3492 3747 3559 ὑπάγει-

2148 3589 2272 3642 σθαι
2314 3589 2375 3642 τὸ
2405 3589 2538 3659 θῆλυ
2567 3589 2814 3658 πέφυκεν
2844 3586 3137 3653 ἐδεξιοῦτο,
3170 3586 3265 3641 καὶ
3300 3586 3406 3657 ἰδίᾳ.
3431 3584 3655 3656 παραλα
3668 3603 3749 3655 μ-

2144 3682 2383 3736 ϐἀνουσα
2407 3682 2467 3734 οὐ
2510 3680 2910 3751 μαλακίζεσθαι
2943 3680 3067 3733 οὐδὲ
3123 3679 3305 3750 μένειν
3330 3677 3552 3749 θηλείας
3580 3678 3742 3749 ὅπερ

2143 3769 2285 3845 ἦσαν
2320 3773 2638 3845 ὲξελιπὰριι
2685 3773 2781 3825 καὶ
2819 3772 3175 3825 καθικέτευεν
3210 3811 3226 3835 ,
3263 3770 3614 3840 ἀνδρίζεσθαι
3678 3770 3747 3825 δὲ

2142 3868 2239 3920 καὶ
2269 3869 2368 3938 τῆς
2399 3865 2660 3937 μητρῴας
2710 3865 2880 3938 θηλῆς
2914 3865 3038 3929 ἄξια
3097 3862 3424 3918 διανοεῖσθαι
3457 3862 3555 3917 καὶ
3586 3862 3714 3929 πρέ

2141 3977 2336 4023 ποντα,
2366 3961 2466 4032 τὴν
2484 3959 2746 4031 πατρῴαν
2785 3959 2882 4030 μὲν
2916 3956 3128 4029 αἵρεσιν
3182 3954 3743 4028 ἀπορριπιζομένης,

2142 4052 2547 4124 καταφιλούσας
2575 4055 2633 4106 δὲ
2682 4055 2778 4106 καὶ
2811 4050 3306 4119 κατασπαξομένας
3360 4049 3457 4111 τὰς
3489 4048 3598 4102 τῶν
3630 4064 3748 4103 σε·

2141 4145 2291 4198 πτῶν
2321 4144 2548 4198 εἰκόνων
2578 4142 2810 4215 μορφάς.
2832 4143 2942 4195 Καὶ
2954 4141 3076 4211 ἅμα
3092 4139 3295 4203 ταύτας
3311 4139 3392 4201 είς
3409 4140 3593 4209 χεῖρας
3624 4137 3658 4189 ι
3669 4156 3749 4209 μ-

2142 4238 2413 4291 ϐάλλουσα
2436 4236 2825 4308 (ἐφυλάττοντο
2842 4236 2900 4289 δὲ
2929 4236 3068 4307 αὐτῇ
3088 4233 3145 4287 ἐν
3172 4250 3281 4290 τινι
3326 4232 3611 4302 κιϐωτίῳ),
3647 4232 3750 4301 τῷ

2142 4329 2418 4401 προσώπῳ
2471 4330 2567 4383 καὶ
2610 4330 2724 4391 τοῖς
2782 4328 3019 4399 χείλεσιν
3075 4328 3161 4401 [Ρ.
3197 4326 3290 4400 57]
3365 4320 3746 4397 ἐπιτιθεμένη

2142 4419 2371 4491 ἡγίαζέν
2397 4436 2460 4473 τε
2482 4418 2650 4483 αὑτὰς
2684 4420 2939 4491 καὶπρὸς
2992 4419 3055 4471 τὸ
3110 4419 3337 4471 ἐκείνων
3392 4416 3615 4486 φίλτρον
3652 4416 3753 4470 δι-

449 4501 762 4573 ardensque
796 4516 925 4573 erga
960 4502 1227 4575 imagines
1258 4503 1591 4561 desiderium
1634 4506 1889 4574 neptibus
1926 4507 2037 4563 fre-

2142 4513 2388 4583 ήγειρεν.
2406 4512 2580 4566 Τοῦτο
2601 4507 2695 4566 οὖν
2729 4511 3019 4582 ἐνδελεχῶς
3038 4508 3267 4563 ποιοῦσα
3294 4509 3388 4563 καὶ
3418 4511 3535 4570 ταῖς
3562 4510 3751 4578 ἐγγό-

450 4611 630 4667 quens
670 4596 1016 4663 accenderet,
1062 4611 1174 4650 non
1204 4594 1393 4652 fefellit
1430 4611 1518 4651 res
1553 4595 1941 4666 Theophilum.
1988 4598 2041 4655 ls

451 4689 600 4743 enim
631 4688 934 4758 aliquando
964 4704 1088 4745 cum
1122 4687 1264 4745 tilias
1290 4688 1650 4760 interrogaret
1678 4690 1808 4760 quid
1826 4705 1891 4746 ex
1923 4691 2044 4747 avia

452 4793 740 4833 munerum
794 4782 1161 4850 accepissent,
1217 4781 1418 4852 quidve
1478 4782 1824 4838 humanioris
1876 4783 2044 4840 oliicii

448 4866 952 4936 hlanditiarumque
981 4870 1037 4923 in
1076 4884 1170 4925 eas
1202 4872 1464 4927 collatum
1494 4882 1663 4938 esset,
1703 4873 1930 4943 reliquis
1961 4874 2044 4929 in-

449 4958 877 5032 terrogationem
937 4956 1057 5027 ejus
1124 4969 1384 5030 tanquam
1448 4965 1812 5034 muscipulam
1856 4966 2043 5021 solerti

450 5055 637 5110 animo
698 5059 1019 5109 constanter
1074 5049 1522 5121 declinantibus,
1587 5054 1876 5114 Pulcheria
1935 5075 2044 5115 non

455 5150 633 5220 magis
682 5156 843 5205 tetate
873 5162 1037 5219 quam
1084 5162 1251 5202 sensu
1283 5147 1577 5207 immatura
1601 5193 1615 5217 ,
1647 5169 1813 5223 quam
1846 5155 2045 5213 blande

450 5250 696 5299 tractata:
720 5251 905 5300 essent
935 5240 1162 5302 referre,
1184 5255 1248 5296 ac
1264 5257 1427 5311 quam
1463 5244 1628 5299 variis
1658 5247 1836 5315 pomis
1867 5249 2042 5304 dona»

452 5342 543 5409 tas,
578 5348 795 5404 unaque
837 5333 1231 5391 venerabilium
1276 5333 1577 5403 imaginum
1626 5340 2036 5397 venerationem

451 5427 768 5501 adiungere,
789 5434 953 5498 atque
992 5427 1061 5482 ita
1086 5441 1200 5483 rem
1229 5425 1334 5497 91
1360 5426 1597 5497 simplici
1622 5443 1786 5485 sensu
1824 5434 2039 5490 verbis-

2144 4622 2254 4669 νοις
2276 4607 2336 4659 τὸ
2367 4606 2499 4678 περὶ
2518 4607 2618 4669 τὰς
2639 4607 2855 4667 εἰκόνας
2891 4604 3113 4674 φίλτρον
3138 4600 3579 4673 ἀναζωπυροῦσα
3624 4601 3754 4656 οὐκ

2141 4698 2299 4753 ἔλαθε
2323 4700 2415 4752 τὸν
2432 4697 2712 4767 Θεόφιλον,
2738 4694 3146 4765 πυνθανόμενον
3175 4695 3204 4748 ὃ
3218 4712 3270 4747 τι
3286 4710 3346 4746 τε
3367 4693 3557 4754 αὐταῖς
3577 4711 3656 4745 πα
3668 4694 3753 4763 ρὰ

2140 4794 2239 4863 τῆς
2275 4791 2511 4863 μάμμης
2535 4788 2839 4861 δεδώρηται
2867 4790 2966 4843 καὶ
2996 4790 3024 4844 ὅ
3048 4805 3103 4842 τι
3130 4789 3354 4861 χάριτος
3376 4784 3754 4857 ἐξείργασται

2140 4885 2405 4949 ἀξιον..Αί
2445 4884 2545 4955 μὲν
2578 4885 2687 4956 γὰρ
2724 4884 2882 4939 ἄλλαι
2911 4883 3104 4938 τούτου
3154 4883 3255 4940 τὰς
3282 4882 3509 4943 πεύσεις
3543 4880 3756 4950 ἀγαθὰ

2148 4978 2444 5048 φρονοῦσαι
2513 4976 2705 5050 ὥσπερ
2736 4979 2890 5043 τινὰς
2946 4977 3119 5041 λαόἀς
3194 4975 3522 5047 ἐρρωμένως
3581 4990 3755 5041 παρ-

2144 5070 2400 5142 έτρεχον·
2438 5069 2550 5143 ἠδὲ
2577 5070 2887 5141 Πουλχερία
2919 5069 3014 5123 ἅτε
3062 5068 3253 5137 ἡλικίᾳ
3298 5068 3393 5118 καὶ
3415 5064 3493 5133 νῷ
3531 5064 3762 5132 νηπιά-

2142 5164 2313 5230 ζουσα
2332 5165 2432 5227 τάς
2461 5181 2521 5217 τε
2558 5164 2961 5235 φιλοφροσύνας
2992 5161 3149 5229 ἔλεγε
3188 5161 3285 5214 καὶ⁸
3304 5159 3365 5212 τὸ
3392 5157 3594 5227 πλῆθος
3618 5158 3757 5210 τῶν

2139 5257 2395 5324 ὀπωρῶν,
2430 5256 2758 5328 συνηρίθμει
2778 5256 2835 5308 δὲ
2857 5255 2954 5308 καὶ⁹
2984 5254 3083 5322 τὴν
3112 5252 3222 5307 τῶν
3248 5251 3461 5304 σεπτῶν
3499 5249 3759 5305 εἰκόνων

2144 5350 2539 5421 προσκύνησιν,
2567 5348 2711 5403 οὕτω
2744 5350 2810 5419 δὴ
2842 5346 3027 5403 ἀπαλά
3054 5345 3329 5419 φρονοῦσα
3368 5342 3466 5397 καὶ
3487 5339 3759 5408 λέγουσα.

2144 5438 2219 5501 ὼς
2242 5439 2385 5491 νινία
2416 5438 2589 5511 πολλὰ
2612 5438 2698 5510 είη
2730 5439 2867 5510 αὐτῇ
2904 5437 3046 5494 κατά
3065 5440 3126 5492 τὸ
3144 5436 3400 5492 κιϐώτιον
3426 5431 3522 5487 καὶ
3551 5427 3759 5484 ταῦτα.

1741 5516 1976 5585 vuum
2022 5530 2424 5591 LEC'I‘IONES.

518 5616 565 5649 κ
592 5615 729 5687 μηδὲ
763 5614 820 5672 Ρ.
897 5617 942 5651 ⁸⁷
964 5617 1105 5685 λέγω
1134 5620 1157 5671 ?
1230 5617 1275 5650 ’⁸
1306 5617 1784 5691 ἑκτεθραμμένους
1801 5618 1863 5676 Ρ.
