4038 6214
504 320 605 387 107

1596 309 2105 370 TIIEOPHANES
2145 309 2699 372 CONTINUATUS.

3659 308 3752 373 108

499 432 729 506 degebat
758 445 820 485 ac
856 442 1057 501 equum
1101 427 1155 481 in
1189 424 1399 481 deliciis
1423 422 1676 478 habebat.
1709 420 1964 475 Fluxerat
1993 420 2079 475 in-

2210 422 2277 474 εαὶ
2308 421 2445 493 πρὸς
2496 422 2589 477 τὸν
2639 421 2901 492 Θεόφιλον
2940 418 3222 476 κατειπὼν
3255 418 3352 474 τοῦ
3392 418 3612 490 ἀνδρός.
3653 416 3756 474 Ἦν

504 527 661 583 terim
699 523 923 593 longum
962 528 1201 587 tempus,
1233 532 1358 571 cum
1396 513 1593 585 partim
1626 514 1860 584 quadam
1903 528 2079 567 temu-

505 617 705 671 latione
735 613 1010 668 hominem
1041 608 1105 663 ad
1131 606 1328 661 bellum
1364 612 1708 676 provocaret,
1732 603 1928 676 partim
1953 618 2083 660 vero

507 708 672 764 etiam
703 718 949 761 maerore
977 702 1294 763 conﬁceret,
1327 699 1403 753 uti
1443 698 1550 753 illis
1576 696 1688 753 fere
1712 697 1912 752 accidit
1940 710 2082 766 quos

509 801 739 856 adversa
771 796 985 852 fortuna
1019 792 1138 847 dire
1176 791 1361 847 aliicit.
1395 788 1636 861 Conligit
1666 790 1851 861 itaque
1886 798 1945 843 ut
1971 804 2083 860 quo

507 904 756 961 tempore
808 888 897 941 ille
948 886 1173 941 adversa
1218 884 1438 939 fortuna
1486 883 1858 952 premebatur,
1899 882 2081 936 Theo-

506 985 691 1055 philus
744 994 948 1050 eqnum
1010 990 1339 1047 generosum
1409 978 1726 1046 quaereret;
1791 975 2086 1045 missisque

510 1076 701 1131 litteris
735 1075 1005 1144 primores
1038 1084 1231 1125 omnes
1263 1084 1326 1123 ac
1358 1068 1714 1138 magistratus
1774 1084 1871 1125 seu
1916 1070 2085 1125 duces

507 1166 777 1241 ejusmodi
815 1179 1018 1235 equum
1069 1163 1356 1234 diligenter
1408 1176 1654 1232 quaerere
1680 1171 1734 1216 et
1762 1162 1829 1216 ad
1870 1178 1927 1218 se
1958 1162 2087 1217 mit-

510 1270 625 1315 tere
654 1259 829 1326 jnbet.
858 1256 1068 1309 Praetor
1099 1260 1316 1322 arrepta
1344 1251 1640 1308 occasione
1670 1266 1699 1305 a
1727 1254 1846 1308 viro
1882 1253 1965 1307 vel
1998 1252 2087 1307 in-

510 1351 629 1407 vito
668 1350 913 1404 ablatum
948 1360 1150 1416 equum
1184 1354 1240 1400 ut
1275 1360 1391 1399 rem
1419 1359 1575 1399 suam
1612 1343 1933 1414 imperatori
1961 1344 2092 1399 mit-

514 1446 598 1501 tit.
626 1444 739 1497 lloc
770 1442 1001 1503 crimen,
1051 1448 1107 1493 et
1158 1438 1275 1493 haec
1324 1437 1450 1509 equi
1506 1437 1753 1492 amlssio.
1794 1436 1924 1492 Orta
1962 1453 2090 1493 vero

514 1538 704 1594 bellica
760 1536 942 1603 aliqua
1001 1532 1333 1588 necessitate
1387 1530 1666 1601 rebusque
1721 1531 2091 1588 consternatis

510 1628 758 1698 iusserat
800 1623 1100 1693 imperator
1136 1628 1197 1677 ut
1243 1635 1439 1677 omnes
1474 1621 1672 1691 quovis
1702 1622 1863 1677 modo
1897 1621 2091 1677 militia

514 1715 679 1772 soluti
720 1715 785 1770 ad
825 1712 1029 1768 bellum
1084 1710 1605 1781 proﬁciscerentur;
1645 1727 1753 1781 quo
1795 1712 1996 1767 factum
2035 1718 2093 1767 nt

516 1810 606 1865 hic
635 1822 855 1878 quoque
902 1804 1156 1877 generosi
1207 1803 1357 1859 illius
1403 1803 1529 1873 equi
1564 1804 1817 1873 praesidio
1852 1805 2091 1860 nudatus

517 1901 662 1955 inter
692 1898 1034 1953 militandum
1064 1904 1291 1951 necatus
1323 1894 1416 1963 sit,
1447 1894 1632 1951 relicta
1664 1910 1902 1966 paupere
1934 1896 2093 1951 vidua

422 1978 478 2063 .
515 2005 572 2049 et
602 1992 810 2047 liberis.
843 1990 983 2057 Quid
1022 2004 1153 2060 ergo
1185 1989 1404 2055 mulier,
1438 2004 1562 2045 cum
1609 1998 1663 2045 et
1706 1988 2092 2060 imperatorem

517 2099 682 2141 aures
714 2082 875 2138 facile
906 2081 1240 2152 prebentem
1285 2089 1339 2136 et
1368 2080 1511 2151 juris
1566 2096 1632 2137 ac
1677 2081 1819 2150 aequi
1851 2090 2092 2136 tenacem

518 2177 732 2231 audiret
761 2214 777 2239 ,
823 2172 1139 2245 ingentique
1183 2171 1287 2227 viri
1350 2170 1625 2227 desiderio
1670 2172 1941 2243 ﬂagraret,
1996 2185 2097 2226 nec

521 2266 750 2322 haberet
788 2265 934 2320 unde
976 2263 1164 2318 liberis
1202 2260 1270 2316 ad
1304 2261 1504 2316 victum
1547 2261 1854 2315 necessaria
1884 2259 2095 2314 submi-

522 2357 820 2415 nistraret?
864 2354 1066 2412 Urbem
1110 2355 1317 2427 regiam
1370 2354 1525 2424 petit,
1574 2368 1639 2409 ac
1692 2350 2053 2423 Theophilum
2080 2392 2095 2418 ,

521 2466 634 2521 quo
688 2450 779 2504 die
830 2448 897 2502 ad
954 2447 1291 2502 Blachernas
1348 2445 1500 2501 exire
1554 2445 1786 2507 solebat,
1839 2443 1941 2498 viri
1984 2445 2100 2513 ipso

522 2558 664 2612 equo
696 2540 1022 2595 insidentem
1052 2537 1391 2607 conspicata,
1428 2536 1484 2590 in
1511 2551 1683 2606 genua
1710 2535 2101 2605 ’procumbens

520 2632 849 2703 ejulansque
881 2641 945 2683 ac
980 2626 1195 2681 frenum
1250 2626 1380 2695 equi
1424 2634 1616 2679 tenens
1673 2625 1903 2695 supplex
1957 2633 2098 2691 orat,

523 2725 791 2793 docetque
815 2721 961 2775 hunc
980 2732 1181 2788 equum
1219 2731 1382 2772 suum
1422 2730 1567 2782 esse,
1601 2731 1699 2771 nec
1733 2717 1899 2771 alium
1935 2732 2099 2785 quam

524 2831 651 2873 eum
694 2814 870 2882 ipsum
900 2810 1002 2864 viri
1030 2808 1142 2880 95.
1173 2808 1324 2863 necis
1374 2817 1654 2864 auctorem
1708 2822 1849 2862 esse.
1886 2808 1943 2861 ιιι
1983 2816 2104 2862 stu-

525 2923 717 2980 porem
744 2905 856 2974 egit
885 2904 1270 2972 imperatorem
1320 2900 1511 2971 ingens
1540 2900 1631 2953 illa
1684 2898 1931 2954 mulieris
1968 2898 2107 2952 fidu-

528 3001 617 3057 cia
642 3016 659 3064 ;
682 2993 1184 3063 -vehementiusqtte
1219 2992 1473 3057 miratus,
1506 3005 1605 3045 nec
1636 3002 1827 3046 eorum
1869 3005 1991 3061 quae
2019 2989 2105 3046 di-

528 3092 793 3147 cebantur
857 3085 1154 3156 quidquam
1209 3082 1515 3153 intelligens
1546 3120 1561 3146 ,
1620 3079 1836 3135 interim
1887 3080 2105 3150 quidem

531 3181 738 3241 servari
787 3178 1073 3233 mulierem
1122 3175 1296 3246 jubet,
1331 3174 1459 3228 dum
1492 3174 1545 3227 in
1586 3173 1847 3243 palatium
1877 3173 1992 3245 ipse
2023 3188 2110 3229 re-

531 3272 745 3329 diisset.
810 3269 934 3323 Cito
984 3269 1170 3337 itaque
1225 3280 1478 3321 reversus
1544 3263 1799 3318 feminam
1856 3265 2110 3320 accersit.

533 3359 659 3416 Mox
690 3359 779 3414 illa
812 3364 1012 3429 praesto
1036 3366 1143 3424 est,
1176 3356 1443 3426 docetque
1475 3355 1655 3409 omnia
1690 3355 1867 3420 clare,
1907 3370 1971 3410 ac
2001 3369 2112 3411 rem

532 3466 751 3506 omnem
793 3447 1038 3517 exponit.
1066 3446 1230 3503 Iubet
1278 3446 1464 3514 itaque
1493 3445 1796 3514 imperator
1821 3453 2112 3513 praetorem

535 3543 678 3609 sisti,
713 3550 768 3597 et
804 3540 874 3595 de
927 3552 1073 3608 equo
1108 3537 1308 3590 acriter
1354 3534 1604 3604 inquirit.
1658 3532 1756 3587 Illo
1793 3542 1974 3588 autem
2004 3549 2113 3588 non

535 3631 758 3689 aliunde
790 3645 893 3687 nec
927 3644 1024 3697 per
1054 3627 1164 3682 vim
1199 3640 1266 3682 ac
1314 3626 1585 3695 rapinam,
1609 3624 1704 3680 sed
1732 3638 1797 3679 ex
1822 3639 1917 3679 sua
1948 3625 2115 3680 domo

536 3723 842 3781 aﬂirmaute
868 3721 1108 3785 misisse,
1140 3718 1463 3789 producitur
1509 3718 1562 3772 in
1597 3725 1953 3787 conspectum
1993 3730 2117 3769 mu-

537 3818 660 3880 lier,
678 3830 831 3871 reum
859 3814 927 3870 de
952 3814 1006 3869 vi
1034 3821 1345 3883 peractura.
1361 3809 1492 3878 Ejus
1518 3823 1644 3863 mox
1667 3818 1867 3879 praetor
1887 3817 2113 3878 aspectu

540 3907 687 3965 haud
721 3906 824 3962 sibi
861 3905 975 3974 jam
1007 3906 1074 3960 de
1098 3901 1386 3958 mendacio
1413 3899 1687 3965 blandiri;
1722 3913 1959 3969 moxque
1987 3915 2117 3969 sup-

539 3998 660 4070 plex
712 3994 1082 4051 miserabilem
1133 3994 1189 4048 in
1232 3992 1453 4047 modum
1486 3990 1682 4062 lugens
1708 4000 1876 4061 atque
1900 3990 2116 4061 eiulans

540 4088 889 4159 imperatoris
925 4086 1085 4157 pedes
1135 4083 1412 4153 astringit.
1459 4082 1603 4151 Quid
1656 4092 1772 4138 tum
1814 4083 1951 4138 ille?
2003 4081 2116 4137 Viri

539 4181 829 4240 faetiltatcs
882 4180 1061 4234 vidua:
1115 4186 1283 4248 atque
1338 4176 1531 4233 liberis
1574 4177 1714 4232 ratis
1767 4177 2117 4246 portionibus

543 4273 888 4331 han'cditario
946 4272 1106 4342 quasi
1153 4269 1277 4341 jure
1323 4268 1588 4336 ascribit,
1647 4284 1883 4338 eumque
1946 4268 2119 4337 magi-

540 4373 715 4421 stratu
770 4371 987 4428 movet;
1022 4370 1187 4431 atque
1242 4360 1298 4415 in
1347 4374 1472 4415 eum
1513 4358 1735 4415 modum
1772 4358 1923 4428 justa
1971 4359 2119 4413 illius

2182 509 2276 567 οὖν
2324 514 2352 567 6
2402 513 2749 585 στρατιώτης
2783 514 2841 567 ἐν
2898 512 3103 581 ἐαυτῷ,
3140 512 3234 565 καὶ
3278 511 3370 565 τὸν
3410 509 3580 566 ἵππον
3622 512 3758 583 ἔχων

2184 607 2537 678 ἐντρύφημα.
2573 607 2869 679 Παρῴχετο
2899 607 2957 659 δέ
2989 605 3087 658 καὶ
3109 604 3302 675 χρόνος
3342 600 3550 668 ἱκανὸς,
3598 605 3629 657 6
3668 606 3757 659 τὸν

2184 698 2355 769 ἄνδρα
2388 700 2525 771 πρὸς
2561 699 2800 769 πόλεμον
2819 700 2885 752 ἐκ
2906 696 3243 768 φιλονεικίας
3276 695 3484 760 καλῶν,
3506 694 3645 749 ἀλλά
3670 699 3759 751 καὶ

2187 789 2589 845 καταδαπανιῖΝ
2612 789 2798 853 αὑτὸν,
2825 783 2914 842 οἷα
2962 788 3109 857 φιλεῖ
3139 789 3251 850 τοῖς
3296 785 3622 856 δυστυχοῦσι
3657 787 3762 842 δει-

2188 886 2315 951 νῶς.
2355 886 2600 954 Ἐγένετο
2628 882 2721 940 οὖν
2753 886 2921 939 ἵππου
2945 882 3151 953 ἀγαθοῦ
3180 883 3410 953 ζήτησις
3449 882 3605 953 παρά
3638 883 3762 938 Θεο-

2187 979 2343 1050 φίλου
2390 978 2533 1033 κατά
2576 979 2667 1032 τὸν
2698 979 2799 1049 τῆς
2828 974 3121 1046 δυστυχίας
3164 975 3361 1044 καιρὸν
3401 974 3494 1028 τοῦ
3527 974 3720 1044 ἀνδρός
3745 992 3760 1007 υ

2188 1070 2270 1126 διδ
2292 1071 2384 1125 καὶ
2413 1071 2503 1126 διὰ
2530 1069 2878 1141 γραμμάτων
2930 1067 3141 1130 πάντας
3187 1067 3247 1120 ἐν
3301 1065 3442 1120 τέλει
3472 1068 3568 1119 καὶ
3598 1067 3763 1133 ἀξιώο

2194 1182 2361 1236 μασιν
2389 1162 2699 1234 ἀνερευνῶν
2745 1161 2966 1217 ἐκέλευε
2999 1158 3200 1214 τοιόνδε
3254 1158 3349 1211 καὶ
3385 1158 3587 1211 τοιόνδε
3635 1159 3767 1211 ἀπο-

2194 1256 2400 1311 στεῖλαι
2431 1254 2603 1327 αὐτῷ.
2638 1255 2802 1309 Ὅθεν
2820 1254 3118 1322 λαϐόμενος
3135 1254 3163 1305 6
3190 1250 3496 1322 στρατηγὸς
3512 1251 3765 1321 ἀφορμῆς

2190 1349 2444 1418 ἀφείλετο
2474 1348 2570 1401 τοῦ
2598 1347 2793 1418 ἀνδρὸς
2812 1346 2904 1399 τὸν
2934 1346 3099 1398 ἵππον
3122 1342 3220 1397 καὶ
3238 1343 3484 1406 ἄκοντος,
3514 1342 3608 1397 καὶ
3635 1342 3766 1413 πρὸς

2194 1441 2421 1513 βασιλέα
2450 1440 2525 1504 ὡς
2550 1441 2750 1494 οἰκεῖον
2802 1437 3169 1491 ἀπέσταλκεν.
3201 1434 3351 1505 Αὓτη
3385 1434 3415 1503 ἡ
3470 1433 3641 1499 αἰτία,
3672 1436 3765 1486 καὶ.

2192 1533 2288 1589 τοῦ
2329 1534 2496 1589 ἵππου
2531 1534 2588 1588 δέ
2627 1535 2661 1605 ἡ
2695 1532 2973 1603 στέρησις.
3019 1528 3260 1583 Ἐπειδέ
3289 1527 3433 1581 κατά
3464 1542 3590 1580 τινα
3616 1542 3770 1596 περι-

2203 1626 2432 1682 πέτειαν
2464 1626 2672 1690 πάντας
2699 1623 2984 1679 ἐκέλευσεν
3008 1624 3037 1676 6
3069 1620 3345 1694 βασιλεὺς.
3372 1619 3467 1673 καὶ
3496 1621 3621 1683 τοὺς
3656 1619 3772 1690 olo-

2196 1721 2396 1791 δήποτε
2440 1720 2590 1790 αἰτίᾳ
2639 1717 3048 1789 πεπαυμένους,
3087 1714 3293 1782 ἐξιέναι
3336 1713 3477 1784 πρὸς
3515 1712 3771 1782 πόλεμον,

2198 1812 2292 1865 καὶ
2318 1811 2411 1865 τὸν
2432 1810 2596 1881 ἄνδρα
2617 1808 2806 1863 τοῦτον
2829 1806 3187 1877 ἐξεληλυθότα
3210 1806 3383 1859 ἵππου
3410 1803 3772 1874 στερούμενον

2200 1903 2406 1974 ἀγαθοῦ
2443 1904 2699 1975 ἀπήγαγε
2730 1902 2831 1971 τῆς
2854 1900 3021 1971 ζωῆς,
3077 1901 3313 1967 γυναῖκα
3340 1894 3772 1952 καταλελοιπότα

2202 1997 2296 2051 καὶ
2320 1997 2484 2050 τέκνα
2512 1995 2724 2065 πτωχά.
2763 1993 2829 2047 Τί
2867 1988 2960 2047 οὖν
3002 1993 3035 2062 ἡ
3070 1992 3239 2061 γυνής
3269 1991 3379 2045 Καὶ
3418 1989 3482 2043 τὸ
3520 1988 3776 2059 φιλήκοον

2202 2087 2479 2143 ἀκούουσα
2502 2086 2597 2141 τοῦ
2628 2085 2895 2157 βασιλέως
2924 2086 3020 2138 καὶ
3046 2083 3401 2154 φιλοδίκαιον,
3434 2082 3531 2136 καὶ
3558 2079 3636 2151 τῷ
3682 2078 3775 2135 τοῦ

2201 2179 2394 2249 ἀνδρὸς
2430 2178 2638 2249 φίλτρῳ
2693 2175 3053 2247 ἐκκαιομένη,
3090 2175 3184 2229 καὶ
3224 2176 3337 2236 τοῖς
3369 2173 3580 2235 τέκνοις
3630 2172 3777 2234 ὅπως

2205 2273 2298 2325 καὶ
2322 2271 2584 2343 χορηγοίη
2612 2270 2714 2324 οὐκ
2737 2269 2939 2339 ἔχουσα
2972 2269 3041 2322 τά
3064 2268 3202 2337 πρὸς
3229 2266 3397 2335 ζωὴν,
3461 2265 3561 2335 τὴν
3619 2264 3778 2334 βασιο

2204 2364 2470 2418 λεύουσαν
2526 2361 2963 2431 καταλαμδάνιει⁹
3019 2361 3116 2414 καὶ
3164 2359 3255 2413 τὸν
3303 2357 3584 2427 Θεόφιλον,
3626 2357 3686 2409 ἐν
3739 2348 3776 2428 ᾖ

2206 2455 2389 2529 ἡμέρᾳ
2421 2453 2622 2508 εἷθιστο
2660 2453 2794 2524 πρὸς
2822 2453 3133 2524 Βλαχέρνας
3155 2453 3201 2485 ⁹⁹
3229 2450 3470 2513 ἀπιέναι,
3500 2447 3691 2502 τοῦτον
3708 2448 3779 2518 δὴ

2206 2545 2299 2601 τοῦ
2353 2544 2544 2617 ἀνδρὸς
2599 2544 2769 2611 αὐτῆς
2815 2543 2983 2596 ἵππον
3039 2540 3401 2596 ἀναϐαίνοντα
3456 2534 3783 2599 κατιδοῦσα,

2208 2640 2581 2705 γονυπετοῠσα
2622 2633 2714 2686 καὶ
2737 2630 3217 2702 κατολοφυρομένη
3251 2628 3433 2681 ἐδέετο
3485 2625 3580 2679 τοῦ
3628 2623 3790 2693 βασι-

2209 2727 2365 2791 λέως,
2397 2727 2489 2781 τὸν
2522 2726 2739 2797 χαλινὸν
2767 2724 2863 2777 τοῦ
2896 2724 3063 2779 ἵππου
3100 2721 3429 2791 κατέχουσα,
3459 2717 3549 2789 [Ρ.
3584 2714 3675 2788 59]
3692 2716 3792 2770 καὶ

2210 2816 2555 2870 ἀνεδίδασκεν
2580 2816 2698 2878 πῶς
2720 2815 2891 2885 αὐτῆς
2920 2831 2980 2867 τε
3005 2814 3091 2884 εἵη
3120 2815 3148 2866 6
3172 2813 3363 2875 ἵππος,
3386 2810 3481 2863 καὶ
3508 2808 3610 2861 οὐκ
3629 2806 3794 2871 ἄλλος

2212 2927 2317 2974 τις,
2341 2907 2457 2963 ἀλλ’
2479 2908 2643 2971 αὐτὸς
2673 2908 2843 2971 αἴτιος
2872 2907 2971 2977 τῆς
3002 2905 3096 2960 τοῦ
3141 2904 3331 2973 ἀνδρὸς
3367 2902 3607 2971 σφαγῆς.
3669 2900 3796 2953 Ἐκ-

2214 2999 2466 3071 πλαγίνλς1
2499 2998 2594 3052 οὖν
2629 3000 2657 3052 6
2692 2997 2949 3069 βασιλεὺς
2986 2996 3278 3067 γενόμενος
3309 2996 3367 3048 ἐν
3402 2996 3468 3064 τῇ
3509 2991 3798 3064 παρρησία

2212 3086 2310 3157 τῆς
2332 3086 2589 3157 γυναικὸς
2618 3088 2712 3140 καὶ
2750 3086 3120 3161 περιθαμῦὴς,
3189 3087 3286 3139 καὶ
3330 3083 3439 3138 τῶν
3474 3082 3790 3153 λεγομένων

2216 3177 2372 3243 εἰδὼς
2398 3178 2573 3246 οὐδὲν,
2608 3178 2747 3242 τέως
2778 3177 2877 3250 μὲν
2908 3178 3078 3248 αὐτὴν
3107 3175 3474 3248 ταμιευθῆναι
3501 3176 3801 3246 διωρίσατο

2213 3273 2312 3342 τῆς
2335 3268 2501 3325 αὐτοῦ
2536 3271 2665 3343 ἀχρι
2720 3270 2980 3324 ἐπανόδου
3037 3269 3175 3341 πρὸς
3231 3270 3298 3323 τά
3344 3269 3644 3341 ἀνάκτορα,
3702 3268 3805 3321 καὶ

2216 3360 2400 3414 καλεῖν
2430 3360 2633 3431 ταύτην
2666 3360 2758 3414 καὶ
2795 3360 2860 3430 δὴ
2894 3361 2913 3391 '
2964 3359 3166 3430 ἔφησεν
3210 3360 3309 3429 τὴν
3365 3361 3604 3428 γυναῖκα
3653 3358 3801 3428 μετὰ

2216 3452 2452 3523 σπουδῆς
2504 3450 2947 3523 ἐπαναδραμώνο
2992 3452 3085 3505 καὶ
3133 3451 3228 3522 ἥδε
3278 3452 3526 3523 παρέστη
3562 3450 3801 3516 εὐθέως,

2215 3543 2610 3596 ἐκδιδάσκουσά
2626 3560 2685 3596 τε
2705 3545 2886 3599 πάντα
2910 3545 3006 3598 καὶ
3035 3543 3312 3610 διεξιοῦσα
3333 3543 3544 3612 σαφῶς.
3565 3544 3808 3598 Κελεύει

2214 3633 2307 3688 οὖν
2326 3635 2457 3687 τ6ν³
2486 3652 2545 3689 τε
2585 3634 2881 3705 ἀφικέσθαι
2936 3636 3029 3691 τὸν
3091 3635 3399 3708 στρατηγὸν
3452 3636 3480 3687 6
3516 3636 3806 3706 βασιλεὺς,

2217 3725 2463 3799 καὶπερὶ
2492 3726 2587 3781 τοῦ
2627 3728 2795 3781 ἵππου
2848 3727 3076 3800 ζήτησιν
3109 3730 3253 3780 ποιεῖ
3304 3729 3584 3798 νεανικήν.
3637 3728 3729 3791 Ὧς
3757 3727 3810 3779 δ’

2215 3818 2426 3871 οἴκοθεν
2453 3820 2480 3873 6
2516 3819 2823 3889 στρατηγὸς
2855 3820 2951 3873 καὶ
3006 3820 3108 3873 οὐκ
3157 3821 3403 3883 ἄλλοθεν,
3440 3821 3555 3874 ἀλλ’
3580 3820 3692 3874 οὐδ’
3743 3821 3814 3886 ἐξ

2218 3910 2474 3982 ἁρπαγῆς
2506 3911 2598 3965 τὸν
2644 3911 2810 3965 ἵππον
2865 3912 3241 3983 ἀποσταλῆναι
3274 3912 3607 3978 διεδεδαίου,
3653 3930 3815 3983 παρ-

2221 4002 2399 4074 ίστησι
2427 4004 2565 4057 κατά
2620 4004 2912 4076 πρόσωπον
2964 4005 3063 4077 τὴν
3104 4005 3391 4076 ἄνθρωπον
3420 4006 3640 4076 ἔλεγχον
3690 4005 3815 4058 τῶν

2218 4093 2527 4165 λεγομένων
2562 4096 2657 4148 καὶ
2681 4095 3011 4165 κατήγορον.
3044 4096 3158 4148 Οὐκ
3189 4095 3385 4166 ἔφερεν
3411 4096 3503 4150 οὖν
3541 4097 3571 4149 6
3601 4113 3815 4167 στρατ-

2219 4186 2356 4257 ηγὸς
2408 4188 2485 4258 τῷ
2543 4186 2732 4257 ψεύδει
2784 4186 3347 4259 καταλαμπρύνεσθαι
3393 4189 3496 4260 τὴν
3534 4189 3659 4257 ὄψιν
3703 4190 3817 4259 τῆς

2220 4276 2482 4345 γυναικὸς
2518 4274 2740 4346 ἐνορῶν,
2780 4275 2872 4327 καὶ
2903 4274 3018 4344 ἅμα
3070 4274 3259 4344 ἱκέτης
3294 4277 3512 4344 γίνεται
3570 4273 3823 4338 ἐλεεινὸς

2222 4371 2319 4423 καὶ
2347 4368 2440 4421 τοῦ
2471 4366 2740 4437 βασιλέως
2765 4368 2894 4431 τοὺς
2953 4367 3122 4431 πόδας
3156 4366 3424 4437 λαμδάνει
3454 4365 3592 4437 μετά
3636 4369 3823 4422 κλαυ-

540 4458 836 4523 sententia,
869 4471 935 4512 ac
978 4464 1319 4526 quantopere
1351 4453 1573 4525 iniquos
1603 4462 1852 4523 raptores
1880 4452 2102 4517 odisset,

2222 4459 2382 4531 θμοῦ.
2422 4459 2488 4512 Τί
2527 4453 2619 4512 οὖν
2645 4458 2673 4511 6
2701 4458 2989 4531 βασιλεύς;
3032 4458 3283 4530 Ἐκείνην
3319 4459 3417 4529 μὲν
3441 4461 3539 4530 τὴν
3568 4463 3826 4528 γυναῖκα

540 4548 753 4606 cunctis
782 4547 1098 4604 innotescit.

2232 4553 2369 4623 μετά
2399 4551 2508 4605 τῶν
2563 4551 2733 4622 αὐτῆς
2778 4551 2986 4604 παίδων
3016 4550 3283 4620 ἀδελφοὺς
3313 4551 3372 4618 ἐξ
3400 4551 3516 4604 [σου
3548 4550 3647 4605 καὶ
3674 4551 3825 4624 κλη-

545 4641 806 4713 ρονὸμους
834 4640 933 4710 τῆς
958 4639 1169 4694 ἐκείνου
1218 4640 1492 4695 δείκνυσιν
1541 4639 1918 4705 ὑποστάσεως,
1954 4640 2246 4713 μεθίστησί
2276 4661 2336 4697 τε
2368 4645 2469 4716 τῆς
2519 4643 2697 4717 ἀρχῆς
2744 4646 2929 4710 αὑτὸν,
2996 4644 3091 4700 καὶ
3138 4646 3273 4698 πᾶσι
3322 4644 3622 4714 κατάδηλος
3665 4646 3828 4716 γίνε-

542 4752 631 4787 ται
658 4735 693 4803 ὴ
727 4732 912 4787 δικαία
932 4732 1112 4805 κρίσις
1134 4732 1300 4787 αὑτοῦ
1324 4734 1415 4786 καὶ
1438 4734 1499 4786 τὸ
1523 4733 1659 4804 πρδς
1692 4734 1819 4796 τοὺς
1854 4733 2114 4805 ἅρπαγας
2134 4734 2576 4809 φιλαπέχθημον.

496 4873 508 4885 .
613 4828 667 4881 8.
698 4825 807 4881 Nec
836 4830 1018 4884 minus
1043 4830 1289 4885 aedificiis
1324 4845 1554 4897 operose
1582 4829 1931 4887 exstruendis
1961 4845 2113 4885 suam

507 4919 634 4993 jille
668 4918 1006 4989 diligentiam
1066 4924 1340 4991 probavit.
1394 4921 1528 4979 Nam
1575 4922 1728 4979 urbis
1776 4936 1985 4989 muros,
2022 4923 2115 4992 qui

546 5012 869 5079 humiliores
936 5022 1159 5080 essent,
1220 5031 1250 5070 a
1311 5015 1682 5073 fundamentis
1734 5016 2116 5082 exasdiltcans,

545 5110 665 5181 ejus
716 5108 864 5167 velut
899 5106 1113 5163 senium
1148 5106 1425 5173 abstersit,
1455 5126 1629 5181 eaque
1680 5111 1968 5166 altitudine
1995 5125 2121 5164 cum

549 5203 666 5271 pari
697 5198 1105 5272 pulchritudine
1133 5199 1332 5255 extulit
1365 5209 1426 5256 ut
1463 5218 1607 5272 aegre
1630 5203 1887 5273 deinceps
1914 5203 1983 5257 ab
2020 5202 2120 5257 bo-

549 5295 725 5350 stibus
753 5294 1051 5351 conscendi
1084 5293 1329 5365 possint;
1357 5295 1452 5365 qui
1490 5304 1543 5350 et
1572 5294 1680 5366 95
1709 5297 1975 5353 hactenus
2004 5297 2124 5366 ejus

550 5402 750 5443 nomen
802 5390 1000 5446 litteris
1052 5403 1373 5461 expressum
1424 5388 1627 5444 celebri
1682 5394 1948 5445 memoria
1993 5390 2126 5445 reti-

2303 4832 2371 4907 η⁹.
2395 4834 2506 4904 Οὐχ
2534 4828 2696 4905 ἦττον
2723 4832 2780 4886 δέ
2809 4849 2873 4900 γε
2899 4834 2992 4885 καὶ
3007 4834 3125 4896 ταῖς
3150 4832 3461 4901 οἰκοδομαῖς
3490 4832 3830 4903 ἐγκείμενες

2232 4928 2331 5000 τὴν
2364 4927 2556 4980 ἐαυτοῦ
2587 4924 2860 4979 ἐδείκνυτο
2891 4924 3233 4996 ἐπιμέλειαν.
3267 4926 3436 4998 Τείχη
3484 4942 3543 4977 τε
3589 4925 3697 4995 γὰρ
3748 4928 3833 4979 τὰ

2236 5019 2641 5091 χθαμαλώτερα
2679 5018 2744 5071 ἐκ
2780 5017 2996 5092 βάθρων
3043 5020 3499 5090 ἁναδειμάμενος,
3527 5018 3590 5072 τδ
3634 5018 3832 5088 γῆρας

2239 5111 2427 5183 ὥσπερ
2456 5110 2737 5177 ἀποξύσας
2779 5111 2873 5164 καὶ
2908 5110 3044 5185 πρὸς
3080 5111 3213 5182 ὕψος
3268 5112 3407 5182 μετά
3444 5111 3677 5175 κάλλους
3706 5111 3837 5164 άπ-

2234 5206 2373 5277 ἀρας
2408 5204 2453 5269 δ,
2486 5203 2663 5259 ἀδατα
2694 5206 2873 5275 πάντη
2908 5206 3178 5275 πεποίηκε
3210 5205 3320 5268 τοῖς
3353 5204 3568 5275 ἐχθροῖς
3591 5245 3606 5269 ,
3648 5203 3687 5257 ἃ
3720 5207 3838 5256 καὶ

2236 5298 2397 5369 μέχρι
2426 5296 2521 5351 τοῦ
2555 5295 2651 5351 νῦν
2690 5296 2787 5368 τὴν
2812 5297 3003 5351 τούτου
3046 5298 3421 5368 προσηγορίαν
3452 5296 3841 5366 ἐμφαίνουσιν

2236 5389 2696 5462 ἐγγεγραμμένην
2732 5390 2921 5461 ἔχοντα
2968 5391 3025 5443 ἐν
3051 5390 3258 5456 αὐτοῖς.
3304 5392 3379 5445 Οὐ
3435 5389 3540 5463 μὴν
3576 5388 3634 5445 δὲ
3678 5390 3845 5445 ἀλλὰ

1844 5570 2078 5626 ΥΑΒΙᾸΞ
2116 5570 2521 5627 LECTIONES.

611 5692 657 5761 ’γ’
692 5690 1018 5761 Ιίλαχὲρναις
1048 5688 1115 5755 P;
1172 5690 1314 5760 quod
1347 5690 1535 5745 nescio
1569 5704 1639 5761 an
1671 5697 1889 5761 tueatur
1916 5686 2230 5761 collauth
2253 5686 2384 5761 illud
2417 5703 2470 5758 p.
2507 5686 2567 5761 7_l
2606 5689 2638 5743 b
2672 5692 2829 5760 :ﬁp’u;
2869 5691 2947 5761 τῷ
2977 5688 3370 5761 καταπροδόντι
3414 5684 3604 5753 τοῦτον
3638 5700 3849 5757 0:91.-

550 5760 780 5832 τεύματι
801 5758 1159 5830 διεσώθησαν.
1193 5758 1203 5760 ἡ
1242 5763 1255 5791 ¹
1282 5762 1577 5829 ἐκπλαγεὶς
1605 5758 1664 5811 Β.

1745 5761 1762 5789 ²
1789 5760 1880 5811 καὶ
1911 5756 2001 5826 δὴ]
2036 5759 2157 5812 τότε
2186 5757 2292 5827 δὴῖ
2366 5759 2387 5790 ³
2414 5756 2505 5811 τὶν
2540 5759 2551 5830 Ι
2582 5756 2785 5814 αὐτὸνῖ
2862 5764 2879 5793 ⁸
2911 5756 3109 5831 ἐξάρας
3143 5764 3164 5812 2’
