4038 6214
182 298 282 364 100

946 298 1091 359 LIB.
1139 297 1251 357 III.
1294 324 1360 334 —
1395 294 1889 359 THEOPHILUS
1929 292 2351 359 MICHAELIS
2387 291 2650 353 FILIUS

3314 286 3417 351 110

178 418 266 470 καὶ
296 414 503 483 πόρνα;
537 412 820 476 ἀπελάσας
859 412 919 477 ἐξ
968 412 1308 482 οἰκημάτων,
1357 412 1454 465 καὶ
1503 411 1752 483 καθάρας

1877 417 2008 465 ient.
2040 408 2184 474 Quin
2219 417 2275 463 et
2303 408 2619 463 meretrices
2643 423 2707 463 et
2738 407 2945 463 aedibus
2982 406 3299 474 deturbans,
3334 417 3421 462 to-

174 508 289 565 ὅλον
316 507 527 560 ἐκεῖνον
555 503 647 558 τὸν
679 505 875 575 χῶρον,
912 502 1115 570 ἃνῶνα
1141 503 1237 574 τὴν
1265 503 1477 557 ἐκείνου
1516 504 1754 575 φέροντα

177 598 584 673 προσηγορίαν,
615 597 804 651 κάλλει
842 614 902 650 τε
935 598 1220 652 κάλλιστον
1253 597 1347 652 καὶ
1391 595 1615 668 μεγέθει
1657 595 1756 666 μὲ-

178 711 383 765 γιστον,
416 690 649 745 εὔπνουν
664 708 725 745 τε
759 691 853 746 καὶ
881 689 1132 756 εὐοπτον,
1166 690 1236 744 δι’
1266 683 1341 744 ὧν
1366 690 1434 744 τά
1457 688 1757 759 φθοροποιά

184 786 274 858 μὲν
339 784 648 854 παθήματα
705 783 1140 847 ἀποκλύζονται,
1206 783 1276 836 τὰ
1332 779 1651 852 σωηριώδη
1699 778 1756 832 δὲ

185 880 517 946 ἐπιγίνονται
556 876 899 946 ἀλεξήματα,
934 873 1355 929 κατεσκεύασεν.
1395 871 1583 935 Οὕτως
1609 866 1757 940 εἶχεν

193 978 385 1035 ἐκεῖνος
416 972 558 1044 πρὸς
589 971 820 1042 πόρνας.
854 970 997 1043 Πλὴν
1032 971 1115 1024 ὅτι
1144 969 1207 1038 γέ
1235 985 1399 1039 φασιν
1431 966 1596 1021 αὐτόν
1628 982 1758 1019 ποτε

196 1066 367 1120 κάλλει
397 1060 787 1133 Θεραπαινίδος
814 1060 915 1130 τῆς
948 1057 1229 1131 Θεοδώρας
1254 1058 1464 1128 ξάλόντα
1502 1057 1757 1126 συμφθα-

203 1156 340 1224 ρῆναι
386 1153 552 1221 αὐτῇ,
618 1148 885 1222 ῥᾳθύμως
952 1149 1077 1201 τότε
1139 1148 1389 1219 βιοῦντα⁶
1453 1149 1577 1201 ἐπεὶ
1628 1144 1761 1216 γοῦν

198 1242 377 1316 ᾔσθετο
430 1241 533 1309 τῆς
574 1240 639 1291 ἐκ
674 1236 770 1290 τοῦ
806 1236 974 1290 καλοῦ
1031 1236 1389 1307 διαμαρτίας,
1440 1236 1534 1290 καὶ
1584 1235 1761 1297 ἄλλως

194 1330 298 1384 οὐδὲ
326 1329 427 1399 τὴν
457 1325 746 1396 Θεοδὼραν
789 1323 947 1377 τοῦτο
990 1323 1280 1389 λαθοῦσαν,
1321 1324 1673 1395 κατηφιῶσαν
1703 1321 1761 1376 δέ

194 1423 275 1476 καὶ
305 1421 612 1491 αὐχμῶσαν
660 1420 759 1473 καὶ
796 1416 1223 1486 στυγνάζουσαν,
1274 1416 1462 1471 ἔκτοτε
1525 1415 1762 1481 ἐξειπεῖν

192 1517 340 1586 αὐτῇ,
380 1512 766 1585 ἐπομνύμενον
801 1513 896 1566 καλ⁸
930 1512 1175 1583 φρικτῶς
1224 1512 1324 1577 τάς
1366 1515 1555 1583 χεῖρας
1600 1510 1763 1566 ἐπαί-

194 1624 343 1677 ροντα
382 1606 523 1678 πρὸς
563 1606 698 1659 Θεὸν
730 1600 767 1676 ἦ
812 1604 918 1675 μὴν
952 1603 1076 1657 τότε
1118 1605 1216 1659 καὶ
1266 1605 1426 1675 μόνον
1452 1604 1762 1669 διολισθεῖν,

191 1697 277 1752 καὶ
306 1697 647 1767 συγγνώμην
675 1697 955 1765 ἐπιζητεῖν
976 1695 1127 1766 παρὰ
1151 1695 1249 1766 τῆς
1276 1695 1468 1750 ἑαυτοῦ
1483 1695 1761 1764 γυναικός.

1854 510 2080 569 tumque
2104 514 2233 556 eum
2278 499 2459 555 locum
2488 501 2816 564 emundans,
2851 499 2965 554 illic
2993 499 3215 555 domum
3245 498 3426 569 hospi-

1855 592 2016 649 talem
2040 607 2255 647 summa
2282 591 2685 661 pulchritudine
2707 592 3020 662 ingentique
3045 592 3423 662 amplitudine,

1855 684 2008 741 auris
2035 685 2335 749 salubrem,
2364 698 2613 740 ammnos
2635 684 2924 740 habentem
2951 694 3293 756 prospectus,
3324 699 3428 743 suo

1856 793 1923 833 ex
1951 778 2171 834 nomine
2196 777 2475 841 condidit;
2507 777 2709 848 quibus
2738 778 2900 833 rebus
2930 780 3105 834 noxia:
3142 781 3427 850 passiones

1859 868 2148 939 morbique
2195 867 2548 924 eliminantur
2594 882 2659 924 ac
2720 871 2980 925 salutaria
3024 872 3261 927 remedia
3293 886 3430 941 prte-

1859 968 2095 1015 stantur.
2148 958 2227 1016 Eo
2267 958 2477 1016 scilicet
2530 960 2717 1014 animo
2769 975 2897 1031 erga
2966 972 3144 1017 scorta
3202 963 3428 1020 adeetus

1858 1060 2000 1108 erat.
2044 1052 2216 1107 Aiunt
2248 1052 2469 1123 quidem
2521 1066 2646 1107 eum
2699 1053 3065 1123 quandoque,
3119 1070 3243 1108 cum
3300 1062 3430 1111 tunc

1861 1145 2025 1217 paulo
2060 1146 2316 1201 licentius
2342 1146 2571 1211 viveret,
2602 1145 2767 1201 unius
2799 1161 2866 1201 ex
2897 1132 3197 1202 Theodorae
3230 1146 3428 1217 puellis

1861 1239 2043 1308 specie
2072 1248 2313 1308 captum.
2345 1254 2468 1294 cum
2501 1254 2565 1293 ea
2606 1237 2867 1294 fmdatum
2903 1253 3026 1293 esse
3064 1256 3079 1293 :
3128 1247 3182 1294 at
3224 1238 3316 1294 ubi
3347 1250 3431 1294 ta-

1862 1346 1986 1386 men
2019 1346 2079 1386 se
2110 1330 2178 1385 ab
2205 1330 2418 1386 honesti
2449 1330 2666 1385 tramite
2688 1330 2976 1400 abreptum
3010 1330 3164 1394 vidit,
3198 1344 3262 1386 ac
3298 1329 3434 1385 alio-

1864 1423 1956 1493 qui
1988 1437 2089 1479 nec
2110 1412 2451 1478 Theodoram
2479 1437 2593 1477 rem
2624 1421 2882 1478 fefellisse
2904 1422 3016 1493 (cui
3042 1432 3199 1491 turpe
3221 1421 3433 1477 facinus

1865 1514 2136 1584 ingentem
2167 1513 2485 1569 maestitiam
2515 1527 2581 1568 ac
2609 1512 2919 1581 squalorem
2951 1513 3230 1582 animique
3278 1512 3437 1567 dolo-

1864 1619 1980 1658 rem
2004 1603 2270 1669 aﬂ'errct),
2289 1603 2652 1673 jurejurando
2681 1603 2759 1657 illi
2790 1602 3108 1659 confessum
3149 1617 3291 1666 esse,
3321 1616 3438 1656 ma—

1867 1694 2137 1765 nibusque
2163 1695 2501 1749 tremendum
2535 1696 2590 1749 in
2630 1694 2853 1749 modum
2900 1694 2967 1749 ad
3001 1693 3168 1749 Deum
3208 1693 3437 1749 sublatis

191 1790 327 1865 Πρδς
376 1791 588 1854 τούτοις
619 1782 771 1842 οἶκόν
804 1804 926 1840 τινα
969 1788 1065 1841 καὶ
1114 1788 1393 1858 ἀνάκτορα
1424 1788 1541 1849 ταῖς
1571 1785 1763 1839 ἑαυτοῦ

1877 1787 1969 1842 hac
2023 1801 2083 1843 se
2114 1786 2379 1842 duntaxat
2417 1788 2537 1844 vice
2580 1788 2794 1858 lapsum
2846 1788 3075 1843 omnino
3111 1786 3434 1851 alllrmasse,

188 1882 524 1953 θυγατράσιν
580 1880 731 1952 παρὰ
777 1878 870 1931 τδν
917 1878 1060 1932 οὐτω
1089 1879 1423 1948 καλούμενον
1473 1876 1650 1947 χῶρον
1699 1876 1767 1931 τά

187 1974 473 2047 Χαρισινοῦ
509 1971 744 2042 πλουσίᾳ
768 1974 914 2042 χειρὶ
942 1970 1301 2039 ἐξανέστησέν
1323 1987 1382 2023 τε
1402 1971 1496 2024 καὶ
1521 1970 1764 2042 ἤγειρεν,

184 2059 257 2121 ὧν
286 2064 524 2135 λείψανά
563 2082 685 2117 τινα
723 2063 819 2116 καὶ
866 2061 1093 2116 κολωνοὶ
1134 2061 1234 2131 τῆς
1270 2059 1357 2135 [Ρ.
1405 2059 1494 2132 60]
1540 2059 1767 2114 ἐκείνων

187 2161 422 2229 μνήμης
464 2156 649 2227 μέχρις
669 2153 831 2227 ἡμῶν
854 2153 1233 2219 διασώζονται.

258 2330 332 2387 θ’.
377 2329 531 2382 Ἐπεὶ
557 2328 611 2381 δὲ
654 2326 874 2399 παλαιῷ
920 2326 1032 2381 ἔθει
1060 2328 1324 2397 ἐπομενος
1374 2323 1625 2379 ἐϐούλετο
1659 2327 1770 2388 τοῖς

184 2423 291 2491 τῆς
323 2422 513 2489 ’Δγαρ
539 2419 608 2471 τὰ
627 2418 728 2487 τῆς
760 2416 1199 2488 αὐτοκρατορίας
1221 2415 1443 2484 ποιῆσαι
1467 2414 1766 2483 κατάδηλα,

182 2515 294 2568 the
320 2511 395 2583 δὴ
410 2511 705 2573 κοινωνοὺς
726 2507 1069 2580 εὐφροσύνης
1086 2507 1152 2560 λα
1160 2506 1402 2577 μσάνων,
1424 2506 1533 2561 εῐτε
1570 2504 1771 2577 μᾶλλον

184 2604 259 2674 τῷ
294 2601 541 2674 φοϐερὸς
565 2599 781 2669 μέλλειν
807 2597 1039 2669 ὁρᾶσθαι
1070 2597 1275 2661 αὐτοῖς,
1306 2596 1442 2667 πρὸς
1468 2596 1569 2667 τὴν
1584 2593 1772 2649 τοιαύ-

184 2713 277 2767 την
327 2697 489 2762 ἄξιον
542 2690 824 2747 διακονίαν
875 2691 1052 2757 κρίνει
1105 2689 1359 2760 Ἰωάννην
1395 2691 1484 2742 τὸν
1516 2690 1638 2743 τότε
1672 2687 1773 2755 μὲν

185 2788 514 2857 σύγκελλον,
555 2782 724 2838 αὐτοῦ
774 2782 832 2837 δὲ
867 2783 1157 2854 πρότερον,
1198 2780 1275 2845 ὡς
1306 2780 1553 2851 ἐφθημεν
1592 2780 1773 2833 εἰπόν-

183 2898 289 2945 τες,
351 2877 707 2933 διδάσκαλον.
756 2875 1053 2946 Πολιτικῆς
1113 2873 1223 2945 γάρ
1280 2873 1533 2939 εὐταξίας
1584 2870 1773 2926 τοῦτον

183 2973 375 3042 πλήρη
415 2970 777 3037 τυγχάνοντα,
802 2967 862 3020 οὐ
896 2967 1003 3037 μὴν
1046 2967 1103 3020 δέ
1132 2967 1226 3020 καὶ
1254 2968 1320 3038 τῇ
1351 2966 1556 3033 αἱρέσει
1582 2965 1773 3019 τούτου

1864 1880 2097 1949 ejusque
2141 1880 2324 1935 delicti
2382 1881 2450 1935 ab
2481 1895 2546 1935 ea
2588 1880 2802 1938 veniam
2838 1888 3042 1949 petere.
3091 1878 3172 1934 Ad
3210 1879 3323 1934 inec
3346 1881 3439 1935 do-

1867 1987 2018 2026 mum
2047 1973 2340 2040 quamdam
2397 1974 2652 2043 celsaqne
2706 1982 2848 2028 tecta
2876 1987 2940 2027 ac
2975 1972 3172 2042 palatia
3217 1972 3438 2027 ﬁliabus

1867 2064 2007 2127 suis,
2036 2062 2105 2117 ad
2138 2064 2316 2118 locum
2364 2072 2526 2134 quem
2563 2063 2783 2119 Cariani
2811 2064 3022 2128 dicunt,
3047 2064 3253 2134 ingenti
3282 2079 3439 2118 sum-

1868 2162 1963 2225 ptu
1991 2154 2267 2213 exstruxit
2289 2162 2451 2224 atque
2473 2153 2686 2221 erevit;
2720 2167 2955 2225 quorum
3007 2154 3273 2211 hactenus
3312 2154 3442 2209 reli-

1868 2246 2010 2316 quiae
2047 2246 2242 2315 aliqua
2288 2254 2452 2316 atque
2494 2246 2689 2301 rudera
2734 2247 3053 2302 memoriam
3083 2256 3437 2303 conservant.

1940 2338 1993 2393 9.
2039 2336 2179 2404 Quia
2240 2352 2369 2393 vero
2404 2352 2469 2393 ex
2524 2339 2755 2407 antiquo
2806 2351 2961 2394 more
3015 2353 3080 2395 ea
3130 2355 3253 2409 qua:
3283 2349 3443 2395 erant

1872 2436 2117 2496 angusta:
2168 2426 2469 2497 majestatis
2542 2427 2865 2497 imperiique
2932 2428 3163 2483 Romani
3231 2430 3444 2484 volebat

1871 2516 2137 2586 Agarenis
2188 2516 2486 2585 conspicua
2544 2514 2743 2582 facere,
2779 2517 2896 2572 sive
2925 2525 2986 2571 ut
3029 2518 3231 2572 laetitia:
3262 2520 3443 2573 socios

1873 2615 2203 2669 assumeret,
2231 2606 2346 2661 sive
2381 2606 2561 2675 potius
2598 2614 2660 2660 ut
2689 2607 2773 2662 sui
2807 2606 2915 2662 illis
2947 2615 3210 2663 terrorem
3251 2609 3444 2679 injice-

1874 2707 1980 2763 ret,
2033 2698 2287 2753 idoneum
2341 2696 2559 2764 judicat
2600 2711 2666 2752 ac
2714 2697 2939 2767 dignum
2989 2700 3081 2768 qui
3137 2699 3443 2756 istiusmodi

1876 2804 2079 2845 munus
2114 2798 2447 2859 exsequatur
2488 2787 2755 2844 Joannem
2808 2793 2922 2843 tum
2954 2790 3255 2860 syncellum
3294 2791 3446 2862 ejus-

1875 2896 1983 2952 que
2012 2890 2192 2948 antea,
2220 2891 2281 2937 ut
2324 2882 2378 2935 in
2430 2877 2810 2952 superioribus
2841 2880 3107 2947 diximus,
3145 2894 3446 2954 praecepto-

1878 2990 2017 3031 rem.
2054 2973 2245 3031 Virum
2274 2974 2385 3047 96
2409 2988 2649 3044 namque
2668 2973 2850 3031 civilis
2876 2976 3087 3032 ordinis
3112 2991 3449 3047 componen-

186 3062 725 3133 συμπαραμένοντα,
749 3059 830 3113 ἐτι
857 3076 923 3126 γε
956 3058 1063 3130 μὴν
1084 3058 1182 3112 καὶ
1204 3057 1263 3112 τὸ
1283 3058 1419 3130 πρὸς
1435 3058 1561 3122 τοὺς
1591 3059 1774 3130 ἀντιρ-

1878 3069 1933 3122 di
1964 3067 2193 3124 scientia
2217 3066 2724 3133 instructissimum,
2758 3066 2995 3137 ejusque
3033 3068 3259 3125 haeresis
3280 3084 3445 3139 quam

185 3154 455 3224 ρητικοὺς
512 3153 708 3221 λόγους
766 3152 1107 3222 κεκτημένον
1173 3150 1537 3221 δραστήριον,
1584 3151 1777 3221 ἠγάπα

183 3241 336 3309 οὗτος
391 3246 492 3297 καὶ
536 3242 905 3314 διαφερόντως
968 3241 1081 3296 τῶν
1139 3243 1265 3295 κατ’
1313 3242 1478 3296 αὐτὸν
1523 3241 1778 3296 ἁπάντων

184 3340 528 3409 ἐσέμνυνενο
567 3332 630 3390 οὐ
678 3336 744 3407 δὴ
790 3336 951 3406 χάριν
984 3335 1077 3389 καὶ
1133 3335 1270 3405 πρὸς
1320 3334 1411 3388 τὸν
1448 3334 1547 3405 τῆς
1578 3335 1780 3406 Συρίας

186 3430 435 3500 ἀρχοντα
470 3427 881 3493 ἐξαπέστειλεν,
919 3426 1055 3481 ἄλλα
1080 3443 1142 3480 τε
1188 3425 1313 3490 δοὺς
1336 3427 1487 3499 αὐτῷ
1512 3424 1681 3479 πολλά
1698 3420 1779 3490 οἷς

188 3520 547 3593 θαυμάζεται
590 3519 839 3590 βασιλεία
888 3518 1177 3589 Ῥωμαίων
1207 3518 1305 3573 καὶ
1332 3518 1440 3572 τῶν
1468 3516 1779 3585 ἀλλοφύλων

186 3615 344 3681 γένος
376 3612 677 3681 ἐπτόηται,
720 3610 1085 3679 προσεπιδοὺς
1116 3608 1173 3661 δὲ
1203 3608 1300 3662 καὶ
1328 3608 1551 3680 χρυσίον
1586 3625 1777 3678 κεντη-

185 3705 401 3777 vaple
448 3703 743 3773 τεσσάρων
764 3702 786 3734 ⁸
819 3701 1151 3773 ὑπερσαϊνον
1182 3700 1477 3771 ποσότητα.
1518 3698 1680 3757 Ἀ).λά
1712 3699 1781 3755 τὰ

191 3801 289 3864 μὲν
319 3796 408 3866 τῷ
454 3796 857 3865 ἀμεραμνουνῇ
886 3793 961 3857 ὡς
989 3792 1139 3866 δῶρα
1167 3793 1528 3846 ἀπέσταλκεν·
1564 3792 1625 3846 τὸ
1646 3810 1779 3864 χρυ-

186 3892 305 3943 σίον
334 3890 427 3953 δὲ,
455 3889 535 3952 ὡς
561 3889 648 3957 είη
677 3886 755 3957 τῷ
812 3886 1037 3958 Ἰωάννη
1072 3887 1153 3949 είς
1180 3885 1489 3956 φιλοτιμίας
1518 3885 1778 3951 ἐπίδοσιν,

185 3980 516 4046 ἐπιδείξεως
560 3997 621 4032 τε
653 3980 816 4050 χάριν
850 3979 967 4048 ἅμα
994 3978 1088 4032 καὶ
1114 3977 1397 4048 αὐξήσεως
1419 3994 1433 4008 ·
1452 3978 1501 4030 εί
1539 3977 1647 4050 γάρ
1673 3976 1780 4046 άμ-

186 4090 296 4143 μσυ
325 4074 495 4143 δίκην
536 4075 564 4126 ό
590 4070 923 4134 ἀποσταλεὶς
953 4069 1015 4123 τὸ
1032 4070 1255 4142 χρυσίον
1286 4068 1397 4141 ἔχει
1429 4068 1671 4138 σπείρειν
1708 4069 1783 4129 ὡς

186 4166 479 4236 βοὸἳεται,
530 4163 715 4233 πολλῷ
764 4162 829 4233 δή
871 4181 973 4218 που
1024 4162 1220 4234 μᾶλλον
1247 4162 1339 4215 τδν
1389 4161 1784 4215 ἀποστείλαντα

183 4260 285 4312 ἐπὶ
320 4257 569 4312 πλούτου
609 4258 633 4289 ⁸
680 4254 941 4326 Θημῶνας
977 4253 1358 4325 θαυμάζεσθαι
1386 4253 1512 4326 χρή.
1562 4252 1653 4306 Διδ
1692 4250 1785 4305 καὶ

186 4353 371 4423 σκεύη
410 4350 557 4420 πρὸς
586 4348 800 4410 τούτοις
831 4349 925 4401 δύο
959 4349 1022 4401 ἐκ
1052 4345 1256 4419 χρυσοῦ
1300 4363 1359 4399 τε
1385 4346 1479 4399 καὶ
1504 4345 1671 4399 λίθων
1689 4362 1785 4401 που

1878 3158 1968 3213 ille
1987 3158 2191 3213 coleret
2229 3158 2388 3229 longe
2422 3165 2689 3233 tenacem,
2737 3157 2805 3212 ad
2859 3159 3083 3229 haecque
3133 3160 3447 3231 disputandi

1879 3249 2103 3305 solertia
2133 3262 2337 3313 acrem,
2380 3262 2503 3301 cum
2541 3247 2736 3316 primis
2767 3248 3047 3316 diligebat,
3080 3263 3145 3304 ac
3171 3265 3282 3318 pra:
3324 3267 3446 3304 om-

1880 3339 2041 3395 nibus
2088 3340 2174 3396 sui
2207 3338 2419 3396 ordinis
2463 3338 2705 3394 maximo
2737 3339 2790 3394 in
2842 3340 3051 3395 honore
3080 3340 3332 3396 habebat.
3366 3342 3451 3397 Ob

1882 3434 2024 3489 hanc
2050 3434 2235 3503 itaque
2278 3447 2499 3488 causam
2530 3432 2693 3488 etiam
2726 3432 2791 3487 ad
2832 3430 3004 3504 Syria:
3032 3434 3332 3504 principem
3369 3435 3449 3491 le-

1882 3524 2049 3594 gavit,
2099 3538 2223 3578 cum
2256 3521 2366 3577 alia
2417 3523 2572 3593 plura
2608 3522 2685 3577 illi
2719 3522 2985 3588 tribuens,
3019 3525 3220 3593 quibus
3253 3524 3453 3581 Roma-

1881 3633 2012 3672 num
2045 3617 2335 3688 imperium
2366 3616 2451 3674 sui
2486 3615 2906 3672 admirationem
2934 3618 3228 3672 consciseit
3261 3619 3456 3675 alieni-

1881 3724 2155 3779 genasque
2196 3708 2251 3765 in
2301 3718 2579 3779 stuporem
2615 3709 2747 3775 agit,
2785 3716 2901 3762 tum
2944 3724 3071 3763 vero
3117 3711 3279 3765 etiam
3332 3712 3455 3767 auri

1884 3799 2208 3855 immensam
2264 3814 2558 3864 summam,
2599 3810 2654 3856 et
2682 3815 2804 3869 quae
2831 3799 2954 3855 auri
2982 3803 3293 3858 ceintenaria
3316 3818 3456 3874 qua-

1886 3900 2011 3949 tuor
2036 3892 2347 3948 excederet.
2373 3891 2574 3947 Yerum
2599 3892 2783 3962 priora
2813 3891 3035 3961 quidem
3064 3895 3310 3949 muneris
3335 3896 3459 3951 loco

1890 3996 2301 4035 ameramnuna:
2341 3982 2507 4037 missa
2539 3990 2774 4035 :aurum
2804 3996 2935 4036 vero
2977 3982 3043 4036 ad
3070 3981 3304 4039 Joannis
3337 4001 3459 4040 mu-

1891 4074 2082 4129 nitlcas
2162 4072 2513 4141 elargitiones
2588 4074 2904 4142 spectabat,
2964 4078 3461 4149 ostentationisque

1889 4179 2056 4221 causa
2096 4163 2258 4220 simul
2304 4178 2369 4219 ac
2400 4164 2662 4234 augenda
2711 4166 3009 4236 opinionis.
3044 4165 3178 4221 Nam
3210 4169 3255 4221 si
3284 4169 3334 4223 ei
3364 4173 3458 4240 qui

1890 4257 2167 4329 legatione
2198 4255 2464 4327 fungitur,
2498 4256 2673 4312 instar
2703 4273 2884 4313 arente
2932 4274 3030 4328 pro
3076 4260 3231 4314 libito
3263 4275 3458 4315 aurum

1890 4351 2014 4407 licet
2042 4364 2319 4421 spargere,
2355 4347 2555 4419 potiori
2583 4348 2740 4418 longe
2770 4350 2999 4413 ratione,
3015 4351 3108 4419 qui
3141 4351 3460 4417 destinavit,

181 4442 448 4497 λυτιλῶν
466 4442 569 4511 τὴν
599 4440 860 4493 σύστασιν
891 4439 1102 4509 ἔχοντα,
1138 4438 1174 4493 ά
1203 4439 1236 4510 ἡ
1263 4436 1417 4509 κοινὴ
1451 4436 1664 4505 γλῶττα
1694 4438 1774 4491 καῖ

1887 4438 1961 4493 ob
2001 4416 2316 4493 divitiarum
2349 4416 2577 4493 acervos
2625 4416 2982 4508 ingentesque
3014 4416 3306 4497 thesauros
3347 4454 3467 4497 stu-

186 4536 265 4605 μὴ
288 4532 533 4603 καθαρά
573 4527 731 4585 καλεῐ
774 4528 1189 4601 χερνισόξεστα,
1238 4528 1388 4598 αὐτῷ
1440 4527 1783 4593 ἐπιδέδωκεν,

186 4626 481 4679 πάντοθεν
504 4623 741 4695 ἐξαίρων
763 4623 859 4675 τὸν
891 4621 1189 4675 ἀπόστολον
1213 4618 1377 4673 αὐτοῦ
1410 4619 1504 4672 καὶ
1542 4617 1783 4688 κοσμῶν.

186 4722 293 4783 Ὃς
332 4719 413 4789 δὴ
462 4717 803 4786 ἀφικόμενος
847 4716 941 4768 και
981 4714 1048 4767 τά
1080 4711 1265 4782 Βαγδά
1310 4710 1435 4783 ἄρτι
1465 4707 1789 4762 καταλαϐὼν

182 4812 370 4874 πολὺς
407 4810 516 4880 μὲν
537 4808 791 4877 ἐφαίνετο
821 4807 885 4860 ἐκ
908 4804 1006 4875 τῆς
1031 4804 1177 4857 ἔνδον
1209 4804 1488 4875 περινοίας
1512 4804 1604 4857 καὶ
1629 4802 1788 4871 λόγου

179 4903 281 4956 τοῦ
308 4899 681 4974 προσητικοῦ
714 4902 756 4966 ⁷,
783 4899 953 4963 πολὺς
978 4899 1031 4953 δέ
1060 4901 1122 4952 ἐκ
1148 4897 1241 4950 τοῦ
1268 4898 1466 4963 ἔξωθεν
1493 4896 1790 4950 ἐπανθοῦν-

182 5012 279 5057 τος
306 4993 570 5047 πλούτου
602 4992 753 5063 αὐτῷ
791 4992 889 5047 καὶ
936 4992 1295 5061 σεμνότητος,
1345 4990 1405 5043 οὐ
1462 4991 1634 5061 μικρά
1674 5008 1793 5043 τινα

178 5090 301 5149 τοίς
337 5083 857 5153 ἀποστελλομένοις
905 5083 1000 5134 καὶ
1043 5081 1181 5151 πρὸς
1220 5081 1383 5133 αὐτὸν
1433 5078 1660 5149 φοιτῶσι
1714 5079 1796 5132 δι·

178 5180 347 5243 ὗῶς,
396 5177 621 5247 μεγάλα
642 5177 699 5231 δέ
723 5177 818 5229 καὶ
836 5175 915 5247 τῷ
946 5174 1157 5245 βασιλεῖ
1178 5174 1287 5227 τῶν
1321 5173 1610 5243 Ῥωμαίων
1632 5172 1793 5245 μόνον

174 5272 554 5341 κατάλληλα.
595 5271 693 5324 Ἐκ
716 5268 912 5322 τούτου
942 5268 1287 5339 ἐθαυμάζετό
1309 5285 1387 5333 τε,
1412 5268 1506 5320 καὶ
1535 5267 1595 5319 τὸ
1628 5265 1792 5319 αὐτοῦ

176 5364 536 5435 διαπρύσιον
570 5363 821 5432 ἐγίγνετο
852 5362 1041 5433 ὄνομα.
1090 5360 1249 5415 Ἀλλά
1283 5360 1498 5430 πρῶτον
1530 5358 1631 5429 μὲν
1667 5358 1794 5428 ἄρτι

176 5463 303 5523 τοῖς
332 5457 530 5530 ὁρίοις
558 5457 668 5510 τῶν
700 5454 995 5529 βαρϐάρων
1022 5454 1270 5525 πρπόάς
1293 5451 1552 5523 ἐξέπληξέ
1581 5467 1640 5504 τε
1664 5450 1797 5504 πάν-

1894 4530 2012 4602 pori
2043 4529 2259 4586 futurus
2288 4537 2393 4586 est.
2428 4529 2637 4587 Idcirco
2660 4530 2826 4584 etiam
2856 4531 2964 4584 duo
2987 4545 3112 4585 vasa
3146 4547 3284 4587 auro
3317 4548 3467 4602 gem-

1894 4624 2112 4693 misque
2150 4630 2453 4694 compacta,
2490 4621 2607 4690 ipsa
2639 4621 2823 4693 lingua
2875 4622 3083 4690 vulgari
3110 4638 3176 4677 ac
3206 4640 3333 4694 quae
3361 4625 3469 4679 im-

1894 4715 2087 4786 purior
2115 4708 2396 4771 sit'Graeee
2424 4715 2571 4771 dicta
2614 4714 3002 4785 χερνισόξεστα
3048 4714 3173 4784 (nos
3205 4718 3467 4775 malluvia

1896 4808 2193 4878 dicamus),
2235 4819 2496 4878 praetcrea
2553 4808 2775 4874 tribuit;
2815 4822 2927 4877 quo
2958 4822 3120 4863 suum
3153 4809 3200 4865 is
3230 4810 3466 4882 legatum

1899 4900 2185 4971 magnifice
2227 4901 2399 4971 gloria
2438 4899 2658 4955 elerret
2696 4909 2859 4970 atque
2922 4900 3254 4958 honestaret.
3304 4906 3470 4960 Cum-

1898 5005 2005 5063 que
2044 4991 2180 5046 adeo
2250 4990 2491 5046 venisset
2543 5007 2607 5047 ac
2640 4990 2815 5064 Bagda
2863 4992 3141 5050 civitatem
3184 4994 3470 5065 ingressus

1900 5091 2064 5143 esset.
2095 5081 2310 5152 egregie
2357 5096 2425 5137 ex
2459 5084 2661 5143 mentis
2690 5083 2933 5147 solertia.
2973 5086 3471 5154 vaticiniorunique

1901 5173 2095 5243 peritia
2131 5172 2314 5227 clarus
2347 5172 2603 5239 habetur,
2650 5175 2866 5245 egregie
2910 5190 3130 5245 quoque
3164 5188 3237 5230 ex
3265 5173 3472 5229 divitiis

1899 5264 2160 5335 omnique
2202 5262 2458 5319 exteriori
2498 5264 2647 5318 cultu
2686 5278 2750 5318 ac
2778 5263 3102 5332 majestate;
3137 5277 3247 5316 non
3275 5261 3472 5330 exigua

1901 5356 2118 5425 quidem
2174 5356 2261 5411 his
2303 5356 2397 5425 qui
2439 5356 2507 5413 ad
2566 5371 2626 5413 se
2680 5356 2836 5412 missi
2874 5364 3060 5410 essent
3092 5363 3195 5411 aut
3226 5355 3319 5427 qui
3370 5356 3472 5427 ipsi

1897 5456 2088 5515 sponte
2133 5448 2348 5502 obviam
2386 5448 2635 5503 venirent
2672 5446 2945 5517 prazbens,
2997 5446 3093 5501 sed
3157 5447 3469 5519 ntagnilica,

1494 5624 1728 5679 VABUE
1768 5625 2169 5683 LECTIONES.

258 5751 287 5782 ⁸
311 5754 753 5824 τεσσαράκοντα
784 5765 933 5816 marg
958 5778 967 5793 ο
995 5746 1239 5803 Coniln-f.
1321 5748 1339 5777 ⁸
1377 5745 1596 5817 πλούτῳ
1631 5746 1711 5814 P.,
1739 5761 1885 5802 corr.
1917 5746 1969 5800 in
2006 5748 2273 5813 margine.
2349 5746 2368 5776 "
2401 5740 2777 5809 προφορικοῦῖ
