4038 6214
240 295 349 367 113

1019 306 1167 370 LIB.
1212 305 1323 365 III.
1365 330 1431 342 —
1463 303 1955 366 TBEOPHILUS
1991 304 2409 367 MICHAELIS
2448 306 2725 368 FILIUS.

3396 302 3503 373 ιιι

234 421 417 489 θνομα
446 417 544 472 τοῦ
590 419 1054 490 ἀρχιστρατήγου,
1081 422 1150 471 τὰ
1182 419 1238 472 δὲ
1268 418 1606 491 έκατέρωθεν
1632 418 1824 474 τούτου

1930 420 2110 490 gebat.
2161 417 2341 475 Unum
2379 422 2482 477 hoc
2521 423 2757 492 amplius
2810 424 3001 481 habuit
3028 420 3312 494 Theophili
3344 426 3503 480 moli-

235 529 319 575 εις
346 510 654 581 μαρτύρων
687 510 963 579 γυναικῶν
985 509 1157 578 άγίων
1181 511 1440 581 όνόματα.

1928 510 2026 577 tio,
2064 512 2209 582 quod
2260 512 2329 567 ad
2384 528 2601 570 sacrum
2668 514 2979 572 cubiculum
3016 517 3119 573 sub
3162 518 3506 572 invocatione

231 607 611 660 sanctissima:
647 602 894 660 Domina:
931 613 1131 660 nostrae
1160 604 1253 660 Dei
1279 603 1571 659 Genitrieis
1632 619 1845 660 sacram
1885 604 2057 659 adem
2127 606 2419 673 exstruxit,
2478 618 2535 662 ut
2580 618 2633 662 et
2673 609 2934 679 templum
2990 609 3102 680 99
3156 608 3501 665 triconchum

234 716 332 770 pro
365 698 567 767 palatii
603 699 746 754 atrio
772 700 941 768 (velut
971 700 1170 771 triplici
1217 702 1449 771 apside).
1482 702 1639 772 longe
1684 701 1815 756 illud
1855 700 2284 771 pulcherrimum
2318 716 2383 759 ac
2411 704 2597 760 multis
2624 704 2765 761 mole
2834 714 3119 775 praestans.
3188 707 3265 763 Ac
3329 707 3505 763 media

234 794 461 863 quidem
488 793 741 863 porticus
802 794 1043 849 cmlestis
1103 794 1311 850 militia:
1331 794 1594 865 principis
1621 794 1898 852 Michaelis
1945 795 2163 851 nomine
2190 797 2369 851 dicata
2402 806 2514 864 est;
2544 799 2799 868 utrinque
2831 814 2960 853 vero
2983 800 3189 869 positae,
3221 814 3503 855 sacrarum

243 889 539 946 mulierum
564 889 762 945 dicatae
787 890 1027 955 nomine,
1048 906 1171 960 qua:
1207 892 1337 961 ipsa:
1367 892 1628 961 martyria
1661 891 2002 953 dedicarunt.

316 978 366 1036 t'.
398 981 514 1034 Καὶ
547 980 680 1050 περὶ
720 980 824 1052 μὶν
854 980 924 1033 τὰ
952 980 1177 1034 τοιαῦτα
1208 980 1382 1034 ἐδόκει
1410 998 1473 1033 τε
1499 981 1596 1035 καὶ
1639 982 1824 1052 ἐνομί-

248 1074 366 1137 ζετο
391 1072 833 1143 μεγαλοπρεπὴς
860 1072 890 1124 6
921 1072 1179 1141 Θεόφιλος
1202 1074 1298 1127 καὶ
1325 1072 1665 1144 θαυμαστός
1698 1074 1827 1146 περὶ

247 1165 299 1217 δὲ
322 1164 449 1227 τοὺς
480 1164 713 1226 πιστοὺς
741 1164 892 1233 ἡμᾶς
916 1163 1013 1217 καὶ
1037 1164 1165 1228 τοὺς
1195 1165 1293 1231 τὰς
1326 1166 1533 1229 σεπτάς
1559 1167 1653 1220 καὶ
1673 1166 1825 1230 θείας

245 1254 456 1318 εἰκόνας
486 1254 935 1325 προσκυνοῦντας
964 1248 1110 1317 οἶοςι
1169 1256 1258 1319 Ὠς
1294 1255 1570 1328 βάρϐαρός
1616 1273 1701 1320 τις
1731 1258 1825 1311 καὶ

240 1348 540 1418 αὐστηρὸς,
576 1346 792 1410 πάντας
820 1347 1130 1418 παρελάσαι
1161 1347 1484 1417 φιλονεικῶν
1532 1350 1625 1403 ἐπὶ
1649 1351 1824 1421 τούτῳ

237 1442 474 1505 δεινούς.
511 1441 580 1494 Ol.
609 1440 711 1510 μὲν
737 1440 850 1511 γὰρ
882 1441 991 1511 πρὸ
1034 1440 1201 1495 αὐτοῦ
1248 1442 1423 1511 (Λέων
1451 1441 1513 1495 δι
1545 1437 1686 1513 ἦσαν
1728 1443 1823 1496 καὶ

236 1532 519 1605 Μιχαὴλό
567 1531 761 1586 τούτου
819 1532 1026 1605 πατὴρ)
1071 1536 1100 1585 6
1136 1533 1235 1603 μὲν
1273 1532 1560 1587 ιθέσπισεν
1601 1536 1674 1606 μή
1723 1552 1828 1588 τινι

234 1626 340 1679 τῶν
364 1623 781 1696 γεγραμμένων
825 1624 1072 1691 εἰκόνων,
1109 1625 1213 1679 κᾶν
1259 1626 1314 1679 ετ
1342 1643 1445 1680 που
1478 1627 1826 1698 γραφόμεναι

234 1716 476 1787 τύχοιεν,
508 1716 610 1786 τὴν
658 1716 830 1785 ἅγιος
862 1716 1048 1789 φωνὴν
1093 1718 1548 1789 ἑγχαράττεσθαι,
1603 1719 1681 1782 ὡς
1725 1720 1825 1774 οὐκ

2007 984 2093 1039 10.
2120 986 2296 1056 Atque
2325 985 2409 1041 his
2439 985 2659 1056 quidem
2683 984 2737 1040 in
2774 985 2936 1040 rebus
2982 985 3252 1057 magniﬁci
3306 1002 3502 1040 nomen

1933 1076 2460 1146 admirationemqne
2490 1076 2689 1131 meruit
2730 1074 3108 1144 Theophilus:
3150 1092 3278 1145 erga
3321 1073 3504 1131 fideles

1932 1182 2086 1233 vero,
2125 1182 2188 1221 ac
2214 1169 2307 1237 qui
2331 1167 2671 1223 venerandas
2708 1181 3007 1236 sacrasque
3052 1166 3317 1237 imagines
3356 1167 3504 1223 cole—

1934 1264 2073 1318 rent,
2112 1256 2329 1325 qualem
2362 1272 2420 1312 se
2448 1255 2742 1311 exhibuit?
2781 1256 2949 1310 Plane
2994 1262 3055 1310 ut
3082 1255 3375 1311 barbarum
3402 1258 3505 1311 du-

1932 1362 2185 1417 rumque,
2222 1363 2287 1403 ac
2314 1348 2407 1417 qui
2438 1347 2754 1403 d‘ecessores
2790 1362 2983 1403 omnes
3020 1358 3280 1419 tyrannos
3306 1362 3371 1403 eo
3415 1365 3505 1402 no-

1934 1439 2080 1494 mine
2120 1439 2356 1509 odioque
2396 1454 2657 1509 superare
2700 1440 3072 1495 contenderet.
3126 1438 3371 1496 Fuerunt
3428 1440 3502 1495 illi

1933 1527 2045 1583 Leo
2083 1544 2148 1585 ac
2177 1528 2407 1585 Michael
2434 1529 2552 1601 ejus
2588 1540 2763 1600 pater,
2790 1531 2948 1598 cuius
2991 1531 3201 1587 sanctio
3241 1532 3419 1589 fuerat
3449 1544 3507 1588 ut

1931 1620 2065 1676 nulli
2097 1621 2364 1690 pictarum
2411 1622 2733 1691 imaginum,
2776 1623 2972 1691 quovis
3026 1624 3129 1678 illm
3176 1625 3299 1681 loco
3348 1627 3508 1697 picta:

1933 1714 2307 1779 haberentur,
2372 1728 2571 1770 nomen
2631 1723 2844 1768 sanctus
2894 1713 3313 1783 ascriberetur;
3358 1720 3503 1786 quod

233 1809 381 1879 ἄλλῳ
407 1810 522 1863 τινὶ
549 1810 761 1879 ταύτην
788 1810 1020 1881 ἁρμόζει
1058 1810 1461 1881 ἐπιγράφεσθαι
1490 1812 1523 1883 ἢ
1551 1813 1629 1884 τῷ
1664 1813 1825 1883 Θείῳ,

1934 1820 2057 1859 eum
2089 1805 2305 1859 titulum
2365 1819 2429 1860 ac
2461 1819 2649 1860 vocem
2689 1804 2783 1858 uni
2822 1805 3085 1860 duntaxat
3140 1805 3249 1860 Deo
3307 1821 3505 1862 conve-

232 1902 336 1955 οὐκ
356 1901 640 1972 εὐστόχως
659 1901 841 1971 βαλὼν
862 1900 940 1972 τῷ
959 1902 1037 1975 νῷ
1059 1921 1073 1935 ·
1095 1903 1213 1967 πῶς
1236 1903 1364 1975 γὰρ,
1397 1903 1514 1972 εἴγε
1537 1904 1632 1958 καὶ
1657 1905 1828 1975 αὐτῆς

228 1996 332 2061 τῆς
367 1994 519 2061 Θεὸς
542 1995 730 2063 φωνῆς
758 1993 1108 2066 ὑψηλοτέρας
1141 1994 1311 2067 οθσης
1341 1996 1608 2065 μεταδοὺς
1633 1999 1661 2051 6
1694 1997 1825 2061 Θεδς

226 2090 353 2151 τοῖς
386 2087 718 2158 ἀνθρώποις,
744 2090 862 2150 τοϊς
882 2088 945 2142 οὐ
977 2089 1161 2159 φύσει,
1190 2089 1331 2153 θεοῖς
1356 2090 1412 2144 δέ
1445 2090 1491 2123 ’⁸
1515 2108 1680 2161 φημι,
1712 2091 1826 2160 εῐγε

231 2178 418 2243 αὐτὸς
438 2179 530 2233 διὰ
556 2178 648 2233 τοῦ
664 2180 947 2251 προφήτου
968 2175 1039 2252 ἦν
1062 2181 1091 2234 6
1113 2180 1508 2251 φθεγξάμενος,
1536 2182 1634 2251 τῆς
1658 2181 1826 2248 ἅγιος

230 2270 617 2341 ἀποστερήσει
644 2269 1037 2342 ταπεινοτέρας
1063 2270 1231 2343 οὔσης
1261 2272 1403 2326 κατὰ
1426 2272 1559 2326 πολύ
1586 2290 1601 2340 ;
1636 2273 1774 2344 πλὴν
1798 2274 1827 2327 6

230 2363 340 2431 μὲν
365 2361 551 2427 τοῦτο,
589 2364 747 2433 φησὶ,
784 2364 1051 2429 θεσπίσας
1074 2358 1165 2436 ἦν,
1203 2364 1399 2435 ἅτερος
1433 2366 1491 2419 δὲ
1522 2368 1551 2419 6
1578 2367 1731 2422 Λέων
1765 2366 1827 2420 τὸ

228 2455 376 2525 μηδὲ
429 2456 898 2524 προσκυνεῖσθαι·
955 2457 1104 2526 Ἐγὼ
1138 2457 1206 2510 δὲ
1235 2458 1303 2512 τὸ
1356 2457 1512 2527 μηδὲ
1559 2457 1826 2529 χρώμασι

226 2547 464 2611 ταύτης
519 2547 863 2601 τυποῦσθαι
929 2565 993 2601 τε
1040 2548 1138 2601 καί
1196 2547 1599 2618 μορφάζεσθαι
1625 2592 1639 2615 ,
1678 2550 1827 2605 καθὸ

227 2636 581 2706 χαμαιπετῆ
612 2636 759 2693 ὄντα
787 2640 860 2692 οὐ
888 2640 1005 2707 χρὴ
1045 2640 1195 2709 πρὸς
1233 2639 1422 2694 ταῦτα
1471 2642 1824 2710 ἐπτοῆσθαι,

224 2728 389 2794 πρὸς
415 2729 623 2795 μόνην
652 2726 723 2780 δὲ
744 2727 862 2795 τὴν
900 2729 1192 2797 ἀλήθειαν
1221 2731 1496 2786 σκοπεῖν.
1547 2733 1827 2788 Ἐντεῦθεν

222 2815 319 2873 οὖν
345 2818 704 2889 καθῃροῦντο
737 2819 836 2890 μὲν
867 2821 1008 2875 κατὰ
1040 2824 1218 2878 πᾶσαν
1264 2823 1566 2893 ἐκκλησίαν
1593 2827 1648 2879 al
1685 2825 1826 2880 θεῖαι

226 2910 474 2981 μορφαὶ,
505 2909 676 2980 θηρία
701 2910 759 2963 δὲ
800 2913 893 2965 καὶ
932 2911 1145 2983 ὄρνιθες
1191 2913 1313 2966 ἀντὶ
1357 2913 1563 2967 τούτων
1594 2916 1825 2986 ἀνεστη-

225 3001 433 3056 λοῦντο
466 3001 565 3055 καὶ
596 3002 983 3071 ινεγράφοντο,
1020 3004 1122 3075 τὴν
1151 3004 1399 3077 θηριώδη
1434 3008 1529 3061 καὶ
1558 3007 1827 3079 ἀνδραπο-

221 3093 377 3163 διέιδη
415 3092 614 3147 τούτου
654 3093 898 3148 διάνοιαν
932 3094 1305 3167 ἐξελέγχοντα.
1350 3097 1637 3152 Ἐντεῦθεν
1666 3100 1826 3169 βεϐή-

222 3183 339 3246 λοις
363 3158 544 3253 ⁷χερσὶ
589 3183 662 3236 δι’
690 3186 900 3254 ἀγορᾶς
924 3158 993 3239 τά
1025 3158 1155 3255 ἱερά
1177 3187 1441 3257 κειμήλια
1471 3158 1826 3258 ἐφυϐρίζοντο
1852 3158 1899 3219 C

222 3276 320 3329 καὶ
348 3274 543 3336 ἄλλως
570 3276 932 3345 ἑρῤιπτοῦντο
953 3278 1093 3331 κατὰ
1121 3277 1221 3348 τῆς
1252 3278 1358 3347 γῆς
1385 3281 1521 3350 πυρὶ
1547 3279 1824 3349 διδόμενα,

225 3370 320 3422 καὶ
357 3368 529 3422 κοινὰ
561 3367 632 3421 τὰ
658 3369 817 3439 τίμια
848 3369 1176 3437 ἐλογίζοντο,
1207 3371 1304 3425 ὅσα
1331 3371 1430 3436 τὰς
1459 3371 1608 3436 θείας
1634 3372 1827 3445 ἔφερον

222 3459 736 3529 ιγκεκολαμμένας
773 3462 1008 3533 μορφάς.
1062 3463 1340 3518 Ἐντεῦθεν
1385 3466 1566 3538 πλήρη
1611 3466 1713 3537 μὲν
1759 3468 1829 3521 τὰ

224 3552 501 3605 πολιτικὰ
530 3552 888 3626 δεσμωτήρια
914 3554 1023 3607 τῶν
1048 3556 1137 3610 διὰ
1156 3558 1323 3628 τιμῆς
1351 3558 1595 3626 ἀγόντων
1634 3560 1826 3627 αὐτὰς,

225 3642 334 3696 τῶν
385 3644 742 3715 γραφόντων,
793 3646 904 3698 τῶν
942 3646 1306 3717 μοναζόντων,
1349 3651 1457 3705 τῶν
1488 3652 1825 3719 ἐπισκόπων,

223 3737 336 3791 τῶν
357 3736 674 3807 ποιμένων,
702 3739 810 3791 τῶν
839 3742 1301 3811 ποιμαινομένων,
1334 3742 1517 3815 πλήρη
1537 3744 1595 3798 δὲ
1630 3746 1697 3799 τὰ
1725 3744 1826 3817 ὅρη

224 3846 282 3881 τε
323 3830 431 3883 καὶ
470 3831 547 3883 τά
573 3829 819 3900 σπήλαια
844 3830 953 3884 τῶν
980 3832 1055 3895 ὡς
1075 3833 1401 3904 κακούργων
1427 3835 1827 3907 ἀναιρεθέντων

222 3920 379 3994 λιμῷ
410 3938 475 3973 τε
496 3922 597 3973 καὶ
630 3920 796 3991 δίψει,
830 3922 925 3976 καὶ
952 3922 1061 3975 τῶν
1087 3925 1151 3977 ἑκ
1183 3926 1496 3997 πολιορκίας
1529 3927 1709 3998 δεινῆς
1726 3929 1827 4001 οῦκ

224 4012 314 4065 ἐπ’
350 4011 613 4068 ἔλαττον.
643 4014 810 4083 Ἀρτι
833 4013 943 4084 γὰρ
974 4013 1214 4079 ἀϐάτους
1253 4017 1541 4087 τηρεῖσθαι
1571 4022 1682 4082 τοῖς
1732 4035 1828 4089 μο-

222 4109 421 4177 ναχοίς
435 4107 542 4170 τὰς
562 4106 750 4170 πόλεις
771 4108 1257 4179 ἐγκελευσάμενος,
1284 4112 1378 4165 καὶ
1401 4113 1578 4183 πάντη
1603 4112 1828 4176 τούτους

218 4202 297 4265 ὡς
329 4201 725 4271 ἀποτρόπαιον
752 4201 1155 4258 ἀπελαύνεσθαι
1188 4206 1478 4269 θεσπίσας.
1521 4207 1654 4261 ἀλλὰ
1690 4207 1825 4278 μηδὲ

222 4294 378 4346 κατὰ
431 4294 625 4364 χώραν
674 4294 906 4362 δρᾶσθαι
962 4297 1186 4369 τολμᾷν,
1240 4299 1326 4371 μ’.
1382 4299 1472 4371 63]
1532 4301 1827 4370 εἰργάσατο

218 4380 445 4434 τούτων
470 4382 544 4435 τὰ
577 4384 919 4454 μοναστήρια
968 4387 1061 4439 καὶ
1100 4389 1479 4459 ἡσυχαστήρια
1515 4390 1827 4459 περιφανῶς

216 4472 575 4568 πολυάνδρια
609 4477 706 4568 καὶ
739 4477 983 4546 κοσμικὰ
1026 4480 1367 4548 καταγώγια.
1402 4481 1561 4541 Τινὲς
1592 4483 1690 4552 μὲν
1717 4482 1823 4552 γὰρ
1857 4514 1901 4568 D

218 4566 420 4619 αὐτῶν
457 4567 757 4638 προδοῦναι
790 4568 888 4640 τὴν
937 4571 1142 4641 ἀρετὴν
1172 4574 1267 4624 καὶ
1299 4570 1358 4624 τὸ
1410 4574 1559 4641 ἱερὸν
1621 4574 1824 4640 ἔνδυμα

213 4658 511 4727 οὐμενοῦν
567 4660 821 4724 θέλοντες
858 4662 1003 4733 λιμῷ
1046 4663 1307 4726 τακέντες
1358 4666 1451 4716 καὶ
1505 4666 1825 4734 κακουχίαις

218 4752 493 4814 ἐξέλιπον
521 4767 535 4779 ·
583 4754 635 4805 oi.
691 4753 748 4805 δὲ
800 4754 937 4823 πρὸς
987 4756 1238 4810 τοσοῦτον
1285 4756 1474 4825 ἀγῶνα
1531 4758 1655 4827 μηδ’
1698 4759 1825 4812 ἀντ-

215 4861 247 4895 ο
264 4846 548 4914 ,θαλμετν
570 4845 869 4915 δυνάμενοι
892 4846 1001 4899 τῶν
1023 4848 1340 4920 ἐνδυμάτων
1376 4848 1477 4917 μὲν
1511 4850 1827 4919 κατωλιγώ-

219 4953 438 5005 ρησαν.
466 4938 572 5007 τὴν
599 4937 813 4991 ἑαυτῶν
855 4939 911 4991 δὲ
944 4943 1219 5011 σωτηρίαν
1268 4958 1384 5005 πως
1422 4940 1785 5013 ᾡκονόμησαν
1808 4958 1823 4973 ’

208 5031 421 5101 ἕτεροι
471 5031 533 5084 δι
587 5030 966 5102 ῥᾳθυμότερον
1017 5033 1308 5098 διαζῶντες
1354 5036 1446 5088 τὸν
1494 5034 1682 5089 ἄνετον
1731 5037 1825 5089 καὶ

210 5120 604 5190 ἐκλελυμένον
647 5121 967 5191 ἠσπάσαντο
1004 5122 1137 5192 βίον,
1178 5124 1287 5177 τῶν
1321 5125 1482 5178 θείων
1508 5126 1695 5194 ῦμνων
1732 5125 1826 5181 καὶ

208 5214 395 5280 ᾠδῶν
421 5215 517 5267 καὶ
555 5215 871 5283 ὲσθήματος
922 5215 1336 5285 ἀφειδήσαντες,
1369 5216 1430 5269 τὸ
1464 5216 1507 5250 ⁸⁸
1536 5218 1670 5288 μηδὲ
1701 5217 1825 5270 τούς

212 5322 360 5367 τους
394 5304 671 5360 τελεῖσθαι
720 5308 848 5369 τοὺς
880 5307 1169 5374 συλλόγους
1208 5308 1299 5361 τὸν
1337 5309 1598 5378 τύραννον
1634 5309 1817 5379 βούλε-

213 5397 387 5458 σθαι,
415 5397 451 5451 ἃ
484 5399 751 5463 πολλάκις
777 5401 871 5453 καὶ
899 5402 1032 5469 μόνα
1072 5401 1326 5455 δύνανται
1358 5407 1550 5474 τηρεῖν
1586 5408 1675 5459 καὶ
1712 5401 1823 5457 οἷον

296 5570 321 5597 ε
382 5558 518 5613 l’aal.
559 5576 751 5619 Lxxxt.
787 5562 837 5613 6.

1933 1900 2049 1951 nire
2080 1897 2458 1962 arbitraretur,
2485 1912 2593 1953 non
2626 1896 2769 1954 felici
2799 1896 2933 1955 satis
2964 1899 3304 1968 conjectura.
3350 1897 3506 1965 Quo-

1930 1988 2095 2044 modo
2127 1992 2295 2056 enim,
2327 2005 2452 2044 cum
2500 1998 2554 2044 et
2597 2004 2787 2045 vocem
2847 1988 2987 2044 Deus
3023 1990 3183 2062 longe
3224 1989 3507 2047 sublimio-

1929 2096 2068 2143 rem,
2126 2079 2463 2147 hominibus,
2518 2096 2625 2135 non
2666 2090 2857 2136 natura
2902 2081 2998 2137 sed
3052 2080 3344 2152 adoptione
3399 2080 3505 2136 diis

1930 2174 2075 2230 Deus
2103 2173 2402 2245 impartiat,
2454 2172 2725 2243 siquidem
2760 2172 2877 2244 ipse
2905 2187 2998 2242 per
3025 2172 3347 2242 prophetam
3381 2170 3458 2227 ait
3487 2190 3501 2227 :

1929 2268 2041 2340 Ego
2111 2269 2247 2333 dixi,
2296 2268 2384 2323 Dii
2416 2268 2541 2324 estis
2568 2278 2611 2333 ',
2676 2268 2851 2325 sancti
2901 2282 3086 2323 v0cem
3124 2266 3283 2338 longe
3354 2264 3508 2336 abie-

1930 2363 2159 2418 ctiorem
2215 2362 2301 2418 his
2358 2362 2596 2416 ablatam
2677 2358 3013 2415 velitlllzec
3060 2359 3342 2414 enimvero
3402 2354 3506 2411 Mi-

1927 2455 2134 2510 chaelis
2208 2454 2293 2509 lex
2360 2463 2525 2524 atque
2585 2453 2818 2508 sanctio.
2895 2452 3046 2505 Alter
3126 2464 3302 2516 vero,
3357 2449 3503 2504 scili-

1929 2556 2011 2602 cet
2046 2546 2176 2612 Leo,
2210 2545 2416 2599 nullam
2472 2544 2554 2597 eis
2585 2542 2992 2596 venerationem
3026 2540 3328 2594 habendam
3373 2554 3507 2593 cou-

1930 2639 2207 2695 stituerat.
2242 2639 2309 2692 At
2340 2653 2454 2708 ego,
2486 2634 2682 2705 inquit,
2700 2633 2863 2703 jubeo
2887 2648 2948 2686 ne
2984 2630 3249 2686 coloribus
3293 2630 3506 2701 quidem

1927 2748 2039 2787 esse
2071 2730 2384 2802 pingendas,
2411 2744 2469 2782 eo
2499 2728 2757 2798 quodnon
2792 2726 2968 2779 deceat
2993 2722 3238 2777 humilem
3283 2724 3505 2792 degene-

1929 2826 2076 2895 rique
2095 2822 2263 2876 animi
2283 2821 2551 2891 proposito
2578 2834 2751 2871 rerum
2796 2814 3113 2885 ejuscemodi
3150 2812 3508 2868 admiratione

1928 2917 2108 2987 deﬁgi,
2149 2916 2305 2985 inque
2338 2912 2508 2968 solam
2542 2911 2812 2965 verilatem
2844 2909 3016 2963 omnis
3049 2907 3234 2961 mentis
3283 2907 3507 2960 intentio

1928 3007 2205 3077 dirigenda
2221 3007 2308 3059 ait.
2341 3003 2548 3058 Divina:
2577 3003 2759 3071 itaque
2806 2998 3077 3069 eﬂigiesin
3096 2997 3309 3053 cunctis
3331 2995 3508 3052 eccle-

1931 3101 2026 3155 siis
2048 3097 2473 3169 dejieiebantur,
2489 3108 2788 3163 earumque
2810 3093 2933 3147 loco
2956 3090 3250 3146 bestiarum
3295 3089 3476 3143 avium
3493 3116 3509 3128 -

1930 3204 2035 3260 que
2066 3188 2361 3242 simulacra
2390 3187 2740 3253 erigebantur
2784 3198 2848 3238 ae
2896 3183 3058 3252 pictis
3110 3180 3390 3235 coloribus
3416 3194 3505 3232 re-

1930 3278 2434 3348 prwsentabantur,
2499 3275 2793 3330 belluinain
2849 3274 3007 3343 100
3062 3287 3128 3327 ac
3184 3271 3504 3326 illiberalem

1930 3369 2223 3442 Theophili
2264 3368 2547 3440 arguentia
2578 3366 2875 3422 insaniam.
2908 3363 3117 3419 Exinde
3157 3375 3507 3419 sacrosancta

1929 3466 2159 3521 donaria
2196 3464 2249 3518 in
2286 3461 2406 3517 foro
2437 3460 2668 3531 impuris
2696 3458 2953 3515 manibus
2990 3456 3352 3528 ignominioso
3393 3462 3507 3509 tra-

1928 3558 2223 3613 ctabantur
2256 3569 2319 3609 ac
2355 3563 2563 3609 temere
2592 3551 2646 3607 in
2712 3561 2915 3607 terram
2969 3548 3317 3620 iactabantur
3366 3546 3510 3618 igni-

1929 3665 2035 3720 que
2065 3648 2440 3713 tradebantur,
2471 3644 2808 3717 profanaque
2843 3658 2908 3699 ac
2929 3640 3243 3698 communia
3271 3638 3510 3710 pretiosa

1929 3743 2171 3813 reposita
2190 3758 2254 3797 ac
2281 3741 2493 3796 cimelia
2525 3739 2890 3804 habebantur,
2926 3750 3267 3806 quaecunque
3294 3732 3511 3788 divinas

1930 3834 2138 3891 formas
2170 3833 2439 3905 insculpta
2474 3831 2769 3887 habebant.
2821 3828 2960 3884 Hinc
3009 3826 3210 3897 publici
3254 3838 3507 3880 carceres

1931 3930 1998 3984 iis
2030 3928 2171 3999 pleni
2216 3928 2310 3997 qui
2368 3926 2574 3981 cultum
2619 3924 2728 3979 illis
2766 3921 3121 3985 adhibebant,
3179 3916 3506 3989 pictoribus,

1930 4015 2241 4080 monachis,
2270 4014 2565 4084 episcopis,
2605 4011 2936 4082 pastoribus,
2994 4008 3250 4064 subditis.
3296 4004 3510 4060 Montes

1931 4121 2149 4177 quoque
2200 4119 2264 4159 ac
2313 4104 2588 4174 spelunca:
2645 4102 2713 4158 iis
2775 4101 3147 4174 replebantur,
3214 4098 3307 4168 qui
3364 4094 3512 4151 velut

1931 4198 2165 4256 malelici
2221 4195 2365 4251 fame
2394 4206 2448 4250 et
2478 4196 2590 4259 siti,
2618 4195 2763 4250 haud
2803 4210 2962 4250 secus
3014 4206 3077 4247 ac
3107 4191 3161 4245 in
3223 4187 3508 4243 obsidione

1929 4293 2141 4357 hostili,
2182 4291 2299 4345 dire
2349 4288 2807 4345 conticiebantur.
2860 4286 2997 4342 Cum
3026 4282 3198 4338 'enim
3235 4279 3509 4334 sanxisset

1932 4406 1998 4444 ne
2028 4386 2313 4443 monachis
2347 4384 2513 4437 ullam
2552 4382 2605 4435 in
2638 4381 2827 4435 urbem
2862 4380 3000 4433 liber
3032 4374 3501 4443 essetingressus,

1930 4490 1984 4536 et
2018 4492 2076 4535 ut
2106 4478 2254 4534 velut
2286 4475 2475 4531 mundi
2519 4472 2734 4545 piacula
2788 4470 3014 4525 omnino
3066 4472 3404 4527 arcerentur,
3444 4479 3509 4517 ac

1931 4588 2000 4627 ne
2046 4572 2159 4626 ruri
2212 4569 2429 4641 quidem
2472 4576 2589 4620 tuto
2617 4562 2790 4617 videri
2846 4560 3177 4621 sinerentur,
3206 4570 3270 4611 ea
3322 4553 3508 4622 utique
3560 4636 3566 4642 ἢ

1928 4664 2211 4718 molitione
2246 4670 2411 4730 atque
2458 4671 2623 4727 opera
2657 4668 2848 4709 eorum
2908 4647 3239 4704 monasteria
3274 4646 3503 4715 locaque

1928 4752 2213 4810 solitudini
2246 4768 2311 4807 ac
2336 4750 2553 4805 silentio
2580 4746 2757 4802 dedita
2807 4752 3150 4798 mortuorum
3199 4741 3378 4810 palam
3420 4752 3505 4794 se-

1928 4847 2115 4919 pulcra
2203 4842 2441 4899 reddidit
2520 4838 2977 4906 saeculariumque
3045 4833 3302 4903 hospitia.
3368 4827 3529 4889 Nazn.

1928 4942 2150 5014 quidam
2184 4952 2399 5001 eorum,
2436 4949 2561 4989 cum
2589 4941 2648 4986 ut
2681 4931 2936 4985 virtutem
2993 4940 3321 4996 sacrumque
3355 4923 3509 4978 habi-
3548 4940 3551 4943 λ

1931 5046 2044 5089 tum
2106 5029 2400 5102 proderent
2445 5025 2629 5082 induci
2691 5039 2798 5079 non
2857 5030 3099 5093 possent,
3126 5020 3269 5073 fame
3316 5028 3509 5070 terum-

1930 5126 2127 5193 nisque
2160 5117 2392 5175 coniecti
2410 5116 2762 5173 defecerunt:
2788 5113 2877 5168 alii
2899 5127 3029 5166 vero
3048 5118 3200 5165 tanto
3223 5103 3505 5193 certamini

1930 5192 2189 5285 impares.
2220 5226 2282 5265 ac
2326 5225 2425 5265 nec
2480 5207 2768 5261 adversum
2806 5203 2926 5258 ausi
2979 5198 3199 5261 intueri,
3254 5192 3499 5249 habitum

1930 5308 2147 5379 quidem
2180 5303 2556 5374 neglexerunt,
2588 5312 2743 5354 suam
2776 5306 2953 5349 tamen
2982 5292 3211 5346 salutem
3254 5300 3507 5379 quoquo-

1935 5378 2097 5458 tnodo
2133 5401 2493 5469 procurarunt
2522 5410 2534 5447 :
2562 5388 2897 5456 aliidenique
2913 5383 3133 5455 segnius
3166 5382 3329 5437 vitam
3354 5378 3509 5434 insti-

1544 5657 1583 5709 γ
1596 5656 1777 5711 Alli/I5
1808 5652 2211 5711 LECTIONES.

336 5746 395 5779 ⁸⁸
420 5748 476 5804 οὐ
504 5752 676 5822 φύσει
708 5752 870 5817 θεοῖς,
908 5751 1055 5805 θέσει
1080 5751 1132 5805 δέ
1160 5753 1451 5820 interpres.
1557 5754 1594 5783 ’ί
1627 5753 1743 5822 gift?
