4038 6214
443 251 552 326 Ῑίδ

1542 260 2052 322 THEOPHANES
2096 259 2653 324 CONTINUATUS.

3593 253 3696 319 116

441 380 681 438 tuentes,
713 370 940 428 delicias
994 386 1060 429 ac
1107 372 1390 429 luxuriam
1432 371 1732 428 consectati
1761 382 1911 437 sunt,
1959 388 2026 427 ne

2151 375 2344 443 ςαλινός
2367 390 2454 438 τις
2480 369 2623 428 εῖναι
2662 377 2775 440 τοῖς
2812 376 2952 447 πρὸς
2993 374 3062 428 τὰ
3086 374 3230 429 πάθη
3264 373 3513 437 ἀτάκτως
3556 391 3702 427 κατ-

388 510 398 519 .
440 464 751 519 divinarum
787 465 1009 535 quidem
1058 464 1280 519 laudum
1314 473 1370 519 et
1397 463 1735 525 canticorum
1770 463 2016 518 habitus-

2124 463 2540 519 ολισθαίνουσιν.

440 571 549 626 que
573 557 841 617 rationem
872 558 1153 621 habentes,
1183 572 1250 613 eo
1296 556 1441 627 quod
1499 556 1584 621 his
1636 571 1858 627 quoque
1909 558 2273 613 conventibus
2339 568 2604 630 tyrannus
2650 558 2760 614 illis
2805 556 3153 613 interdictum
3220 552 3403 620 vellet,
3468 553 3563 624 qui
3612 561 3701 613 vel

442 649 542 704 soli
572 663 680 703 non
712 665 837 704 raro
870 664 1087 704 servare
1129 650 1343 720 possint
1370 664 1436 705 ac
1478 649 1627 705 velut
1664 648 1880 705 frenum
1931 661 2135 707 temere
2180 652 2233 705 in
2265 651 2393 707 vitia
2435 651 2779 721 prolabentes
2807 658 3109 706 coerceant.

518 742 671 811 101
705 743 791 797 Η.
822 741 931 797 Nec
962 751 1144 797 tamen
1174 743 1291 798 lieri
1324 754 1533 814 poterat
1576 752 1637 798 ut
1680 758 1905 814 prorsus
1951 759 2019 798 ex

445 832 682 887 humana
742 833 852 897 vita
901 833 1117 889 dicendi
1149 834 1375 890 libertas
1412 835 1663 902 egsulata
1720 834 2019 890 videretur.

449 924 555 980 Sed
583 940 769 979 eorum
807 925 900 995 qui
931 926 1129 995 majori
1155 924 1370 983 fervore
1408 927 1765 993 ducebantur,
1802 927 2021 996 quidam

446 1014 666 1083 singuli,
701 1015 921 1085 quidam
956 1031 1086 1071 vero
1107 1015 1355 1075 cenferlo
1388 1017 1627 1086 agmine,
1657 1019 1821 1095 veluti
1847 1018 2023 1077 Abra-

444 1104 663 1161 hamitat
701 1108 976 1174 monachi,
1006 1107 1281 1167 hominem
1313 1108 1648 1173 adorientes,
1691 1109 1926 1171 erudite,
1960 1123 2027 1164 ac

446 1205 565 1251 tum
600 1214 667 1252 ex
709 1207 1023 1255 sanctorum
1060 1198 1281 1253 Patrum
1304 1199 1488 1263 dictis.
1526 1200 1834 1255 admirandi
1865 1199 2025 1254 nimi-

448 1304 573 1343 rum
612 1288 853 1362 Dionysii
891 1302 945 1347 et
1000 1290 1278 1348 llierothei
1339 1307 1405 1347 ac
1437 1290 1649 1357 lrentei,
1677 1292 2026 1348 demonstra-

451 1390 582 1437 runt
598 1398 702 1436 non
726 1400 901 1455 nuper
928 1400 993 1441 ac
1017 1400 1207 1442 recens
1236 1384 1582 1443 adinventam
1625 1387 2027 1442 monachorum

451 1474 671 1529 vivendi
702 1476 970 1531 rationem
1023 1486 1078 1532 et
1106 1476 1480 1547 disciplinam.
1510 1476 1608 1533 sed
1633 1492 1758 1534 esse
1790 1478 2032 1548 peranti-

453 1580 619 1636 quam
648 1566 951 1639 priscaeque
989 1568 1216 1638 originis
1267 1583 1576 1640 magnoque
1604 1569 1660 1625 in
1709 1569 1885 1640 pretio
1932 1569 2034 1625 ho-

453 1658 698 1716 minibus
730 1661 971 1715 habitam
997 1678 1014 1727 ;
1055 1670 1171 1715 tum
1203 1675 1489 1718 sacrarum
1520 1662 1822 1732 imaginum
1864 1660 2032 1717 ell‘or-

455 1749 749 1804 mationem
779 1750 849 1804 ab
887 1750 1263 1820 apostolorum
1293 1749 1407 1819 jam
1450 1763 1569 1804 aevo
1615 1749 1837 1818 illisque
1870 1746 2033 1802 fami-

2197 745 2289 799 ια’.
2325 745 2474 816 Πλὴν
2502 745 2603 798 ούκ
2635 740 2705 815 ἦν
2727 744 2902 813 πάντη
2935 742 3034 812 τὴν
3063 738 3376 812 παρρησίαν
3422 738 3516 792 καὶ
3544 737 3704 791 neu"

2124 837 2317 908 θερίαν
2335 837 2464 891 ἰδεῖν
2482 836 2594 890 τῶν
2621 835 2928 905 ἀνθρώπων
2953 834 3421 903 ἁποφοιτήσασαν,
3445 831 3579 884 ἀλλὰ
3591 829 3705 883 τῶν

2125 928 2476 1000 θερμοτέρων
2514 928 2658 990 τινὲς
2704 928 2808 997 μὲν
2837 926 2962 980 καθ’
3007 921 3109 990 εἷς,
3143 925 3287 987 τινὲς
3318 924 3375 977 δὲ
3411 923 3704 990 συστάδην,

2121 1021 2200 1085 ὡς
2236 1021 2287 1074 οἱ
2309 1021 2411 1087 τῆς
2439 1021 2551 1074 τῶν
2590 1018 2974 1091 Ἀϐρααμιτῶν
2997 1020 3166 1088 μονῆς
3196 1014 3529 1087 ὁρμώμενοι,
3556 1008 3709 1084 αὐτῷ

2126 1110 2364 1179 λογικῶς
2394 1110 2458 1164 ἔκ
2487 1128 2544 1163 τε
2592 1110 2700 1163 τῶν
2744 1109 3054 1180 εἰρημένων
3086 1110 3196 1170 τοῖς
3223 1107 3504 1177 Πατράσιν
3549 1104 3712 1175 ήμῶν

2127 1202 2393 1271 Διονυσίῳ
2417 1219 2477 1254 τε
2520 1201 2599 1271 τῷ
2653 1201 2783 1271 θείῳ
2825 1202 2921 1253 καὶ
2980 1198 3229 1267 Ἰεροθέῳ
3293 1198 3389 1251 καὶ
3432 1195 3713 1267 Εἰρηναίῳ

2129 1293 2487 1347 ἀπεδείκνυον
2517 1293 2592 1355 ὡς
2625 1292 2688 1345 ού
2740 1291 2869 1363 χθὲς
2903 1292 2999 1344 καὶ
3030 1290 3221 1361 πρώην
3250 1290 3284 1359 ή
3316 1289 3427 1342 τῶν
3458 1290 3712 1359 μοναχιῖω

2131 1383 2378 1436 πολιτεία
2410 1398 2470 1435 τε
2501 1382 2597 1435 καὶ
2643 1381 2983 1442 κατάστασις
3024 1379 3389 1447 ἐπινενόηται,
3418 1377 3627 1430 παλαιὰ
3652 1370 3741 1430 δε

2129 1490 2216 1537 τις
2261 1472 2359 1527 καὶ
2395 1472 2695 1543 ἀρχέγονος
2738 1473 2835 1526 καὶ
2880 1471 2995 1534 τοῖς
3040 1468 3350 1540 ἀνθρώποις
3387 1452 3711 1539 ἐπέραστος.

2129 1567 2205 1621 υύ
2229 1566 2336 1637 μὴν
2354 1566 2411 1620 δὲ
2424 1565 2559 1620 ἀλλὰ
2587 1564 2805 1619 καὶτῶν
2820 1564 2984 1617 θείων
3006 1563 3235 1616 εἰκόνων
3253 1561 3565 1616 ἐκτύπωσιν
3583 1562 3716 1615 σύν·

2128 1657 2328 1728 τροφόν
2348 1674 2409 1710 τε
2430 1656 2540 1710 τῶν
2557 1655 2878 1718 ἀποστόλων
2896 1654 2993 1708 καὶ
3014 1653 3322 1723 ὁμοδίαιτον
3339 1652 3715 1717 ἀπεδείκνυον,

2131 1746 2249 1817 εῐγε
2280 1747 2496 1809 Λουκᾶς
2544 1745 2642 1816 μὲν
2683 1746 2712 1797 ό
2760 1744 2902 1807 θεῖος
2932 1744 3032 1813 τὴν
3063 1741 3164 1811 τῆς
3196 1740 3461 1794 Θεοτόκου
3505 1739 3719 1810 μορφὴν

456 1837 652 1892 liarem
697 1837 1089 1900 ostenderunt.
1122 1838 1343 1908 quando
1373 1847 1427 1893 et
1457 1837 1677 1893 divinus
1713 1835 1889 1893 Lucas
1920 1852 2044 1892 san-

2151 1840 2507 1900 ἑνετύπωσεν,
2539 1839 2701 1901 αὐτὸς
2728 1837 2783 1891 δὲ
2812 1834 3049 1905 Χριστὸς
3080 1836 3108 1887 ὁ
3132 1834 3413 1902 Δεσπότης
3443 1832 3603 1902 ἡμῶν
3623 1832 3722 1885 καὶ

456 1939 563 1984 ctte
635 1928 878 2000 Deipara:
942 1930 1235 2001 imaginem
1312 1931 1568 2000 penicillo
1637 1946 1703 1987 ac
1759 1930 2039 1987 coloribus

457 2021 750 2090 expressit.
798 2022 1025 2093 ipseque
1055 2022 1193 2078 adeo
1238 2022 1493 2078 Christus
1514 2022 1782 2093 Dominus
1808 2037 1872 2077 ac
1898 2021 2041 2078 Deus

460 2121 648 2169 noster
693 2113 862 2177 linteo
903 2114 1228 2185 impressam
1284 2116 1370 2171 sui
1401 2115 1695 2185 imaginem
1751 2114 1898 2170 nulla
1935 2129 2045 2168 ma-

466 2219 572 2259 nus
617 2218 784 2272 Opera
839 2204 1176 2271 elaboratam
1212 2204 1373 2261 nobis
1427 2205 1663 2275 reliquit.
1722 2202 1837 2261 Hoc
1882 2206 2044 2261 modo

461 2294 789 2358 divinissimi
832 2296 919 2351 isti
972 2297 1075 2352 viri
1135 2312 1260 2352 cum
1313 2298 1530 2368 tyranni
1595 2297 1922 2352 dementiam
1981 2311 2047 2350 ac

462 2386 726 2449 saevitiam
781 2402 891 2457 prae
918 2403 1130 2442 summa
1183 2389 1399 2446 dicendi
1430 2388 1680 2442 libertate
1709 2389 2043 2449 irritassrnt,

460 2485 586 2547 post
618 2478 815 2543 multos
868 2478 1006 2535 alios
1049 2479 1326 2536 cruciatus
1374 2482 1508 2537 urbe
1562 2479 1720 2550 ejecti
1761 2479 2046 2548 δυτικηυί

462 2586 589 2624 eum
625 2571 690 2624 ad
763 2573 1122 2640 prazeursoris
1178 2573 1485 2628 oratorium
1538 2574 1617 2628 sic
1671 2583 2046 2639 nuncupatum

464 2657 697 2719 Pbober’i
727 2659 923 2735 (velut
969 2663 1238 2725 tremendi
1282 2663 1496 2734 dicas),
1526 2663 1580 2718 in
1637 2663 1807 2717 Ponto
1834 2662 2049 2717 Euxino

466 2749 655 2816 situm,
681 2752 1083 2823 confugissent,
1107 2755 1398 2811 verberum
1421 2754 1561 2820 diris
1581 2755 1779 2810 ictibus
1827 2770 2050 2825 prorsus

466 2839 703 2895 conlecti
769 2844 1048 2899 caelestem
1104 2845 1498 2900 beatitudinem
1559 2847 1839 2901 consecuti
1902 2858 2049 2901 sunt.

467 2927 676 2985 Horum
709 2946 865 2988 sacra
900 2934 1123 3004 pignora
1142 2934 1235 2988 diu
1259 2935 1606 3005 multumque
1636 2936 1689 2990 in
1709 2938 1827 2991 solo
1850 2947 2053 2993 temere

463 3021 669 3101 jactata
730 3035 892 3094 atque
959 3026 1224 3096 projecta,
1282 3041 1384 3083 nec
1442 3024 1737 3098 sepultura:
1790 3029 2051 3085 honorem

471 3125 769 3180 consecuta
832 3116 1043 3187 integra
1102 3119 1381 3187 illmsaque
1420 3129 1635 3175 servata
1696 3132 1844 3187 sunt,
1880 3123 2053 3177 donec

2141 1932 2276 1995 Θεὸς
2308 1932 2408 2002 τὴν
2463 1929 2659 1984 ἑαυτοῦ
2710 1928 2801 1982 ὲπί
2852 1944 2997 1989 τινος
3051 1926 3243 1995 ὀθόνης
3295 1922 3723 1994 ἀπομαξάμενος

2141 2025 2567 2096 άχειρότευκτον
2630 2023 2761 2093 ἡμῖν
2821 2019 3204 2088 ἐγκατέλιπεν.
3284 2013 3443 2073 Οὗτοι
3486 2016 3619 2086 γοῦν
3670 2017 3721 2070 oi

2143 2117 2413 2171 θειότατοι
2442 2115 2633 2185 ἄνδρες
2667 2116 2765 2184 τὴν
2799 2113 2896 2166 τοῦ
2937 2111 3208 2182 τυράννου
3260 2110 3461 2179 μανίαν
3491 2108 3584 2163 καὶ
3626 2108 3724 2179 θη-

2144 2209 2369 2281 ριωδίαν
2414 2207 2853 2273 ἐκκαλεσάμενοι
2882 2206 2962 2277 τῷ
3008 2206 3213 2275 σφόδρα
3241 2203 3724 2276 παρῤησιασθῆναι

2147 2302 2284 2370 μετὰ
2324 2298 2526 2363 πολλὰς
2562 2300 2757 2367 ἐτέρας
2803 2298 3073 2368 βασάνους
3099 2298 3194 2367 τῆς
3232 2296 3437 2359 πόλεως
3476 2293 3725 2363 ἐξώσθη-

2147 2409 2267 2455 σαν,
2298 2391 2434 2461 πρὸς
2483 2391 2540 2444 δὲ
2579 2391 2870 2462 εὐκτήριον
2909 2390 3227 2461 ΠροδρὸμΟυ
3256 2388 3317 2442 τὸ
3354 2387 3497 2441 οὓτω
3523 2385 3724 2439 καλούο
3810 2440 3814 2443 ,

2150 2502 2311 2555 μενον
2328 2483 2423 2537 τοῦ
2458 2484 2699 2554 Φοσεροῦ
2732 2483 2876 2537 κατὰ
2905 2484 2996 2536 τὸν
3028 2482 3279 2547 Εὔξεινον
3303 2484 3495 2535 πόντον
3520 2493 3730 2548 πεφευο

2149 2576 2332 2643 γότες,
2367 2575 2461 2629 καὶ
2502 2580 2623 2640 ταῖς
2653 2575 2763 2629 τῶν
2792 2576 3075 2645 μαστίγων
3100 2576 3395 2644 ἀφορήτοις
3422 2574 3612 2642 φοραῖς
3633 2585 3731 2624 τε·

2148 2667 2308 2732 λείως
2337 2667 2832 2736 καταπονηθέντες,
2867 2668 2969 2735 τῆς
2996 2669 3110 2722 ἄνω
3144 2666 3355 2736 λήξεως
3381 2661 3692 2733 ⁴ήξιιίιθησαν
3711 2678 3729 2695 ο

2150 2753 2224 2813 ὧν
2255 2762 2349 2813 καὶ
2371 2760 2439 2812 τὰ
2481 2760 2602 2829 ἱερὰ
2644 2758 2876 2830 σώματα
2918 2758 3013 2812 ἐπὶ
3037 2758 3175 2812 πολὺ
3205 2757 3383 2818 ἄλλως
3423 2754 3733 2827 ἐρριμμένα

2152 2851 2289 2920 πρὸς
2340 2850 2623 2919 τοῦδαερος,
2668 2852 2803 2923 μηδὲ
2835 2853 2937 2923 τῆς
2968 2851 3148 2920 ταφῆς
3190 2847 3585 2918 εὐμοιρηκότα,
3617 2843 3737 2900 σῶα

2151 2943 2561 3015 διετηρήθησαν
2588 2946 2682 2999 καὶ
2712 2944 2997 3014 ἀλώὸητα,
3019 2943 3212 3013 μέχρις
3237 2942 3361 2995 ὅτου
3381 2942 3493 3002 τοῖς
3522 2938 3735 2999 πιστοῖς

2152 3038 2421 3106 γενόμενα
2462 3038 2673 3110 φανερά
2703 3037 3080 3109 ὲκηδεύθησάν
3128 3052 3188 3089 τε
3232 3034 3328 3088 καὶ
3380 3030 3739 3099 καταλλήλως

2154 3132 2263 3192 τοῖς
2299 3128 2442 3199 ὑπὲρ
2472 3129 2713 3200 Χριστοῦ
2746 3130 3161 3200 μαρτυρήσασιν
3192 3126 3558 3196 ἐτιμήθησαν.

469 3205 688 3259 tandem
740 3204 990 3265 fidelibus
1047 3208 1229 3279 agnita
1282 3218 1448 3279 atque
1498 3211 1636 3265 elata
1692 3214 2052 3270 conveniente
2095 3216 2302 3274 honore
2362 3220 2432 3276 iis
2465 3221 2558 3291 qui
2597 3236 2697 3291 pro
2734 3220 2956 3275 Christo
3006 3219 3328 3290 martyrium
3385 3227 3744 3285 sumpserunt

470 3302 670 3355 donata
728 3309 873 3355 sunt.

546 3395 703 3467 102
738 3396 825 3449 ιε.
877 3395 974 3453 llis
1007 3398 1270 3453 assimilis
1310 3400 1541 3469 parique
1580 3401 1759 3457 clarus
1805 3403 2047 3458 facinore

2223 3400 2309 3473 [P.
2330 3401 2421 3472 66]
2451 3400 2536 3470 ιβ’.
2587 3399 2809 3462 Τούτοις
2841 3397 3138 3467 ἐφάμιλλος
3193 3395 3287 3448 καί
3319 3412 3403 3458 τις
3450 3393 3748 3462 γενόμενος

480 3490 788 3545 monachus
822 3489 1064 3560 quidam,
1095 3506 1240 3546 nunc
1267 3493 1488 3547 veroad
1530 3494 1816 3551 sacerdotii
1868 3510 2048 3550 arcem

480 3580 777 3637 subvectus
834 3580 1130 3651 divinaque
1198 3582 1544 3637 aemulatione
1598 3584 1792 3653 plenus
1863 3596 2050 3657 tyran—

479 3689 608 3730 num
664 3688 893 3747 arguere
944 3674 1231 3729 constituit
1275 3690 1361 3743 ac,
1389 3677 1436 3731 si
1469 3675 1583 3731 tieri
1603 3686 1816 3748 posset,
1866 3679 2052 3733 colen-

478 3766 579 3820 das
630 3779 817 3827 sacras
876 3765 1143 3836 imagines
1208 3766 1286 3820 illi
1363 3768 1713 3837 persuadere.
1794 3769 2056 3840 Adeoque

480 3856 756 3912 hominem
789 3872 975 3923 coram
1031 3858 1364 3915 conveniens
1408 3875 1533 3916 cum
1582 3861 1687 3916 alia
1750 3860 1919 3916 multa
1945 3862 2055 3918 dis-

481 3956 656 4017 putat,
708 3956 823 4009 tum
872 3948 1103 4016 apostoli
1135 3964 1255 4012 eam
1307 3952 1689 4007 auctoritatem
1725 3964 1902 4025 urget,
1936 3970 2059 4024 qua:

482 4041 561 4095 ait
586 4057 601 4093 :
626 4036 822 4109 Siquis
866 4039 1009 4094 vobis
1047 4041 1441 4096 annuntiauert’t
1470 4056 1665 4111 praeter
1718 4061 1879 4115 quam
1918 4046 2058 4116 quod

484 4132 787 4200 accepistis,
816 4132 1101 4198 anathema
1122 4134 1191 4186 sit
1221 4131 1265 4188 ί.
1288 4131 1488 4189 Verum
1516 4135 1664 4190 hunc
1684 4152 1901 4207 quoque
1921 4138 2059 4193 mul-

485 4223 557 4277 tis
586 4223 904 4282 verberibus
933 4224 1209 4293 allectum,
1242 4241 1363 4293 eum
1406 4228 1791 4295 sapientiorem
1827 4244 1927 4299 pro
1973 4229 2061 4291 sui

484 4314 699 4377 ratione
753 4330 818 4371 ac
864 4314 1193 4384 disputando
1225 4316 1495 4381 acriorem
1550 4327 1818 4388 tyrannus
1866 4318 2062 4373 adver-

486 4413 645 4468 teret,
678 4405 743 4460 ad
773 4402 1041 4469 Joannem
1073 4421 1231 4468 suum
1264 4408 1541 4476 quondam
1583 4415 1971 4477 praeceptorem
2000 4423 2066 4464 ac

489 4498 816 4571 magistrum
851 4498 1022 4566 misit,
1042 4499 1239 4571 jubens
1258 4507 1318 4554 ut
1347 4499 1649 4555 dialecticis
1688 4515 1812 4555 eum
1833 4500 2063 4555 rationi..-

490 4593 594 4648 hus
619 4608 684 4662 ac
714 4593 1055 4665 argumentis
1077 4592 1358 4664 dejiceret.
1395 4590 1592 4649 Verum
1644 4591 1793 4647 hunc
1844 4607 2068 4664 quoque

491 4690 788 4759 praeclarus
812 4698 1071 4749 certatur.
1097 4704 1208 4747 non
1243 4688 1557 4760 sophisticis
1578 4703 1642 4744 ac
1654 4688 1957 4746 dialecticis
1987 4705 2071 4745 ra-

2156 3494 2411 3567 μοναχδς,
2441 3492 2565 3563 ἄρτι
2598 3492 2655 3544 δὲ
2684 3491 2820 3560 πρὸς
2847 3489 3021 3561 ἀρχὴν
3044 3490 3144 3559 τῆς
3175 3488 3477 3559 ἱερωσύνης
3506 3486 3750 3556 ἀναδρα-

2158 3584 2273 3655 μὼν
2296 3584 2393 3638 καὶ
2421 3582 2587 3652 ζήλου
2623 3580 2903 3651 πλησθεὶς,
2932 3578 3025 3633 τὸν
3072 3578 3339 3650 τύραννον
3389 3576 3603 3644 ἐλέγξαι
3667 3574 3756 3628 διο

2155 3678 2363 3747 ἐγνωκε
2392 3677 2486 3729 καὶ
2520 3674 2649 3744 περὶ
2676 3673 2785 3727 τῶν
2818 3673 2990 3741 ἁγίων
3023 3672 3248 3725 εἰκόνων
3277 3672 3481 3733 πεῖσαι,
3513 3670 3565 3721 εί
3587 3666 3757 3725 δυνα-

2154 3772 2266 3824 τόν.
2320 3770 2425 3821 Καὶ
2454 3766 2519 3837 δὴ
2559 3765 2701 3818 κατὰ
2730 3764 3023 3836 πρόσωπον
3047 3760 3216 3816 αὑτοῦ
3245 3759 3378 3823 στάς
3409 3759 3544 3813 ἄλλα
3566 3775 3628 3811 τε
3672 3758 3760 3811 δι-

2158 3863 2306 3935 εξῄει
2346 3860 2515 3915 πολλὰ
2552 3859 2645 3913 καὶ
2689 3857 2751 3911 τὸ
2798 3855 2894 3909 τοῦ
2953 3854 3257 3910 ἀποστόλου
3313 3852 3530 3906 Παύλου
3559 3849 3756 3920 ῥητὸν,

2157 3956 2317 4011 τοῖιτο
2348 3954 2413 4023 δή
2438 3952 2498 4005 τὸ
2523 3952 2755 4020 φάσκονσ
2788 3949 2864 4003 Et
2879 3964 2967 4014 τις
2984 3946 3129 4016 ὑμῖν
3148 3943 3585 4014 εὐαγγελίζεται
3608 3941 3757 4009 παρ’

2159 4049 2192 4103 ὃ
2221 4046 2615 4117 παρελάβετε,
2663 4041 2931 4110 ἀνάθεμα
2986 4040 3164 4094 ἔστω.
3226 4036 3385 4092 ’Δλλὰ
3450 4035 3545 4089 καὶ
3573 4034 3762 4105 τούτῳ

2160 4142 2375 4212 πληγὰς
2424 4137 2635 4201 ἐπιθεὶς
2667 4134 2767 4189 ούκ
2812 4134 3020 4200 ὀλίγας,
3074 4130 3199 4185 ἐπεὶ
3256 4128 3538 4200 σοφώτερα
3566 4128 3763 4196 λέγειν

2161 4235 2456 4302 διέγνωκεν
2514 4227 2679 4284 αὑτοῦ
2734 4244 2796 4279 τε
2860 4223 3209 4295 δυνατώτερα
3256 4225 3451 4285 εἰπεῖν,
3487 4218 3623 4293 πρὸς
3658 4218 3765 4271 τὸν

2174 4326 2428 4394 Ἰωάννην
2460 4319 2886 4387 ἐξαπεστάλκεν,
2915 4316 3238 4387 καθηγητὴν
3292 4312 3457 4367 αὐτοῦ
3487 4315 3764 4380 γεγονότα

2164 4436 2222 4473 τε
2249 4418 2344 4472 καὶ
2366 4413 2707 4474 διδάσκαλον,
2729 4410 3099 4472 διαλεκτικοῖς
3134 4407 3443 4473 ἀποδείξεσι
3466 4403 3764 4476 χρώμενον

2167 4504 2495 4561 καταϐαλεῖν
2520 4502 2701 4557 αὑτὸν
2740 4500 3225 4571 ἐγκελευσάμενος.
3287 4497 3451 4551 Ἀλλὰ
3502 4498 3597 4549 καὶ
3620 4493 3760 4548 τοῦ-

2165 4618 2259 4655 τον
2286 4600 2314 4652 ὁ
2339 4599 2579 4667 γενναῖος
2598 4593 2905 4665 ἀγωνιστὴς
2930 4592 2990 4645 ού
3013 4593 3134 4653 ταῖς
3157 4591 3497 4661 σοφιστικαῖς
3522 4586 3618 4642 καὶ
3637 4586 3768 4640 δια-

2171 4693 2451 4754 λεκτικοῖς
2481 4687 2808 4753 ἀποδείξεσι,
2836 4687 2950 4748 τοῖς
2975 4683 3353 4744 ἀποστολικοῖς
3378 4681 3435 4735 δὲ
3460 4682 3557 4734 καὶ
3588 4679 3771 4746 εὐαγ-

497 4753 764 4844 tlonibus,
788 4780 882 4835 sed
912 4780 1230 4848 apostolicis
1258 4753 1699 4853 evangelicisque
1720 4780 2049 4836 testimoniis

2177 4786 2413 4857 γελικοῖς
2441 4783 2677 4853 ῥήμασιν
2699 4776 3041 4847 ἀφωνότερον
3074 4774 3269 4845 ἰχθύων
3302 4773 3590 4840 ἀποδείξας
3616 4772 3769 4835 τέως

495 4871 647 4942 pisce
664 4869 837 4940 magis
853 4870 1123 4941 elinguem
1159 4886 1284 4932 cum
1311 4872 1658 4937 reddidisset,
1685 4870 1781 4929 illo
1806 4872 2072 4927 hactenus

497 4964 709 5021 solutus
744 4970 847 5033 est.
880 4961 1071 5021 Postea
1108 4978 1238 5020 vero
1277 4965 1345 5029 ad
1374 4976 1616 5027 montem
1647 4965 1821 5021 Calon
1864 4965 2072 5020 dictum

499 5059 591 5129 (ac
613 5055 659 5113 si
683 5054 975 5126 pulchrum
1014 5052 1287 5118 nomines)
1318 5056 1568 5120 veniens,
1599 5072 1665 5111 ac
1692 5056 1804 5110 illic
1823 5056 2071 5111 divinum

498 5148 793 5218 quemdam
826 5144 1006 5213 virum
1041 5144 1259 5213 Deoque
1292 5142 1531 5201 aﬂlatum
1588 5142 1855 5213 lgnatinm
1902 5141 2075 5197 otl‘en-

498 5241 656 5305 deus,
688 5240 755 5299 ab
814 5256 879 5297 eo
931 5236 1299 5303 ordinationis
1341 5251 1539 5292 munus
1588 5246 1919 5291 consecutus
1968 5244 2074 5301 est,

498 5334 678 5403 deque
713 5348 897 5388 rerum
929 5350 994 5402 ac
1028 5333 1421 5409 imperatorum
1464 5330 1912 5388 successionibus
1946 5329 2079 5384 vati-

499 5429 739 5493 cinatus,
770 5429 838 5484 ad
888 5430 1093 5486 Christi
1155 5436 1429 5483 amantem
1477 5425 1714 5481 Leonem
1763 5429 2074 5497 Augustum

501 5536 567 5576 ac
620 5521 823 5577 liberos
879 5523 998 5593 ejus
1055 5537 1431 5593 perseverans,
1492 5520 1558 5574 ad
1636 5519 1926 5575 Dominum
1972 5518 2072 5573 mi-

499 5616 696 5689 gravit.

578 5706 596 5745 ι
629 5705 802 5776 Galat.
841 5721 879 5770 t,
919 5704 969 5765 8.

2182 4878 2281 4949 μὲν
2311 4874 2419 4930 ἀπὸ
2452 4872 2641 4927 τούτου
2669 4869 2903 4938 ἐγένετο,
2946 4867 3168 4938 ὕστερον
3200 4867 3257 4920 δὲ
3311 4867 3443 4936 πρὸς
3482 4864 3544 4917 τὸ
3574 4862 3769 4917 Καλὸν

2178 4968 2322 5022 οὕτω
2380 4963 2670 5033 λεγόμενον
2723 4959 3084 5029 ἀποδημήσας
3134 4956 3279 5029 ὅρος,
3328 4955 3588 5023 Ἰγνάτιόν
3634 4969 3771 5008 τινα

2179 5059 2440 5130 θεοφόρον
2471 5055 2643 5126 ἄνδρα
2669 5050 2989 5108 καταλαϐὼν
3035 5048 3368 5120 χειροτονίας
3414 5065 3471 5102 τε
3502 5047 3767 5117 ἠξίωσεν,

2182 5155 2275 5209 καὶ
2312 5150 2568 5225 περὶτῶν
2592 5148 2895 5220 μελλόντων
2920 5144 3263 5216 πραγμάτων
3287 5161 3345 5196 τε
3371 5143 3464 5197 καὶ
3492 5140 3769 5211 βασιλέων

2182 5246 2526 5311 ἁναδιδάξας,
2570 5243 2701 5312 ἄχρι
2748 5240 2843 5294 καὶ
2865 5237 2961 5292 τοῦ
3011 5235 3356 5307 φιλοχρίστου
3394 5234 3622 5295 Λέοντος
3667 5233 3771 5286 καὶ

2180 5338 2290 5391 τῶν
2314 5337 2519 5392 τέκνων
2552 5331 2716 5388 αὑτοῦ
2742 5329 3044 5401 διαμείνας,
3082 5328 3217 5400 πρὸς
3252 5326 3458 5398 Κύριον
3484 5322 3770 5395 ἐξεδήμη-

2182 5447 2293 5484 σεν.
