4038 6214
290 219 393 285 117

1080 224 1229 286 LIB.
1261 224 1376 285 ΙΙῐ.
1412 250 1479 262 -
1503 223 2013 289 THEOPHILUS
2052 228 2472 293 MICHAELIS
2524 233 2805 296 FILIUS.

3476 241 3576 309 118

354 326 443 395 ιγ’.
486 325 647 381 Ἐπεὶ
671 326 730 380 δὲ
759 328 964 392 πάντας
992 331 1120 392 τοὺς
1162 329 1262 396 τὰς
1302 329 1455 396 θείας
1504 330 1864 385 ὲκτυποῦντας

2053 335 2144 391 15.
2172 334 2347 394 Porro
2374 355 2497 395 cum
2538 339 2882 412 Theophilus
2923 343 3234 404 divinarum
3270 349 3572 424 imaginum

279 416 501 488 μορφὰς
528 418 589 484 ἐξ
619 417 922 490 ἀνθρώπων
960 422 1135 474 ποιεῖν
1174 421 1202 474 ὁ
1246 420 1513 493 τύραννος
1543 422 1884 495 ἐνενόησενῆ

274 514 336 564 τδ
366 508 472 581 ζῇν
504 512 864 581 αἱρουμένους
922 513 1186 583 ἐμπτύειν
1217 532 1276 568 τε
1304 516 1400 569 καὶ
1430 515 1505 576 ὡς
1528 516 1733 590 si.qu
1762 534 1886 572 τινα

276 600 366 654 ἐπ’
407 600 642 670 ἐδάφους
671 604 886 673 ῥιπτεῖν
921 607 1012 659 καὶ
1047 610 1380 673 καταπατεῖν
1409 608 1501 662 καὶ
1526 607 1668 663 οῦτω
1718 608 1887 674 σώζε-

279 694 427 759 σθαι,
460 694 557 747 καὶ
589 693 683 747 τὸν
724 696 960 767 μοναχὸν
987 696 1239 770 Λάζαρον
1277 700 1627 771 (περιϐόητος
1653 700 1709 754 δὲ
1732 718 1884 771 τηνι-

283 785 458 839 καῦτα
481 786 627 840 κατὰ
653 786 754 859 τὴν
806 787 924 851 ζῶα
980 792 1302 861 γράφουσαν
1378 794 1593 865 ὑπῆρχε
1661 792 1880 867 τέχνην)

285 875 570 945 βιάζεσθαι
621 876 715 931 τὸν
765 878 935 952 ἄνδρα
990 881 1305 952 διέγνωκεν.
1347 885 1510 939 Ἀλλὰ
1568 888 1662 941 καὶ
1694 887 1883 942 τοῦτον

280 968 516 1039 κρείττω
546 971 649 1039 μὲν
672 971 780 1022 τῶν
804 970 1078 1039 θωπειῶν,
1104 976 1341 1046 κρείττω
1369 977 1427 1031 δὲ
1470 981 1563 1033 καὶ
1585 982 1684 1051 τῆς
1715 981 1882 1034 αὐτοῦ

282 1058 504 1131 γνώμης
536 1061 837 1132 εὑρίσκων,
871 1064 968 1136 οὐχ
998 1065 1150 1133 ἅπαξ
1182 1067 1339 1140 ῆδὶξ,
1377 1070 1514 1124 ἀλλὰ
1544 1072 1638 1126 καὶ
1672 1072 1879 1127 πολλὰ·

284 1168 363 1214 κις
408 1152 504 1204 ὑπ’
551 1154 720 1207 αὐτοῦ
755 1154 1134 1229 ἐλεγχόμενος,
1170 1161 1425 1217 τοσοῦτον
1463 1166 1584 1229 ταῖς
1619 1165 1880 1235 βασάνοις

280 1242 581 1315 κατῄκισεν
608 1244 682 1309 ὡς
713 1246 933 1317 πρῶτον
965 1251 1063 1319 μὲν
1103 1255 1498 1327 συναωρρἐιν
1530 1260 1631 1323 τὰς
1662 1261 1876 1333 σάρκας

278 1335 352 1405 τῷ
376 1335 577 1406 αἵματι
599 1338 696 1393 καὶ
730 1340 865 1411 μηδὲ
890 1342 988 1414 ζῇν
1018 1344 1153 1408 ὅλως
1184 1347 1531 1404 ὑπονοεῖσθαι
1558 1353 1709 1423 παρὰ
1747 1356 1880 1410 πολ-

276 1427 399 1482 ὶῶν.
448 1428 606 1482 Ἐπεὶ
651 1431 708 1483 δὲ
743 1432 820 1504 τῷ
849 1433 1212 1510 δεσμωτηρίῳ
1253 1440 1445 1498 τοῦτον
1484 1440 1642 1510 αὖθις
1672 1449 1877 1516 ἐγκαθ-

275 1519 567 1591 ειργμένον
618 1522 776 1594 μόλις
842 1543 902 1579 τε
948 1529 1358 1601 ἀναρῤαἲσαντα
1438 1535 1693 1607 διήκουσε
1728 1582 1743 1607 ,
1786 1550 1881 1605 καὶ

275 1616 339 1684 τῇ
372 1612 577 1667 ἑαυτοῦ
632 1616 795 1688 τέχνῃ
820 1619 1280 1693 ἐνασχολούμενον
1332 1628 1428 1692 τὰς
1454 1631 1566 1686 τῶν
1619 1633 1791 1701 ἁγίων
1816 1636 1875 1689 ἑν

1991 427 2230 498 pictores
2279 445 2471 487 omnes
2500 448 2531 487 e
2560 433 2742 490 medio
2785 434 2976 493 tollere
3019 442 3326 506 statuisset.
3390 456 3487 500 aut
3526 449 3574 503 si

1989 522 2114 576 vita:
2148 521 2373 578 mallent
2397 525 2684 581 consulere
2738 542 2927 585 sacras
2958 530 3226 600 imagines
3272 550 3577 607 conspuene

1988 626 2055 667 ac
2096 612 2242 668 velut
2265 614 2494 684 profana
2525 619 2775 687 quaedam
2813 621 2933 676 solo
2973 622 3200 680 allidere
3243 636 3300 682 et
3345 631 3574 686 concul-

1986 720 2114 760 care
2151 704 2435 775 jussisset.
2485 718 2545 764 ut
2582 710 2687 767 hoc
2746 711 2892 769 laeto
2934 713 3368 775 incolumitatem
3412 737 3571 778 suam

1987 795 2339 863 redimerent,
2375 798 2645 857 Lazarum
2678 820 2896 875 quoque
2946 807 3103 877 103
3147 813 3479 869 monachum
3507 830 3572 871 es

1987 895 2147 941 aetate
2178 887 2433 959 pingendi
2483 900 2601 947 arte
2638 894 2906 950 celebrem
2958 898 3011 952 in
3040 916 3139 954 sua
3200 913 3325 957 vota
3366 919 3566 976 cogen-

1991 974 2122 1029 dum
2160 991 2283 1033 esse
2325 981 2557 1049 putavit.
2600 980 2755 1040 Unde
2785 1000 2909 1039 cum
2941 994 2996 1042 et
3036 974 3568 1052 adulationibus—su-

1983 1069 2253 1138 periorem
2333 1086 2433 1127 nec
2480 1087 2595 1129 suae
2669 1076 2969 1147 quidquam
3024 1081 3294 1138 voluntati
3363 1087 3570 1143 ceden-

1984 1168 2091 1216 tem
2145 1162 2492 1233 otl‘endisset,
2544 1182 2670 1224 cum
2719 1170 2808 1225 ille
2844 1187 2956 1227 non
3022 1175 3192 1228 semel
3225 1186 3281 1230 et
3332 1179 3561 1247 iterum,

1982 1252 2079 1309 sed
2150 1260 2207 1307 et
2276 1254 2475 1326 saepius
2509 1260 2674 1312 leum
2745 1261 3226 1331 reprehendisset,
3275 1267 3412 1324 adeo
3478 1271 3568 1326 di-

1983 1344 2060 1399 ris
2107 1344 2288 1417 ipsum
2346 1349 2670 1406 verberibus
2722 1354 3001 1422 subjecit,
3052 1367 3111 1412 ut
3174 1359 3412 1428 primum
3457 1376 3566 1418 una

1983 1449 2109 1490 cum
2143 1451 2337 1491 cruore
2367 1452 2562 1496 carnes
2593 1442 2897 1499 dissilirent
2929 1460 2993 1499 ac
3022 1462 3091 1503 ne
3128 1449 3313 1506 vivere
3341 1451 3563 1521 quidem

1982 1528 2172 1585 multis
2198 1531 2588 1593 aestimaretur.
2643 1532 2746 1590 Ubi
2786 1546 2971 1592 autem
3008 1540 3062 1595 in
3112 1556 3335 1599 carcere
3386 1544 3564 1601 inclu-

1983 1635 2128 1687 sum,
2159 1621 2321 1688 paulo
2350 1623 2542 1681 mitius
2574 1626 2643 1681 ab
2682 1628 3009 1698 aegritudine
3040 1631 3333 1691 habentem
3361 1644 3565 1693 artem-

273 1704 495 1771 πίναξιν
527 1706 872 1778 ἀναστηλοῦν
898 1691 1137 1782 μορφὰς,
1193 1716 1399 1772 πέταλα
1460 1691 1679 1794 σιδηρᾶ-
1700 1725 1864 1779 ἁπαν-

1976 1729 2083 1784 que
2122 1725 2479 1787 repetentem,
2515 1734 2705 1775 sacras
2735 1723 2916 1777 denuo
2950 1725 3004 1779 in
3057 1726 3273 1784 tabellis
3298 1728 3565 1801 imagines

272 1794 635 1864 θρακωθέντα
682 1800 804 1862 ταῖς
864 1801 1149 1872 παλάμαις
1210 1806 1376 1861 αὐτοῦ
1420 1810 1642 1883 τεθῆναι
1697 1832 1871 1885 προσ-

268 1885 487 1951 ἔταξεν.
533 1888 822 1944 Ἐὅόσκετο
846 1887 942 1947 οἶν
968 1894 1028 1947 τὸ
1058 1894 1172 1969 πῦρ
1197 1898 1296 1964 τὰς
1341 1900 1551 1972 σάρκας
1590 1905 1756 1960 αὑτοῦ
1778 1908 1873 1962 καὶ

267 1972 626 2045 κατενέμετο,
650 1979 777 2051 ἄχρι
808 1982 941 2037 ποτὲ
969 1985 1361 2059 ἀπαγορεύσας
1394 1991 1571 2048 ἔκειτο
1610 1998 1867 2071 ἡμιθνὴς.

283 2067 438 2119 Ἀλλ’
470 2068 577 2122 ἔδει
602 2070 783 2127 τοῦτον
812 2074 921 2128 ὑπὸ
942 2077 1043 2149 τῆς
1073 2079 1299 2151 χάριτος
1355 2067 1730 2159 διατηρείσθαι
1774 2067 1870 2146 καὶ

272 2162 397 2223 τοῖς
420 2159 643 2238 ὕστερον
669 2165 917 2237 ἔναυσμα
957 2187 970 2199 ·
1003 2171 1127 2225 ὅθεν
1155 2176 1280 2229 ἐπεὶ
1300 2177 1369 2231 τὰ
1396 2179 1688 2238 τελευταῖα
1713 2190 1868 2242 πνεῖν

263 2251 369 2303 τὸν
403 2253 549 2308 ὅσιον
578 2257 976 2331 ἀνεμάνθανεν,
1009 2264 1270 2333 ἱκετείαις
1292 2269 1391 2341 τῆς
1420 2273 1740 2347 Δύγούστης
1771 2279 1868 2334 καί

258 2360 436 2398 τινων
468 2348 644 2405 ἄλλων
673 2354 1022 2427 οἰκειοτέρων
1049 2359 1146 2429 τῆς
1174 2361 1399 2433 εἱρκτῆς
1434 2366 1535 2436 μὲν
1567 2368 1865 2438 ἀπέλυσεν,

256 2439 288 2490 ὁ
322 2438 391 2493 δὲ
420 2441 562 2513 πρὸς
597 2444 690 2497 τὸν
728 2448 857 2501 ναὸν
887 2448 981 2502 τοῦ
1020 2450 1338 2524 Προδρόμου
1370 2456 1462 2513 τὸν
1498 2458 1641 2514 οῦτω
1672 2463 1869 2518 καλού-

257 2547 431 2600 μενον
457 2535 552 2588 τοῦ
569 2536 806 2609 Φοόεροῦ
836 2540 1209 2615 ὲναπεκρύδη.
1230 2544 1313 2617 [Ρ.
1335 2547 1426 2620 65]
1479 2549 1607 2604 ἔνθα
1632 2553 1729 2607 καὶ
1752 2554 1863 2608 τῶν

255 2625 490 2695 πληγῶν
522 2631 800 2686 συνουσῶν
827 2633 974 2706 αὐτῴ
1009 2638 1192 2691 εἰκόνα
1210 2639 1470 2711 διέγραψε
1502 2643 1596 2698 τοῦ
1625 2646 1867 2717 Προδρό-

255 2726 368 2779 μου
438 2714 543 2784 τὴν
581 2717 673 2769 καὶ
732 2720 926 2789 μέχρις
974 2724 1131 2793 ἡμῶν
1184 2726 1595 2803 διασωζομένην
1650 2714 1709 2788 τε
1769 2714 1867 2791 καὶ

255 2802 443 2868 ἰάσεις
492 2807 852 2865 ἐπιτελοῦσαν
898 2815 1121 2880 πολλάς.
1181 2820 1288 2872 Καὶ
1331 2822 1453 2875 τότε
1507 2824 1609 2894 μὲν
1666 2828 1862 2893 ταῦτα,

253 2896 405 2963 μετὰ
431 2897 489 2950 δὲ
523 2898 622 2969 τὴν
651 2901 746 2955 τοῦ
777 2906 1038 2976 τυράννου
1083 2911 1408 2981 ἁποδίωσιν,
1434 2916 1532 2987 τῆς
1553 2917 1865 2989 ὀρθοδοξίας

1974 1805 2201 1877 pingere
2238 1808 2469 1875 audivit,
2532 1810 2768 1869 laminas
2820 1812 3029 1871 ferreas
3092 1819 3388 1878 candentes
3438 1823 3563 1893 ejus

1974 1899 2176 1968 palmis
2225 1900 2507 1957 admoveri
2550 1904 2739 1974 jussit.
2773 1904 2903 1976 Igne
2940 1908 3125 1980 itaque
3185 1911 3307 1982 ejus
3362 1914 3561 1986 depas-

1973 2000 2131 2047 cente
2195 2008 2395 2050 carnes
2443 1996 2633 2051 tandiu
2685 1997 2926 2067 duravit,
2975 2000 3155 2059 donec
3194 2004 3371 2061 victus
3416 2010 3561 2065 malo

1970 2088 2313 2144 semianimis
2334 2087 2527 2158 jacuit.
2565 2089 2768 2148 Verum
2816 2093 3048 2151 decebat
3083 2106 3144 2152 ut
3170 2098 3350 2155 divina
3386 2103 3561 2170 gratia

1972 2195 2096 2234 eum
2127 2181 2363 2252 posteris
2384 2183 2534 2238 velut
2557 2183 2859 2255 igniculum
2885 2188 3221 2247 incnlumem
3248 2203 3553 2263 praestaret.

1969 2268 2237 2338 Quoniam
2308 2273 2474 2345 igitur
2524 2282 2789 2347 tyrannus
2819 2292 2945 2335 eum
2973 2279 3086 2348 jam
3118 2281 3360 2339 animam
3388 2301 3557 2356 agere

1970 2363 2243 2431 audierat,
2281 2363 2543 2437 Augusta:
2600 2367 3093 2438 supplicationibus
3134 2376 3557 2430 nonnullorum-

1971 2470 2081 2525 que
2108 2455 2343 2512 aliorum
2375 2472 2443 2513 es
2472 2456 2681 2515 intimis
2712 2460 2994 2531 magisque
3022 2466 3349 2521 necessariis
3374 2475 3559 2523 motus

1970 2545 2149 2615 ipsum
2175 2560 2205 2600 e
2230 2561 2450 2601 carcere
2476 2545 2705 2603 dimisit.
2730 2549 2807 2603 lta
2834 2551 3074 2613 demum.
3108 2553 3163 2607 in
3195 2553 3557 2614 Prmcnrsoris

1971 2638 2194 2709 templo,
2214 2639 2360 2709 quod
2381 2637 2618 2695 Phoberi
2651 2650 2848 2698 vocant
2869 2644 3038 2713 (velut
3065 2645 3220 2701 dicas
3243 2649 3551 2721 terribilis),

1967 2745 2025 2784 se
2063 2729 2381 2797 occultavit;
2417 2730 2511 2785 ubi
2566 2734 2731 2786 etiam
2785 2749 2929 2801 aegre
2998 2751 3065 2791 ex
3116 2738 3293 2809 plagis
3346 2740 3553 2798 habens

1970 2823 2216 2891 ejusdem
2272 2822 2640 2881 Praecursoris
2686 2826 2981 2896 imaginem
3023 2828 3290 2899 depinxit,
3327 2848 3449 2903 qua:
3496 2844 3553 2889 ct

1973 2915 2241 2969 hactenus
2302 2924 2483 2973 exstat
2539 2916 2855 2987 multosque
2904 2922 3290 2990 aegrotantium
3322 2926 3546 2983 morbos

248 2989 689 3064 ἀναλαμψάσης,
713 2996 812 3066 τὴν
841 3000 899 3051 ὲν
917 3001 982 3071 τῇ
1014 3002 1204 3073 Χαλκῇ
1243 3006 1434 3061 εἰκόνα
1461 3010 1557 3063 τοῦ
1589 3012 1864 3086 θεοινθρώ-

1978 3007 2222 3077 depellit.
2246 3006 2426 3079 Atque
2465 3009 2580 3063 haec
2602 3008 2890 3067 hactenus.
2921 2989 3209 3071 Exstincto
3234 3026 3420 3073 autem
3466 3028 3551 3091 ty-

252 3099 359 3135 που
393 3083 578 3154 Ἰησοῦ
589 3087 828 3156 Χριστοῦ
841 3091 1013 3145 οἰκεία
1023 3111 1070 3157 ις
1079 3089 1235 3161 οὗτος
1248 3116 1309 3168 χε
1316 3100 1438 3170 ρσὶν
1462 3083 1860 3173 ἀνεστήλωσεν.

257 3174 359 3236 Ὃς
385 3177 491 3229 καὶ
534 3178 875 3250 καλούμενος
913 3183 1018 3238 ὑπὸ
1067 3188 1167 3257 τῆς
1216 3193 1553 3262 περιφανοῦς
1582 3194 1864 3266 Θεοδὼρας

253 3268 600 3342 συγγνώμην
617 3272 802 3327 δοῦναί
821 3292 879 3328 τε
900 3278 994 3331 καί
1019 3280 1435 3354 αἰτήσασθαιτῷ
1453 3284 1658 3357 ταύτης
1685 3288 1859 3361 ἀνδρὶ,

253 3360 376 3412 οὐκ
402 3359 621 3426 ἄδικος
637 3366 671 3416 δ
693 3363 860 3432 Θεὸς,
875 3366 1000 3438 εφη,
1018 3364 1066 3423 ὦ
1078 3371 1449 3440 βασίλισσα,
1470 3359 1861 3435 ἐπιλαθέσθαι

252 3449 360 3518 τῆς
398 3451 577 3520 ἡμῶν
628 3454 870 3525 ἀγάπης
917 3460 1018 3513 καὶ
1061 3460 1178 3515 τῶν
1213 3464 1366 3533 πρὸς
1397 3468 1586 3522 αὐτὸν
1630 3471 1856 3539 κόπων,

249 3542 499 3600 exciret)
553 3546 625 3601 δὲ
661 3549 730 3604 τὸ
772 3551 955 3621 μῖσος
1012 3556 1113 3609 καί
1176 3558 1291 3626 τὴν
1346 3561 1857 3630 ὑπερϐάλλουσαν

244 3636 486 3700 μανίαν
532 3640 631 3695 καί
682 3643 1068 3714 προτιμῆσαι.
1109 3648 1267 3705 Ἀλλὰ
1312 3653 1486 3707 ταῦτα
1538 3654 1641 3726 μὲν
1697 3656 1858 3712 ὓστε-

251 3742 368 3793 ρον.

324 3943 418 4001 ιδ’.
448 3947 561 4000 Καί
615 3966 748 4004 ποτε
796 3953 855 4007 δὲ
911 3954 1003 4009 τὸν
1054 3958 1393 4030 όμολογητὴν
1447 3962 1729 4035 Θεοφάνην
1760 3966 1853 4020 καὶ

248 4036 540 4110 Θεόδωρον
586 4042 681 4096 τὸν
716 4045 886 4099 αὐτοῦ
947 4049 1199 4120 ἀδελφὸν,
1274 4052 1511 4126 ἐπείπερ
1576 4055 1850 4127 λογιότητι

1973 3114 2144 3154 ranno
2175 3116 2299 3155 cum
2330 3110 2492 3156 recta:
2526 3101 2647 3158 fidei
2672 3102 2764 3157 lux
2807 3103 3130 3173 affulsisset,
3180 3106 3275 3164 Dei
3311 3110 3550 3167 hominis

1966 3189 2093 3246 Jesu
2111 3191 2312 3246 Christi
2337 3192 2633 3262 imaginem
2663 3196 2718 3249 in
2743 3193 2946 3252 Chalce
2975 3207 3129 3267 porta
3154 3202 3173 3271 (
3197 3201 3249 3256 id
3278 3211 3362 3257 est
3378 3204 3548 3275 aerea)

1967 3283 2084 3338 suis
2120 3284 2237 3353 ipse
2291 3284 2550 3340 manibus
2604 3287 2885 3342 excitavit.
2940 3287 3078 3344 Tum
3116 3290 3385 3349 invitante
3417 3293 3546 3351 illu-

1965 3374 2064 3428 stri
2114 3372 2402 3430 Theodora
2435 3384 2495 3432 ut
2525 3378 2646 3432 viro
2668 3379 2883 3434 veniam
2916 3381 3072 3436 daret
3113 3392 3278 3453 atque
3306 3397 3543 3457 rogaret,

1924 3498 1935 3508 -
1966 3464 2091 3521 Non
2108 3467 2362 3535 injustas.
2387 3469 2634 3540 inquit,o
2660 3470 2924 3540 Augusta,
2955 3483 3031 3529 est
3070 3472 3230 3539 Deus,
3269 3484 3325 3529 ut
3348 3486 3545 3533 nostra:

1962 3558 2261 3612 dilectionis
2290 3558 2451 3631 104
2502 3568 2909 3632 nostrorumque
2936 3563 3053 3633 ejus
3092 3580 3255 3619 causa
3299 3565 3544 3622 laborum

1962 3668 2026 3706 ac
2066 3668 2434 3707 aerumnarum
2467 3653 2833 3722 obliviscatur,
2868 3656 3120 3727 illiusque
3170 3659 3280 3714 odii
3321 3677 3543 3728 exsupe-

1960 3747 2232 3816 rantisque
2259 3747 2486 3802 insanire
2513 3749 2768 3817 majorem
2798 3750 3060 3804 rationem
3082 3751 3298 3808 habeat.
3336 3753 3538 3810 Verum

1960 3836 2076 3890 haec
2114 3844 2321 3906 postea.

2035 3948 2125 4003 Η.
2171 3948 2309 4014 Quia
2340 3961 2522 4005 autem
2562 3949 2952 4025 Theophanem
2996 3956 3367 4014 confessorem
3394 3961 3541 4031 ejus-

1956 4060 2064 4114 que
2100 4043 2323 4100 fratrem
2359 4044 2731 4115 Theodorum,
2774 4064 2937 4119 quam
2971 4066 3072 4121 pro
3101 4051 3243 4123 vulgi
3270 4066 3393 4118 usu,
3421 4069 3537 4108 ma-

246 4125 618 4197 διαφέροντας
643 4130 977 4200 ἀνεγίνωσκε
1007 4137 1119 4191 τῶν
1169 4140 1402 4205 πολλῶν,
1454 4144 1595 4197 κατὰ
1636 4144 1726 4197 τὸν
1754 4125 1848 4199 τω

1969 4138 2073 4194 fore
2102 4144 2364 4207 praestare
2422 4138 2730 4196 eruditione
2789 4157 2895 4195 non
2948 4142 3253 4212 ignorabat,
3295 4142 3398 4198 sibi
3441 4159 3538 4201 cos

248 4218 576 4273 Λαυσιακοῦ
604 4222 880 4292 τρίκλινον
908 4226 1156 4292 ἑξεκάλει
1179 4230 1416 4305 δημοσίᾳ
1433 4234 1848 4307 διαλεξομένους

243 4308 388 4378 περὶ
410 4308 512 4379 τῆς
528 4311 765 4377 πίστεως
790 4329 804 4344 °
824 4316 938 4380 καὶ,
965 4319 1096 4386 Ἄγε
1110 4319 1211 4387 δὴ,
1245 4324 1431 4393 φησιν,
1463 4326 1633 4396 ὑμεῖς
1647 4322 1693 4382 ὦ
1714 4344 1824 4383 κατ
1838 4359 1850 4371 -

1955 4229 2024 4284 ad
2056 4226 2387 4284 Lausiacum
2432 4228 2730 4284 triclinium
2777 4233 3106 4301 quandoque
3152 4233 3270 4288 sisti
3320 4232 3537 4304 publice

1952 4323 2021 4379 de
2050 4322 2156 4378 llde
2225 4319 2600 4393 disputaturos
2652 4322 2838 4392 jussit.
2892 4327 3071 4394 Atque
3128 4323 3225 4387 ibi,
3275 4325 3534 4394 Agedum,

247 4397 495 4464 ἁρατοι.
532 4402 657 4457 τισι
710 4408 1050 4477 πειθόμενοι
1068 4412 1297 4479 ρήσεσι
1335 4417 1446 4485 τῆς
1465 4419 1713 4489 Γραφῆς
1748 4423 1847 4477 καί

1969 4414 2154 4486 inquit,
2194 4412 2540 4469 exsecrabiles
2570 4429 2678 4478 vos,
2727 4412 3045 4483 quibusnam
3087 4413 3381 4481 Scriptura:
3401 4418 3530 4471 locis

249 4494 692 4563 τεθαρρηκότες
740 4500 815 4553 τὰ
858 4501 1101 4565 εἴδωλα,
1148 4506 1334 4577 ἀφέτῳ
1362 4507 1425 4579 δὴ
1486 4510 1709 4586 γλώσσῃ
1757 4515 1854 4568 καὶ

250 4586 434 4654 μιαρᾷ
460 4586 565 4651 τὰς
585 4588 749 4656 ἁγίας
788 4592 1002 4658 εἰκόνας
1027 4594 1172 4650 οὕτω
1194 4598 1394 4667 καλῶν,
1428 4605 1846 4672 προσκυνεῖτε,

244 4677 351 4730 καὶ
397 4680 544 4745 τοὺς
581 4684 855 4750 πολλοὺς
913 4688 1014 4742 καί
1074 4690 1396 4760 ἀκεραίους
1437 4696 1639 4763 καλῶς
1684 4698 1851 4767 ἔχειν

240 4768 432 4822 οὔτω’
454 4773 655 4827 ποιεῖν
690 4774 1178 4846 διαϐεϐαιοῦσθε;
1210 4784 1304 4837 καὶ
1340 4785 1455 4840 ἀλλ’
1508 4786 1646 4843 ἄττα
1674 4805 1847 4861 προσ-

249 4859 429 4913 ετξθει
460 4861 765 4936 βλάσφημα
804 4869 900 4923 καὶ
936 4872 1122 4943 ἀπηχῆ
1163 4875 1304 4929 κατὰ
1341 4876 1441 4945 τῆς
1471 4878 1680 4942 εἰκόνος
1706 4859 1847 4951 Χριο

242 4952 385 5007 στοῦ
418 4955 514 5008 τοῦ
540 4958 678 5011 Θεοῦ
709 4964 1059 5037 γεγωνοτέρᾳ
1086 4970 1259 5038 φωνῇ.
1279 4968 1389 5024 Καὶ
1410 4964 1556 5025 οῦτοι
1579 4972 1643 5043 δὴ
1672 4972 1716 5005 ¹³
1745 4990 1851 5043 μα-

242 5048 457 5112 κάριοι,
475 5049 872 5123 Ἐμφραχθείη
894 5054 961 5108 τὸ
984 5060 1199 5128 στόμα,
1214 5062 1562 5132 εἰπόντεςητὸ
1580 5066 1728 5120 κατὰ
1741 5064 1849 5119 τοῦ

237 5138 408 5191 Θεοῦ
440 5143 677 5197 λαλοῦν
691 5143 908 5215 ἄνομα,
942 5150 1036 5202 καὶ
1060 5152 1231 5224 τούτῳ
1270 5154 1335 5224 δὴ
1369 5155 1429 5208 τὸ
1455 5155 1655 5226 θράσος
1682 5157 1847 5212 αὑτοῦ

238 5231 661 5300 καταϐαλόντες
701 5239 787 5303 (οὐ
840 5240 996 5310 φέρει
1051 5244 1159 5315 γὰρ
1206 5245 1461 5315 βασιλεὺς
1491 5248 1675 5311 ἄδικος
1703 5251 1845 5305 κατά

238 5321 547 5391 sepiarum»;
572 5326 979 5400 ἐλεγχόμενος),
1010 5334 1099 5390 τὸν
1130 5337 1288 5394 θῶπα
1312 5340 1447 5405 τέως
1468 5341 1841 5412 ὑποκρίνεται,

320 5479 358 5521 ⁸
391 5478 530 5538 ιἐιι.
568 5501 703 5549 Lstt,
747 5487 827 5541 l2.

1955 4525 2020 4563 ac
2066 4506 2382 4562 testimoniis
2424 4506 2665 4577 persuasi
2709 4506 3000 4578 idola(sic
3048 4508 3304 4562 nimirum
3345 4525 3531 4565 sacras

1957 4601 2224 4670 imagines
2280 4598 2561 4669 impotenti
2594 4598 2918 4669 impuroque
2941 4613 3037 4652 ore
3070 4598 3526 4667 vocans)colitis,

1954 4692 2286 4762 simplicique
2309 4692 2463 4760 uulgo
2502 4700 2559 4744 ut
2590 4690 2669 4743 sic
2698 4689 2897 4758 faciant
2930 4705 3100 4758 operte
3146 4691 3373 4760 pretium
3421 4708 3530 4747 esse

1958 4784 2242 4839 asseritis?
2269 4783 2501 4851 Altaque
2532 4780 2848 4847 blasphema
2890 4790 3055 4852 atque
3093 4782 3297 4837 absona
3335 4784 3528 4840 adver-

1959 4893 2057 4933 sus
2084 4874 2286 4931 Christi
2318 4873 2412 4927 Dei
2444 4873 2735 4940 imaginem
2763 4872 2984 4928 clariori
3039 4889 3175 4930 voce
3241 4876 3527 4946 magisque

1958 4972 2213 5018 contenta
2262 4960 2482 5032 adjecit.
2530 4960 2610 5013 Ad
2643 4961 2756 5016 haec
2784 4975 2908 5017 cum
2949 4961 3091 5017 beati
3114 4963 3215 5017 viri
3250 4964 3523 5019 dicerent:

1962 5056 2291 5113 Obstruatur
2354 5070 2411 5108 os
2444 5094 2459 5120 ,
2517 5054 2657 5124 quod
2718 5053 2954 5124 loquitur
3037 5056 3287 5109 adrersus
3359 5054 3528 5110 Deum

1953 5150 2285 5220 iniquitatem
2340 5148 2387 5212 κ,
2435 5159 2609 5217 eoque
2654 5146 2808 5203 vocis
2875 5146 3119 5201 tonitrua
3166 5147 3379 5218 tyranni
3427 5165 3525 5203 au-

1949 5245 2164 5300 daciam
2221 5240 2634 5312 depressissent
2672 5238 2812 5309 (non
2874 5238 3020 5293 enim
3107 5254 3203 5293 rex
3283 5240 3524 5313 injustus

1955 5339 2225 5409 patienter
2246 5335 2499 5400 sustinet,
2541 5345 2665 5390 cum
2690 5332 2745 5386 in
2764 5330 2954 5386 faciem
2978 5331 3273 5401 arguitur),
3305 5333 3521 5389 internn

1552 5631 1782 5688 VAllldi
1825 5630 2230 5689 LEG'I'IONES.

320 5712 375 5743 υ
520 5719 614 5770 oi?
646 5736 716 5772 an
746 5718 810 5789 δὴ
840 5722 928 5775 oi?
