4038 6214
198 324 305 389 121

980 328 1128 392 LIB.
1167 329 1285 389 III.
1323 348 1396 365 --
1430 328 1930 389 THEOPHILUS
1962 328 2384 391 MICIIAELIS
2412 333 2691 392 FILIUS.

3376 335 3478 399 1‘21

194 440 702 511 μεθαρμοσάμενος
724 442 817 495 καὶ
844 442 1053 513 ῥυθμὸν
1094 443 1417 515 παρασχὼν,
1458 447 1516 498 ἐν
1564 446 1629 515 τῇ
1687 442 1785 497 τοῦ

1894 444 2123 499 cinnans
2154 444 2873 517 rhythmumqueapponens
2895 447 2948 503 in
2970 445 3060 504 ltei
3102 448 3333 506 ecclesia
3362 468 3491 507 cun.

191 532 330 586 Θεοῦ
364 533 645 606 ἐκκλησίᾳ
685 537 772 599 είς
827 537 1052 591 πάντων
1094 539 1333 609 ἐπήκοον
1358 538 1795 611 ᾇδεσθαιδιωρί-

193 642 347 678 σατο.
411 624 646 696 Φέρεται
683 625 748 697 δὴ
777 628 872 680 καὶ⁵
900 628 1056 697 λόγος
1097 646 1183 694 τις
1234 629 1312 693 ὡς
1349 631 1513 694 αὐτὸς
1564 624 1720 693 οὗτος
1766 632 1798 683 6

192 717 457 789 Θεόφιλος
486 718 654 791 ἔρωτι
679 720 775 773 τοῦ
802 720 1001 792 μέλους
1028 720 1379 792 βαλλόμενος,
1410 722 1665 794 καθάπερ
1693 739 1797 776 πα-

190 813 353 883 τέρες
385 812 516 884 περὶ
544 811 615 865 τά
636 812 859 882 ἔκγονα,
888 815 1031 869 κατὰ
1044 815 1145 886 τὴν
1164 817 1427 886 Μεγάλην
1461 816 1798 887 Ἐκκλησίαν

192 906 255 957 ὲν
278 906 479 976 φαιδρᾷ
510 908 905 977 πανηγύρειού
934 910 1292 983 παρῃτήσατο
1333 909 1394 964 τὺ
1421 912 1794 981 χειρονομεῖν,

192 996 286 1068 [Ρ.
326 997 416 1071 67]
466 998 596 1063 δοὺς
647 1000 726 1071 τῷ
775 1000 962 1072 κλήρῳ
985 1002 1157 1073 αὐτῆς
1190 1002 1380 1074 λίτρας
1413 1004 1557 1074 ὑπὲρ
1604 1004 1796 1058 τούτου

189 1089 420 1158 χρυσίου
458 1090 682 1143 ἑκατόν.
744 1091 859 1144 Καὶ
908 1092 969 1145 τὸ
1011 1093 1270 1163 στιχηρὸν
1297 1093 1355 1147 δὲ
1391 1093 1453 1148 τὸ
1500 1094 1645 1148 κατὰ
1693 1095 1797 1167 τὴν

196 1180 509 1252 βαῖοτόρον,
554 1183 891 1248 Ἐξέλθετε,
933 1185 1100 1253 ἔθνη,
1151 1186 1430 1250 ἐξέλθετε
1478 1187 1583 1242 καὶ
1632 1188 1796 1264 λαοὶ,

195 1273 287 1345 τῆς
323 1275 543 1328 ἐκείνου
579 1278 625 1309 ³⁸
654 1277 822 1345 φασὶν
851 1274 991 1331 εἶναι
1019 1280 1178 1333 τόκον
1210 1280 1418 1351 ψυχῆς.

262 1452 349 1515 ιζ’.
366 1449 529 1506 Ἐπεὶ
540 1453 600 1506 δὲ
621 1452 717 1507 καὶ
738 1452 834 1507 τὸν
861 1454 960 1524 τῆς
990 1454 1236 1524 κεφαλῆς
1254 1455 1463 1526 κόσμον
1477 1454 1659 1524 ὀλίγον
1677 1472 1796 1519 πως

195 1547 255 1600 ἐκ
268 1546 489 1615 φύσεως
507 1544 673 1616 ἔφερε
698 1546 959 1614 καὶψιλδς
986 1547 1085 1610 τὰς
1102 1548 1297 1619 τρίχας
1314 1549 1479 1620 ὑπῆν,
1502 1549 1797 1602 ἐθέσπισεν

192 1640 477 1709 ἁπανταχῆ
532 1641 592 1692 έν
636 1638 755 1710 χρῷ
806 1640 1011 1704 ταύτας
1042 1641 1363 1712 ἀποκείρειν
1389 1643 1485 1697 καὶ
1550 1644 1624 1714 μή
1672 1658 1799 1697 τινα

199 1734 477 1803 Ῥωμαῖον
507 1732 639 1786 ὄντα
662 1732 759 1789 τοῦ
778 1734 1056 1805 τραχήλου
1089 1735 1404 1809 περαιτέρω
1435 1735 1625 1806 φέρειν
1660 1753 1797 1805 συγ-

188 1828 387 1895 χωρεῖν
420 1842 436 1857 ’
487 1826 537 1878 εί
566 1825 626 1879 δέ
672 1843 759 1889 τις
791 1826 1042 1898 φωραθῇ,
1089 1827 1314 1892 πολλαῖς
1361 1828 1711 1900 αἰκιζόμενον
1746 1829 1796 1861 ⁸⁸

188 1919 414 1987 μάστιξι
460 1918 604 1991 πρὸς
636 1919 738 1989 τὴν
774 1920 889 1973 τῶν
936 1919 1223 1992 προγόνων
1290 1922 1584 1993 Ῥωμαίων
1623 1924 1791 1977 επαν-

184 2013 425 2080 άγεσθαι
447 2014 655 2085 ἀρετήν
682 2029 696 2042 ·
722 2012 900 2085 τούτῳ
929 2014 1038 2094 γάρ
1064 2015 1160 2068 καὶ
1193 2008 1340 2068 οὗτοι
1393 2014 1703 2085 τριχώματι
1736 2016 1793 2069 ὲ-

181 2124 243 2159 σε
257 2106 717 2176 μνύνοντο.⁹οθεν
732 2107 907 2179 καὶανό
913 2124 1014 2177 μον
1037 2107 1256 2174 ἐξέθετο
1270 2106 1364 2160 τοῦ
1385 2108 1458 2179 μή
1480 2126 1601 2161 τινα
1613 2107 1790 2163 διόλου

183 2202 557 2272 κατατολμᾷν
626 2199 933 2271 περαιτέρω
998 2200 1095 2255 τοῦ
1173 2201 1399 2271 αὐχένος
1470 2201 1791 2271 προδαίνειν

178 2296 310 2349 ἐᾶν.

256 2387 351 2458 ιη’.
424 2388 566 2442 Ἔδει
597 2387 651 2442 δὲ
686 2390 796 2459 ἄρα
821 2385 916 2441 καὶ⁹
938 2386 1006 2441 τὰ
1031 2387 1152 2441 κατ’
1192 2386 1355 2441 αὑτὸν
1378 2388 1471 2442 καὶ
1494 2386 1593 2459 τὴν
1623 2386 1787 2443 αὐτοῦ

181 2482 516 2549 συγγένειαν
557 2478 976 2551 προνοήσασθαί
1025 2497 1086 2533 τε
1119 2479 1215 2533 καὶ
1246 2480 1523 2550 διοικῆσαι
1554 2481 1696 2535 κατὰ
1728 2480 1790 2534 τὸ

178 2575 355 2643 τούτῳ
382 2570 583 2624 δοκοῦν
616 2588 630 2603 ο
663 2570 757 2625 καὶ
784 2572 875 2623 διὰ
904 2571 1082 2635 τοῦτο,
1114 2572 1236 2624 ἐπεὶ
1289 2573 1461 2627 πέντε
1499 2573 1601 2643 μὲν
1627 2574 1787 2644 ἔτυχε

176 2664 492 2736 τηνικαῦτα
542 2664 867 2736 θυγατέρων
908 2664 1179 2734 ὑπάρχειν
1220 2665 1425 2737 πατὴρ,
1473 2666 1679 2737 ἔρημος
1730 2666 1790 2721 δὲ

176 2759 481 2830 ἀρῥενικῆς
512 2756 695 2827 ὠρᾶτο
723 2756 909 2828 γονῆς,
938 2755 1038 2828 τὴν
1070 2756 1263 2810 πασῶν
1301 2760 1538 2829 ἐσχάτην
1568 2757 1789 2829 Μαρίαν

179 2851 645 2923 ὑπερϐαλλόντως
692 2851 1063 2921 ἠγαπημένην
1112 2850 1279 2904 οὖσαν
1301 2851 1411 2904 τῶν
1439 2850 1616 2905 ἄλλων
1630 2850 1786 2923 ᾠήθη

178 2946 284 2999 δεῖν
322 2944 591 3013 συζεῦξαι
637 2944 817 3015 ἀνδρί.
857 2944 915 2997 '0
968 2945 1011 2997 δ’
1048 2944 1189 3015 ἀνὴρ
1217 2944 1319 3014 τῆς
1351 2944 1461 2997 τῶν
1496 2944 1787 3014 Κρηνιτῶν

178 3039 460 3107 κατήγετο
477 3039 698 3105 γενεᾶς,
720 3036 906 3107 χώρας
924 3038 1023 3107 τῆς
1040 3036 1151 3090 τῶν
1183 3037 1519 3108 Ἀρμενίων,
1539 3033 1789 3101 Ἀλέξιος

1898 536 2002 590 ctis
2036 537 2387 592 audientibus
2422 540 2633 593 cantari
2666 540 2942 610 prrecepit.
2994 538 3100 596 Sed
3137 552 3191 596 ct
3218 545 3358 597 fama
3403 553 3489 599 est

1898 628 2151 683 eumdem
2187 629 2367 698 ipsum
2405 628 2794 700 Theophilum,
2827 634 2907 687 sic
2952 634 3218 687 modulati
3281 643 3482 690 cantus

1898 735 2088 775 amore
2123 721 2280 791 107
2309 722 2573 785 illectum,
2607 736 2669 778 ac
2698 723 2842 777 velut
2875 737 2935 777 se
2964 733 3221 793 parentes
3249 728 3317 781 ad
3344 726 3488 784 lilios

1900 829 1966 869 ac
1994 826 2223 884 nepotes
2250 815 2473 879 habent,
2509 816 2655 871 haud
2686 831 2716 870 a
2750 816 3014 887 dignitate
3045 817 3333 889 ollicioqne
3353 821 3486 876 alie-

1900 920 2031 961 num
2067 914 2289 975 putasse
2318 906 2548 961 solemni
2604 909 2939 978 quandoque
3000 908 3140 963 festo
3170 910 3224 964 in
3291 912 3485 981 Magna

1899 999 2133 1057 ecclesia
2183 1014 2347 1055 manu
2398 1010 2666 1070 gestuque
2697 1011 2847 1055 certa
2879 1001 2997 1072 lege
3039 1003 3308 1058 movendo
3354 1021 3487 1059 can—

1900 1094 2115 1150 toribus
2170 1094 2389 1164 przeire,
2447 1108 2567 1148 eam
2596 1095 2650 1149 in
2707 1110 2822 1149 rem
2884 1103 3107 1149 centum
3151 1097 3269 1150 auri
3329 1094 3486 1151 libris

1898 1189 2019 1259 ejus
2060 1191 2307 1247 ecclesia:
2340 1192 2490 1246 clero
2528 1192 2767 1248 tributis.
2825 1190 3105 1248 Modulum
3164 1208 3385 1265 quoque
3428 1195 3481 1249 in

1899 1282 1986 1337 die
2017 1281 2156 1338 festo
2215 1284 2548 1353 palmarum,
2583 1281 2758 1343 Exite.
2786 1292 2983 1354 gentes,
3016 1286 3157 1339 exite
3186 1295 3236 1340 et
3279 1286 3482 1355 populi,

1897 1376 2017 1446 ejus
2058 1375 2261 1445 ingenii
2296 1375 2463 1431 fctum
2514 1391 2635 1431 esse
2664 1377 2872 1432 dicunt.

1970 1471 2058 1523 17.
2094 1468 2233 1535 Quia
2263 1483 2396 1523 vero
2422 1485 2452 1523 a
2488 1478 2685 1524 natura
2716 1486 2921 1540 paucos
2953 1485 3225 1541 rarosque
3254 1470 3484 1541 capillos

1899 1559 2136 1615 habebat
2164 1573 2230 1614 ac
2259 1560 2589 1614 recalvaster
2614 1572 2749 1623 erat,
2792 1560 2910 1629 lege
2952 1563 3137 1615 sanxit
3187 1561 3253 1616 ad
3300 1572 3480 1616 cutem

1899 1657 2105 1727 ubique
2138 1655 2535 1720 detondendos,
2571 1671 2673 1711 nec
2708 1655 2803 1710 ulli
2841 1655 3217 1712 Romanorum
3252 1656 3336 1712 las
3362 1673 3483 1715 esse

1900 1749 2044 1804 ultra
2105 1747 2305 1804 collum
2349 1748 2622 1804 demissos
2663 1762 2899 1820 gestare.
2946 1749 3041 1805 Sin
3072 1759 3254 1804 autem
3284 1749 3483 1818 aliquis

1901 1843 2441 1915 legis'transgressor
2469 1844 2846 1914 deprehensus
2882 1850 3050 1908 esset,
3079 1843 3267 1899 multis
3295 1859 3483 1899 emen-

1896 1936 2086 1992 datum
2124 1936 2466 2000 verberibus,
2504 1936 2571 1992 ad
2612 1937 2899 2007 pristinam
2942 1936 3321 1992 Romanorum
3366 1936 3481 1990 vir-

1897 2038 2069 2086 tutem
2128 2029 2497 2086 revocandum
2556 2045 2697 2086 esse.
2766 2028 2902 2084 Nam
2961 2030 3064 2085 hac
3118 2044 3339 2101 quoque
3404 2026 3481 2082 illi

1897 2124 2335 2181 bonestabantur
2387 2124 2633 2179 casarie.
2690 2121 2832 2195 Lege
2884 2124 3071 2195 itaque
3129 2131 3353 2178 cautum
3414 2136 3483 2176 ne

1895 2217 2020 2288 quis
2051 2217 2279 2272 omnino
2299 2218 2442 2271 ultra
2465 2216 2667 2272 collum
2694 2216 2925 2287 capillos
2943 2216 3230 2273 demittere
3259 2216 3478 2272 audeat.

1968 2399 2059 2455 18.
2090 2397 2228 2465 Quia
2260 2411 2391 2454 vero
2417 2412 2547 2453 suas
2583 2411 2803 2467 quoque
2832 2395 2987 2450 illum
3015 2410 3103 2450 res
3126 2392 3483 2463 amniumque

1893 2493 2187 2564 disponere
2217 2505 2395 2560 exque
2422 2490 2651 2545 arbitrio
2679 2503 3010 2558 componere
3038 2487 3282 2552 decebat,
3331 2485 3480 2556 quod

1893 2588 2138 2658 quinque
2172 2594 2303 2639 tunc
2336 2583 2478 2638 ﬁlias
2519 2596 2620 2637 nec
2651 2581 2816 2636 ullam
2863 2581 3129 2635 hactenus
3177 2578 3480 2633 maseulam

1892 2680 2102 2749 prolem
2134 2684 2472 2746 susceperat,
2523 2690 2589 2728 ex
2628 2675 2737 2729 illis
2777 2683 2907 2727 natu
2952 2672 3232 2730 minimam
3264 2672 3485 2741 sibique

1893 2785 2006 2842 prae
2037 2768 2264 2839 reliquis
2291 2767 2491 2823 eximie
2507 2760 3000 2830 cliaram,Mariam
3030 2765 3273 2830 nomine,
3289 2763 3483 2820 statuit

1891 2864 2009 2918 viro
2039 2871 2269 2932 nuptum
2302 2860 2541 2916 tradere.
2598 2859 2851 2914 Delectus
2881 2857 3113 2913 maritus
3142 2873 3207 2912 ex
3234 2856 3483 2912 Crenita-

1891 2973 2012 3012 rum
2043 2966 2225 3027 gente,
2255 2956 2551 3010 Armenius
2592 2954 2794 3024 patria,
2846 2951 3073 3007 Alexius
3111 2957 3481 3021 cognomento

1892 3050 2148 3114 Moseles,
2181 3049 2355 3103 forma
2388 3048 2614 3116 elegans
2653 3060 2718 3100 ac
2745 3045 2963 3100 ﬂorenti
3011 3051 3189 3109 aetate,
3238 3042 3307 3097 ad
3334 3041 3479 3098 arcis

178 3128 701 3199 τοῦνομα,Μουσελὲ
718 3130 817 3199 τὴν
838 3131 1019 3182 ὲπωνυ
1031 3128 1183 3199 μίαν,
1203 3128 1281 3200 τῷ
1301 3129 1431 3182 εἴδει
1448 3127 1669 3198 ὡραῖος,
1690 3130 1787 3182 ἀκ-

1894 3155 2100 3216 partem
2130 3144 2183 3197 in
2220 3142 2545 3197 Crenetissae
2580 3140 2744 3210 108
2773 3139 2934 3194 dictis
2964 3138 3173 3194 aedibus
3199 3136 3479 3191 habitans.

182 3222 371 3291 μείζων
392 3220 497 3292 τὴν
512 3220 759 3289 ἡλικίαν,
780 3220 945 3273 οίκῶν
960 3223 1103 3275 κατὰ
1123 3222 1185 3275 τὸ
1200 3221 1302 3290 τῆς
1322 3221 1670 3292 ἀκροπόλεως
1692 3220 1785 3291 μέ-

181 3332 291 3383 ρος,
310 3314 465 3368 κατὰ
484 3314 590 3375 τάς
619 3313 763 3366 οὕτω
795 3312 1138 3383 καλουμένας
1170 3313 1272 3384 τῆς
1304 3313 1678 3385 Κρηνιτίσσης
1703 3314 1784 3367 ol-

180 3410 321 3472 κῖας·
341 3408 403 3461 δν
422 3407 647 3478 πρῶτον
670 3406 846 3478 μὲντῇ
861 3406 968 3460 τῶν
987 3407 1292 3479 πατρικίων
1311 3407 1529 3460 καὶτῶν
1546 3405 1787 3461 ἀνθυπάο

178 3521 280 3557 των
293 3503 435 3575 τιμή
445 3519 549 3565 σας
572 3502 699 3572 ἀξίᾳ
716 3502 803 3555 διὰ
816 3507 876 3553 τὸ
894 3500 1033 3572 πρὸς
1056 3506 1154 3571 τὴν
1175 3500 1453 3572 θυγατέρα
1470 3501 1662 3555 τούτου
1698 3521 1785 3573 φι-

177 3594 498 3665 λόστοργον,
528 3594 724 3648 ἔπειτα
748 3595 804 3648 δὲ
835 3594 931 3647 καὶ
978 3595 1285 3664 μάγιστρον
1317 3595 1412 3647 καὶ
1434 3595 1693 3666 Καίσαρα
1724 3597 1786 3649 τὸ

178 3690 409 3760 ἔσχατον
439 3690 841 3760 ἀνηγόρευσεν,
858 3688 1249 3761 στρατεύματά
1264 3707 1321 3742 τε
1334 3690 1455 3753 δοὺς
1474 3691 1632 3745 ἱκανὰ
1651 3690 1785 3763 πρὸς

178 3783 273 3853 τὴν
292 3781 715 3853 Λογγοδαρδίαν
732 3782 1060 3852 ἐξέπεμψεν,
1096 3781 1285 3852 χρείας
1319 3780 1625 3852 τηνικαῦτα
1653 3799 1787 3836 κατ-

179 3874 526 3943 επειγούσης
576 3872 744 3935 τινός.
810 3873 922 3926 Καὶ
949 3875 976 3927 6
1025 3873 1125 3943 μὲν
1152 3873 1315 3945 ἀπῄει
1347 3873 1527 3936 καλῶς
1560 3877 1630 3926 τά
1662 3875 1784 3927 κατ’

175 3964 342 4020 αὑτὸν
363 3966 572 4031 ἀνύων,
601 3966 695 4019 καὶ
720 3964 796 4029 ὡς
824 3965 999 4018 ἐδόκει
1025 3966 1099 4036 τῷ
1134 3965 1350 4036 βασιλεῖ
1371 3982 1384 3995 ·
1423 3967 1516 4020 καὶ
1543 3964 1631 4020 διὰ
1657 3965 1785 4019 τοῦ-

172 4077 236 4115 το
268 4060 497 4131 ἤκμαζε
556 4061 657 4130 μὲν
691 4062 719 4113 6
754 4059 888 4130 πρὸς
920 4059 1082 4112 αὐτὸν
1131 4059 1293 4123 πόθος
1350 4059 1444 4113 τοῦ
1495 4058 1781 4130 βασιλέως,

173 4154 505 4224 συνήκμαζε
553 4151 613 4205 δὲ
652 4153 746 4205 καὶ
776 4154 803 4205 6
829 4151 887 4218 ἐξ
916 4150 1220 4220 ἀνθρώπων
1258 4149 1452 4221 φθόνος
1496 4150 1667 4220 αὐτῷ,
1693 4149 1786 4203 καί

172 4265 322 4310 τινες
380 4244 693 4317 ὲλοιδᾶρουν
728 4246 823 4298 καὶ
863 4244 1163 4315 βλάσφημά
1206 4261 1330 4298 τινα
1374 4243 1616 4313 ἔφασκον
1652 4242 1776 4297 κατ’

173 4339 373 4406 αὐτοῦ,
396 4339 477 4401 ὡς
506 4340 607 4409 τῆς
631 4355 689 4390 τε
707 4338 985 4409 βασιλείας
1020 4336 1279 4407 ἐπιθυμεῖ
1306 4336 1402 4390 καὶ
1434 4337 1515 4390 δεῖ
1557 4353 1691 4389 ποτε
1725 4335 1785 4391 τὸ

170 4438 325 4507 άιῳα
370 4434 471 4488 τοῦ
509 4434 647 4507 θῆτα
680 4432 1134 4501 κατακυριεῦσαι.
1174 4432 1338 4486 Ὅθεν
1369 4433 1493 4485 ἐπεὶ
1531 4432 1631 4495 τὰς
1657 4430 1778 4486 κατ’

168 4529 347 4584 αὐτοῦ
362 4527 743 4601 συρραςρείςας
758 4525 1013 4589 διαϐολὰς
1040 4527 1067 4578 6
1092 4527 1310 4597 Καῖσαρ
1327 4524 1569 4592 Ἀλέξιος
1586 4525 1774 4597 διακή-

171 4641 327 4687 κοεν,
357 4624 450 4676 τὸν
478 4622 677 4691 φθόνον
708 4620 899 4692 ὥσπερ
938 4618 1449 4689 κατευλαῦούμενος
1480 4618 1649 4671 πολλὰ
1680 4616 1773 4671 τοῦ

172 4719 450 4788 βασιλέως
500 4715 681 4772 ἐδέετο
731 4716 998 4786 οἰκτεῖραι
1033 4714 1224 4768 τοῦτον
1276 4714 1371 4767 καὶ
1416 4712 1776 4783 συγχωρῆσαι

171 4811 321 4882 πρὸς
355 4811 447 4863 τὸν
477 4812 693 4882 μονήρη
725 4809 841 4878 βίον
865 4807 1293 4877 μετατάξασθαι.
1334 4805 1496 4859 Ἀλλὰ
1523 4807 1645 4859 τότε
1679 4807 1778 4877 μὲν

168 4906 294 4960 οὔτ’
338 4907 548 4968 ἐκεῖνος
580 4901 985 4972 συνεχώρησεν,
1019 4902 1117 4973 τὴν
1143 4901 1371 4972 χηρείαν
1392 4901 1491 4970 τῆς
1514 4899 1785 4972 θυγατρὸς

172 4998 664 5071 προδαλλόμενος,
720 4998 814 5051 καὶ
847 4997 875 5049 6
937 4997 1128 5068 ῥηθεὶς
1184 4999 1400 5067 Καῖσαρ
1448 4997 1641 5066 ἔμενεν
1698 4998 1784 5068 ἐφ’

168 5091 419 5163 ἡσυχίας
446 5091 652 5160 πολλῆς
685 5093 796 5155 τοῖς
815 5091 1099 5161 δημοσίοις
1123 5090 1413 5160 ἑνασχολού
1423 5108 1583 5160 μενος
1602 5092 1783 5163 πράγ-

170 5204 378 5255 μασιν.
424 5185 512 5248 Ὠς
546 5185 603 5238 δὲ
634 5185 727 5237 τὸν
764 5184 983 5255 Μιχαὴλ
1016 5184 1306 5256 ἐγέννησεν
1331 5186 1358 5238 6
1388 5185 1669 5253 θεόφιλος,
1693 5187 1789 5240 καὶ

167 5286 203 5350 ἡ
238 5279 447 5334 τούτου
481 5278 583 5351 μὲν
614 5278 865 5350 θυγάτηρ
886 5277 981 5333 τοῦ
1011 5278 1294 5349 Καίσαρος
1343 5277 1401 5331 δὲ
1434 5281 1650 5350 γαμετὴ
1692 5281 1786 5332 τὸν

170 5376 305 5439 βίον
343 5370 700 5443 μετήλλαξεν,
737 5369 943 5439 ταύτην
977 5370 1076 5440 μὲν
1096 5370 1348 5425 τοσοῦτον
1390 5372 1688 5443 τετίμηκεν
1712 5372 1787 5437 ὡς

164 5471 275 5518 au".
316 5462 413 5516 τὸν
439 5462 570 5533 χοῦν
592 5462 768 5533 αὐτῆς
797 5464 857 5516 ὲν
883 5462 1116 5532 λάρνακι
1166 5463 1339 5517 θεῖναι
1396 5481 1787 5537 περιηργυρω-

170 5554 335 5628 μένῃ
364 5557 461 5610 καί
517 5556 814 5626 προνόμιον
873 5552 1058 5610 δοῦναι
1109 5555 1196 5609 διὰ
1254 5555 1661 5627 λελαξευμένων
1729 5560 1789 5611 ἐν

164 5671 199 5702 α
218 5652 335 5719 2τῇ
363 5648 579 5719 ἰάμϐων
597 5648 823 5712 ἀσυλίας
852 5652 963 5713 τοῖς
997 5652 1063 5717 ἐφ
1081 5650 1094 5670 ‘
1114 5649 1246 5711 οἵοις
1274 5649 1470 5719 δήποτε
1506 5651 1789 5722 ἐγκλήμα-

1892 3239 2033 3293 Huic
2076 3235 2296 3306 patricii
2334 3235 2573 3304 primum
2610 3248 2675 3287 ac
2703 3232 3075 3300 proconsulis,
3116 3243 3229 3301 quo
3272 3236 3393 3284 erat
3423 3228 3480 3283 in

1892 3330 2059 3384 ﬁliam
2094 3339 2305 3388 amore,
2341 3322 2535 3379 collata
2569 3339 2601 3377 a
2625 3322 2933 3392 Theophilo
2959 3320 3196 3391 dignitas
3219 3330 3325 3385 est;
3364 3330 3479 3373 tum

1890 3436 2022 3478 vero
2049 3421 2216 3476 etiam
2244 3421 2529 3488 magister,
2564 3433 2628 3476 ac
2663 3417 2884 3472 demum
2914 3415 3096 3470 Caesar
3126 3414 3196 3467 ab
3228 3428 3295 3467 eo
3334 3427 3485 3467 crea-

1891 3526 1999 3581 tus,
2028 3515 2253 3584 copioso
2287 3513 2593 3567 instructus
2629 3508 2876 3565 exercitu
2924 3507 2976 3561 in
3013 3504 3479 3577 Longobardiam,

1889 3609 2056 3664 rebus
2098 3608 2173 3661 ita
2216 3603 2598 3676 poscentibus,
2643 3601 2903 3656 mittitur.
2965 3600 3041 3653 Eo
3073 3599 3300 3653 Alexius
3349 3612 3479 3667 pro-

1889 3697 2065 3752 lectus
2096 3710 2221 3749 cum
2250 3702 2416 3759 esset,
2463 3691 2726 3761 prmolare
2756 3689 2805 3749 ei
2858 3703 2947 3747 res
2984 3695 3275 3745 cesserunt
3303 3700 3484 3756 exque

1890 3791 2067 3847 soceri
2106 3799 2251 3844 voto.
2299 3786 2420 3854 Quo
2459 3785 2662 3841 factum
2692 3793 2775 3839 est
2828 3793 2887 3838 ut
2938 3790 3221 3839 crescente
3268 3780 3322 3834 in
3353 3793 3481 3835 eum

1890 3883 2235 3953 imperatoris
2266 3895 2454 3935 amore
2486 3894 2550 3932 ac
2579 3877 2855 3933 desiderio
2893 3892 2999 3931 una
3038 3892 3260 3947 quoque
3306 3874 3485 3929 homi-

1892 3991 2021 4029 num
2066 3974 2118 4028 in
2145 3988 2270 4028 eum
2304 3970 2507 4026 invidia
2536 3970 2712 4037 magis
2744 3976 3085 4039 augesceret.
3115 3964 3234 4019 Non
3257 3965 3485 4021 deerant

1889 4070 1982 4140 qui
2038 4066 2464 4123 criminarentur
2509 4074 2563 4119 et
2620 4062 2912 4119 maledicta
2961 4061 3212 4132 qua-dam
3256 4058 3311 4114 in
3352 4072 3480 4114 eum

1885 4165 2177 4237 iactarent,
2224 4160 2385 4231 quasi
2413 4159 2735 4214 dominandi
2770 4158 2969 4228 cupido
3007 4157 3188 4226 ipsum
3220 4154 3483 4208 incessis-

1890 4265 1993 4324 set,
2030 4269 2093 4309 ac
2126 4253 2245 4308 fore
2272 4262 2331 4308 ut
2370 4252 2412 4306 A
2446 4252 2499 4305 in
2527 4251 2569 4304 Θ
2599 4250 2932 4321 quandoque
2978 4248 3267 4318 imperium
3314 4260 3482 4300 usur-

1889 4360 2064 4423 paret.
2108 4348 2484 4415 Quamobrem
2533 4345 2624 4399 ubi
2673 4346 2790 4399 [nec
2834 4346 2889 4397 in
2926 4359 2985 4400 se
3015 4359 3107 4413 per
3146 4340 3479 4395 calumniam

1892 4443 2117 4499 rescivit
2145 4441 2371 4497 Alexius
2394 4439 2599 4504 Caesar,
2633 4438 2785 4492 velut
2820 4438 3020 4492 timens
3051 4448 3364 4504 carensque
3394 4434 3482 4487 in-

1882 4536 2111 4600 vidiam.
2161 4536 2353 4591 multis
2385 4533 2532 4604 apud
2564 4533 2953 4601 imperatorem
2999 4528 3257 4599 precibus
3286 4525 3484 4598 agebat

1883 4644 1943 4688 ut
1964 4648 2078 4688 suae
2108 4630 2368 4685 misertus
2392 4630 2558 4683 sortis
2581 4627 2650 4682 ad
2676 4625 2979 4680 monastica
3003 4640 3129 4679 eum
3154 4632 3277 4677 vota
3302 4632 3483 4676 trans~

1885 4728 1965 4781 ire
2026 4735 2323 4795 pateretur.
2351 4721 2559 4776 Verum
2597 4730 2730 4776 tunc
2759 4718 2983 4790 quidem
3009 4732 3111 4773 nec
3145 4715 3484 4783 Theophilus

1888 4818 2103 4883 annuit,
2132 4818 2296 4871 tiliam
2345 4816 2544 4869 marito
2583 4813 2805 4869 viduam
2836 4826 3005 4882 grave
3042 4825 3163 4866 esse
3187 4810 3479 4881 objiciens,

1889 4926 1975 4974 ac,
2006 4925 2168 4980 quem
2201 4907 2469 4973 diximus,
2499 4906 2687 4961 Caesar
2710 4904 2881 4959 multa
2913 4918 3036 4959 cum
3072 4903 3258 4975 quiete
3292 4919 3357 4960 ac
3390 4918 3481 4958 sc-

1888 5016 2057 5056 curus
2078 4998 2313 5069 publicis
2340 4998 2508 5053 rebus
2538 5012 2761 5067 operam
2798 4996 2985 5052 dabat.
3036 4994 3138 5051 Ubi
3178 5005 3361 5052 autem
3392 4995 3484 5049 ille

1888 5091 2207 5147 Michaelcm
2231 5089 2399 5143 lilium
2428 5098 2773 5159 susceperat,
2817 5088 3103 5160 ipsiusque
3132 5087 3238 5141 lilia
3270 5101 3335 5141 ac
3364 5085 3483 5139 Ca2-

1897 5187 2040 5242 saris
2078 5199 2217 5240 uxor
2241 5184 2385 5239 diem
2417 5183 2657 5250 obierat,
2697 5183 2843 5238 illam
2875 5182 3095 5252 quidem
3126 5194 3306 5249 usque
3343 5178 3483 5232 adeo

1895 5279 2082 5343 coluit,
2120 5287 2259 5333 utet
2287 5276 2407 5347 ejus
2438 5277 2653 5333 cineres
2691 5276 2747 5331 in
2785 5290 2915 5329 arca
2947 5271 3221 5343 argenteis
3263 5270 3483 5327 laminis

1893 5373 2129 5429 obducta
2177 5372 2505 5435 condiderit,
2552 5369 2957 5440 insculptisque
2989 5368 3040 5420 in
3069 5380 3131 5421 ea
3160 5365 3357 5421 iambis
3382 5382 3482 5422 cu-

1892 5466 2205 5538 juscunque
2247 5466 2436 5539 ﬂagitii
2488 5467 2596 5520 reis
2625 5479 2692 5519 eo
2746 5460 3194 5531 confugientibus
3221 5460 3357 5531 asyli
3388 5460 3481 5529 jus

1896 5559 2279 5615 constituerit:
2338 5559 2587 5615 Alexium
2640 5570 2789 5621 vero,
2837 5553 2929 5623 qui
2984 5552 3125 5608 clam
3179 5561 3482 5608 mutaverat

1897 5653 2145 5708 ordinem
2186 5668 2250 5709 ac
2285 5650 2652 5707 mouasticum
2681 5648 2927 5705 habitum
2970 5656 3310 5717 susceperat,
3350 5662 3478 5702 cum

1491 5746 1721 5802 VAllli-E
1760 5748 2167 5806 LEC'IIONES.

259 5836 315 5868 *ν
338 5836 554 5904 ἐκείνης
588 5835 646 5889 Ρ.
725 5839 768 5870 ὀ
790 5837 1132 5907 αξκιζόμενος
1164 5838 1225 5899 l’.
