4038 6214
522 246 623 310 123

1608 234 2117 296 THEOPHANES
2155 234 2713 307 CONTINUATUS.

3681 232 3777 298 ιιι

519 355 667 411 nulla
698 352 749 407 vi
782 361 875 407 aut
905 348 1159 406 suasione
1187 348 1257 402 ab
1302 345 1554 401 instituto
1576 354 1762 415 posset
1796 344 2086 407 deducere,

2221 362 2277 401 ἰν
2302 345 2613 418 ἀνθρώποις
2663 345 2886 401 ἁλοῦσιν
2913 345 3007 400 καὶ
3038 342 3449 417 προσφυγοῦσιν
3491 344 3611 399 ἐκεῖ
3642 362 3656 378 ο
3686 349 3776 404 τὸν

520 461 663 518 :egre
688 445 810 515 ejus
844 441 1191 500 consectandi
1225 437 1441 493 veniam
1480 437 1632 501 iecit,
1671 436 1857 492 multis
1895 450 2096 506 expro-

519 542 688 599 brans
722 537 883 609 109
909 534 1057 608 quod
1101 547 1285 588 secum
1327 540 1383 585 et
1423 530 1478 585 in
1515 530 1639 585 aula
1669 530 1876 584 versari
1907 527 2096 592 nollet,

522 633 617 689 sed
642 632 913 687 obscurus
944 636 998 683 et
1031 625 1087 681 in
1116 623 1318 695 angulo
1345 621 1532 676 mallet
1564 620 1730 675 vitam
1764 634 1950 692 agere.
2011 619 2099 674 ld-

522 727 670 781 circo
725 723 934 794 regium
986 718 1382 775 monasterium
1414 715 1483 771 ad
1518 715 1903 787 Chrysopolim
1929 714 1977 770 ei
2010 715 2101 769 tri-

524 817 690 882 buit;
729 815 795 869 ad
859 813 973 869 haec
1036 810 1199 867 etiam
1258 807 1513 872 Coriari-i,
1571 816 1627 863 et
1668 808 1809 878 quod
1857 815 1975 862 erat
2032 808 2101 861 ad

525 906 749 962 Elaeam.
806 902 878 959 At
910 918 1043 958 vero
1075 917 1200 957 cum
1237 902 1293 956 in
1345 899 1804 973 Chrysopolitano
1855 912 2102 954 commo.

524 1002 762 1059 raretur,
811 1008 877 1049 ac
912 992 1249 1063 quandoque
1294 989 1598 1046 commoda:
1640 988 2103 1045 deambulationis

525 1102 692 1142 causa
723 1088 790 1141 ad
832 1085 1015 1142 locum
1058 1082 1337 1138 Anthemii
1366 1082 1595 1147 dictum,
1625 1080 1693 1137 ad
1724 1082 2105 1136 Armamenla-

526 1179 671 1233 rium
739 1186 872 1231 tunc
923 1175 1340 1244 imperatorium
1395 1180 1774 1242 spectantem,
1840 1173 2102 1236 venisset,

527 1284 715 1326 secum
748 1276 1012 1338 reputans
1043 1265 1257 1336 singula
1296 1280 1525 1335 quaeque
1552 1264 1881 1320 monasteria
1913 1264 2104 1318 condi-

530 1374 713 1419 torum
746 1362 969 1417 nomina
991 1358 1153 1414 viridi
1186 1373 1403 1427 semper
1438 1373 1501 1413 ac
1524 1357 1815 1412 immortali
1842 1358 2105 1413 memoria

530 1468 790 1518 servare,
854 1451 1143 1522 impetrato
1217 1448 1566 1519 imperatoris
1621 1449 1882 1503 mandato
1952 1448 2109 1503 illum

531 1558 784 1599 coemere
837 1541 1072 1609 statuit,
1130 1541 1327 1612 suique
1380 1540 1522 1612 juris
1578 1538 1784 1595 factum
1829 1549 2110 1596 exstructo

532 1635 869 1691 monasterio
907 1648 1197 1699 exornare;
1230 1631 1373 1703 quod
1404 1642 1458 1687 et
1488 1630 1790 1687 Theodoraa
1823 1633 2105 1703 Augustae,

2208 439 2443 505 ’Δλέξιον
2462 442 2518 494 δὲ
2554 441 2729 512 λάθρα
2766 441 3204 512 μεταταξάμενον
3235 438 3321 510 [Ρ.
3350 436 3444 509 68]
3472 438 3568 493 καὶ
3599 440 3659 494 τδ
3688 460 3780 512 μου

2197 535 2419 604 ναχικδν
2448 534 2974 605 μεταμφιασάμενον
3007 531 3245 602 ἐσθημα,
3274 531 3399 584 ἐπεὶ
3448 530 3524 602 μὴ
3556 531 3780 601 ἠδύνατο

2198 628 2383 682 πεῖσαι
2410 627 2505 679 τοῦ
2537 626 2699 681 πάλιν
2729 625 2861 679 αὐτὸ
2882 623 3193 686 ἀποϐαλεῖν,
3220 622 3374 691 μόλις
3407 623 3776 693 συγχωρῆσαι,

2198 718 2417 783 πολλοῖς
2444 719 2671 772 ὀνείδεσι
2702 715 3012 785 περιϐαλὼν
3034 711 3116 779 οἷς
3137 715 3197 767 οὺ
3224 714 3347 784 μετ’
3371 713 3540 768 αὐτοῦ
3569 714 3781 785 ἔκρινεν

2201 805 2367 877 εἶναι,
2397 810 2513 865 ἀλλ’
2545 813 2604 863 ὲν
2631 808 2969 881 παραϐύστῳ
3000 824 3103 861 που
3126 807 3221 859 καὶ
3250 806 3442 876 γωνίᾳ.
3482 805 3651 859 Ὅθεν
3678 806 3783 861 ἐδί-

2200 905 2293 959 δου
2324 904 2497 974 τούτῳ
2518 904 2729 974 δωρεὰν
2770 902 2833 955 τό
2879 918 2938 956 τε
2970 899 3109 954 κατὰ
3133 898 3480 969 Χρυσόπολιν
3500 896 3781 968 βασιλικὸν

2205 998 2590 1068 μοναστήριον,
2622 995 2847 1067 προσέτι
2875 994 2981 1065 μὴν
2998 992 3094 1046 καὶ
3115 992 3174 1046 τὸ
3196 990 3291 1046 τοῦ
3319 991 3573 1061 Βυρσέως
3607 990 3708 1045 καὶ
3727 992 3787 1045 τδ

2202 1086 2298 1142 τοῦ
2344 1086 2484 1141 κατὰ
2516 1087 2606 1140 τὸν
2652 1086 2891 1139 Ἐλαίαν.
2937 1083 3077 1137 Ἀλλ’
3108 1084 3317 1145 ἐκεῖνος
3366 1080 3443 1151 τῷ
3491 1080 3634 1135 κατὰ
3682 1080 3783 1151 τὴν

2204 1180 2545 1252 Χρυσόπολιν
2582 1180 2695 1232 ὄντι
2723 1175 3159 1247 ἐνδιαιτώμενος,
3186 1174 3308 1229 ἐπεί
3329 1192 3457 1229 ποτε
3482 1174 3787 1244 περιπάτου

2205 1273 2400 1344 ἐδεήθη
2423 1273 2515 1326 καὶ
2549 1271 2692 1325 κατὰ
2719 1271 2810 1324 τὸν
2849 1268 3129 1338 ’Δνθεμίου
3149 1271 3313 1321 τόπον
3335 1267 3569 1334 ἐγένετο,
3632 1265 3787 1336 βασι-

2205 1364 2375 1419 λικῶν
2394 1362 2696 1433 τηνικαῦτα
2721 1361 3056 1432 τυγχάνοντα
3105 1359 3214 1414 τῶν
3252 1359 3571 1428 μαγγάνων,
3605 1357 3790 1426 ἔλεγεν

2207 1456 2265 1510 δὲ
2290 1457 2365 1520 ὡς
2401 1456 2636 1509 ἕκαστον
2654 1455 2763 1508 τῶν
2799 1452 3066 1520 σεμνείων
3095 1452 3204 1505 τῶν
3232 1450 3664 1519 οίκοδομούντων
3693 1451 3809 1518 quia,

2214 1565 2296 1620 ρει
2321 1546 2421 1619 τὴν
2449 1546 2639 1617 κλῆσιν
2660 1545 2950 1608 ἀθάνατον,
2981 1543 3155 1596 εἵλετο
3181 1541 3367 1597 τοῦτον
3393 1541 3481 1595 διὰ
3506 1541 3792 1611 βασιλικῆς

2212 1639 2560 1711 προστάξεως
2589 1635 2961 1707 ἐξωνήσασθαι
2986 1639 3079 1691 καὶ
3100 1636 3231 1689 ἴδιον
3260 1634 3695 1690 κατασκευάσαι.
3730 1632 3793 1687 ’0

535 1727 686 1784 illius
746 1742 939 1783 socrus
990 1740 1116 1795 ope,
1178 1739 1502 1780 concessum
1553 1735 1657 1781 est.
1722 1722 1869 1780 Loco
1927 1725 2112 1796 itaque

2221 1702 2309 1784 ιιὲιι
2337 1702 2554 1799 δια-τῆς
2578 1702 2848 1797 βασιλίδος
2870 1726 3156 1795 Θεοδώρας
3206 1724 3447 1793 ἐγένετο,
3486 1723 3589 1792 τῆς
3628 1721 3795 1776 αὐτοῦ

534 1822 763 1893 pulchre
799 1818 1045 1875 aedificiis
1095 1829 1289 1872 ornato
1322 1818 1485 1888 inque
1518 1818 1838 1873 monasterii
1872 1817 2105 1873 formam

537 1927 812 1982 usumque
858 1912 1212 1981 composito,
1273 1909 1383 1965 illic
1444 1909 1562 1979 ipse
1619 1908 1802 1964 vivere
1854 1910 2109 1965 desinens

538 2005 800 2060 humatus
822 2009 924 2069 est;
953 2002 1181 2072 ejusque
1205 2001 1351 2071 quod
1377 2000 1582 2057 dictum
1605 2016 1635 2055 a
1660 2001 1819 2056 nobis
1840 2010 1923 2056 est
1949 2000 2111 2055 (idem

538 2093 672 2150 facit
722 2108 849 2149 cum
899 2093 1046 2149 illius
1104 2094 1443 2165 sepulcrum,
1506 2101 1622 2149 tum
1685 2110 1806 2163 qua:
1864 2093 1993 2147 olim
2042 2109 2109 2148 ex

539 2185 661 2254 ejus
718 2183 943 2238 nomine
994 2182 1107 2237 illic
1142 2185 1321 2252 posita
1352 2184 1530 2254 imago
1575 2191 1678 2238 est.
1727 2181 1870 2248 Quin
1906 2192 1960 2237 et
1992 2182 2112 2253 ejus

540 2288 834 2345 germanus
893 2271 1243 2327 Theodosius
1294 2287 1467 2342 prope
1529 2272 1785 2327 conditus
1832 2281 1953 2337 est,
2015 2273 2111 2343 qui

538 2361 824 2431 patriciam
887 2359 1207 2431 dignitatem
1269 2367 1598 2414 consecutus
1670 2359 1841 2414 multa
1894 2360 2114 2428 optimae

539 2453 665 2508 vita:
696 2467 810 2509 sua:
843 2438 1171 2506 documenta
1207 2452 1262 2504 in
1295 2465 1360 2505 eo
1388 2451 1722 2506 monasterio
1760 2451 2074 2522 reliquerat.

614 2546 703 2603 19.
774 2544 944 2598 Porro
1006 2543 1274 2614 Agarenis
1328 2542 1730 2614 ingruentibus,
1784 2544 2116 2614 illorumque

541 2639 681 2711 duce
721 2635 958 2692 lbraimo
991 2653 1114 2690 cum
1149 2634 1337 2690 multis
1374 2634 1710 2705 myriadibus
1740 2636 1792 2690 in
1834 2637 2116 2694 Romanos

544 2716 944 2798 expeditionem
988 2736 1262 2790 moriente,
1310 2723 1644 2794 Theophilus
1677 2743 1897 2798 quoque
1932 2733 2115 2802 magni

545 2820 713 2874 animi
754 2818 1022 2888 fortisque
1066 2817 1280 2872 laudem
1340 2817 1605 2880 ambiens,
1660 2833 1760 2872 nec
1816 2820 2115 2891 quidquam

545 2908 797 2964 timidum
837 2917 933 2962 aut
972 2905 1137 2962 molle
1183 2905 1368 2960 animo
1419 2921 1665 2971 versans,
1712 2910 2113 2977 expeditionem

2209 1820 2500 1893 πενθερᾶς.
2534 1820 2698 1873 Ὅθεν
2726 1818 2907 1881 καλῶς
2936 1817 3374 1885 ἐποικοδομήσας
3404 1815 3501 1868 καὶ
3528 1815 3611 1877 είς
3633 1830 3798 1883 μονα-

2208 1914 2366 1986 χικὴν
2392 1913 2544 1980 τάξιν
2560 1911 2783 1981 ἀγαγὼν
2804 1913 2978 1964 ἐκεῖσε
2996 1911 3085 1963 τὸν
3106 1909 3220 1980 βίον
3241 1909 3592 1979 ὲκλιμπάνων
3612 1907 3795 1978 ἐτέθη,

2208 2006 2300 2060 τὸν
2342 2005 2515 2075 τάφον
2573 2004 2668 2057 καλ³
2712 2003 2811 2075 τὴν
2858 2002 3025 2057 αὐτοῦ
3053 2000 3262 2057 ἄνωθεν
3305 2001 3799 2071 ἐπιγεγραμμένην

2211 2099 2400 2151 εἰκόνα
2432 2096 2686 2167 μάρτυρα
2719 2095 2859 2165 ἔχων
2888 2095 2994 2147 τῶν
3033 2092 3364 2163 λεγομένων.
3422 2094 3492 2146 Οὺ
3521 2091 3629 2163 μὴν
3660 2090 3799 2144 ἀλλὰ

2211 2192 2308 2245 καὶ
2351 2191 2381 2243 ό
2440 2188 2633 2242 τούτου
2692 2187 2922 2256 ἀδελφὸς
2972 2187 3251 2250 Θεοδόσιος
3290 2185 3517 2256 πλησίον
3561 2184 3802 2239 τέθειται

2212 2282 2400 2346 αὑτοῦ,
2421 2280 2726 2352 πατρικίων
2760 2282 2894 2349 τιμῇ
2949 2278 3354 2347 ἐγκαταλεγεὶς,
3390 2276 3559 2329 πολλὰ
3592 2275 3805 2346 γνωρί-

2214 2392 2399 2448 σματα
2425 2377 2524 2445 τῆς
2550 2372 2717 2427 αὑτοῦ
2745 2370 2977 2443 ἀρίστης
3004 2370 3241 2442 βιώσεως
3266 2371 3326 2425 ἐν
3348 2368 3425 2441 τῷ
3448 2369 3802 2441 μοναστηρίῳ

2213 2467 2555 2523 καταλιπών.

2287 2559 2371 2615 ιϐ’.
2410 2560 2773 2632 Ἐγκειμένων
2804 2559 2859 2613 δὲ
2889 2558 2998 2612 τῶν
3042 2557 3358 2628 Ἀγαρηνῶν
3387 2556 3481 2609 καὶ
3512 2552 3650 2626 μετὰ
3673 2552 3807 2607 πολ.-

2214 2652 2322 2707 λῶν
2354 2653 2631 2725 μυριάδων
2659 2652 2753 2707 τοῦ
2797 2652 3029 2722 Ἰϐραὴμ
3054 2651 3197 2704 κατὰ
3235 2648 3524 2720 Ῥωμαίων
3564 2650 3808 2718 ἐκστρα-

2215 2747 2485 2811 τεύοντος,
2533 2746 2627 2802 καὶ
2653 2749 2682 2800 ό
2712 2745 2969 2816 Θεόφιλος
3006 2744 3169 2817 ἔρωτι
3208 2743 3521 2813 φιλοτιμίας
3552 2743 3647 2795 καὶ
3672 2758 3805 2810 γεν-

2216 2842 2497 2909 ναιότητος
2526 2839 2620 2893 ἐπὶ
2646 2839 2882 2909 πόλεμον
2928 2837 3149 2906 ἔξεισιν,
3190 2836 3451 2908 ἄνανδρον
3500 2836 3652 2890 οὐδὲν
3692 2835 3809 2888 οὐδὲ

2221 2928 2465 2998 μαλακὸν
2491 2928 2688 2983 ἐννοῶν
2734 2944 2749 2959 ο
2784 2930 2832 2982 εί
2861 2928 3041 2997 γάρτι
3089 2929 3181 2980 καὶ
3230 2928 3350 2991 δέος
3380 2926 3614 2997 προσῆν,
3679 2923 3797 2979 ἀλλ’

544 3010 600 3057 et
636 3000 753 3071 ipse
781 3000 1032 3070 suscipit.
1068 2998 1205 3052 Nam
1250 2998 1351 3053 etsi
1399 2999 1611 3053 timoris
1653 2999 1858 3070 aliquid
1916 3002 2114 3072 inerat,

2222 3023 2258 3091 ἡ
2282 3020 2389 3074 τῶν
2412 3022 2508 3074 σὺν
2537 3020 2686 3091 αὐτῷ
2712 3020 2922 3091 ἀνδρῶν
2953 3017 3095 3073 κατὰ
3127 3019 3399 3088 πολέμους
3431 3017 3599 3087 πεῖρα
3622 3035 3693 3070 τε
3719 3004 3810 3072 xui

546 3107 775 3148 suorum
815 3101 998 3147 tamen
1052 3090 1128 3145 rei
1181 3090 1434 3146 militaris
1484 3092 1674 3160 peritia
1731 3101 1786 3148 et
1832 3095 2027 3161 virtus,
2065 3099 2118 3154 id

547 3194 814 3254 quantum
849 3193 990 3250 erat,
1039 3183 1199 3239 facile
1243 3186 1530 3239 avertebat
1572 3200 1636 3240 ac
1665 3189 1855 3257 procul
1886 3190 2126 3260 depelle-

547 3276 662 3331 bat.
735 3274 993 3331 Virorum
1057 3276 1213 3330 alteri
1279 3275 1692 3346 Theophobus,
1750 3279 1909 3351 110
1970 3283 2125 3340 alteri

547 3367 764 3424 Mannel
828 3386 1026 3424 nomen
1090 3378 1231 3426 erat.
1302 3369 1472 3425 Porro
1530 3369 1745 3433 Manuel
1806 3375 2128 3434 fortitudine

548 3461 862 3531 spectabilis
897 3463 1029 3531 ipsis
1072 3476 1290 3530 quoque
1337 3462 1589 3519 hostibus
1637 3463 1912 3522 universis
1964 3478 2128 3524 notus

550 3559 689 3607 erat.
747 3553 827 3606 Ex
858 3551 1136 3607 Armeniis
1174 3568 1414 3623 namque
1443 3564 1620 3618 ortus,
1672 3554 1853 3611 Leone
1887 3557 2127 3628 impera-

551 3653 671 3699 tore
709 3643 1069 3700 Orientalium
1120 3644 1297 3714 copiis
1342 3644 1654 3715 prmiuerat,
1704 3648 2129 3722 decessorisque

551 3734 674 3806 ejus
718 3734 1000 3791 Michaelis
1056 3738 1385 3809 equisonum
1445 3741 1724 3810 princeps,
1782 3758 1947 3812 quem
1999 3761 2127 3815 pro-

552 3838 904 3886 tostratorcm
932 3840 1151 3899 vocant,
1180 3832 1481 3889 exstiterat.
1509 3832 1583 3889 De
1608 3833 1941 3906 TheOphobo
1964 3841 2125 3896 etiam

553 3922 869 3987 dicendum,
911 3922 1055 3977 unde
1098 3930 1154 3977 et
1205 3926 1482 3994 quomodo
1527 3941 1595 3981 ex
1627 3926 1916 3983 Persarum
1960 3931 2129 4002 stirpe

554 4029 716 4073 natus
748 4018 803 4073 in
838 4018 1189 4089 imperatoris
1219 4020 1469 4076 notitiam
1509 4023 1719 4079 venerit
1756 4024 1989 4097 ejusque
2023 4026 2126 4081 sibi

554 4127 803 4167 sororem
836 4112 1189 4167 matrimonio
1215 4112 1480 4183 junxerit.
1536 4115 1770 4182 Quidam
1807 4119 1958 4191 regia
1990 4119 2126 4175 Per-

553 4220 740 4259 sarum
787 4211 940 4260 satus
980 4203 1231 4275 prosapia
1263 4205 1556 4277 aliquando
1592 4206 1803 4278 Cpolim
1837 4209 2126 4282 fungendae

553 4298 840 4369 legationis
882 4315 1047 4354 causa
1086 4306 1329 4354 venerat.
1379 4299 1428 4356 ls
1474 4316 1582 4357 non
1623 4318 1689 4356 ex
1722 4303 1964 4372 legitimo
1994 4319 2125 4361 con-

548 4368 722 4462 jngio,
758 4391 852 4446 sed
887 4392 1106 4448 occulto
1133 4394 1429 4448 concubitu
1471 4403 1730 4461 suscepto
1764 4368 2120 4465 Theophobo,
2149 4368 2203 4430 D

554 4485 692 4539 urbe
733 4484 1009 4540 discessit.
1058 4484 1330 4551 Quoniam
1383 4493 1565 4540 autem
1595 4486 1739 4555 apud
1783 4486 1983 4543 Persas
2035 4490 2123 4544 in-

552 4576 794 4631 violabili
836 4576 961 4645 jure
1005 4577 1090 4631 lex
1141 4578 1374 4643 obtinet,
1418 4591 1617 4632 cavens
1650 4578 1860 4634 scilicet
1896 4594 1967 4636 ιι,
1999 4581 2125 4651 quis

555 4669 714 4724 aliter
745 4670 899 4740 regni
940 4685 1167 4740 compos
1222 4670 1508 4736 eiliciatur,
1553 4687 1717 4741 quam
1774 4671 1821 4728 si
1864 4687 1930 4728 ex
1976 4674 2125 4746 regia

555 4767 711 4814 ortus
756 4761 927 4830 stirpe
978 4763 1070 4827 sit,
1118 4763 1390 4833 regiaeque
1434 4762 1655 4818 familia:
1694 4764 1795 4818 viri
1851 4766 2128 4824 continuis

556 4850 715 4906 bellis
744 4866 809 4907 ac
837 4854 1101 4922 Agarenis
1137 4856 1245 4911 huc
1273 4858 1404 4913 illuc
1441 4859 1600 4914 sedes
1630 4868 1843 4916 mutare
1881 4864 2122 4931 cogenti-

555 4943 661 5000 bus
695 4959 761 4999 ac
782 4943 1113 5014 pellentibus
1137 4947 1474 5016 defecerant,
1501 4964 1737 5022 euntque
1760 4953 1965 5023 alioqui
1985 4955 2127 5025 apud

554 5050 654 5091 cos
692 5034 787 5107 qui
827 5033 1071 5090 Persidis
1102 5036 1380 5106 regionem
1408 5040 1684 5107 colebant,
1721 5043 1928 5098 multus
1966 5043 2033 5098 de
2062 5059 2128 5099 eo

556 5142 745 5183 rumor
773 5126 1194 5200 percrebuisset,
1222 5143 1346 5185 esse
1364 5134 1653 5200 quemdam
1678 5132 1923 5206 Byzantii
1947 5134 2128 5191 Theo-

558 5222 801 5290 phohum
867 5224 1088 5279 nomine
1159 5224 1345 5295 (quem
1417 5226 1595 5294 ipsum
1665 5243 1944 5284 rumorem
2008 5230 2131 5301 ejus

560 5322 691 5367 tunc
729 5325 880 5385 pater
921 5317 1244 5387 sparserat),
1292 5317 1469 5374 visunt
1500 5324 1585 5372 cst
1624 5316 1916 5377 Persarum
1949 5331 2131 5377 satra-

559 5405 646 5474 pis
679 5421 745 5461 ac
783 5411 1101 5475 proceribus
1156 5410 1370 5469 occulte
1418 5411 1684 5483 quosdam
1743 5413 1981 5479 mittere,
2037 5416 2131 5486 qui

562 5509 679 5550 rem
708 5497 996 5567 diligenter
1029 5503 1392 5572 inquirerent.
1429 5502 1492 5558 ili
1518 5504 1704 5574 itaque
1729 5505 1795 5559 ad
1823 5504 2131 5563 Romanum

2225 3115 2539 3187 γενναιότης
2561 3114 2838 3186 ἀπέτρεπε
2862 3113 3018 3167 τοῦτο
3049 3112 3142 3167 καὶ
3159 3113 3349 3184 πόρρω
3377 3129 3471 3165 ποι
3495 3111 3813 3183 ἐναπέπεμ·

2228 3225 2316 3261 πε.
2375 3207 2643 3277 Θεόφοϐος
2693 3204 2744 3260 οἱ
2803 3205 2993 3276 ἄνδρες
3039 3206 3134 3258 καὶ
3178 3205 3436 3275 Μανουὴλ
3492 3204 3811 3258 ἐκαλοῦντο.

2240 3296 2381 3351 Ἀλλ’
2405 3300 2433 3351 ὁ
2450 3296 2709 3368 Μανουὴλ
2738 3297 2782 3328 ²¹
2814 3296 2985 3360 δεινὸς
3010 3297 3098 3349 ἐπ’
3135 3295 3378 3365 ἀνδρεία,
3405 3294 3500 3348 καὶ
3514 3296 3627 3356 τοῖς
3651 3295 3813 3348 ἐναν-

2227 3388 2361 3451 τίοις
2388 3388 2562 3442 ἅπασι
2594 3389 2868 3459 γνώριμος
2892 3406 2907 3420 ο
2932 3387 2990 3454 ἐξ
3029 3386 3327 3459 ’Δρμενίων
3345 3387 3451 3459 γὰρ
3476 3385 3576 3458 τὴν
3595 3385 3816 3454 γένεσιν

2226 3475 2317 3551 ἦν,
2346 3481 2442 3534 καὶ
2472 3482 2568 3535 τοῦ
2593 3480 2827 3551 στρατοῦ
2858 3480 2969 3536 τῶν
3010 3480 3370 3535 Ἀνατολικῶν
3405 3480 3497 3533 ἐπὶ
3520 3477 3613 3533 τοῦ
3643 3478 3818 3534 Δέον-

2227 3587 2319 3634 τος
2354 3569 2787 3643 προηγούμενος,
2820 3570 2915 3624 καὶ
2944 3570 3038 3624 τοῦ
3061 3571 3167 3641 πρὸ
3207 3569 3373 3624 αὐτοῦ
3390 3570 3612 3641 Μιχαὴλ
3662 3570 3823 3623 ἱππο.

2228 3662 2459 3733 κόμωνὸ
2485 3661 2702 3734 πρῶτος
2723 3680 2737 3694 ο
2770 3662 3235 3741 πρωτοστράτορα
3265 3662 3455 3715 τοῦτόν
3486 3678 3683 3731 φασιν.
3714 3664 3819 3730 Δη-

2230 3750 2395 3805 λώσει
2423 3752 2481 3805 δὲ
2511 3753 2606 3807 καὶ
2632 3752 2724 3806 τὸν
2755 3751 3027 3821 Θεόφοϐον
3052 3753 3080 3805 ό
3108 3751 3287 3819 λόγος,
3316 3751 3439 3805 ὅθεν
3476 3767 3535 3804 τε
3553 3750 3649 3805 καὶ
3671 3753 3820 3814 ὅπως

2230 3846 2294 3898 ἐκ
2319 3843 2547 3917 Περσῶν
2575 3844 2951 3915 καταγόμενος
2975 3844 3054 3915 τῷ
3077 3844 3290 3915 βασιλεῖ
3321 3844 3510 3913 γέγονε
3534 3841 3821 3914 γνώριμος

2229 3938 2325 3990 καὶ
2362 3937 2459 4009 τὴν
2490 3937 2727 4008 ἀδελφὴν
2774 3937 2941 3991 αὑτοῦ
3004 3937 3084 4000 είς
3131 3935 3309 4005 γάμον
3353 3936 3660 4008 ἡρμόσατο.
3731 3937 3821 4000 Εἰς

2230 4028 2528 4100 πρεσϐείαν
2551 4028 2637 4091 τίς
2670 4044 2799 4081 ποτε
2828 4027 2937 4081 τῶν
2960 4030 3025 4081 ὲκ
3048 4027 3337 4100 βασιλικῆς
3367 4028 3556 4100 σειρᾶς
3588 4028 3823 4101 Περσῶν

2228 4118 2558 4189 ἀφικόμενος
2586 4118 2721 4189 πρὸς
2742 4117 2841 4188 τὴν
2857 4117 3291 4181 Κωνσταντίνου,
3322 4117 3425 4171 οὐκ
3471 4118 3535 4170 ἐκ
3578 4117 3821 4187 νομίμου

2235 4208 2551 4281 συναφείας,
2586 4209 2815 4280 κρυφίου
2848 4208 2904 4263 δὲ
2933 4209 3027 4283 καὶ
3048 4209 3312 4281 λαθραίας
3336 4208 3524 4263 τοῦτον
3550 4208 3823 4280 γεννηθῆ-

2227 4319 2314 4355 ναι
2342 4302 2573 4373 ποιήσας
2608 4299 3045 4371 ἐξαπεδήμησεν.
3106 4302 3260 4355 Ἐπεὶ
3279 4302 3336 4355 δὲ
3355 4302 3517 4371 νόμος
3542 4303 3657 4364 τοῖς
3689 4302 3826 4373 Πέρ-

2232 4410 2353 4457 σαις
2378 4392 2730 4464 ἀπαράϐατος
2762 4391 2847 4466 [Ρ.
2876 4392 2967 4466 69]
3006 4393 3081 4465 μή
3130 4411 3252 4447 τινα
3297 4396 3398 4465 τῆς
3453 4393 3584 4465 παρ’
3638 4393 3827 4448 αὐτῶν

2231 4486 2406 4557 ἀρχῆς
2436 4486 2679 4558 ἐγκρατῆ
2711 4485 2989 4555 γενέσθαι,
3014 4488 3062 4538 εί
3093 4484 3167 4556 μὴ
3206 4487 3306 4555 τῆς
3358 4484 3645 4557 βασιλικῆς
3692 4504 3822 4557 μετ-

2232 4579 2330 4651 έχῃ
2360 4580 2567 4647 σειρᾶς,
2595 4578 2839 4643 ἐξέλιπον
2854 4579 2911 4633 δὲ
2939 4581 3004 4631 ἐκ
3036 4577 3144 4631 τῶν
3166 4579 3406 4649 συνεχῶν
3441 4578 3704 4649 πολέμων
3730 4596 3828 4647 και

2231 4671 2357 4741 τῇδε
2375 4670 2594 4724 κάκεῖσε
2610 4668 3080 4741 μετασκηνῶσεων
3097 4669 3200 4723 ὑπὸ
3214 4669 3644 4742 τῶνἋγαρηνῶν
3665 4672 3827 4725 ἐλαυ-

2235 4763 2452 4833 νόμενοι
2477 4764 2527 4816 οἱ
2558 4762 2660 4833 τῆς
2683 4761 2966 4831 βασιλικῆς
2987 4762 3181 4832 φυλῆς,
3217 4762 3356 4816 ἀλλὰ
3374 4763 3472 4817 καὶ
3499 4762 3662 4832 λόγος
3695 4763 3827 4831 ὲφέ-

2238 4870 2360 4923 ρετο
2380 4852 2547 4916 πολὺς
2574 4853 2702 4923 περὶ
2727 4851 2891 4906 αὐτοῦ
2918 4853 3070 4923 παρά
3111 4853 3222 4906 τῶν
3253 4854 3311 4906 ἐν
3342 4853 3575 4923 ’Περσίδι
3626 4854 3825 4924 μενόν-

2233 4962 2363 5011 των,
2391 4940 2520 5019 ὼςῇ
2549 4960 2632 5008 τις
2676 4945 2816 4998 κατὰ
2843 4945 2903 4998 τὸ
2926 4945 3218 5012 Βυζάντιον
3252 4946 3647 5015 ὠνομασμένος
3687 4947 3824 5000 Θεόο

2236 5039 2398 5110 φοϐος
2436 5038 2553 5111 (καλ
2578 5037 2687 5110 γὰρ
2706 5032 2775 5109 ἦν
2799 5038 2971 5103 δοθεὶς
3002 5040 3047 5070 ¹¹
3075 5039 3182 5093 ὑπο
3206 5038 3301 5092 τοῦ
3325 5038 3628 5109 τηνικαῦτα
3659 5040 3823 5091 ansi—

2237 5148 2429 5204 ραντος
2461 5130 2650 5185 τοῦτον
2673 5130 2925 5203 πατρὸς),
2963 5129 3111 5199 ἔδοξε
3136 5131 3248 5195 τοῖς
3268 5131 3514 5200 ἀρίστοις
3541 5132 3648 5184 τῶν
3671 5132 3717 5184 Π
3725 5149 3749 5183 ε
3760 5149 3819 5201 ρ-

2236 5225 2347 5278 σῶν
2392 5224 2579 5295 κρύφα
2628 5224 2779 5288 τινὰς
2836 5222 3117 5293 ἐκπέμψαι
3174 5223 3271 5276 τοῦ
3332 5222 3667 5294 ζητουμένου
3742 5226 3826 5284 εἰς

2238 5317 2487 5388 ἔρευναν.
2548 5317 2653 5370 Kal.
2680 5317 2744 5387 δὴ
2771 5314 3169 5380 καταλαϐόντες
3212 5316 3607 5385 τὴνῆμετέραν
3654 5314 3828 5384 μόγις

2239 5410 2427 5463 τοῦτόν
2456 5426 2588 5464 ποτε
2611 5412 2675 5479 τῇ
2721 5409 2891 5480 μητρὶ
2919 5408 3148 5463 συνόντα
3172 5410 3265 5462 καὶ
3291 5409 3433 5462 κατὰ
3462 5408 3560 5478 τὴν
3605 5404 3829 5469 Ὁξεῖαν

2240 5504 2655 5572 ἐνδιαιτώμενοι)
2706 5502 3192 5573 προσεφιύρισκον.
3258 5503 3408 5556 Ἐπεὶ
3429 5501 3559 5570 γοῦν
3601 5499 3706 5552 οὐκ
3761 5498 3827 5550 ἔκ

1832 5596 2067 5651 VARle
2120 5595 2405 5655 LECTION
2415 5595 2515 5648 ES.

641 5684 681 5715 ¹¹
708 5686 733 5738 ὁ
767 5683 864 5752 μὲν
893 5684 1187 5756 Μινουὴλῗ
1266 5686 1595 5751 ’θδιαδοθεξς
1633 5702 1821 5758 margo
1849 5688 2097 5746 Cornbei.
