4038 6214
209 319 319 384 125

989 324 1139 384 LIB.
1173 324 1289 386 III.
1320 348 1389 361 --
1423 320 1922 382 THEOPHILUS
1944 320 2366 383 MICHAELIS
2399 325 2675 387 FILIUS.

3354 328 3468 393 1Ξὸ

203 448 371 484 τινων
398 431 564 500 μόνον
584 432 944 503 ἰνδαλμάτων,
978 434 1117 488 ἀλλά
1145 434 1239 488 καὶ
1275 433 1459 486 αὐτῶν
1490 433 1589 503 τῆς
1610 431 1789 502 ψυχῆς

1894 418 2102 487 devecti
2134 433 2323 487 orbem
2355 447 2498 503 aegre
2522 434 2739 490 tandem
2766 436 3061 507 aliquando
3077 438 3474 509 Theopltobum

205 525 299 580 καὶ
331 524 588 595 σώματος
634 528 1032 596 γνωρισμάτων
1072 529 1101 581 ὁ
1165 526 1500 597 ζητούμενος
1544 525 1799 599 ἐδηλοῦτο

200 618 327 671 τότε
357 618 455 671 καὶ
483 619 835 690 ὲγνωρίζετο,
873 619 1099 692 προσέτι
1132 622 1242 691 μὴν
1270 622 1366 675 καὶ
1397 620 1507 673 τῶν
1540 623 1604 674 ὲκ
1620 620 1798 689 γειτό-

204 728 311 764 νων
339 711 645 782 έμαρτύρει
669 728 753 776 τις
784 712 886 783 τὴν
930 712 1235 784 γενομένην
1266 715 1335 783 τῇ
1381 712 1607 781 γυναικὶ
1656 712 1798 783 πρὸς

204 805 298 857 τδν
330 803 550 874 Πέρσην
576 804 875 872 συνάφειαν
889 806 974 875 (οὐ
995 806 1106 877 γάρ
1130 823 1184 860 τι
1212 805 1454 875 κρυπτὸν
1481 805 1511 857 ὃ
1538 806 1651 868 τοῖς
1664 804 1797 857 1:0).-

205 895 320 957 ὶοίς
338 895 399 947 οὐ
429 893 851 963 γνωσθήσεται),
875 895 1063 967 δήλους
1083 897 1308 961 ἑαυτοὺς
1332 896 1383 951 οἱ
1398 895 1795 967 ἀπεσταλμένοι

208 986 422 1041 ποιοῦσι
446 986 524 1055 τῷ
555 986 768 1058 βασιλεί
798 990 893 1042 καὶ
920 988 990 1043 τὰ
1026 989 1120 1044 τοῦ
1152 991 1428 1060 δράματος
1466 987 1796 1060 σαφηνίζον-

206 1096 315 1145 σιν,
377 1079 603 1148 εἰρήνην
656 1079 751 1133 καὶ
802 1080 1032 1146 σπονδὰς
1084 1082 1180 1136 καὶ
1226 1082 1428 1146 παντὸς
1466 1081 1562 1136 τοῦ
1608 1080 1796 1146 ἔθνους

206 1172 485 1241 ὑποταγὴν
517 1171 1077 1245 καθυπισχνούμενοι,
1117 1176 1168 1229 εί
1209 1175 1400 1230 τοῦτον
1446 1176 1632 1239 αὐτοῖς
1674 1176 1798 1229 lm-

204 1261 381 1315 δοῦναι
410 1263 473 1315 οὐ
510 1264 937 1333 παραιτήσεται.
1004 1266 1294 1336 Ἐγεγήθει
1339 1265 1471 1333 γοῦν
1511 1267 1625 1328 τοῖς
1656 1266 1792 1319 ὑπο-ι

207 1353 475 1424 σχεθεῖσιν
529 1354 557 1406 ὁ
595 1354 875 1423 βασιλεὺς,
910 1356 1005 1409 καὶ
1052 1357 1286 1426 ἐπείπερ
1338 1355 1513 1420 οὕτως
1558 1356 1791 1426 ἔχουσαν

204 1447 421 1519 εὕρισκε
452 1448 557 1519 τὴν
588 1448 875 1518 ἀλήθειαν,
926 1450 985 1503 ὲν
1022 1449 1319 1519 βασιλείοις
1345 1448 1538 1502 τοῦτον
1570 1448 1788 1511 αὐλίζε-

203 1538 321 1592 σθαι
350 1540 448 1591 καὶ
468 1539 859 1610 κατασκηνοῦν
875 1542 1040 1606 ποιεῖ,
1067 1540 1354 1612 μαθήμασί
1372 1557 1429 1593 τε
1457 1540 1551 1594 καὶ
1568 1538 1789 1610 παιδείᾳ

200 1628 458 1700 ιπιμελού
466 1646 652 1701 μενον.

262 1810 333 1868 κ’.
367 1810 527 1866 Ἐστι
568 1810 627 1865 δὲ
673 1811 769 1866 καὶ
798 1811 957 1877 ἄλλος
979 1811 1140 1881 λόγος
1169 1812 1302 1885 περὶ
1355 1811 1453 1867 τοῦ
1503 1811 1776 1882 Θεοφόὸου

194 1904 381 1973 (καλὸν
404 1905 517 1975 γὰρ
538 1904 887 1975 ἀμφοτέρους
911 1906 1207 1977 εἰρῆσθαι),
1240 1905 1437 1977 μικρὸν
1484 1903 1586 1975 μὲν
1637 1903 1781 1959 κατά

190 1990 293 2061 τὴν
313 1990 491 2063 ἀρχὴν
506 1991 881 2063 διενηνοχέναι
900 1993 1094 2059 δοκῶν,
1111 1991 1282 2048 τᾶλλα
1309 1995 1367 2048 δὲ
1388 1995 1550 2064 ὃμοια
1583 1993 1775 2057 σώζων

188 2080 305 2135 τῶν
332 2083 736 2152 γεγραμμένων
774 2085 871 2138 καὶ
900 2084 1113 2157 πάρισα
1134 2102 1148 2115 ⁸
1180 2085 1328 2139 ἔστιν
1361 2085 1419 2139 δὲ
1456 2086 1516 2149 ὃς
1537 2086 1639 2140 οὐκ
1667 2085 1779 2139 ἀπὸ

190 2174 496 2245 πρὲσῦεώς
525 2193 660 2241 τινος
704 2176 804 2248 τὴν
853 2178 1009 2232 νόθον
1061 2178 1272 2250 σπορὰν
1300 2178 1559 2243 δέξασθαι
1588 2180 1778 2233 τοῦτόν

191 2282 396 2336 φησιν,
423 2265 558 2319 ἀλλά
586 2267 721 2321 κατά
744 2286 867 2322 τινα
901 2269 1260 2340 περιπέτειαν
1290 2270 1401 2323 τῶν
1421 2271 1481 2323 ὲν
1517 2270 1778 2341 πολέμοις

190 2356 609 2426 συμϐαινόντων
633 2361 727 2414 καὶ
754 2360 847 2414 τὸν
887 2360 1079 2414 τούτου
1116 2360 1352 2434 πατέρα,
1388 2361 1497 2416 εἴτε
1528 2363 1781 2433 βασιλεύ-

184 2464 319 2502 οντα
356 2452 468 2504 εἴτε
499 2452 593 2504 καὶ
628 2452 894 2523 βασιλέως
915 2454 1084 2523 ἐγγὺς
1109 2454 1238 2509 ὅντα
1263 2455 1407 2509 κατά
1436 2458 1779 2524 συγγένειαν,

189 2544 389 2611 φυγεῖν
422 2544 491 2595 ὲκ
530 2543 792 2614 Περσίδος
842 2546 939 2598 καὶ⁸
970 2546 1105 2617 πρὸς
1132 2547 1233 2615 τὴν
1263 2544 1654 2616 βασιλεύουσαν
1684 2547 1783 2600 πέ-

186 2652 323 2702 νητα
349 2633 677 2689 διαθλοῦντα
701 2636 817 2705 βίον
854 2638 1193 2708 προσρυῆναι
1214 2675 1231 2702 ,
1270 2640 1494 2691 κάκεῖσε
1522 2638 1781 2709 καπηλίδι

186 2731 293 2784 τινὶ
323 2729 613 2797 γυναικῶν
644 2728 970 2784 δουλεύοντα
988 2729 1089 2799 ὀψέ
1121 2747 1251 2784 ποτε
1279 2730 1358 2801 τῷ
1381 2730 1588 2800 ταύτης
1613 2729 1782 2800 ἔρωτι

188 2824 279 2877 καὶ
313 2823 543 2895 νομίμῳ
603 2826 871 2897 συναφείᾳ
924 2823 1113 2878 τοῦτον
1152 2825 1523 2879 έναποτεκεϊν.
1574 2823 1716 2877 Ἀλλ’
1753 2826 1783 2878 ὁ

190 2912 287 2983 μὲν
316 2913 382 2981 ἐξ
413 2915 726 2985 ἀνθρώπιον
777 2917 1020 2985 έγένετο,
1068 2914 1408 2986 ἀστρονομίᾳ
1452 2915 1509 2969 δέ
1544 2932 1650 2969 τινι
1686 2916 1783 2969 καὶ

190 3010 424 3077 μαντεία
449 3010 569 3078 (καὶ
589 3008 698 3077 γάρ
720 3026 852 3077 φασι
876 3008 1084 3071 ταύτας
1111 3007 1209 3071 τὰς
1254 3009 1569 3079 ἐπιστήμας
1596 3009 1783 3080 ἀκμά-

1902 540 2027 580 cum
2064 533 2237 579 matre
2267 533 2575 579 versantem
2598 527 2664 581 ad
2686 525 2878 583 Oxiam
2900 530 3203 587 inveniunt.
3227 532 3364 600 Quia
3386 548 3481 588 ve-

1900 630 1964 674 ro
1978 633 2142 690 quem
2164 618 2245 673 sic
2268 620 2608 689 quaerebant.
2634 636 2740 676 non
2769 624 3022 680 obscuris
3040 626 3216 682 solum
3237 625 3475 694 indiciis,

1900 710 1992 766 sed
2020 719 2075 765 et
2110 710 2247 781 ipsis
2285 710 2453 764 animi
2487 712 2641 781 ιιι
2677 716 3037 786 corporisque
3063 719 3208 774 notis
3238 720 3477 791 propriis

1899 804 2296 869 innotescebat,
2330 803 2485 874 isque
2515 805 2605 859 ille
2636 805 2751 875 ipse
2793 821 2916 863 esse
2961 812 3360 880 agnoscebatur
3390 815 3476 885 (ac

1898 912 2000 953 nec
2028 912 2093 951 ex
2143 894 2337 953 vicinis
2388 896 2605 965 quidem
2656 900 2843 952 deerat
2892 901 2985 970 qui
3044 900 3299 957 feminam
3346 920 3474 960 cum

1897 988 2065 1045 Persa
2120 1004 2233 1045 rem
2294 989 2559 1045 habuisse
2616 998 2930 1057 testaretur,
2995 1006 3118 1046 cum
3182 994 3318 1048 nihil
3381 1010 3474 1052 oc-

1896 1085 2101 1140 cultum
2162 1084 2235 1139 sit
2290 1083 2437 1152 quod
2486 1097 2595 1139 non
2657 1082 2875 1138 tandem
2930 1085 2985 1139 in
3034 1086 3178 1155 vulgi
3222 1088 3469 1143 notitiam

1897 1176 2121 1245 veniat),
2160 1191 2225 1231 se
2263 1175 2485 1230 demum
2538 1175 2630 1242 qui
2684 1177 2840 1231 missi
2886 1176 3104 1231 fuerant
3156 1180 3472 1249 imperatori

1892 1269 2190 1340 prodentes
2220 1277 2387 1322 totam
2420 1269 2497 1322 rei
2532 1268 2772 1322 fabulam
2812 1270 3089 1339 aperiunt,
3124 1286 3335 1339 pacem,
3369 1271 3470 1328 fte-

1893 1361 2046 1425 dera,
2074 1370 2403 1429 gentemque
2433 1373 2653 1413 omnem
2687 1360 2998 1429 subjectum
3030 1360 3097 1415 iri
3138 1361 3388 1431 polliciti,
3424 1362 3473 1418 si

1892 1454 2057 1508 modo
2112 1452 2503 1521 TbeOpbobum
2567 1451 2703 1520 ipsis
2755 1452 2958 1508 dedere
3015 1470 3125 1508 non
3182 1455 3464 1509 abnueret.

1889 1548 2126 1605 Gavisus
2159 1546 2450 1618 promissis
2492 1546 2853 1615 Theophilus,
2902 1550 3158 1620 quodque
3210 1566 3325 1604 rem
3369 1550 3469 1604 niti

1889 1645 2120 1699 veritate
2169 1644 2458 1704 didicerat,
2515 1643 2723 1697 morari
2784 1642 3183 1714 Theophobum
3238 1645 3292 1700 in
3345 1647 3470 1700 aula

1809 1773 1857 1834 Β
1890 1741 2107 1811 illicque
2138 1738 2447 1809 disciplinis
2480 1738 2650 1793 imbui
2684 1754 2748 1793 ac
2777 1740 2982 1794 erudiri
3008 1740 3186 1808 jubet.

1950 1832 2042 1889 20.
2087 1832 2192 1888 Sed
2226 1834 2329 1888 alia
2374 1848 2593 1903 quoque
2624 1834 2691 1888 de
2724 1833 3073 1901 TheOphobo
3124 1832 3296 1888 fertur
3339 1849 3469 1888 nar-

1875 1928 2041 1987 ratio,
2070 1935 2403 1995 praestatque
2443 1942 2563 1981 eam
2607 1941 2828 1996 quoque
2869 1925 3094 1979 referre.
3146 1925 3216 1981 Et
3248 1925 3465 1980 videtur

1878 2014 2099 2086 quidem
2153 2018 2269 2069 haec
2317 2029 2347 2069 a
2398 2015 2569 2083 priori
2621 2015 2871 2070 nonnihil
2927 2014 3170 2081 differre,
3204 2014 3350 2086 quod
3397 2017 3464 2070 ad

1876 2110 2028 2165 initia
2063 2109 2258 2163 attinet
2282 2127 2295 2169 ;
2323 2109 2680 2176 sequentibus
2735 2118 2917 2164 tamen
2963 2110 3160 2164 similis
3198 2119 3282 2165 est
3310 2117 3471 2179 atque

1875 2201 2065 2256 eadem
2095 2201 2335 2254 exhibet.
2396 2200 2489 2255 Sic
2535 2214 2667 2270 ergo
2701 2214 2760 2256 se
2806 2200 2895 2255 illa
2939 2200 3122 2265 habet,
3159 2217 3267 2256 non
3307 2200 3471 2257 ullius

1880 2295 2039 2366 legati
2085 2294 2306 2349 notbam
2366 2294 2610 2350 sobolem
2652 2293 3051 2363 Theophobum
3085 2311 3228 2359 esse,
3274 2296 3358 2350 vel
3405 2310 3468 2351 ea

1881 2396 2063 2442 satum
2123 2387 2336 2442 ratione
2385 2401 2549 2456 quam
2606 2388 2756 2456 prior
2789 2386 2996 2443 ferebat
3049 2387 3316 2450 narratio,
3370 2386 3467 2441 sed

1881 2474 2008 2528 belli
2067 2474 2304 2542 quodam
2363 2474 2516 2527 vario
2565 2490 2694 2529 casu
2754 2488 3049 2544 rerumque
3094 2473 3472 2528 vicissitudine

1881 2571 2116 2630 cogente
2157 2562 2280 2631 ejus
2328 2576 2546 2630 quoque
2586 2571 2891 2630 parentem,
2936 2563 3051 2617 sive
3085 2576 3181 2615 rex
3208 2570 3326 2614 erat
3355 2561 3474 2616 sive

1879 2650 2070 2720 stirpis
2107 2646 2289 2720 regiae,
2337 2665 2404 2705 ex
2437 2649 2660 2705 Perside
2700 2650 2927 2718 fugisse,
2968 2650 3135 2720 inque
3167 2650 3313 2721 regia
3338 2649 3473 2706 urbe

1884 2756 2178 2811 pauperem
2248 2742 2572 2797 tolerantem
2635 2741 2805 2795 vitam
2871 2742 3100 2797 civibus
3137 2740 3470 2803 adhaesisse;

1884 2840 2049 2900 atque
2098 2829 2214 2885 illic
2243 2829 2571 2885 tabernariae
2611 2830 2862 2886 mulieris
2890 2830 3261 2900 mancipatum
3312 2828 3481 2884 obse-.

1886 2923 2070 2993 quiis,
2124 2932 2251 2993 post
2298 2922 2494 2993 longos
2546 2922 2765 2978 tandem
2817 2938 3026 2989 annos,
3080 2921 3228 2977 illius
3282 2935 3473 2977 amore

1890 3014 2247 3086 legitimoque
2296 3014 2614 3084 copulatum
2662 3014 2918 3086 conjugio
2960 3015 3105 3069 hunc
3141 3012 3469 3081 suscepisse,

186 3096 300 3161 ζειν
333 3099 417 3153 ἔτι
459 3100 616 3171 παρὰ
663 3100 921 3171 Πέρσαις)
959 3100 1149 3169 μαθεῖν
1179 3101 1308 3170 περὶ
1338 3099 1434 3154 τοῦ
1482 3100 1776 3169 Θεοφόὸου,

1894 3110 2047 3176 inque
2098 3121 2226 3160 eum
2278 3104 2502 3159 modum
2537 3106 2591 3157 in
2623 3105 2766 3160 vivis
2796 3118 2919 3161 esse
2950 3105 3201 3172 desiisse;
3233 3104 3471 3174 quadam

188 3190 446 3264 ζητοῦσιν
489 3193 680 3255 αὐτοῖς
709 3195 761 3246 εί
793 3192 907 3246 ἔστι
943 3193 1046 3246 πού
1080 3211 1163 3256 τις
1192 3194 1257 3246 ἐκ
1286 3193 1575 3263 βασιλικῆς
1608 3193 1781 3262 φυλῆς

186 3285 597 3356 καταγόμενος,
626 3286 721 3337 καὶ
750 3285 981 3355 ἐπείπερ
1004 3283 1228 3355 ἔμαθον,
1258 3284 1466 3355 σπουδῇ
1492 3285 1704 3355 ὲπὶλτὴν
1737 3286 1783 3318 ⁸³

185 3376 614 3431 Κωνσταντίνου
643 3376 760 3429 θεῖν
784 3377 866 3440 είς
902 3377 1001 3446 τὴν
1022 3377 1117 3430 τοῦ
1157 3376 1499 3448 ζητουμένου
1531 3376 1784 3448 ἔρευναν.

188 3466 438 3522 Γνωστὸν
462 3467 643 3531 οὕτως
673 3468 931 3536 γενέσθαι
962 3468 1040 3537 τῷ
1080 3469 1314 3538 βασιλεῖ,
1341 3469 1787 3541 καταληφθέντος

192 3562 382 3615 αὑτοῦ.
413 3561 505 3635 [Ρ.
548 3558 638 3632 70]
685 3561 950 3632 Ἐπείπερ
985 3558 1078 3617 οὖν
1115 3564 1148 3632 ὴ
1175 3562 1367 3617 τούτου
1391 3563 1666 3634 ὲμφάνεια
1690 3567 1789 3620 καὶ

191 3655 336 3707 κατὰ
362 3654 459 3706 τὸν
495 3652 613 3723 βίον
639 3653 918 3724 παρουσία
946 3652 1151 3708 ἅπασιν
1182 3653 1432 3725 ἐγνώσθη
1487 3658 1602 3719 τοῖς
1643 3657 1787 3711 κατά

188 3747 288 3813 τὴν
320 3743 571 3814 Περσίδα
594 3743 681 3796 διὰ
703 3742 815 3796 τῶν
842 3743 1300 3814 ὑποστρεψάντων
1324 3745 1659 3812 άποστᾴλων,
1686 3746 1785 3817 ἡδὺ

186 3841 362 3892 πᾶσιν
398 3836 575 3906 ἐφάνη
597 3837 695 3890 καὶ
718 3836 911 3904 ἐφετὸν
940 3834 1037 3889 τοῦ
1068 3836 1367 3891 ἀπόστασίν
1390 3854 1511 3891 τινα
1532 3838 1786 3907 ἐννοῆσαι

183 3930 301 3982 ἀπὸ
319 3927 439 3981 τῶν
467 3927 571 3998 τῆς
601 3928 802 3997 Ἅγαρ,
818 3929 887 3997 τῇ
907 3927 965 3982 δὲ
986 3928 1095 3981 τῶν
1129 3927 1418 3998 Ῥωμαίων
1444 3930 1587 3998 ἀρχῇ
1612 3946 1786 3999 προσ-

182 4016 473 4087 χωρῆσαι,
528 4016 603 4079 ὡς
650 4015 716 4070 ἂν
753 4015 848 4069 τοῦ
878 4018 1020 4071 κατὰ
1053 4018 1205 4086 γένος
1239 4016 1486 4089 ἀρχηγοῦ
1519 4019 1786 4092 εὐμοιρή-

182 4123 376 4163 σειαν.

258 4290 379 4346 καῖ.
429 4291 631 4360 Ἔτυχε
660 4290 717 4345 δὲ
746 4288 922 4354 ἄλλως
946 4292 975 4343 ὁ
1004 4290 1112 4345 τῶν
1143 4292 1371 4364 Περσῶν
1398 4293 1643 4365 ἀρχηγὸς
1679 4295 1785 4348 Βά-

179 4381 295 4436 ﬂeat
331 4383 441 4453 ήδη
479 4380 805 4435 πενταετίαν
835 4381 973 4451 ἔχων
1006 4381 1066 4447 ἐξ
1107 4383 1499 4455 ἀμεραμνουνῆ
1536 4386 1784 4449 ἀποστὰς

1890 3211 2017 3251 vero
2046 3196 2384 3251 astronomia
2417 3210 2480 3248 ac
2505 3196 2765 3249 vaticinio
2794 3196 2943 3265 (nam
2978 3197 3075 3251 has
3101 3206 3247 3253 artes
3277 3196 3474 3251 etiam-

1888 3304 2020 3342 nutn
2055 3287 2210 3341 aiunt
2258 3285 2402 3355 apud
2440 3283 2638 3340 Persas
2667 3285 2874 3356 vigere)
2906 3287 3164 3342 didicisse
3202 3288 3269 3343 de
3295 3287 3474 3343 Theo-

1888 3380 2089 3449 phobo,
2119 3379 2250 3434 dum
2278 3387 2533 3448 quaerunt
2561 3392 2627 3432 au
2670 3378 2817 3432 ullus
2842 3377 3057 3447 uspiam
3100 3379 3253 3447 regia
3293 3380 3469 3449 stirpe

1890 3471 1999 3525 illis
2027 3480 2180 3525 satus
2205 3478 2406 3526 exstet.
2440 3468 2860 3541 Cumque‘adeo
2886 3480 3107 3524 exstare
3139 3470 3298 3539 112
3327 3470 3474 3525 didi-

1888 3563 2114 3626 cissent,
2149 3561 2218 3616 ad
2239 3576 2365 3616 eum
2393 3559 2777 3630 vestigandum
2807 3558 3022 3630 Cpolim
3060 3558 3256 3615 festiue
3285 3575 3474 3615 accur-

1889 3657 2065 3722 risse;
2107 3670 2284 3723 eoque
2312 3654 2677 3725 deprehenso,
2710 3653 2789 3709 sic
2823 3653 3139 3722 imperatori
3166 3667 3280 3707 rem
3311 3653 3474 3707 inno-

1891 3749 2085 3805 tuisse.
2155 3746 2294 3801 Cum
2356 3748 2545 3817 itaque
2594 3761 2695 3817 per
2764 3747 2994 3801 nuntios
3061 3747 3116 3802 in
3189 3745 3473 3801 Persidem

1889 3853 2142 3896 reversos
2168 3839 2383 3895 cunctis
2413 3853 2511 3908 per
2530 3854 2651 3893 eam
2681 3839 2960 3909 regionem
2984 3838 3321 3895 innotuisset
3347 3853 3474 3893 eum

1888 3929 2163 3984 detectum
2208 3929 2440 3997 vitaeque
2484 3929 2832 3997 superstitem
2863 3943 3007 3993 esse,
3052 3940 3268 3998 gratum
3294 3929 3476 3983 omni-

1892 4021 1996 4077 bus
2068 4021 2247 4075 visum
2300 4029 2385 4075 cst
2433 4020 2801 4089 expetendum
2852 4022 3231 4093 Agareuorum
3284 4021 3479 4091 jugum

1889 4111 2081 4182 quovis
2118 4109 2285 4164 modo
2319 4120 2599 4173 excutere,
2649 4110 3010 4177 Romamque
3046 4109 3273 4180 adjungi
3305 4112 3478 4179 impe-

1887 4202 1992 4267 rio,
2028 4210 2091 4256 ut
2127 4215 2240 4255 suae
2266 4199 2453 4269 stirpis
2488 4200 2682 4255 ducem
2719 4200 2903 4255 liceret
2935 4200 3204 4256 obtinere.

1957 4296 2050 4351 2|.
2112 4294 2240 4350 Erat
2290 4309 2422 4349 vero
2488 4305 2752 4363 praeterea
2803 4292 3098 4348 Persarum
3151 4292 3261 4347 dux
3306 4290 3483 4347 Babec

1888 4387 2153 4443 nomine:
2194 4384 2242 4440 is
2290 4399 2465 4439 annos
2504 4385 2616 4455 jam
2661 4384 2904 4453 quinque
2952 4383 3021 4437 ab
3092 4390 3485 4435 ameramuune

177 4472 292 4527 καὶ
341 4447 587 4543 πτέρναν
644 4447 1015 4542 ἐπάρας-κατ’
1047 4447 1231 4525 αὐτοῦ’
1252 4447 1311 4527 ἐν
1339 4447 1576 4545 χιλιάσιν
1603 4447 1780 4529 έπτάλ

1894 4479 2187 4543 defecerat,
2227 4478 2396 4548 inque
2440 4447 2565 4532 eum
2607 4491 2730 4529 cum
2762 4484 2970 4543 septem
3019 4472 3263 4527 millibus
3304 4472 3487 4525 calca-

178 4566 245 4628 ὃς
288 4564 401 4618 καὶ
452 4562 605 4633 πόθῳ
632 4563 773 4634 πρὸς
804 4563 896 4617 τὸν
922 4564 1191 4634 Θεόφοὸον
1217 4566 1313 4618 καὶ
1350 4567 1501 4637 φόϐῳ
1527 4567 1607 4639 τῷ
1635 4568 1696 4633 ἑξ
1723 4561 1786 4622 οὗ

176 4660 419 4727 ἀπέστη
451 4655 759 4727 Ἀγαρηνοῦ
781 4656 918 4729 πρὸς
939 4657 1040 4730 τὴν
1076 4657 1390 4727 Ῥωμαϊκὴν
1432 4659 1791 4731 ᾱπικράτειαν

177 4750 347 4803 κατά
378 4748 537 4801 πόλιν
564 4748 814 4819 Σινώπην
845 4747 1065 4819 ἔρχεται
1082 4789 1099 4815 ,
1124 4750 1220 4803 καὶ
1246 4748 1324 4820 τῷ
1360 4748 1571 4820 βασιλεί
1597 4753 1794 4808 ἑαυτόν

171 4860 246 4898 τι
286 4842 399 4896 καὶ
417 4841 479 4895 τὸ
510 4842 632 4896 ὅλον
659 4841 813 4906 ἔθνος
845 4842 1087 4913 ὑπήκοον
1110 4844 1377 4903 τέθεικεν.
1408 4843 1508 4899 Διά
1532 4862 1614 4899 τοι
1641 4846 1801 4901 τοῦτο

177 4935 289 4990 τόν
316 4951 385 4987 τε
416 4933 689 5003 Θεόφοὸον
718 4936 749 4988 ὀ
780 4935 1038 5005 θεόφιλος
1086 4940 1221 5009 τιμῇ
1255 4942 1322 5009 τῇ
1370 4940 1680 5011 πατρικίων
1713 4943 1803 4995 έν-

177 5026 461 5100 αριθμεί,
485 5028 579 5081 καὶ
599 5029 666 5098 τῇ
696 5027 894 5081 ἑαυτοῦ
926 5028 1130 5101 ἀδελφῇ
1156 5030 1294 5100 πρὸς
1322 5032 1499 5104 γάμον
1524 5034 1797 5102 ικδίδωσι,

181 5117 654 5189 συναρμόζεσθαί
712 5136 773 5172 τε
807 5119 1037 5175 ἕκαστον
1093 5120 1201 5175 τών
1264 5124 1486 5195 Περσῶν
1518 5127 1805 5198 νομοθετεῖ

173 5216 320 5274 τοῖς
369 5213 667 5287 Ῥωμαίοις
694 5212 791 5266 καὶ
819 5215 941 5268 κατ’
976 5216 1279 5286 ἐπιγαμίαν
1310 5217 1579 5272 ἅπτεσθαί
1608 5237 1669 5274 τε
1704 5222 1805 5276 καὶ

170 5302 581 5370 συναίρεσθαι,
618 5303 847 5367 πολλοὺς
875 5304 1082 5358 τούτων
1119 5308 1232 5370 τοῖς
1256 5306 1557 5376 βασιλικοῖς
1589 5309 1801 5379 ὲμπρέυ

174 5412 334 5449 tam
362 5394 637 5466 ἀξιώμασι
668 5398 1010 5468 πεποιηκώς.
1056 5399 1220 5453 Ἀλλὰ
1274 5402 1369 5454 καὶ
1412 5399 1601 5469 κώδιξι
1626 5420 1793 5473 στρα-

169 5489 491 5550 τ;ωτικοὶ’ς
544 5488 743 5551 αὐτοὺς
802 5490 1215 5562 ἀναγράφεται,
1272 5492 1369 5547 καὶ
1401 5492 1590 5564 τάγμα
1621 5492 1792 5558 οὕτως

172 5574 553 5644 καλούμενον
618 5578 885 5648 Περσικὸν
948 5582 1343 5651 ἐγκατέστησε,
1376 5584 1463 5637 καὶ
1510 5586 1623 5646 τοῖς
1654 5587 1797 5638 κατᾶ

1894 4589 2059 4629 neum
2088 4571 2313 4628 levarat.
2346 4570 2397 4626 Is
2444 4581 2559 4625 tum
2586 4568 2865 4624 desiderio
2905 4582 3032 4637 erga
3067 4564 3483 4635 Theophobum,

1899 4677 2016 4722 tum
2048 4664 2285 4736 Agareni
2323 4673 2495 4731 metu,
2547 4679 2577 4718 a
2622 4676 2735 4730 quo
2769 4660 3062 4722 defecerat,
3105 4657 3171 4712 ad
3206 4656 3485 4711 Romano-

1899 4775 2022 4814 rum
2052 4759 2194 4813 ultro
2223 4758 2493 4812 ditionem
2522 4758 2575 4811 in
2605 4756 2796 4810 urbem
2830 4750 3087 4822 Sinopen]
3113 4758 3484 4814 concesserat,

1907 4864 2077 4920 seque
2110 4849 2230 4919 ipse
2252 4864 2318 4904 ac
2350 4857 2519 4902 totam
2551 4856 2766 4917 gentem
2800 4844 3118 4914 imperatori
3154 4842 3484 4912 subiecerat.

1907 4941 2117 4997 Idcirco
2168 4937 2510 5007 Theophilus
2556 4945 2669 4990 tum
2726 4935 2957 5006 patricia
2996 4934 3260 5005 dignitate
3306 4931 3487 4986 Theo-

1907 5036 2149 5108 phobum
2183 5042 2348 5104 auget
2386 5046 2614 5101 suaeque
2658 5029 2839 5085 sorori
2892 5027 3245 5084 matrimonio
3285 5026 3485 5094 jungit;

1908 5140 2026 5183 tum
2057 5127 2165 5183 lata
2203 5126 2322 5196 lege
2357 5123 2538 5180 Persis
2573 5122 2834 5178 omnibus
2864 5121 3037 5177 libera
3067 5135 3191 5176 cum
3223 5115 3488 5170 Romanis

1906 5220 2163 5290 c0ujugia
2206 5216 2358 5284 facit,
2398 5227 2454 5273 et
2503 5224 2564 5271 ut
2604 5214 3083 5271 matrimoniorum
3124 5225 3248 5266 cum
3278 5207 3358 5264 eis
3386 5206 3489 5262 fa:-

1904 5312 2035 5368 dera
2058 5313 2293 5383 iungere
2320 5312 2503 5377 liceat,
2546 5310 2733 5364 multis
2758 5321 2949 5362 eorum
2985 5303 3148 5372 regiis
3184 5300 3489 5356 honestatis

1901 5404 2307 5474 dignitatibus,
2379 5416 2685 5473 eorumque
2741 5398 3057 5454 nominibus
3110 5396 3164 5449 in
3219 5395 3487 5450 militares

1896 5498 2118 5554 codices
2175 5497 2386 5565 relatis,
2430 5496 2621 5564 sicque
2667 5506 2737 5547 ex
2786 5490 2894 5546 illis
2941 5489 3236 5545 constituta
3280 5487 3492 5555 legione

1905 5605 2068 5659 quam
2116 5589 2389 5646 Persicam
2424 5593 2641 5648 vocant,
2696 5580 2956 5636 Romanis
2997 5579 3254 5636 adversus
3291 5579 3491 5648 Agare—

1487 5677 1720 5736 VARI/IS
1755 5679 2167 5740 LECTIONES.

259 5764 321 5797 ”
368 5763 454 5817 ἰπὶ
478 5760 599 5836 τὴν]
639 5762 737 5833 τὴν
775 5766 865 5820 ἐπὶ
890 5766 949 5823 Ρ.
