4038 6214
492 243 593 308 127

1551 242 2060 302 THEOPHANES
2088 242 2654 307 CONTINUATUS.

3653 245 3758 312 128

490 374 592 414 nos
634 358 701 414 ad
759 358 960 415 bellum
1017 357 1438 429 procedentibus
1493 370 1614 411 eam
1676 354 2065 410 connumerari

2192 356 2410 427 πόλεμον
2469 356 2678 422 ἐξιοῦσι
2745 358 3040 428 Ῥωμαίοις
3096 358 3236 412 κατὰ
3273 358 3385 412 τῶν
3436 359 3757 431 ’Δγαρηνῶν

485 452 676 521 juSsit.

564 543 655 599 ἦ.
717 541 815 600 llis
860 558 991 612 ergo
1048 539 1180 595 viris
1231 537 1402 594 l‘retns
1443 536 1802 607 Theophilus,
1831 535 1979 608 quod
2012 545 2067 593 et

495 616 632 692 alias
688 635 833 690 bello
897 642 1157 689 strenuos
1221 630 1420 694 sciret,
1468 631 1733 686 adversus
1784 628 2066 698 Agarenos

494 725 881 796 proﬁciscitur,
939 738 1063 779 cum
1113 731 1170 777 et
1217 721 1520 784 lbraemus,
1558 721 1635 776 uti
1699 720 1909 777 dictum
1957 729 2067 786 est,

499 818 655 888 113
710 816 873 871 etiam
930 815 1045 884 ipse
1100 815 1155 868 in
1207 829 1306 869 nos
1346 814 1628 869 movisset.
1694 812 1831 869 Cum
1882 813 2071 883 itaque

495 909 668 963 ambae
682 906 797 976 jam
835 906 1003 969 acies,
1034 920 1098 961 ac
1130 915 1242 959 tum
1268 905 1647 976 Agarenorum
1671 904 1927 975 princeps
1952 914 2069 960 tum

496 997 832 1068 Theophilus
862 997 914 1051 in
941 996 1122 1051 vicino
1150 1006 1357 1063 essent,
1382 1006 1637 1066 essetque
1666 1011 1754 1052 res
1781 996 1835 1051 in
1867 996 2073 1051 delibe-

493 1092 766 1148 rationem
810 1100 1026 1156 vocata,
1079 1088 1342 1147 Manuelis
1371 1106 1435 1147 ea
1486 1091 1757 1146 sententia
1808 1088 1937 1156 fuit,
1984 1091 2072 1145 in-

480 1168 719 1257 dignum
760 1182 932 1238 videri
955 1182 1327 1238 Romanorum
1351 1182 1739 1253 imperatorem
1765 1198 1890 1238 cum
1921 1197 2073 1238 ame-

494 1290 767 1333 ramnune
822 1282 1076 1330 conserta
1132 1276 1250 1329 acie
1298 1290 1561 1345 pugnare;
1616 1290 1784 1329 unum
1835 1272 2070 1345 aliquem

495 1384 621 1423 eum
664 1377 818 1439 parte
868 1368 1141 1423 exercitus
1183 1367 1236 1422 in
1280 1381 1405 1421 eum
1446 1366 1870 1431 imniittendum,
1911 1366 2077 1436 idque

499 1458 734 1512 interdiu
786 1456 1145 1513 factitandum
1212 1473 1355 1514 esse.
1440 1457 1644 1513 Contra
1704 1457 2076 1527 Theophobus

496 1559 822 1623 prasentem
874 1550 926 1603 in
972 1552 1089 1608 acie
1122 1552 1507 1622 imperatorem
1555 1551 1749 1607 adesse
1786 1552 2072 1620 suadebat;

2167 448 2356 520 δναριθ
2364 448 2585 519 μεῖσθαι
2619 448 2943 520 προσέταξε.

2177 562 2179 564 ·
2237 538 2345 610 κβ’.
2370 538 2595 603 Τούτοις
2618 539 2749 609 γοῦν
2775 538 3137 612 τεθαρρηκὼς
3158 540 3187 593 6
3210 539 3493 610 Θεόφιλος,
3518 544 3637 596 ἐπεὶ
3660 546 3760 599 καὶ

2169 632 2345 695 ἄλλως
2373 632 2493 703 ᾔδει
2516 631 2742 695 τούτους
2771 632 3338 702 ἁνδραγαθιζομένους
3356 674 3371 698 ,
3410 635 3492 697 είς
3518 635 3760 704 πόλεμον

2169 729 2313 782 κατὰ
2338 726 2447 781 τῶν
2503 726 2821 798 Ἀγαρηνῶν
2860 726 3029 794 ἔξεισι
3066 730 3162 782 καὶ
3212 728 3307 781 τοῦ
3363 726 3597 800 Ἱϐραὴμ
3632 729 3760 783 καθ’

2169 818 2347 890 ἡμῶν,
2383 818 2459 882 ὡς
2487 818 2725 889 εἴρηται,
2754 816 3273 889 ἐκστρατεύσαντος.
3335 819 3600 889 Ἐπείπερ
3626 820 3764 888 γοῦν

2170 911 2339 980 ἐγγὺς
2367 909 2615 981 ἀλλήλων
2637 912 2665 964 6
2693 927 2753 965 τε
2778 910 2887 964 τῶν
2920 910 3255 982 Σαρακηνῶν
3288 911 3533 982 ἀρχηγὸς
3565 913 3763 981 ἐγεγό-

2171 1019 2252 1057 νει
2281 1003 2376 1055 καὶ
2397 1002 2424 1056 6
2447 1001 2728 1072 Θεόφιλος,
2754 1002 2861 1056 ἔδει
2880 1002 2937 1056 δέ
2960 1003 3057 1055 καὶ
3091 1001 3309 1074 βουλῆς,
3329 1002 3357 1054 6
3380 1003 3479 1074 μέν
3498 1004 3763 1078 Μανουὴλ

2171 1096 2232 1148 οὐ
2277 1094 2486 1149 δίκαιον
2539 1094 2709 1165 ἔφησε
2767 1094 2993 1163 βασιλέα
3035 1094 3330 1164 Ῥωμαίων
3382 1094 3519 1164 πρὸς
3544 1097 3762 1170 ἅμερα-

2177 1188 2379 1259 μνουνῆ
2401 1185 2680 1253 πολεμεῖν,
2704 1185 2841 1239 ἀλλὰ
2857 1202 2979 1239 τινα
3013 1184 3184 1257 μέρος
3207 1185 3442 1239 λαϐόντα
3461 1186 3568 1239 τῶν
3590 1203 3765 1259 στρα-

2174 1276 2445 1330 τιωτικῶν
2491 1277 2696 1342 ἐξιέναι
2748 1280 2889 1333 κατὰ
2914 1277 3211 1349 πρόσωπον
3249 1278 3359 1331 τῶν
3392 1277 3624 1349 ἐχθρῶν,
3661 1280 3763 1333 καὶ

2176 1370 2293 1441 ἅμα
2351 1369 2471 1441 μεθ’
2502 1369 2720 1440 ἡμέραν
2751 1369 2912 1423 τοῦτο
2942 1371 3139 1435 ποιεῖν,
3167 1372 3196 1423 6
3223 1369 3496 1440 Θεόφοϐος
3523 1370 3577 1423 δὲ
3615 1368 3761 1426 εῖναι

2179 1465 2282 1533 μὲν
2316 1464 2425 1516 ἐπι
2455 1463 2816 1535 παρατάξεως
2852 1462 2943 1516 τὸν
2975 1462 3200 1533 βασιλέα
3230 1464 3506 1531 ἐϐούλετο,
3540 1465 3765 1539 νύκτωρ

2176 1554 2234 1608 δέ
2263 1554 2579 1624 ἐπιτεθῆναι
2610 1555 2795 1617 αὐτοῖς
2831 1555 2969 1625 μετὰ
2989 1553 3085 1608 τοῦ
3109 1555 3218 1608 τῶν
3248 1556 3475 1628 Περσῶν
3505 1553 3761 1625 πεζικοῦ,

500 1654 669 1699 noctu
717 1654 899 1702 tamen
945 1644 1408 1711 congrediendum
1436 1683 1452 1708 ,
1511 1644 1873 1714 impressione
1934 1642 2074 1700 facta

2192 1645 2273 1700 ιιαὶ
2322 1646 2413 1699 ὅτε
2466 1645 2630 1699 πάλιν
2668 1646 2934 1716 δεήσειεν,
2985 1646 3364 1700 ἐπικυκλῶσαι
3414 1648 3476 1701 τὸ
3513 1650 3764 1705 ἱππικόν.

498 1753 597 1808 per
631 1739 883 1796 Persicas
909 1738 1190 1810 pedestres
1221 1737 1430 1807 copias;
1478 1753 1544 1793 ac
1586 1748 1700 1794 tum
1735 1747 1924 1809 postea
1950 1753 2075 1793 cum

2192 1739 2333 1793 Ἀλλ’
2354 1739 2453 1792 οὐκ
2482 1737 2668 1792 ἔπεισε
2694 1739 2788 1792 τὸν
2814 1739 3062 1808 βασιλέα,
3085 1740 3348 1793 εἰπόντων
3374 1740 3605 1806 πολλῶν,
3631 1758 3770 1812 σφε-

499 1845 730 1886 necesse
763 1831 951 1897 fuerit,
982 1840 1270 1901 equestres
1313 1840 1520 1887 turmas
1551 1840 1750 1901 praesto
1786 1830 1923 1897 lore,
1957 1846 2081 1902 quat

500 1919 755 1975 hostilem
794 1919 1095 1975 exercitum
1117 1926 1306 1976 essent
1334 1918 1699 1975 conclusurae.
1737 1918 1939 1975 Verum
1969 1936 2079 1976 non

500 2011 780 2082 acquievit
808 2013 1130 2084 imperator,
1175 2011 1365 2067 multis
1409 2011 1613 2068 idcirco
1646 2028 1882 2084 pugnam
1914 2022 2078 2069 noctu

500 2103 899 2160 conserendam
948 2102 1182 2159 suadere
1223 2102 1618 2174 Theophobum
1649 2104 1981 2171 dicentibus,
2021 2113 2082 2161 ut

503 2195 607 2250 sibi
657 2196 761 2267 ipsi
810 2196 1184 2251 Romanorum
1237 2196 1545 2251 vindicaret
1577 2197 1829 2267 gloriam.
1880 2196 2080 2267 Aperto

504 2288 692 2358 itaque
720 2287 889 2343 Marte
917 2288 1194 2343 decretum
1240 2298 1297 2343 ut
1327 2305 1453 2344 cum
1485 2288 1642 2344 hoste
1681 2289 2083 2360 congrederen-

504 2388 615 2432 tur.
658 2375 927 2433 Ceterum
962 2379 1267 2442 lbraemus,
1310 2380 1577 2434 incertum
1608 2395 1737 2433 num
1774 2382 2083 2451 arrogantia

503 2468 704 2524 ductus
753 2485 820 2523 an
882 2470 1230 2539 imperatoris
1293 2482 1440 2526 metu
1504 2474 1870 2539 conterritus,
1932 2484 2085 2545 parte

502 2561 783 2617 exercitus
836 2572 1117 2631 assumpta
1162 2564 1413 2629 recessit,
1468 2564 1717 2621 immisso
1758 2565 2084 2621 Abuchazar

503 2669 631 2708 eum
691 2654 969 2724 octnginta
1033 2654 1273 2709 millibus
1332 2665 1669 2713 armatorum
1729 2656 1795 2712 ad
1844 2673 2082 2727 pugnam

505 2745 928 2801 conserendam.
996 2744 1097 2798 Diu
1158 2747 1417 2815 utrinque
1474 2746 1690 2801 fortiter
1738 2748 2081 2819 dimicatum;

506 2838 726 2893 tandem
774 2837 977 2893 scholae
1017 2852 1142 2891 cum
1194 2837 1499 2893 domestico
1543 2838 1785 2894 adversae
1812 2839 1949 2895 aciei
1981 2841 2085 2895 im-

507 2937 637 2997 petu
674 2937 876 2983 coacta:
915 2927 1108 2983 cedere
1142 2941 1205 2981 ac
1246 2928 1427 2998 fugam
1468 2927 1625 2983 inire.
1680 2926 1928 2998 Hincque
1949 2930 2085 2985 adeo

2178 1829 2531 1902 τεριζομένου
2554 1829 2600 1862 ’⁸
2621 1830 2716 1884 τοῦ
2744 1829 3017 1900 Θεοφόϐου
3044 1831 3142 1901 τὴν
3165 1829 3273 1884 τῶν
3301 1830 3591 1902 Ῥωμαίων
3606 1831 3768 1896 δόξαν

2181 1921 2278 1976 καὶ
2305 1920 2394 1975 διὰ
2424 1919 2583 1975 τοῦτο
2610 1920 2938 1993 βουλομένου
2974 1922 3032 1976 ἐν
3086 1923 3243 1975 νυκτὶ
3294 1923 3555 1993 πολεμεῖν
3576 1940 3592 1957 ο
3624 1923 3770 1996 πλὴν

2182 2012 2358 2080 ἔδοξεν
2388 2014 2469 2076 είς
2493 2013 2803 2083 τούμφανὲς
2830 2012 2950 2082 μεθ’
2987 2013 3203 2085 ἡμέραν
3246 2013 3514 2086 συρῤῆξαι
3542 2014 3632 2070 τδν
3664 2016 3767 2071 πό-

2182 2105 2237 2157 λε
2247 2122 2368 2175 μον.
2401 2104 2511 2158 Καὶ
2541 2107 2569 2157 6
2600 2106 2697 2175 μὲν
2727 2103 2980 2175 Ἰϐραημ,
3001 2106 3101 2158 εῐτ*
3129 2104 3306 2169 ἄλλως
3333 2105 3768 2172 καταλαζονευό-

2186 2213 2347 2268 μενος
2380 2197 2490 2251 εἴτε
2514 2196 2580 2269 δὴ
2610 2198 2703 2251 καὶ
2733 2196 2881 2267 φόϐῳ
2905 2198 3170 2268 βασιλέως
3202 2199 3769 2270 περιστοιχιζόμενος,

2186 2294 2355 2364 μέρος
2385 2292 2570 2348 λαϐὼν
2600 2292 2695 2347 τοῦ
2738 2293 2973 2365 στρατοῦ
2999 2292 3364 2365 ἀνεχώρησεν,
3415 2292 3768 2366 Ἀϐουχάζαρ

2183 2387 2242 2440 δέ
2274 2386 2411 2457 πρὸς
2440 2384 2529 2440 τὸν
2581 2385 2725 2440 κατὰ
2753 2386 3019 2455 βασιλέως
3045 2386 3277 2457 πόλεμον
3314 2385 3449 2454 μετὰ
3478 2385 3765 2456 μυριάδων

2184 2476 2327 2532 ὀκτὼ
2353 2475 2760 2542 ἐξαπέστειλεν,
2812 2475 2862 2528 οῖ
2903 2476 2999 2528 καὶ
3030 2474 3312 2545 καρτερῶς
3342 2477 3480 2543 ἄγαν
3507 2475 3770 2546 ἀνδρισα-

2188 2569 2366 2638 μένων
2394 2567 2725 2638 ἀμφοτέρων
2758 2568 2852 2621 ἐπὶ
2885 2567 3044 2630 πολὺ,
3080 2566 3164 2640 [Ρ.
3207 2566 3296 2640 71]
3327 2568 3482 2632 τέλος
3522 2567 3770 2622 ἐνδοῦναι

2183 2657 2285 2722 τὰς
2332 2656 2527 2727 σχολὰς
2580 2656 2719 2726 μετὰ
2772 2655 2865 2710 τοῦ
2900 2656 3222 2727 δομεστὶκου
3276 2658 3371 2711 καὶ
3423 2657 3560 2729 πρὸς
3588 2655 3771 2728 φυγὴν

2185 2749 2461 2820 τραπῆναι
2507 2748 2878 2814 ἐξεϐιάσαντο.
2935 2749 3098 2803 Ὅθεν
3147 2751 3176 2803 6
3203 2749 3460 2820 βασιλεὺς
3489 2748 3627 2819 μετὰ
3670 2748 3771 2820 τῆς

2188 2840 2476 2911 βασιλικῆς
2505 2840 2782 2910 φάλαγγος
2804 2840 3014 2894 καὶδύο
3037 2841 3293 2910 χιλιάδων
3325 2840 3575 2912 Περσῶν,
3598 2857 3771 2913 προσ·

2187 2935 2341 2996 όντος
2396 2933 2606 2997 τούτοις
2660 2933 2884 2987 καὶτοῦ
2937 2933 3234 3002 Θεοφόϐου,
3262 2934 3357 2987 ἐπί
3383 2950 3530 2997 τινος
3581 2932 3774 3002 βουνοῦ

510 3024 808 3092 imperator
853 3036 977 3076 cum
1024 3021 1248 3076 cohorte
1300 3020 1555 3090 praetoria
1601 3031 1656 3075 et
1689 3021 1904 3076 duobus
1952 3021 2087 3078 Per-

2195 3026 2456 3093 σέσωστο,
2484 3026 2574 3079 τὸν
2607 3026 2736 3096 περὶ
2764 3025 2945 3097 ψυχῆς
2975 3026 3220 3081 κίνδυνον
3253 3027 3625 3098 ὑφορώμενος.
3662 3027 3775 3082 Καὶ

511 3130 699 3172 sarum
752 3115 1014 3177 millibus,
1065 3130 1173 3169 una
1206 3114 1371 3169 etiam
1420 3113 1680 3182 adjuncto
1731 3113 2087 3185 Theophobo,

514 3210 569 3263 in
619 3207 812 3262 collem
858 3206 1151 3277 quemdam
1183 3204 1347 3261 saluti
1378 3215 1627 3260 metuens
1654 3206 1847 3260 evasit.
1881 3207 2092 3262 Acriter

512 3301 583 3354 ad
625 3314 912 3369 vesperam
955 3314 1131 3369 usque
1174 3299 1323 3354 circa
1375 3298 1529 3353 illum
1583 3309 1909 3369 pugnatum,
1972 3300 2095 3356 aliis

512 3400 776 3463 capturos
817 3406 875 3448 se
925 3392 1308 3461 imperatorem
1358 3391 1785 3459 conlidentibus,
1842 3393 1965 3448 aliis
2010 3395 2095 3447 ul-

515 3482 852 3539 ciscentibus
896 3481 1057 3553 ιιή
1100 3497 1201 3537 nec
1244 3496 1371 3536 eum
1413 3482 1644 3551 prodere
1672 3484 2091 3540 sustinentibus.

514 3573 686 3631 Nocte
731 3576 914 3644 itaque
961 3574 1403 3643 superveniente,
1453 3572 1547 3643 qui
1592 3588 1718 3629 cum
1766 3574 2096 3645 imperatore

516 3677 695 3734 erant,
731 3666 987 3721 simulata
1018 3666 1201 3734 gaudii
1228 3667 1409 3736 specie
1441 3676 1783 3736 perstrepere
1813 3668 2092 3734 manibus,

517 3760 884 3825 conclamare,
906 3760 1176 3831 cinnyris,
1201 3757 1443 3823 chordis,
1466 3759 1710 3828 aliasque
1738 3760 2095 3818 buccinarum

519 3854 701 3912 sonitu
726 3869 907 3910 aerem
952 3854 1185 3924 strepitu
1241 3853 1493 3922 implere;
1542 3869 1653 3923 quo
1698 3854 1959 3910 nimirum
2006 3855 2094 3910 in-

519 3956 708 4018 gentes
733 3948 839 4003 sibi
871 3957 1064 4003 auctas
1094 3962 1221 4017 spes
1247 3947 1485 4016 novique
1514 3948 1746 4002 subsidii
1779 3949 2097 4018 opinionem

522 4038 898 4094 conterrendis
942 4039 1182 4093 hostium
1231 4038 1432 4094 animis
1477 4039 1809 4111 ingererent.
1850 4039 2005 4108 Quod
2044 4052 2101 4098 et

522 4133 596 4187 ita
636 4132 885 4202 contigit.
919 4129 1030 4187 Hoc
1057 4132 1203 4185 enim
1226 4132 1407 4203 ipsum
1440 4132 1515 4186 illi
1548 4133 1915 4203 suspicantes,
1945 4151 2010 4190 ac
2031 4150 2099 4191 ne

522 4224 578 4281 in
601 4224 749 4294 ipsos
775 4224 959 4279 hostes
988 4224 1349 4293 irrumperent
1377 4225 1446 4279 ab
1475 4224 1663 4294 eisque
1690 4226 2099 4280 circumdaren-

524 4327 635 4383 tur,
676 4318 744 4373 ad
799 4333 891 4373 sex
937 4316 1083 4370 milia
1131 4332 1393 4386 passuum
1449 4332 1748 4373 recessere.
1800 4317 2100 4387 Imperator

523 4425 648 4465 cum
679 4411 796 4465 suis
827 4409 1169 4480 aliquantum
1198 4409 1443 4480 periculo
1482 4409 1797 4464 sublevatus
1837 4407 1964 4477 fuga
2005 4423 2098 4463 sa-
2130 4391 2176 4446 ι)

523 4503 696 4558 lutem
726 4500 1023 4572 expedivit,
1048 4509 1102 4556 et
1122 4501 1188 4557 ad
1218 4501 1524 4557 exercitum
1560 4500 1652 4571 qui
1685 4499 2005 4571 prodiderat
2034 4516 2101 4557 ac

525 4597 756 4669 turpiter
787 4606 936 4668 terga
968 4595 1193 4651 dederat
1218 4595 1512 4650 incolumis
1534 4594 1735 4650 evadit.
1766 4593 1846 4649 Ac
1874 4593 2099 4664 quidem

526 4691 858 4758 proditorem
907 4688 1208 4745 exercitum
1244 4688 1541 4758 imperator
1596 4685 1779 4741 acrius
1825 4686 2099 4757 obiurgat,

528 4793 797 4832 summam
829 4795 960 4834 vero
996 4780 1332 4851 Theophobo
1377 4780 1603 4851 suisque
1639 4779 1867 4849 gratiam
1920 4780 2101 4845 habet,

529 4871 879 4943 prtemiisque
921 4887 985 4926 ac
1029 4874 1331 4928 honoribus
1369 4873 1657 4944 magniﬁce
1693 4872 1923 4943 accepit.
1965 4871 2105 4928 Hinc

528 4964 711 5023 Fersze
761 4963 990 5020 ferventi
1050 4963 1104 5017 in
1170 4963 1566 5035 Theophobum
1622 4981 1814 5022 amore
1869 4964 2100 5032 incensi,

531 5058 947 5128 incredibilique
978 5057 1176 5129 gaudio
1214 5058 1464 5126 animati,
1513 5075 1623 5116 uno
1651 5060 1746 5117 illo
1788 5061 1927 5116 duce
1964 5061 2106 5130 Aga-

533 5166 791 5208 renorum
828 5151 931 5207 sibi
975 5150 1177 5206 bellum
1232 5150 1487 5205 concredi
1520 5152 1821 5221 postulant,
1874 5150 2109 5207 invicta-

535 5258 643 5312 que
696 5245 864 5300 animi
933 5246 984 5300 vi
1032 5254 1235 5300 certam
1306 5242 1411 5298 sibi
1472 5246 1800 5313 compressis
1863 5243 2111 5299 hostibus

540 5336 868 5405 poliicentur
928 5339 1238 5395 victoriam.
1296 5336 1663 5403 Quamobrem
1719 5338 1881 5392 etiam
1938 5336 2110 5408 impc-

539 5438 691 5484 rntor
719 5429 1115 5500 Theophobum
1154 5431 1444 5487 Persarum
1473 5431 1666 5486 ducem
1701 5428 1817 5485 fore
1851 5431 2109 5485 decrevit.

611 5524 702 5578 23.
744 5520 1054 5593 Insequenti
1112 5541 1255 5582 anno
1304 5522 1639 5596 Theophilus
1674 5538 1865 5579 rursus
1922 5521 2111 5592 copias

2193 3118 2322 3189 ἄχρι
2355 3120 2454 3188 μὲν
2504 3119 2743 3189 ἐσπέρας
2776 3119 2947 3182 πολὺς
2986 3115 3054 3190 ἦν
3106 3122 3133 3173 6
3165 3120 3295 3190 περὶ
3325 3120 3490 3174 αὑτὸν
3517 3118 3774 3190 πόλεμος,

2192 3208 2303 3261 τῶν
2333 3210 2431 3279 μὲν
2460 3209 2795 3273 ἐλπιζόντων
2833 3208 3025 3263 τοῦτον
3062 3209 3156 3261 ἐπὶ
3190 3211 3381 3279 χεῖρας
3420 3208 3632 3275 λαϐεῖν,
3667 3208 3779 3261 τῶν

2194 3299 2250 3353 δὲ
2270 3300 2692 3370 ἁνταμυνόντων
2724 3298 2821 3353 καὶ
2848 3298 2923 3369 μὴ
2952 3298 3241 3370 προδοῦναι
3269 3298 3459 3353 τοῦτον
3481 3299 3779 3368 διακαρτε-

2200 3389 2456 3459 ρούντων.
2487 3389 2579 3442 Διὸ
2601 3390 2796 3453 νυκτὸς
2823 3389 2951 3461 ἄρτι
2972 3390 3275 3460 γενομένης
3319 3390 3535 3459 κρότοις
3578 3389 3781 3460 χειρῶν

2194 3499 2255 3535 τε
2278 3483 2374 3535 καὶ⁸
2406 3482 2752 3553 ἀλαλαγμοῖς
2798 3484 3042 3554 ἐχρῶντο
3073 3484 3123 3537 οἱ
3178 3482 3319 3553 μετὰ
3363 3481 3457 3535 τοῦ
3487 3481 3780 3552 βασιλέως,

2197 3573 2413 3643 χαίρειν
2456 3571 2942 3642 προσποιούμενοι,
2997 3572 3282 3643 κιννύραις
3313 3588 3372 3625 τε
3411 3572 3507 3625 καὶ
3561 3571 3788 3643 χορδαῖς

2196 3667 2292 3720 καὶ
2317 3664 2493 3729 ἄλλως
2518 3664 2782 3735 βουκίνων
2831 3666 3041 3733 φωναῖς
3063 3665 3155 3719 τὸν
3188 3664 3385 3735 αἰθέρα
3407 3664 3783 3735 περιεδόνουν,

2196 3758 2420 3822 ἐλπίδας
2450 3757 2511 3810 οὐ
2535 3758 2634 3821 τὰς
2659 3756 2933 3827 τυχούσας
2954 3759 3067 3820 τοῖς
3101 3756 3316 3827 ἐχθροῖς
3340 3756 3590 3819 θέλοντες
3617 3772 3782 3828 περι-

2198 3851 2444 3921 ποιῆσαι.
2481 3851 2546 3905 Ὃ
2568 3851 2664 3905 καὶ
2696 3850 2898 3923 συνέϐη
2926 3866 2942 3881 ο
2978 3850 3132 3920 μίλια
3177 3849 3286 3920 γὰρ
3336 3848 3394 3915 ἐξ
3428 3848 3786 3921 ὑποχωρῆσαι

2196 3942 2422 4007 τούτους
2468 3945 2549 4006 εἰς
2595 3942 2840 3996 τούπίσω
2887 3943 3007 3996 τινὰ
3043 3940 3452 4011 κατορρωδοῦσι
3475 3940 3786 4014 προσϐολήν

2198 4052 2257 4089 τε
2291 4035 2385 4089 καὶ
2410 4034 2686 4088 κύκλωσιν
2717 4034 3105 4105 προσεγένετο.
3133 4033 3296 4087 Ὅθεν
3323 4032 3507 4097 ἁδείας
3532 4033 3787 4104 τυχόντες

2205 4130 2405 4199 μικρᾶς
2426 4129 2476 4181 οἱ
2507 4129 2635 4200 περὶ
2657 4128 2749 4181 τὸν
2776 4127 3021 4197 βασιλέα,
3048 4128 3236 4199 πόρρω
3260 4144 3364 4181 που
3394 4126 3610 4181 νυκτῶν
3638 4131 3785 4197 φυγῇ

2200 4221 2538 4293 χρησάμενοι
2594 4220 2695 4289 τὴν
2751 4219 3030 4289 σωτηρίαν
3080 4218 3634 4289 ἐπραγματεύσαντο,
3692 4219 3790 4272 καὶ

2205 4316 2343 4385 πρὸς
2367 4313 2447 4381 τῷ
2476 4311 2875 4384 καταπροδόντι
2919 4310 3109 4365 τοῦτον
3168 4310 3544 4383 στρατεύματι
3594 4310 3694 4363 καὶ
3723 4310 3793 4363 τὰ

2206 4406 2350 4462 νῶτα
2385 4406 2530 4460 δόντι
2560 4408 2673 4469 τοῖς
2726 4405 2943 4476 ἐχθροῖς
2990 4403 3351 4474 διεσώθησαν.
3388 4401 3652 4473 Μέμψεσι
3691 4402 3793 4472 μέν

2205 4493 2300 4551 οὖν
2357 4496 2573 4561 πολλαῖς
2604 4498 2633 4549 6
2664 4495 2918 4567 βασιλεὺς
2965 4496 3026 4548 τὸ
3070 4491 3417 4564 προδεδωκὸς
3473 4492 3794 4562 στράτευμα

2207 4590 2604 4654 καθυπέϐαλεν,
2631 4589 2818 4659 χάρισι
2844 4587 2901 4640 δέ
2926 4587 3021 4639 καὶ
3048 4587 3236 4655 τιμαῖς
3264 4585 3635 4657 διαφερόντως
3668 4587 3796 4647 τοὺς

2210 4684 2339 4755 περὶ
2360 4682 2452 4736 τὸν
2480 4680 2752 4750 Θεόφοϐον
2777 4679 3090 4749 ἐγέραιρεν.
3115 4676 3282 4731 Ὅθεν
3307 4679 3355 4731 οἱ
3396 4677 3604 4749 Πέρσαι
3626 4678 3795 4748 ἔρωτι

2207 4776 2458 4846 διαπύρῳ
2492 4773 2628 4847 πρὸς
2658 4770 2749 4825 τὸν
2777 4769 3047 4838 Θεόφοϐον
3064 4767 3398 4833 ἐξεκαίοντο,
3432 4770 3527 4823 καὶ
3553 4769 3799 4841 θυμηδίᾳ

2207 4872 2315 4926 τινὶ
2342 4870 2565 4942 ἀρρήτῳ
2603 4865 3119 4937 -ἀναθαρρυνόμενοι
3189 4864 3308 4934 μετ’
3352 4862 3518 4916 αὑτοῦ
3544 4865 3638 4916 τὸν
3671 4865 3799 4918 κατ’

2222 4960 2541 5034 ’Λγαρηνῶν
2567 4957 2893 5014 ὑποδύεσθαι
2918 4957 3156 5028 πόλεμον
3185 4956 3517 5019 ἐλιτάνευον,
3546 4956 3643 5009 καὶ
3674 4956 3803 5025 τρέο

2211 5072 2337 5108 πειν
2369 5053 2593 5117 τούτους
2631 5050 2690 5117 ἐξ
2712 5051 2982 5123 ἀηττήτου
3033 5049 3318 5119 δυνάμεως
3362 5048 3646 5102 ἐϐεϐαίουν
3667 5065 3681 5077 ·
3716 5048 3807 5101 διὸ

2215 5148 2309 5200 καὶ
2333 5147 2362 5198 6
2396 5144 2649 5216 βασιλεὺς
2671 5141 3026 5213 ἡγεμονεύειν
3058 5140 3237 5193 αὐτῶν
3272 5139 3525 5195 ἐϐούλετο
3552 5139 3644 5192 τὸν
3669 5140 3809 5193 Θεό-

2219 5240 2408 5309 φοϐον.

3116 5345 3150 5357 κ

2290 5511 2392 5580 κγ’.
2428 5509 2519 5574 Τῷ
2543 5508 2810 5563 δ’ἐπιόντι
2844 5507 3077 5577 ἐνιαυτῷ
3103 5506 3269 5575 ἔξεισι
3300 5503 3457 5555 πάλιν
3487 5498 3626 5570 μετὰ
3640 5497 3821 5554 ξυνά-

1839 5614 2074 5671 VARM‘I
2110 5603 2511 5671 LECTIONES.

620 5711 664 5741 "
697 5709 768 5775 ib;
800 5726 884 5777 σφ.
911 5713 933 5763 ⁸(
