4038 6214
233 290 333 354 129

1006 288 1150 348 LIB.
1182 289 1296 349 III.
1325 313 1393 323 -
1432 286 1925 347 THEOPHILUS
1966 286 2385 348 MICHAELIS
2415 289 2691 349 FILIUS.

3382 293 3481 357 130

229 418 373 470 μεως
400 400 428 453 6
456 398 737 469 Θεόφιλος.
768 401 860 455 καὶ
890 402 1031 455 κατά
1080 402 1141 455 τὸ
1188 403 1494 473 Χαρσιανὸν
1529 403 1701 456 πολλά
1740 404 1803 455 ἐκ

1906 403 2167 457 adversus
2200 402 2504 457 lsmaelitas
2537 404 2739 468 educit,
2772 417 2836 459 ac
2861 418 2983 458 cum
3015 402 3096 459 eis
3126 419 3190 460 ex
3214 409 3481 477 superiori

222 492 323 562 τῆς
348 493 626 564 προτέρας
664 494 821 560 νίκης
863 494 970 546 τῶν
1013 494 1375 565 Ἰσμαηλιτῶν
1403 496 1808 559 ἀπαυθαδιαζο·

225 586 405 655 μένων
426 585 517 639 καὶ
551 584 1049 655 ἀλαζονευομένων,
1072 586 1282 649 τούτοις
1315 586 1657 657 συμπλακεὶς
1680 587 1809 640 πολ-

221 676 348 740 λοὺς
400 694 459 729 τε
496 678 779 748 χειροῦται
829 677 1057 744 τούτων,
1090 679 1186 732 καὶ
1235 679 1383 733 λείαν
1436 680 1703 751 λαμϐάνει
1731 680 1808 744 ὡς

220 769 333 821 τῶν
357 768 519 821 πέντε
552 769 647 823 καὶ
676 770 853 824 εἴκοσι
884 769 1010 841 ἄχρι
1045 770 1316 841 χιλιάδων,
1348 771 1444 825 καὶ
1476 771 1615 841 μετά
1650 772 1808 842 νίκης

220 860 484 931 λαμπρᾶς
506 859 639 929 πρὸς
663 861 763 931 τὴν
786 862 1176 931 βασιλεύουσαν
1201 863 1581 935 ἐπανέρχεται.
1606 864 1803 936 Ἔτυχε

222 950 357 1019 γοῦν
389 969 473 1015 τις
502 953 612 1005 τῶν
642 954 736 1006 ἐπὶ
800 955 1001 1024 χειρῶν
1044 956 1243 1026 εὐφυΐᾳ
1286 957 1605 1026 ὀνομαστῶν
1636 958 1803 1027 αἰχμ-

222 1042 427 1098 άλωτον
440 1043 1065 1117 ληφθῆναιἊγαρηνῶν.
1085 1046 1271 1115 Τούτῳ
1295 1047 1535 1117 μεγάλας
1549 1048 1645 1110 τάς
1661 1048 1803 1103 κατά

220 1138 455 1208 πόλεμον
482 1138 687 1207 ἀρετὰς
718 1138 787 1191 δι’
817 1141 1113 1211 ἐγγράφων
1144 1142 1438 1210 ἐγκωμίων
1473 1144 1501 1195 ὁ
1534 1142 1644 1195 τῶν
1672 1160 1800 1213 σχο-

218 1228 325 1282 λῶν
386 1228 670 1298 προεστὼς
727 1229 1048 1301 ἐμαρτύρει,
1103 1232 1196 1284 καὶ
1243 1230 1489 1285 ἐϐεϐαίου
1516 1232 1592 1295 ὼς
1626 1233 1709 1303 εἴη
1743 1250 1799 1286 τε

220 1322 391 1389 δεξιὸς
413 1339 481 1375 πε
490 1323 543 1393 pi.
557 1322 657 1393 τὴν
687 1324 956 1376 ἱππασίαν
980 1323 1075 1376 καὶ
1096 1328 1196 1396 τὴν
1216 1324 1309 1378 τοῦ
1334 1324 1584 1395 σώματος
1607 1326 1800 1397 ῥώμην

220 1416 488 1482 γενναῖος,
532 1416 623 1468 καὶ
673 1416 755 1468 ὃτι
796 1414 914 1469 δυσὶ
942 1415 1130 1485 δόρασι
1187 1416 1469 1487 χρώμενος
1523 1420 1652 1489 περὶ
1698 1420 1798 1489 τὴν

1913 494 2139 548 victoria
2170 495 2326 549 elatis
2352 511 2416 550 ac
2448 495 2837 551 ferocientibus
2860 496 2926 550 ad
2957 495 3318 552 Charsianum
3352 515 3484 555 cono

1911 599 2154 654 gressus,
2188 586 2377 641 multis
2407 602 2597 641 eorum
2633 588 2959 658 subjugatis,
3007 590 3251 660 captivos
3285 591 3351 646 ad
3398 593 3483 646 vi-

1910 675 2043 742 ginti
2082 689 2245 744 supra
2271 676 2512 745 quinque
2554 677 2720 730 millia
2747 678 2968 732 abducit
2993 696 3006 743 ;
3040 680 3351 750 illustrique
3379 698 3483 752 po-

1909 766 2040 821 titus
2062 768 2241 835 praeda
2264 768 2329 821 ad
2356 768 2546 821 urbem
2584 778 2867 837 augustam
2892 771 3048 827 redit.
3073 771 3219 827 Inter
3240 772 3481 844 captivos

1909 858 2192 929 Agarenos
2223 875 2496 914 nonnemo
2526 860 2627 915 fuit
2658 876 2919 916 manuum
2951 862 3195 932 agilitate
3223 865 3478 920 celebris.

1912 947 2070 1019 115
2096 947 2258 1004 Hunc
2286 950 2601 1004 scholarum
2634 966 2831 1020 prtescs
2879 952 3073 1007 bellica
3117 953 3317 1009 virtute
3364 957 3480 1010 exi-

1906 1042 2234 1112 miutn,ejus
2259 1044 2465 1114 scripto
2490 1044 2825 1114 consignatis
2853 1045 3479 1115 laudibus,perhibehat;

1905 1135 2297 1203 asserebatque
2325 1135 2604 1205 equitandi
2635 1146 2753 1191 arte
2777 1138 3035 1207 praeclare
3062 1138 3389 1193 industrium
3415 1154 3480 1194 ac

1904 1225 2155 1295 corporis
2194 1226 2392 1281 robore
2423 1237 2732 1295 strenuum,
2773 1230 3043 1299 ejusmodi
3098 1230 3332 1300 denique
3385 1230 3479 1301 qui

1903 1312 1960 1368 in
1995 1318 2153 1386 equis
2203 1318 2403 1387 duplici
2458 1320 2689 1375 solerter
2728 1321 2884 1376 hasta
2917 1323 3129 1376 hostem
3160 1324 3479 1393 aggredere-

1905 1418 2013 1461 tur.
2045 1409 2202 1474 Quod
2232 1411 2395 1479 igitur
2428 1412 2481 1465 in
2508 1412 2656 1466 circo
2701 1412 2988 1468 domestici
3018 1414 3329 1482 triumphus
3354 1428 3481 1484 age-

222 1505 488 1559 ίππασίαν
549 1504 699 1577 [μὲν]
752 1507 1015 1576 ἐντέχνως
1080 1506 1219 1575 ἄγαν
1269 1509 1363 1561 καὶ
1409 1509 1624 1577 εὐφυῶς
1658 1510 1797 1578 πρὸς

1906 1496 2081 1562 batur,
2109 1500 2252 1553 inter
2293 1502 2539 1570 captivos
2573 1503 2752 1571 primo
2781 1505 2826 1557 is
2857 1503 2977 1557 loco
3012 1503 3320 1569 incedebat,
3358 1520 3481 1558 cor-

216 1598 341 1661 τοὺς
397 1600 523 1651 κατ’
562 1598 728 1651 αὐτοῦ
765 1599 1055 1656 διαϐαίνει.
1116 1599 1272 1655 Ἐπεὶ
1321 1602 1452 1671 γοῦν
1491 1605 1549 1656 ἐν
1580 1602 1659 1674 τῷ
1686 1604 1797 1659 τῶν

1906 1589 2047 1657 poris
2070 1589 2187 1658 ipsa
2210 1591 2537 1659 proceritate
2562 1592 2840 1660 animique
2864 1593 3120 1662 superbia
3144 1609 3207 1649 ac
3234 1595 3482 1650 celsitate

217 1689 402 1743 ἵππων
445 1688 828 1760 ἀμιλλητηρίῳ
856 1693 885 1744 6
915 1691 1009 1745 τοῦ
1031 1692 1356 1762 δομεστίκου
1385 1693 1649 1765 θρίαμϐος
1677 1696 1795 1748 ἐτε-

1903 1679 1971 1735 de
1998 1681 2114 1751 ipso
2147 1698 2397 1751 sparsum
2434 1699 2708 1739 rumorem
2740 1687 3097 1741 conﬁrmans.
3136 1685 3341 1742 Videns
3376 1688 3480 1742 ita-

213 1780 381 1848 λεῐτο,
434 1786 733 1854 προηγεῖτο
758 1783 817 1837 δὲ
843 1776 999 1848 οὗτος
1033 1784 1112 1854 τῷ
1145 1784 1240 1839 τοῦ
1292 1784 1545 1855 σώματος
1580 1787 1803 1857 μεγέθει

1906 1788 2020 1843 que
2049 1774 2374 1845 imperator,
2403 1776 2629 1847 ejusque
2677 1777 2877 1833 celebri
2909 1778 3054 1832 fama
3102 1790 3304 1843 motus,
3348 1794 3482 1835 con-

212 1871 311 1924 καὶ
342 1870 423 1942 τῷ
462 1871 567 1941 τῆς
588 1871 767 1943 ψυχῆς
795 1873 1146 1944 ἀναστήματι
1167 1874 1295 1938 τοὺς
1330 1876 1461 1947 περὶ
1507 1876 1671 1930 αὐτοῦ
1715 1876 1805 1930 λό-

209 1978 349 2031 γους
384 1962 824 2033 ἐπισφραγίζων,
859 1964 1116 2018 ἐκέλευσέ
1148 1981 1269 2029 πως
1316 1965 1439 2020 ἰδὼν
1469 1969 1496 2020 ὀ
1527 1967 1803 2037 βασιλεὺς,

209 2054 311 2106 καὶ
339 2055 455 2117 τοῖς
488 2054 732 2118 ἐπαίνοις
751 2054 1003 2118 κλαπεὶς,
1025 2054 1109 2128 [Ρ.
1131 2055 1221 2128 72]
1248 2056 1416 2111 ἵππον
1444 2075 1504 2111 τε
1530 2058 1621 2113 τὸν
1636 2058 1805 2129 ἄνδρα

209 2143 485 2213 ἐπιϐῆναι
512 2143 601 2196 καὶ
621 2143 823 2213 δόρατα
850 2143 1085 2199 λαϐόντα
1110 2143 1203 2197 δύο
1233 2145 1330 2215 τὴν
1354 2146 1585 2214 εὐφυΐαν
1610 2148 1803 2202 τούτου

216 2234 327 2287 καὶ
362 2234 637 2305 ἀριστείαν
664 2235 856 2308 ἀπάσῃ
880 2238 946 2307 τῇ
982 2236 1137 2290 πόλει
1174 2238 1535 2305 ἐνδείξασθαι.
1589 2242 1700 2295 Καὶ
1737 2241 1803 2314 δὴ

209 2322 420 2376 τούτου
454 2325 741 2393 γενομένου
775 2326 869 2379 καὶ
894 2327 1005 2390 τοῖς
1038 2326 1420 2399 ἀπειροτέροις
1448 2327 1637 2398 τέρψιν
1666 2348 1803 2402 πσρ-

208 2414 443 2485 ἐχοντος
469 2418 534 2486 τῇ
557 2417 767 2484 ὁράσει,
806 2416 1083 2486 Θεόδωρος
1104 2419 1131 2470 6
1164 2418 1447 2491 Κρατερὸς
1480 2418 1625 2473 οὕτω
1649 2420 1805 2489 λεγό-

212 2522 405 2577 μενος,
431 2508 461 2560 6
489 2507 585 2560 καὶ
611 2508 753 2578 μετά
776 2507 954 2579 βραχὺ
971 2509 1215 2580 ἀρχηγὸς
1234 2509 1336 2579 τῆς
1366 2510 1478 2564 τῶν
1512 2512 1683 2579 ἁγίων
1717 2511 1804 2583 μβν

212 2600 519 2670 μαρτύρων
543 2598 826 2668 φάλαγγος
856 2600 1119 2669 γεγονὼς,
1142 2599 1463 2672 πλησιάζων
1490 2601 1570 2672 τῷ
1596 2602 1807 2673 βασιλεί

210 2688 621 2763 ἐξεμυκτήριζε
650 2691 741 2745 τὸν
773 2692 1096 2764 Ἀγαρηνδν,
1126 2692 1372 2765 ἀνδρεῖον
1402 2694 1555 2748 οὐδὲν
1581 2697 1805 2764 φάσκων

206 2782 335 2836 οὐδὲ
368 2781 823 2852 καταπληκτικὸν
857 2783 1287 2855 ἐνδεικνύμενον.
1323 2780 1396 2856 ’ᾯ
1422 2786 1515 2838 καὶ
1558 2786 1804 2859 χαλεπή-

208 2891 313 2937 vat;
348 2873 381 2926 ό
414 2872 694 2943 βασιλεὺς,
736 2875 916 2929 Ἀλλὰ
944 2874 1018 2929 δι’
1051 2877 1260 2945 ισχύος
1313 2877 1473 2946 ἔχεις
1503 2879 1708 2947 αὐτὸς,
1758 2876 1806 2936 ὦ

209 2963 520 3033 θηλυδρία
556 2963 654 3017 καί
687 2964 968 3035 ἁνανδρε,
1012 2967 1286 3022 τοιοῦτόν
1314 2986 1364 3022 τι
1394 2966 1762 3039 ἐργάσασθαι
1780 2989 1801 3038 ;

1906 1881 2103 1922 scenso
2124 1882 2267 1939 equo
2296 1870 2611 1941 duplicique
2656 1881 2871 1941 arrepta
2920 1871 3075 1927 hasta
3100 1872 3235 1928 artis
3276 1889 3390 1928 suae
3416 1890 3481 1930 ac

1905 1956 2142 2013 solertia:
2199 1961 2473 2029 specimen
2528 1971 2808 2031 spectante
2846 1976 3031 2016 coram
3093 1972 3207 2017 tota
3261 1964 3481 2021 civitate

1904 2049 2172 2105 exhibere
2222 2052 2398 2120 jubet.
2427 2053 2484 2107 Id
2532 2068 2658 2108 cum
2690 2054 2843 2109 lieret
2871 2063 2927 2109 et
2976 2056 3053 2110 rei
3106 2057 3478 2126 spectaculum

1906 2137 2275 2208 imperitiores
2305 2140 2562 2208 alliceret,
2600 2142 2922 2198 Theodorus
2949 2154 3311 2215 cognomento
3340 2143 3481 2199 Cra-

1905 2235 2056 2284 terus
2082 2230 2153 2297 (is
2179 2231 2271 2301 qui
2299 2246 2407 2285 non
2435 2232 2605 2287 multo
2630 2243 2751 2303 post
2775 2244 3087 2289 sanctorum
3116 2235 3476 2305 quadraginta

1906 2317 2140 2375 duorum
2174 2332 2476 2393 martyrum
2516 2323 2760 2378 cohortis
2783 2324 2893 2378 dux
2925 2324 3156 2392 exstitit)
3207 2326 3273 2380 ad
3305 2326 3478 2395 impc-

1906 2420 2138 2467 ratorem
2179 2415 2447 2469 accedens
2476 2417 2787 2487 Agarenum
2839 2416 3201 2483 subsannare,
3232 2418 3479 2488 nihilque

1904 2518 2029 2559 eum
2060 2506 2206 2576 quod
2232 2506 2390 2562 fortis
2414 2509 2582 2562 animi
2606 2508 2677 2564 sit
2703 2509 2918 2578 quodve
2946 2518 3224 2579 stuporem
3256 2509 3480 2577 injicere

1906 2596 2103 2651 debeat
2156 2613 2220 2653 ea
2275 2598 2557 2654 molitione
2589 2610 2850 2669 praestare
2879 2601 3044 2655 etiam
3103 2609 3267 2669 atque
3311 2601 3475 2653 etiam

1906 2702 2175 2743 asserere.
2212 2688 2293 2743 Ad
2322 2704 2483 2758 quem
2515 2688 2959 2760 indignabundus
2981 2690 3296 2759 imperator,
3331 2688 3477 2743 Num

1905 2793 2045 2839 vero.
2076 2777 2377 2847 effeminate
2410 2788 2465 2831 tu
2495 2788 2544 2832 et
2585 2780 2802 2844 erirate,
2839 2778 3100 2843 eiusmodi
3124 2779 3345 2849 aiiqutd,
3373 2796 3478 2850 qua

1906 2869 2072 2939 polles
2096 2871 2430 2939 fortitudine,
2449 2871 2619 2938 possit
2647 2880 2905 2940 praestare
2926 2873 2951 2925 .9
2971 2870 3175 2925 Contra
3199 2872 3477 2926 Craterus:

1911 2961 2134 3016 Duabus
2190 2964 2399 3032 quidem
2429 2963 2617 3027 hostia,
2650 2976 2679 3014 o
2709 2962 3021 3029 imperator,
3056 2977 3148 3015 nec
3172 2961 3343 3015 didici
3388 2976 3483 3015 nec

209 3058 323 3111 Καὶ
349 3056 414 3119 ὃς
465 3056 686 3121 αὐτίκα,
713 3058 829 3112 Δύο
846 3059 981 3129 μὲν,
1001 3061 1289 3127 βασιλεῦ,
1320 3061 1409 3131 μὴ
1428 3064 1636 3132 μαθὼν
1660 3066 1802 3119 οὐδὲ

1911 3055 1989 3107 ιιεὲ
2018 3053 2163 3107 valeo
2184 3069 2203 3106 :
2238 3070 2362 3107 nam
2391 3069 2483 3107 nec
2525 3069 2785 3123 nugarum
2833 3053 3093 3122 ejusmodi
3123 3069 3248 3106 usus
3282 3054 3479 3123 aliquis

204 3148 747 3217 μεταχειρίσασθαι
784 3148 1007 3216 δόρατα
1045 3149 1307 3220 δύναμαι
1329 3166 1345 3182 ⁸
1376 3150 1519 3206 οὐδέ
1566 3153 1678 3223 γὰρ
1731 3155 1802 3208 ἐν

209 3238 462 3310 πολέμῳ
478 3241 764 3307 τοιαύτης
791 3242 959 3310 χρεία
975 3240 1344 3310 ἀδολεσχίας
1363 3256 1377 3270 σ
1409 3241 1498 3294 ἐνί
1518 3242 1585 3294 δὲ
1602 3243 1801 3311 δόρατι

210 3330 527 3400 χρώμενος
566 3329 685 3399 τὴν
712 3333 799 3398 είς
836 3332 985 3385 Θεὸν
1008 3332 1374 3398 πεποίθησιν
1395 3331 1513 3401 ἕχω
1545 3334 1803 3399 βεϐαίαν

208 3422 634 3491 ὼςκρημνίσω
667 3439 730 3475 τε
760 3422 974 3476 τοῦτον
992 3422 1089 3476 καὶ
1119 3422 1227 3476 τοῦ
1256 3423 1445 3477 ἵππου
1464 3424 1800 3481 καταϐαλῶ.

210 3515 323 3585 τὴν
359 3513 684 3587 παρρησίαν
715 3514 847 3584 γοῦν
900 3514 975 3585 μὴ
1014 3514 1195 3583 φέρων
1242 3516 1270 3569 6
1299 3514 1554 3585 βασιλεὺς
1604 3511 1640 3589 ἦ
1692 3517 1802 3590 μὴν

210 3603 412 3675 ἔφησε,
436 3605 583 3658 κατά
607 3604 705 3673 τῆς
727 3603 971 3672 κεφαλῆς
992 3602 1156 3657 αὑτοῦ
1178 3606 1269 3657 τὸν
1297 3606 1460 3676 ὅρκον
1485 3606 1800 3675 ἐπαγαγὼν,

210 3695 439 3765 θανάτῳ
468 3692 808 3765 παραδοῦναι
837 3695 930 3746 τὸν
955 3692 1132 3762 ἀγιον,
1164 3695 1213 3746 εί
1249 3695 1324 3765 μὴ
1351 3697 1477 3758 τοὺς
1498 3694 1691 3766 λόγους
1710 3696 1802 3750 ὅν-

210 3804 321 3851 τως
346 3789 432 3850 είς
456 3787 622 3858 ἔργον
649 3786 912 3854 ἀγάγοιεν
933 3785 1002 3839 ³⁸.
1038 3787 1232 3839 Ἵππον
1260 3781 1354 3841 οὖν
1389 3787 1593 3852 ἀναϐὰς
1621 3790 1649 3842 6
1672 3788 1802 3843 Θεό-

208 3878 393 3946 δωρος
424 3878 521 3929 καὶ
544 3875 672 3945 δόρυ
698 3875 880 3929 λαϐὼν
907 3876 965 3927 ἐν
989 3877 1174 3946 χεροῖν
1203 3875 1400 3929 θᾶττον
1424 3877 1457 3948 ἢ
1482 3876 1639 3946 λόγος
1663 3879 1721 3933 ἐν
1739 3880 1802 3932 οὐ

211 3967 449 4031 πολλαῖς
470 3968 740 4040 περιόδοις
768 3969 861 4023 τὸν
894 3970 1211 4040 Σαρακηνὸν
1242 3972 1670 4042 κατεκρήμνισε,
1705 3975 1806 4028 καὶ

212 4059 376 4129 μέγα
404 4058 581 4128 τούτῳ
609 4062 826 4133 φρονεῖν
873 4060 1108 4115 δέδωκεν
1154 4063 1430 4133 οὐδαμῶς.
1500 4064 1557 4119 '0
1586 4066 1686 4136 μὲν
1710 4062 1804 4120 οὖν

210 4148 481 4218 βασιλεὺς
516 4150 760 4222 ᾐσχύνθη
788 4151 885 4205 ἅτε
942 4150 1008 4224 δὴ
1058 4154 1537 4225 καταϐεϐλημένον
1568 4156 1690 4209 ίδὼν
1713 4158 1805 4212 τὸν

209 4235 548 4307 Σαρακηνὺν
608 4237 702 4291 ὑπ’
740 4238 932 4309 ἀνδρὸς
980 4239 1239 4312 εὐνούχου
1294 4243 1393 4297 καὶ
1439 4243 1500 4297 οὑ
1552 4244 1805 4312 γενναίου

208 4329 402 4393 τινος,
433 4328 741 4402 πανοῦργος
762 4331 820 4384 δέ
849 4331 988 4395 τέως
1018 4330 1093 4385 ὢν
1124 4333 1221 4387 καὶ
1247 4332 1345 4404 τὴν
1391 4336 1594 4408 ἀρετὴν
1627 4336 1807 4391 αίδοὺ-

1902 3149 1954 3200 in
1982 3147 2115 3199 bello
2147 3148 2352 3199 exsistit
2379 3165 2392 3201 :
2430 3162 2538 3200 una
2570 3163 2689 3200 vero
2713 3156 2922 3215 arrepta
2942 3185 2957 3211 ,
2997 3145 3091 3200 Dei
3121 3146 3288 3215 fretus
3318 3148 3480 3200 auri-

1901 3238 1995 3302 lio,
2029 3253 2158 3307 equo
2192 3238 2454 3306 dejectum
2483 3239 2552 3291 iri
2581 3238 2843 3291 hominem
2874 3254 2936 3291 ac
2956 3254 3234 3293 excussum
3259 3253 3477 3307 prorsus

1902 3328 2132 3398 conﬁdo.
2174 3327 2330 3383 Tunc
2379 3330 2678 3399 imperator
2710 3328 2924 3383 dicendi
2968 3329 3116 3382 illam
3168 3330 3474 3384 libertatem

1903 3436 2011 3475 non
2044 3419 2244 3481 ferens,
2280 3436 2377 3491 per
2420 3428 2588 3490 caput
2628 3436 2791 3475 suum
2827 3420 3014 3490 jurare
3041 3420 3291 3485 Cratero,
3335 3436 3397 3477 se
3427 3421 3478 3476 ci

1903 3509 2070 3564 vitam
2125 3519 2465 3580 erepturum,
2494 3511 2601 3566 nisi
2636 3513 2797 3583 116
2842 3527 2902 3567 re
2959 3512 3073 3583 ipsa
3108 3514 3257 3584 quod
3295 3515 3479 3569 verbis

1899 3602 2205 3672 jactaverat
2233 3602 2502 3673 impleret.
2525 3601 2649 3657 Mox
2678 3618 2810 3673 ergo
2836 3603 3157 3660 Theodorus
3177 3620 3480 3662 conscenso

1904 3710 2045 3766 equo
2093 3704 2417 3767 arreptaque
2467 3697 2621 3752 basta
2676 3711 2899 3751 manum
2949 3712 3277 3761 conserens,
3332 3696 3479 3753 dicto

1904 3786 2085 3846 citius.
2116 3802 2219 3843 nec
2266 3786 2431 3859 longo
2459 3788 2691 3855 ambitu,
2741 3787 3052 3859 Agarenum
3105 3799 3251 3859 equo
3289 3790 3477 3845 datum

1902 3879 2236 3951 praecipitem
2270 3880 2443 3934 altum
2468 3895 2660 3949 sapere
2687 3895 2795 3933 non
2828 3880 2975 3934 sivit.
3010 3878 3214 3935 Puduit
3244 3881 3477 3951 impera-

1905 3985 2100 4035 torem,
2130 3974 2260 4028 dum
2292 3988 2402 4027 non
2429 3988 2459 4026 a
2496 3973 2614 4027 viro
2640 3972 2877 4043 quodam
2921 3972 3206 4043 magniﬁce
3232 3980 3479 4040 strenuo,

1905 4063 2002 4120 sed
2036 4066 2104 4119 ab
2128 4066 2341 4118 evitato
2371 4074 2707 4134 prostratum
2759 4064 3092 4120 Saracenum
3129 4064 3281 4117 vidit.
3338 4063 3483 4118 lute-

1905 4157 2011 4212 rim
2045 4167 2251 4221 tamen,
2292 4157 2491 4211 callido
2519 4158 2782 4227 vafroque
2824 4157 3077 4223 consilio,
3114 4155 3325 4226 virique
3370 4157 3482 4211 vir-

1906 4256 2075 4304 tutem
2134 4248 2427 4315 reveritus,
2484 4249 2659 4305 amice
2699 4250 2882 4305 verbis
2934 4248 3155 4320 accipit,
3204 4249 3482 4319 donatque

1907 4340 2154 4397 vestibus
2188 4340 2420 4396 honoris
2448 4354 2637 4406 calin,
2697 4341 2900 4395 civium
2949 4340 3165 4395 animos
3210 4338 3482 4394 oﬁ‘endere

204 4436 393 4489 μενος
419 4419 513 4474 τοῦ
541 4423 732 4491 ἀνδρὸς
776 4424 1240 4498 ἐφιλοφρονήσατο
1274 4427 1373 4497 μὲν
1401 4427 1582 4495 λόγοις
1609 4429 1800 4496 αὑτὸν,

1910 4432 2136 4500 veritus,
2165 4433 2213 4489 si
2237 4431 2374 4503 quid
2397 4431 2615 4487 homine
2643 4431 2803 4487 aliter
2834 4441 3100 4488 uteretur.

203 4512 424 4574 στολάς
452 4529 514 4565 τε
549 4514 642 4567 καὶ¹
669 4514 965 4587 περιϐολὰς
996 4515 1147 4587 αὐτῷ
1177 4515 1275 4587 τὴν
1298 4517 1575 4573 πολιτείαν
1615 4519 1799 4574 αἰδού-

205 4622 395 4675 μενος
424 4604 754 4678 ἐδωρήσατο.

289 4714 406 4767 κδ’.
445 4715 604 4785 ’Δρτι
633 4716 690 4769 δὲ
721 4718 885 4772 πάλιν
918 4718 1013 4772 τοῦ
1048 4718 1209 4790 ἔαρος
1239 4719 1531 4790 ἱσταμένου
1557 4723 1650 4776 καί
1672 4724 1805 4789 τοὺς

206 4807 486 4877 μαχητὰς
507 4810 627 4860 κατ’
655 4808 901 4880 ἀλλήλων
930 4811 1269 4881 ὁπλίζοντος,
1314 4814 1344 4867 6
1370 4814 1627 4883 Θεόφιλος
1647 4815 1806 4871 δύνα-

201 4917 313 4967 μιν
349 4895 554 4968 πολλὴν
607 4899 877 4971 ἠθροικὼς
908 4904 1050 4958 κατὰ
1094 4904 1204 4958 τῶν
1247 4906 1585 4976 Σαρακηνῶν
1610 4907 1800 4976 ἔξεισι,

198 4990 312 5042 καὶ
362 4988 459 5041 τὶν
490 4989 633 5042 ὅσιον
662 4990 925 5043 Μεθόδιον
954 4993 1053 5063 τῆς
1089 4992 1315 5063 εἱρκτῆς
1353 4994 1801 5066 ἀωρῤυσάμενος

194 5083 312 5136 καὶ
356 5080 483 5149 μεθ’
504 5079 696 5135 ἑαυτοῦ
721 5082 1078 5154 ἐπαγόμενος,
1105 5084 1166 5137 οὑ
1198 5084 1291 5138 νῦν
1344 5086 1505 5155 μόνον
1530 5088 1625 5140 aut
1655 5088 1805 5158 πρῶ-

192 5195 306 5231 τον
342 5177 398 5207 ’⁸
436 5175 549 5228 ἀλλ’
592 5178 679 5231 ἀεὶ
708 5176 868 5230 τοῦτο
916 5179 1088 5232 ποιῶν
1122 5178 1217 5233 καὶ
1256 5179 1483 5263 πλησίφ
1520 5198 1623 5235 που
1665 5182 1804 5254 ἔχων

193 5270 419 5330 αὖτδν.
448 5270 553 5323 εἴτε
583 5270 679 5323 τοῦ
707 5271 893 5341 ἀσαφῆ
940 5271 1128 5324 ἐνεκεν
1159 5272 1253 5326 καὶ
1295 5272 1508 5336 πολλοῖς
1552 5275 1805 5343 ἄγνωστα

190 5360 468 5416 διαλύειν
500 5362 592 5414 καὶ
617 5360 873 5433 γνώριμα
915 5362 1092 5434 τούτῳ
1118 5365 1295 5417 ποιεῖν
1321 5362 1409 5417 διὰ
1437 5365 1535 5435 τὴν
1564 5366 1803 5435 ἐνυπάρο

190 5471 435 5526 κουσσν
464 5454 610 5525 αὑτῷ
634 5454 826 5523 σοφίαν
850 5453 1095 5525 (καὶγὰρ
1126 5454 1389 5527 ἐτύγχανε
1421 5456 1530 5509 τῶν
1558 5457 1797 5530 ἀποκρύ-

190 5568 340 5619 φων
374 5547 513 5616 ἄγαν
536 5546 821 5621 ζητητικὸς
845 5549 873 5601 6
893 5546 1200 5621 Θεόφιλος),
1249 5549 1359 5602 εἴτε
1401 5550 1463 5621 δή
1496 5567 1646 5614 τινας
1704 5554 1805 5607 επ-

1979 4726 2072 4783 24.
2107 4724 2227 4780 Jam
2263 4738 2393 4779 vero
2426 4738 2646 4779 rursum
2679 4735 2805 4775 vere
2834 4730 3120 4791 appetente
3153 4738 3218 4778 ac
3251 4723 3483 4780 bellato-

1912 4833 2000 4874 res
2031 4818 2181 4872 viros
2210 4817 2352 4872 inter
2387 4831 2447 4872 se
2475 4814 2872 4879 committente,
2906 4812 3265 4884 Theophilus
3292 4818 3483 4889 ingen-

1913 4908 2060 4963 tibus
2085 4905 2384 4962 contractis
2416 4905 2588 4972 copiis
2617 4912 2808 4958 contra
2842 4904 3147 4959 Saracenos
3180 4907 3483 4975 proﬁcisci-

1913 5011 2023 5064 tur,
2059 4999 2256 5054 educto
2294 5012 2326 5052 e
2357 5011 2575 5051 carcere
2607 4995 2821 5065 sibique
2851 4995 3108 5066 adjuncto
3153 5006 3344 5052 sancto
3375 4998 3483 5052 Mc-

1910 5093 2116 5148 tbodio.
2170 5089 2358 5161 Neque
2405 5102 2537 5143 vero
2590 5096 2722 5143 tunc
2777 5088 3011 5159 primum
3077 5089 3223 5154 fecit,
3275 5090 3367 5144 sed
3429 5099 3482 5143 ct

1908 5199 2124 5254 semper
2179 5181 2478 5247 factitabat,
2510 5195 2679 5251 penes
2707 5194 2769 5237 se
2793 5181 2971 5235 virum
3018 5180 3244 5247 habens,
3275 5180 3389 5235 sive
3424 5191 3482 5235 ut

1909 5277 2029 5347 ejus
2087 5275 2371 5343 sapientia
2402 5274 2450 5328 vi
2486 5276 2722 5329 obscura
2751 5274 3023 5344 vulgoque
3073 5272 3254 5343 ignota
3285 5271 3481 5327 dissol-

1908 5376 2059 5422 veret
2110 5380 2286 5434 eaque
2340 5363 2444 5435 ipsi
2488 5364 2724 5434 aperiret
2757 5363 2896 5433 (erat
2942 5360 3090 5415 enim
3147 5359 3483 5432 Theophilus

1909 5458 2286 5513 abstrusarum
2323 5470 2507 5511 rerum
2548 5468 2819 5526 operosus
2850 5451 3254 5524 investigator),
3283 5455 3396 5510 sive
3429 5454 3479 5508 id

1909 5564 2132 5614 cavens,
2162 5562 2231 5602 ne
2259 5562 2398 5619 quas
2429 5547 2477 5603 is
2503 5546 2693 5602 turbas
2736 5559 2795 5601 se
2841 5543 3066 5601 absente
3096 5545 3165 5601 ob
3198 5558 3481 5619 sacrarum

1527 5642 1758 5701 VARUS
1798 5641 2199 5703 LECTIONES.

282 5743 347 5773 ’⁸
374 5739 571 5809 ἁγᾶγοι
592 5738 617 5790 ?
698 5740 742 5771 "
770 5739 864 5792 καὶ
899 5736 1141 5812 πρῶτον]
1170 5737 1225 5791 δὲ
1260 5754 1349 5807 πρ.
1392 5735 1452 5793 Ρ.
