4038 6214
460 205 555 279 131
1517 202 2025 266 THFOPHANES
2062 201 2288 264 CONTI
2299 202 2625 267 NUATUS.
3626 202 3728 267 1'32

462 328 759 398 imaginum
792 324 1167 383 amolitionem
1196 322 1251 377 in
1284 319 1417 375 urbe
1446 316 1734 373 excitaret.
1769 314 2039 385 Ρηεοίρυί
2070 350 2083 379 Α

2188 318 2474 381 ναστάσεις
2507 318 2916 388 φυλαττόμενος
2947 318 3079 389 παρ’
3102 317 3269 372 αὐτοῦ
3294 319 3485 373 παθεῖν
3515 319 3604 374 διὰ
3632 320 3728 375 τὸν

462 421 607 477 enim
645 420 870 483 civium,
904 418 1067 488 inque
1112 415 1196 473 eis
1253 413 1356 467 viri
1415 410 1679 480 religiosi,
1706 407 2041 463 Methodium

2188 410 2289 463 ατὰ
2337 408 2445 463 τῶν
2494 410 2666 477 ἁγίων
2696 409 2791 464 καὶ
2823 407 3042 462 σεπτῶν
3090 407 3319 462 εἰκόνων
3355 408 3612 478 πόλεμον.
3649 411 3728 463 Ού

465 513 639 585 pluris
666 510 937 568 faciebant
964 521 1196 578 eumque
1229 505 1476 574 impense
1514 501 1793 557 colebant.
1834 499 2045 555 Idcirco

2188 502 2364 572 ,ικρῶς
2393 502 2503 572 γὰρ
2525 504 2701 558 ἐδόκει
2724 504 2894 574 τιμᾷν
2916 501 3010 555 τὸν
3038 500 3209 572 ἄνδρα
3250 502 3346 555 καὶ
3372 501 3627 557 σέϐεσθαι
3666 505 3731 558 τι)

468 618 575 658 una
627 616 814 658 secum
845 598 1140 657 adducere,
1176 608 1285 648 non
1327 598 1451 662 post
1500 604 1561 644 se
1609 587 1941 658 relinquere,
1976 601 2044 641 ex

2188 599 2250 666 ἧς
2276 594 2556 659 πολιτείας
2606 594 2858 666 ἔκκριτον
2888 595 2982 648 καὶ
3010 592 3259 663 φιλόθεον
3281 610 3297 625 ο
3336 594 3427 647 διὰ
3454 612 3538 649 τοι
3571 596 3733 652 τοῦτο

469 693 631 750 ofﬁcii
695 693 908 748 ratione
958 686 1263 757 Theophilo
1296 682 1607 737 videbatur.
1660 679 1846 749 Itaque
1896 694 2049 734 com—

2188 705 2306 757 γειν
2352 688 2474 759 μεθ’
2531 688 2754 754 ἑαυτοῦ,
2786 688 2904 743 ἀλλ’
2956 689 3019 742 οὐ
3054 688 3285 741 κατόπιν
3324 689 3734 759 ἁπολιμπᾶνειν

470 786 637 841 missa
662 784 918 850 utrinque
942 778 1060 834 acie
1086 793 1151 833 ac
1176 775 1465 831 lsmaelitis
1486 770 2049 843 superioribule'j

2188 782 2403 849 φαίνετο
2429 781 2603 853 τούτῳ
2625 781 2841 846 σεμνόν.
2877 780 2987 834 Καὶ
3018 780 3156 850 δῆτα
3184 783 3610 850 προσπεσόντων
3637 781 3737 838 ἀλ-

470 876 699 946 coutigit
736 872 1170 927 circumventum
1208 867 1591 937 imperatorem
1644 864 1698 918 in
1731 862 1856 916 vitae
1906 860 2051 929 peri-

2189 873 2338 942 ήλοις
2384 873 2494 926 τῶν
2530 871 3010 945 στρατευμάτων,
3068 872 3167 926 καὶ
3212 873 3324 925 τῶν
3371 873 3737 945 Ἰσμαηλιτῶν

469 966 653 1022 culum
689 961 909 1028 adduci,
955 959 1175 1031 quando
1201 958 1365 1012 etiam
1397 955 1675 1011 exercitus
1716 953 1913 1008 ductor
1941 949 2054 1004 Ma-

2188 964 2732 1035 ;αθυπερτερούντων,
2761 963 2960 1035 συνέϐη
2981 964 3075 1018 τὸν
3098 964 3325 1034 βασιλέα
3357 983 3471 1028 πως
3502 984 3741 1038 περικυ-

468 1056 620 1122 nuel,
652 1070 820 1125 grave
847 1067 1077 1124 prorsus
1109 1047 1371 1119 omnique
1397 1045 1577 1115 majus
1606 1044 1874 1099 dedecore
1901 1055 2057 1109 repu-

2188 1056 2435 1111 ιλωθέντα
2464 1058 2573 1111 ὑπὸ
2600 1056 2711 1110 τῶν
2766 1057 2976 1128 ἐχθρῶν
3002 1057 3336 1111 κινδυνεύειν
3369 1061 3495 1130 mp!
3531 1061 3740 1132 ψυχῆς.

467 1155 612 1211 tans,
664 1144 708 1199 si
752 1142 1132 1197 Romanorum
1184 1138 1484 1208 imperator
1515 1134 1585 1188 ab
1617 1132 1867 1188 hostibus
1892 1144 2057 1199 cape-

2188 1167 2244 1203 τε
2277 1149 2339 1221 δὴ
2364 1151 2457 1203 καὶ⁴
2476 1149 2734 1219 Μανουὴλ
2753 1150 2782 1203 6
2804 1151 3176 1221 στρατηγέτης
3194 1150 3364 1204 δεινὸν
3386 1153 3746 1222 ἡγησάμενος

467 1244 640 1302 retur,
662 1247 885 1289 suorum
946 1230 1161 1285 animos
1194 1226 1478 1283 οοιιϐῖοηίε
1500 1223 1682 1280 verbis
1712 1221 2055 1291 τοοοιιίιςεηεν
2159 1242 2254 1296 καὶ
2276 1242 2419 1312 πέρα
2450 1243 2610 1296 τοῦτο
2635 1243 2808 1298 δεινὸν
2851 1243 2896 1275 "
2921 1242 3265 1312 δορυάλωτον
3291 1241 3483 1315 [Ρ.751
3512 1221 3744 1314 βασιλέα

473 1334 662 1404 sicque
699 1347 795 1386 eos
845 1329 1160 1385 allocutus:
1213 1324 1338 1389 Eia,
1388 1324 1508 1387 viri,
1549 1337 1673 1389 apes
1728 1317 2057 1381 rereremiui,

2188 1333 2435 1394 'evéaﬂat.
2481 1336 2606 1398 τοὺς
2636 1334 2766 1405 περὶ
2797 1334 2959 1387 αὐτὸν
2982 1332 3367 1405 ἀναθαρρύνας
3391 1334 3505 1398 καὶ,
3535 1332 3608 1388 Ὦ
3635 1336 3750 1389 ἇν-

471 1418 591 1500 qata:
610 1442 764 1481 suum
788 1439 982 1494 regem,
1012 1422 1125 1491 ejus
1148 1420 1200 1475 vi
1227 1417 1425 1473 αιιιονὶε
1447 1418 1683 1485 percita,
1700 1428 1833 1481 pone
1854 1411 2061 1473 uolant.

2188 1429 2325 1494 ipse,
2354 1427 2545 1491 εἰπὼν,
2564 1427 2674 1494 τὰς
2714 1428 3022 1497 μελίσσας
3040 1426 3327 1489 αἰδεῖσθε,
3350 1426 3412 1479 αἳ
3433 1428 3538 1482 τοῦ
3551 1428 3744 1491 βασι-

473 1520 651 1577 leonis
706 1518 880 1571 instar
911 1514 1217 1568 catulorum
1267 1522 1437 1565 causa
1489 1505 1827 1564 dimicantis,
1854 1502 2064 1557 medios

2188 1519 2318 1585 ῑέως
2347 1520 2607 1573 κατόπιν
2633 1517 2714 1585 τῷ
2757 1520 2986 1589 φίλτρῳ
3011 1518 3395 1586 ,βαλλόμεναι
3427 1518 3743 1587 πέτονται,

472 1626 677 1669 cuneos
705 1610 1091 1680 imperatorem
1114 1603 1451 1675 quasiturus
1474 1597 1748 1667 irrumpit,
1770 1595 2063 1662 animoque

2188 1609 2340 1680 ;ίσῄει
2373 1608 2565 1681 ῶσπερ
2594 1626 2677 1673 τις
2702 1609 2842 1662 λέων
2861 1610 2992 1679 περὶ
3013 1608 3123 1663 τῶν
3148 1609 3358 1663 τέκνων
3387 1609 3747 1680 βαλλόμενος,

473 1702 817 1760 fatiscentem
870 1699 1180 1760 inventum,
1211 1701 1268 1750 et
1316 1709 1382 1748 ex
1417 1690 1633 1763 ignavia
1698 1687 1932 1744 salutem
1964 1685 2060 1740 de-

2188 1702 2256 1754 τὸν
2280 1702 2503 1771 βασιλέα
2539 1700 2739 1769 ζητῶν.
2768 1701 2857 1765 Ὠς
2885 1701 2931 1753 δ’
2960 1697 3118 1773 εὗρεν
3141 1701 3621 1773 ἀποκαμόντα-καὶ
3641 1704 3748 1773 τὴν

472 1802 809 1867 sperantem,
840 1805 907 1847 ac
939 1796 1255 1845 causantem
1293 1784 1439 1840 nolle
1481 1798 1540 1838 se
1592 1780 1782 1835 relicto
1813 1776 2058 1835 exercitu

2188 1792 2441 1861 rmqplav
2468 1792 2566 1862 μὲν
2595 1792 2699 1846 ὑπὸ
2721 1792 2925 1857 δειλίας
2960 1793 3288 1862 ἀπογνόντα,
3327 1795 3751 1866 προφασιζόμε-

475 1905 597 1945 eam
641 1886 766 1958 fuga
800 1883 1078 1954 expedire,
1109 1881 1365 1935 hortatus
1394 1886 1475 1932 est
1509 1888 1569 1930 ut
1598 1889 1657 1930 se
1686 1872 1764 1929 illi
1794 1867 2062 1943 praeunti

2188 1900 2255 1936 νον
2282 1883 2337 1936 δὲ
2360 1883 2434 1946 ὡς
2466 1885 2540 1954 μὴ
2571 1882 2857 1953 βούλεσθαι
2890 1883 2984 1936 τὴν
3006 1884 3135 1937 λαὸν
3161 1884 3387 1938 λιπόντα
3432 1886 3742 1953 διαφυγεῖν,

477 1996 543 2037 ac
572 1979 870 2035 multorum
918 1984 1099 2046 strage
1145 1973 1248 2028 iter
1271 1969 1536 2041 aperienti
1585 1966 1842 2022 comitem
1885 1963 2061 2018 daret.

2188 1977 2303 2044 Ὰτε
2316 1974 2415 2043 δὴ,
2438 1976 2659 2046 ἔφησεν,
2675 1970 2722 2030 ὦ
2737 1976 3025 2040 βασιλεῦ.
3050 1976 3367 2032 ἀκολούθει
3391 1996 3486 2045 μοι
3507 1979 3751 2049 stipi-21a;-

480 2074 780 2142 Postquam
817 2084 947 2125 vero
974 2073 1352 2136 erumpentem
1386 2063 1587 2117 timens
1616 2072 1933 2130 pavensque
1957 2056 2063 2110 im-

2188 2067 2281 2135 ’ὴν
2305 2067 2583 2137 φάλαγγα
2634 2068 2904 2123 ποιοῦντι
2957 2069 3055 2123 καί
3103 2070 3374 2137 πολλοὺς
3430 2070 3750 2141 ἀποσφάτ-

477 2173 699 2236 perator
750 2180 779 2217 e
817 2159 1049 2230 vestigio
1098 2163 1321 2214 secutus
1358 2169 1468 2208 non
1518 2160 1622 2216 cst,
1680 2150 1879 2203 iterum
1938 2159 2063 2201 cum

2188 2178 2350 2214 Ὄντι.
2388 2160 2477 2223 Ὠς
2503 2160 2547 2213 δ’
2574 2162 2602 2213 6
2621 2160 2882 2230 Μανουὴλ
2910 2158 3057 2233 ἐξῄει
3094 2162 3186 2215 καὶ
3214 2162 3305 2215 τὸν
3337 2162 3608 2233 ἑπόμενον
3658 2164 3750 2217 δε-

478 2259 670 2314 multis
703 2256 875 2312 aciem
918 2249 1239 2322 perrumpit.
1266 2256 1325 2302 ut
1349 2262 1380 2302 a
1405 2244 1652 2314 periculo
1676 2242 1853 2297 virum
1885 2245 2066 2295 eruat.

2188 2253 2316 2304 ἰιότα
2361 2252 2532 2304 πολλὰ
2580 2252 2675 2304 καὶ
2733 2253 3113 2322 κατεπτηχότα
3169 2252 3388 2323 βασιλέα
3441 2254 3540 2307 οὐκ
3572 2249 3748 2325 εἶχεν,

479 2351 560 2406 Ac
596 2366 666 2404 ne
706 2357 820 2402 tum
851 2344 1074 2417 quidem
1108 2343 1217 2397 voti
1244 2354 1472 2409 compos
1508 2336 1755 2397 effectus,
1783 2333 1946 2389 tertio
1974 2330 2071 2386 de-

2188 2340 2329 2406 ιῦθις
2349 2344 2592 2414 έρῤήγνυ
2652 2343 2790 2413 μετὰ
2841 2343 3052 2399 πολλῶν
3099 2344 3196 2414 τὴν
3225 2344 3497 2426 φάλαγγα,
3549 2345 3751 2401 τοῦτον

479 2456 632 2496 tuum
680 2437 909 2494 flrmiori
958 2432 1241 2505 proposito
1274 2443 1515 2486 cuneum
1554 2422 1868 2496 imperatori
1905 2419 2070 2477 undi-

2188 2433 2451 2500 ιξελέσθαι
2500 2434 2849 2506 βουλόμενος.
2897 2435 2988 2499 ὀς
3032 2435 3078 2488 δ’
3110 2419 3418 2507 ἡμάρτανεν
3442 2432 3617 2503 αὖθις,
3645 2438 3753 2492 καὶ

480 2549 587 2606 que
620 2530 856 2587 aﬂ‘usum
906 2529 1197 2599 ipsumque
1252 2528 1625 2579 coarctantem
1682 2518 1972 2580 dirimens,
2002 2513 2070 2570 ad

2188 2527 2356 2598 τρίτον
2379 2529 2437 2582 δδ
2466 2529 2532 2583 ἐκ
2570 2529 2934 2602 στερροτέρας
2952 2528 3131 2599 ψυχῆς
3154 2527 3252 2598 τὴν
3284 2528 3613 2600 συνέχουσαν
3643 2529 3755 2598 φά-

480 2605 611 2686 eum
645 2639 821 2695 usque
849 2621 1123 2693 pervadit,
1153 2618 1292 2673 adeo
1328 2625 1388 2671 ut
1415 2623 1470 2670 et
1493 2627 1720 2682 equum,
1750 2608 1839 2663 cui
1868 2605 2073 2663 inside-

2188 2632 2350 2691 ιαγγα
2394 2623 2485 2677 τὸν
2544 2623 2769 2692 βασιλέα
2825 2622 3097 2693 διέκοψεν,
3128 2624 3223 2677 καὶ
3251 2622 3478 2690 πλησίον
3509 2623 3753 2690 ἐγεγόνει

481 2718 598 2782 bat.
634 2715 767 2773 loris
796 2715 1022 2785 alligare
1048 2712 1342 2780 ipsumque
1377 2721 1573 2762 rursus
1608 2704 1844 2758 liberare
1887 2697 2071 2755 conti-

2188 2714 2385 2779 τούτου,
2403 2714 2479 2778 ὡς
2505 2714 2600 2768 καὶ
2632 2717 2789 2784 ίμᾶσι
2810 2716 2903 2769 τὸν
2935 2715 3265 2787 ἐπιφέροντα
3287 2714 3476 2769 τοῦτον
3498 2715 3755 2785 ἐπιδῆσαι

485 2809 649 2882 gerit.
683 2807 883 2862 Animo
916 2804 1142 2861 saucius
1179 2810 1318 2861 erat,
1349 2814 1461 2869 quo
1515 2807 1659 2851 metu
1696 2794 2070 2849 Romanorum

2188 2804 2342 2858 ἵππον
2375 2806 2469 2859 καὶ
2498 2800 2658 2868 αὖθις
2680 2804 3119 2875 ὐπεξερύσασθαι
3146 2805 3461 2876 ἐτύγχανεν.
3507 2806 3753 2877 Ἐτρὼθη

483 2897 873 2968 imperatorem
914 2892 1141 2948 ductum
1176 2891 1243 2943 iri
1292 2888 1571 2958 captivum
1622 2895 1788 2954 atque
1820 2882 2071 2937 hostibus

2188 2895 2273 2966 τὴν
2295 2895 2478 2966 ψυχὴν
2508 2898 2536 2949 6
2566 2898 2727 2968 ἀνὴρ,
2785 2898 3007 2968 βασιλέα
3061 2897 3347 2967 Ῥωμαίων
3408 2896 3757 2969 αίχμάλωτον

485 2993 696 3048 calcata
740 2988 954 3044 cervice
1003 2985 1415 3055 suppedaneum
1471 2980 1588 3034 fore
1632 2975 2077 3048 pertimescebat},

2188 2988 2434 3056 γενέσθαι
2482 2988 2818 3059 φοϐούμενος
2870 2990 2964 3043 καλ⁸
3018 2988 3128 3041 τῶν
3185 2987 3397 3059 ἐχθρῶν
3431 2989 3756 3043 ὑποπόδιονθ

484 3082 700 3141 Idcirco
725 3080 972 3137 velocius
1002 3077 1170 3133 simul
1223 3074 1534 3143 maiorique
1574 3071 1798 3129 solertia
1826 3068 2075 3139 repetitis

2188 3080 2296 3134 5θεν
2322 3079 2629 3150 ταχυτέραν
2651 3080 2767 3150 ἅμα
2798 3082 2893 3135 καὶ
2913 3080 3248 3150 δεξιωτέραν
3275 3080 3371 3151 τὴν
3403 3081 3758 3153 ὑποστροφὴν

486 3177 705 3235 vicibus
736 3187 1014 3235 reversus,
1042 3179 1275 3225 mortem
1307 3182 1528 3237 quoque
1556 3166 1818 3229 minatus,
1853 3162 1959 3216 nisi
1988 3160 2077 3215 ille

2188 3174 2431 3242 ποιήσας,
2463 3176 2560 3228 καὶ
2592 3173 2821 3227 θάνατον
2870 3174 3172 3243 ἀπειλήσας
3208 3174 3353 3245 αὐτῷ
3401 3176 3450 3227 εί
3481 3174 3555 3246 μὴ
3584 3174 3759 3246 τούτῳ

489 3279 831 3343 sequeretur,
864 3280 1006 3338 aegre
1054 3264 1273 3320 tandem
1321 3260 1569 3331 periculo
1614 3257 1838 3320 exemit,
1888 3254 2079 3326 paucis

488 3362 819 3435 quibusdam
851 3374 883 3414 a
914 3367 1071 3427 tergo
1097 3359 1480 3425 insequentem
1510 3352 1722 3407 hostem
1769 3349 2078 3418 reprimen-

490 3459 662 3521 tibus,
688 3454 916 3523 suisque
972 3450 1302 3505 incolumem
1363 3444 1530 3513 118
1582 3443 1837 3497 reddidit.
1873 3440 2081 3495 Idcirco

493 3549 613 3621 pari
644 3548 699 3601 iu
728 3560 853 3600 eum
885 3539 1267 3597 benevolentia
1296 3536 1636 3605 Theophilus
1678 3535 1856 3604 ipsum
1909 3532 2083 3586 hono-

494 3641 650 3697 ribus
692 3635 1018 3705 accipiebat,
1062 3631 1579 3697 benefactoremque
1631 3642 1697 3680 ac
1744 3634 2080 3681 servatorem

492 3747 656 3789 suum
688 3728 940 3783 vocitans
968 3724 1228 3794 congruis
1260 3722 1583 3776 muneribus
1614 3719 1850 3775 colebat.

559 3821 656 3879 25.
694 3821 965 3877 Cancrum
1017 3819 1193 3887 major
1222 3817 1274 3871 in
1308 3830 1433 3871 eum
1467 3815 1549 3869 vis
1595 3812 1811 3867 invidiae
1848 3809 1993 3877 fuit;
2022 3823 2086 3865 ac

495 3914 592 3986 qui
630 3922 714 3970 tot
738 3911 985 3968 millibus
1014 3918 1356 3964 armatorum
1407 3921 1555 3961 unus
1595 3905 1886 3959 obstiterat
1907 3916 2087 3971 exque

496 4010 694 4067 mediis
718 4006 971 4062 hostibus
997 4003 1388 4072 imperatorem
1419 3999 1764 4059 liberaverat,
1790 4009 2085 4066 paucorum

496 4104 637 4162 aula:
689 4098 1046 4156 familiarium
1087 4110 1315 4167 suaeque
1368 4092 1548 4163 gentis
1586 4091 1872 4145 hominum
1928 4089 2087 4144 malis

496 4199 710 4255 artibus
756 4196 1077 4264 superatur.
1129 4186 1429 4257 Maiestatis
1467 4199 1601 4256 ergo
1640 4198 1708 4239 ac
1761 4183 2085 4237 insidiarum

498 4309 596 4362 per
614 4304 889 4348 summam
916 4284 1320 4358 improbitatem
1342 4298 1410 4337 ex
1436 4278 1711 4336 calumnia
1736 4291 1863 4330 reus
1884 4275 2084 4345 agitur;

2180 3267 2719 3337 συνακολουθήσειεν,
2747 3266 2843 3335 ὀψὲ
2871 3266 2964 3320 καὶ
2985 3268 3139 3336 μόλις
3165 3266 3259 3319 τοῦ
3288 3267 3536 3321 κινδύνου
3569 3267 3760 3321 διέσω-

2182 3379 2292 3423 σεν,
2312 3362 2510 3429 ὀλίγων
2532 3362 2694 3414 τινῶν
2719 3362 2949 3416 κατόπιν
2965 3363 3359 3435 διακρουόντων
3384 3365 3474 3417 τὸν
3498 3365 3759 3435 πόλεμον,

2181 3452 2275 3505 καὶ
2322 3455 2432 3515 τοῖς
2482 3451 2676 3504 ἑαυτοῦ
2732 3452 3080 3520 ἐγκατέλεξε.
3130 3454 3221 3507 Διὸ
3258 3458 3445 3524 τιμαῖς
3479 3473 3539 3509 τε
3567 3455 3763 3510 τοῦτον

2182 3544 2494 3613 ὲφαμίλλως
2515 3544 2786 3611 ἐδεξιοῦτο
2816 3547 2910 3599 καὶ
2942 3547 3282 3618 πρεπούσαις
3302 3549 3531 3618 δωρεαῖς
3560 3550 3761 3620 ὲθεράο

2183 3654 2370 3705 πευεν,
2415 3636 2714 3709 εὐεργέτην
2744 3640 2838 3693 καὶ
2866 3639 3087 3712 σωτῆρα
3122 3640 3382 3705 πολλάκις
3406 3642 3725 3699 ἀποκαλῶν.

2255 3818 2354 3867 κε’.
2393 3813 2536 3867 Ἀλλ’
2573 3814 2601 3865 ό
2640 3814 2833 3882 φθόνος
2864 3812 3050 3885 ἴσχυσε
3085 3817 3207 3869 κατ’
3225 3813 3412 3880 αὐτοῦ,
3442 3817 3536 3870 καὶ
3564 3818 3593 3869 ό
3620 3817 3768 3873 κατὰ

2187 3905 2400 3959 πολλῶν
2437 3907 2529 3959 καὶ
2576 3907 2849 3959 τοσούτων
2902 3907 3180 3977 μυριάδων
3218 3907 3636 3978 ἀνδραγαθήσας
3670 3910 3769 3964 καὶ

2187 3998 2295 4052 τῶν
2322 3983 2416 4068 ὲχθ
2427 3997 2534 4068 ρῶν
2552 3998 2822 4062 διασώσας
2853 3998 3186 4068 τὸνβασιλέα
3209 3999 3298 4052 ὑπ’
3330 3999 3525 4069 ὀλίγων
3546 4001 3770 4057 οίκείων

2190 4091 2610 4146 κατεπαλαίετο.
2662 4091 2827 4143 Ὅθεν
2858 4092 2937 4154 είς
2988 4091 3315 4146 καθοσίωσιν
3346 4096 3440 4148 καὶ
3473 4096 3771 4167 ἐπιϐουλὴν

2192 4184 2518 4255 παραλόγως
2559 4184 2624 4235 ὲκ
2646 4181 2915 4254 λοιδορίας
2951 4183 3259 4253 ἐγκληθεὶς,
3296 4185 3393 4237 καὶ
3426 4185 3593 4239 πολὺν
3625 4182 3773 4240 εἶναι

2192 4275 2283 4329 τδν
2315 4274 2509 4343 φθόνον
2534 4274 2624 4327 τὸν
2650 4275 2769 4327 κατ’
2798 4273 2965 4327 αὐτοῦ
3000 4274 3208 4339 ἐνιδὼν,
3243 4276 3365 4330 ἐπεὶ
3387 4276 3476 4331 διὰ
3500 4295 3643 4341 τινος
3674 4294 3773 4331 πι-

499 4397 879 4453 summamque
902 4381 1011 4435 vim
1041 4377 1258 4433 invidiae
1287 4374 1596 4431 advertens.
1625 4385 1688 4425 ac
1708 4382 1738 4422 ε
1767 4366 2083 4422 ﬁdelissimo

2194 4364 2320 4419 στοῢ
2369 4364 2762 4434 ἀνεμάνθανεν,
2819 4364 3008 4419 δούλου
3037 4367 3135 4433 μὲν
3176 4367 3439 4438 πρότερον
3487 4368 3641 4433 ὄντος
3672 4368 3772 4423 τοῦ

498 4476 762 4548 quodam,
821 4473 916 4543 qui
957 4470 1085 4527 olim
1144 4468 1366 4537 quidem
1428 4478 1621 4520 servus
1681 4461 1827 4515 illius
1884 4459 2082 4523 fuerat,

497 4578 630 4626 tunc
666 4583 796 4625 vero
842 4564 1107 4636 principis
1145 4561 1376 4632 gratiam
1430 4558 1661 4613 meritus
1697 4553 2000 4623 Theophila
2051 4567 2080 4606 a

499 4661 711 4733 poculis
735 4667 853 4717 erat
878 4658 1041 4730 eique
1067 4647 1650 4714 ministrabat,certior
1676 4645 1855 4700 factus
1885 4642 2000 4698 fore
2021 4652 2083 4698 ut

502 4753 573 4808 ab
601 4767 667 4806 eo
712 4749 891 4805 oculis
920 4749 1235 4811 orbaretur,
1269 4740 1631 4800 defectionem
1665 4735 1888 4792 molitur
1916 4746 2086 4803 seque

502 4843 569 4897 ad
598 4843 876 4912 Agarenos
898 4840 1186 4903 transfert,
1223 4854 1251 4892 a
1280 4836 1486 4909 quibus
1513 4833 1597 4888 vir
1626 4831 1788 4901 longe
1813 4829 2085 4900 spectabi-

500 4930 571 4987 lis
602 4928 825 4984 habitus
858 4927 1179 4996 iraagnisque
1220 4924 1523 4981 honoribus
1566 4922 1806 4977 donatus
1837 4926 1942 4975 est.
1979 4917 2085 4973 Ita-

506 5037 613 5094 que
675 5020 888 5076 vicinos
944 5017 1214 5087 Agareuis
1274 5017 1459 5073 hostes
1513 5015 1821 5085 (Cormatas
1872 5011 2086 5080 dicunt)

503 5116 743 5187 graviter
776 5110 1094 5179 infestabat.
1123 5124 1225 5165 nec
1256 5108 1403 5164 leves
1427 5117 1643 5178 strages
1668 5108 1886 5163 illorum
1914 5107 2088 5161 victor

2192 4455 2466 4526 Μανουὴλ,
2525 4457 2646 4509 τότε
2701 4455 2757 4510 δὲ
2807 4458 2870 4509 ὲκ
2910 4458 3248 4527 χαρίσματος
3295 4456 3657 4529 οἰνοχοοῦντος
3693 4460 3776 4532 τῷ

2190 4550 2434 4620 Θεοφίλῳ
2460 4552 2552 4604 καὶ
2585 4549 3069 4621 ὲξυπηρετοῦντος,
3108 4551 3183 4611 ὡς
3206 4552 3393 4621 μέλλοι
3413 4553 3601 4607 τοῦτον
3630 4556 3775 4607 ἀποο

2191 4645 2425 4714 τυφλοῦν
2454 4648 2545 4699 καὶ
2574 4644 2871 4715 ὀφθαλμῶν
2919 4648 3144 4716 ποιῆσαι
3191 4648 3381 4716 χωρὶς,
3434 4646 3779 4702 ἀποστασίαν

2192 4741 2366 4813 τολμᾷ
2386 4742 2479 4795 καὶ
2509 4741 2645 4809 πρὸς
2672 4740 3011 4810 ’Δγαρηνοίις
3037 4741 3388 4810 μετατίθεται
3437 4742 3611 4812 μέγας
3640 4744 3777 4814 παρ’

2191 4836 2375 4896 αὐτοῖς
2411 4833 2600 4901 ὀφθεὶς
2631 4832 2727 4887 καὶ
2757 4835 2945 4904 τιμαῖς
2982 4834 3104 4897 ταῖς
3140 4832 3405 4904 μεγάλαις
3440 4834 3779 4905 τιμώμενος.

2202 4925 2474 4979 Ἐνέκειτο
2532 4926 2664 4990 γοῦν
2722 4929 2866 4979 κατᾶ
2931 4926 3040 4979 τῶν
3114 4926 3525 4994 πλησιαζόντων
3586 4928 3783 4992 αὐτοῖς

2191 5020 2421 5090 ἐχθρῶν,
2458 5020 2505 5073 οἳ
2532 5020 2676 5073 οὕτω
2705 5020 2770 5089 δὴ
2797 5020 3079 5092 Κορμὰτοι
3109 5019 3423 5085 καλοῦνται,
3455 5021 3641 5085 πολὺς,
3681 5020 3785 5074 καὶ

2190 5114 2346 5179 νίκας
2375 5115 2435 5168 οὐ
2465 5114 2565 5180 τὰς
2590 5116 2860 5185 τυχούσας
2914 5117 3087 5168 ἐποίει
3114 5114 3209 5168 ἅτε
3260 5114 3324 5182 δὴ
3357 5114 3451 5168 καὶ
3483 5114 3647 5184 πείρᾳ
3683 5116 3787 5167 καὶ

503 5204 691 5265 (ἰαὶ-ιιι.
724 5212 786 5257 ιιι
814 5200 908 5271 «ιυί
943 5197 1152 5256 bellum
1185 5196 1260 5251 τοί
1324 5195 1516 5264 Domi“
1556 5210 1619 5250 ³ο
1650 5196 1868 5251 Μιεηίθ
1921 5210 2085 5263 NP"
2196 5208 2410 5261 συνέσει
2437 5206 2712 5278 διαφέρων
2754 5206 2838 5279 [Ρ.
2879 5205 2969 5277 τι]
3008 5205 3238 5260 πολλῶν.
3281 5207 3390 5260 Καὶ
3412 5206 3473 5259 τὸ
3500 5205 3562 5275 δὴ
3598 5208 3791 5275 κρεῖτ-

507 5310 860 5351 communem
918 5291 1177 5364 vulgique
1240 5304 1403 5345 usum
1463 5296 1767 5358 prestat-ct.
1821 5287 2083 5358 Quodque

2195 5316 2285 5351 τον
2311 5298 2494 5366 λόγου,
2521 5299 2604 5351 ὅτι
2633 5298 2771 5367 μετὰ
2799 5297 2908 5350 τῶν
2945 5294 3311 5367 αἰχμαλώτων
3356 5297 3646 5367 Ῥωμαίων
3687 5300 3791 5353 καὶ

509 5399 611 5439 nec
659 5382 932 5440 satisrdici
987 5397 1241 5438 sermone
1272 5378 1448 5449 pussit
1476 5385 1572 5432 aut
1603 5380 1818 5433 ratione
1846 5378 2083 5449 pensari,

2199 5384 2685 5456 καθειργνυμένων
2730 5388 2789 5438 ὲν
2815 5384 3086 5455 φυλακαῖς
3134 5385 3308 5441 ταῦτα
3334 5387 3650 5457 εἰργάζετο,
3693 5389 3795 5440 πί-

507 5486 659 5533 ιιιιιεε
712 5477 827 5531 lucc
869 5473 1112 5531 facinora
1147 5489 1242 5545 per
1289 5472 1572 5528 Romanos
1597 5471 1865 5540 captivos,
1897 5487 1961 5527 ac
1996 5473 2083 5542 qui

2202 5494 2320 5530 στιν
2376 5478 2562 5542 αὐτοῖς
2592 5479 2716 5543 δοὺς
2744 5479 2885 5549 ὑπὲρ
2930 5478 3110 5533 αὐτῶν
3131 5480 3207 5545 ὡς
3236 5480 3296 5534 ού
3323 5480 3645 5550 φεύξονται·
3692 5479 3794 5535 ὅτε

1774 5567 2006 5623 VARUS
2061 5569 2467 5627 LECTIONES.

597 5666 639 5697 ’⁷
677 5680 744 5716 an
774 5660 950 5715 δεινὸν
978 5660 1328 5731 ἡγησάμενος
1356 5658 1516 5711 τοῦτο
1552 5659 1646 5713 καὶ
1670 5659 1809 5729 πέρα
1846 5659 2032 5712 δεινῶν
2057 5663 2078 5713 ?
2102 5661 2175 5721 cf.
2215 5679 2267 5735 p.
2308 5664 2405 5719 103
2437 5665 2491 5730 li,
2526 5665 2627 5719 £50
2658 5682 2709 5731 ο,
2747 5665 2907 5721 .55“),
