4038 6214
214 252 314 318 133

996 247 1146 309 LIB.
1168 246 1283 306 ΙΙΙ.
1320 270 1385 279 —
1424 246 1921 307 TIIEOPHILUS
1957 247 2376 309 MICHAELIS
2416 250 2696 312 FILIUS.

3379 252 3479 319 ιιι

207 364 301 418 καὶ
326 362 390 416 τὸ
420 356 681 430 Χορασὰν
729 356 948 425 λέγεται
998 360 1291 428 κατασχεῖν
1337 359 1424 411 καὶ
1462 358 1541 429 τῷ
1579 361 1788 429 ἀμερι-

1896 359 2057 413 vincti
2090 361 2141 413 in
2192 362 2511 417 carceribus
2554 369 2761 430 essent,
2792 363 2841 418 ei
2878 362 3176 419 militantes
3207 381 3477 438 exseque-

206 455 411 525 μνουνῇ
436 451 708 514 ὑποτάξαι
735 449 797 502 ού
824 449 903 519 τῷ
927 450 1207 522 διαφέρειν
1244 451 1404 520 μόνον
1446 454 1527 515 είς
1563 452 1789 522 ἀνδρίαν

202 548 411 609 αὐτοῖς.
438 541 580 599 ἀλλὰ
603 541 699 596 καὶ
721 541 803 612 τῷ
824 542 1027 605 καινῶς
1046 559 1165 605 πως
1193 543 1287 597 καὶ
1315 542 1789 614 παρηλλαγμένως

202 636 437 706 ὀφθῆναι
472 634 657 697 αὐτοῖς
677 650 692 663 ·
731 633 767 703 ἦ
798 648 860 685 τε
899 633 1009 704 γὰρ
1038 631 1147 686 τῶν
1187 635 1485 704 σχημάτων
1517 632 1789 705 μεταϐολὴ

204 732 297 782 καὶ
329 731 363 799 ἡ
391 728 505 782 τῶν
540 724 736 797 φωνῶν
763 725 915 796 παρὰ
950 724 1108 791 δόξαν
1140 725 1453 796 μεταλλαγὴ
1484 727 1564 789 είς
1584 725 1789 779 δειλίαν

203 820 504 889 ἐμπίπτειν
566 817 852 886 ἠνάγκαζε
918 817 1047 881 τοὺς
1103 816 1418 887 πολεμίους.
1470 817 1547 869 Ού
1583 815 1694 888 μὴν
1735 816 1794 870 δὲ

204 910 343 964 ἀλλά
370 911 465 961 καὶ
498 907 714 962 πολλῶν
759 907 1071 962 ἀτιθάσσων
1105 907 1311 980 Θηρίων
1350 907 1796 977 κατασινομένων

205 1004 405 1065 αὐτοὺς
426 1002 523 1055 καὶ
555 1001 908 1071 βλαπτόντων
952 999 1351 1072 ἐλευθερώσας.
1402 1000 1498 1054 καὶ
1544 999 1797 1069 μεγάλων

204 1094 377 1157 αἴτιος
405 1091 591 1146 καλῶν
617 1089 803 1155 αύτοῖς
834 1090 1093 1160 γεγονὼς,
1119 1090 1491 1161 διαφερόντως
1530 1090 1794 1161 ἠγαπήθη

204 1188 347 1256 αύτῷ
382 1202 441 1239 τε
464 1184 545 1255 τῷ
573 1184 797 1255 ἄρχοντι
824 1182 919 1236 καὶ
942 1184 1009 1254 τῇ
1047 1182 1309 1253 γερουσίᾳ
1336 1182 1528 1236 αὑτοῦ.

1898 449 2082 512 batur.
2122 451 2248 504 data
2277 452 2540 522 Agarenis
2573 452 2675 509 (ide
2708 453 2932 509 minime
2959 456 3027 511 ab
3072 456 3151 511 eis
3187 456 3477 528 fugiturus.

1893 540 2126 608 Quando
2154 543 2318 597 etiam
2349 545 2628 601 Chorasau
2652 547 2863 617 cepisse
2897 546 3079 603 ferunt
3105 564 3169 604 ac
3209 564 3429 606 amerau
3451 580 3482 595 -

1897 648 2062 688 nunae
2091 634 2414 704 subiecisse.
2455 638 2647 692 lsthaac
2678 638 2761 693 vir
2792 648 2978 693 tantus
3008 640 3336 696 conﬁciebat
3367 658 3477 698 non

1895 724 2101 795 insigni
2134 735 2345 782 tantum
2383 728 2708 785 fortitudine
2742 746 2863 797 sua,
2899 734 2989 786 sed
3021 742 3074 787 et
3105 734 3251 805 quod
3284 750 3479 790 novam

1890 816 2188 885 quamdam
2241 833 2344 874 nec
2404 821 2660 875 usitatam
2698 824 2967 877 rationem
3001 824 3140 878 inire
3169 825 3479 881 videretur:

1892 909 2151 964 crdinum
2184 911 2330 966 enim
2372 920 2427 967 et
2456 913 2593 968 aciei
2631 915 2736 968 alia
2773 914 2990 983 aliaque
3019 916 3342 987 compositio
3380 924 3482 973 tes-

1892 1015 2139 1072 sermque
2167 1017 2233 1059 ac
2265 1018 2464 1061 vocum
2508 1006 2788 1075 inopinata
2831 1007 3059 1061 mutatio
3092 1008 3149 1062 in
3184 1008 3352 1063 animi
3386 1026 3483 1063 an-

1896 1098 2108 1164 gustias
2154 1099 2316 1170 119
2350 1115 2413 1155 ac
2448 1116 2708 1172 paverent
2753 1103 2939 1156 hostes
2972 1101 3323 1172 c0njiciebat.
3372 1100 3483 1157 Nec

1897 1189 2079 1243 solum
2115 1192 2381 1247 adversus
2427 1194 2617 1249 hostes
2669 1203 2892 1248 Strenue
2922 1194 3054 1261 egit,
3096 1209 3284 1248 verum
3316 1194 3478 1248 etiam

206 1295 232 1334 a
285 1277 418 1334 ieris
449 1276 647 1333 bestiis
683 1275 893 1347 regioni
947 1275 1255 1329 vastitatem
1304 1274 1661 1330 aﬂ'crentibus
1729 1291 1825 1331 eos
1866 1279 2141 1345 liberavit,
2176 1284 2584 1353 multorumque
2613 1286 2695 1340 eis
2729 1285 2997 1339 bonorum
3046 1294 3259 1351 auctor,
3329 1285 3483 1355 prin-

205 1371 301 1441 cipi
367 1370 582 1440 pariter
636 1368 867 1439 ejusque
934 1366 1257 1436 proceribus
1292 1380 1508 1435 summe
1570 1367 1774 1423 charus
1811 1367 1935 1425 fuit.

268 1460 383 1528 ις’.
434 1461 576 1515 Ἀλλ’
602 1460 728 1513 ἐπεὶ
782 1458 1089 1529 μετάμελον
1136 1459 1216 1530 τῷ
1262 1458 1474 1528 βασιλεῖ
1499 1459 1789 1530 ἐνεποίησε

186 1555 366 1608 ,ταῦτα
396 1553 709 1607 διακούοντι
752 1551 848 1605 καὶ
879 1550 1059 1622 λύπης
1089 1552 1261 1612 αῐτιος
1292 1550 1533 1620 κατέστη
1566 1551 1787 1617 πολλῆς,

202 1648 377 1700 πάντα
422 1645 609 1697 κάλων
659 1642 837 1696 ἐδόκει
864 1642 1041 1713 τούτῳ
1094 1643 1267 1695 κινεῖν
1292 1640 1369 1705 ὡς
1403 1641 1469 1695 ἂν
1494 1642 1586 1697 τὸν
1616 1642 1787 1714 ἄνδρα

199 1735 629 1807 μετακαλέσοιτο
672 1734 768 1787 καὶ
812 1732 1249 1803 παλινδρομῆσαι
1287 1734 1589 1801 ποιήσειεν.
1625 1732 1788 1787 Ὅθεν

196 1834 245 1886 οἱ
278 1832 379 1902 μὲν
410 1827 701 1900 εἰρηνικὰς
748 1827 982 1891 σπονδὰς
1022 1826 1113 1880 διὰ
1140 1826 1237 1880 τοῦ
1284 1826 1523 1897 μοναχοῦ
1564 1826 1789 1896 ποιῆσαι

195 1923 388 1977 τοῦτόν
414 1938 583 1991 φασιν
626 1916 853 1984 Ίαννοῦ,
888 1919 1025 1988 πρὸς
1048 1920 1241 1992 καιρὸν
1266 1919 1361 1974 τοῦ
1391 1919 1535 1973 κατὰ
1563 1920 1661 1983 τὰς
1690 1937 1791 1988 φυ-

194 2016 369 2077 λακὰς
397 2012 734 2081 διαλλαγίου,
763 2011 860 2065 καὶ
891 2011 1030 2082 πρὸς
1056 2010 1126 2064 τὰ
1162 2010 1273 2064 ἴδια
1306 2013 1664 2081 μεταγαγεῖν,
1699 2012 1789 2065 ὅτε

192 2110 293 2163 καὶ
326 2104 744 2178 χρυσοδούλλιον
779 2101 958 2175 τούτῳ
1012 2104 1108 2157 καὶ
1146 2104 1347 2177 ὅρκους
1398 2103 1669 2167 ἀπαθείας
1719 2103 1790 2156 δι⁹

190 2199 376 2256 αὑτοῦ
402 2216 463 2252 τε
494 2199 584 2251 καὶ
610 2196 807 2269 ἐτέρων
830 2194 1118 2267 προτέρων
1144 2195 1356 2249 πολλῶν
1382 2194 1789 2260 ἐξαπέστειλεν.

191 2295 262 2347 Oi
302 2293 363 2346 δὲ
392 2290 460 2343 δι’
482 2288 641 2343 αὐτοῦ
678 2289 777 2359 μὲν
823 2287 917 2341 τοῦ
962 2285 1189 2353 Ἰαννοῦ,
1222 2286 1284 2339 ού
1344 2285 1452 2355 μὴν
1481 2284 1655 2349 οὔτως
1702 2284 1791 2339 διὰ

190 2382 446 2453 φανερᾶς
488 2379 783 2444 ἐντεύξεως
826 2377 924 2433 καὶ
972 2377 1286 2448 συντυχίας,
1328 2376 1580 2448 κρυπτῆς
1605 2376 1665 2430 δέ
1696 2377 1791 2431 καὶ

188 2475 396 2548 ἀδήλου
426 2474 663 2539 πολλοῖς,
712 2474 747 2542 ἢ
796 2470 889 2526 τὸν
930 2470 1140 2542 Ἰαννῆν
1170 2469 1366 2541 γνώμη
1408 2469 1502 2523 τοῦ
1528 2469 1790 2538 Θεοφίλου

192 2566 287 2637 ἀφ’
318 2566 486 2638 ἡμῶν
526 2570 921 2637 μεταστήσασα
964 2565 1059 2617 καὶ
1102 2563 1538 2634 μεταμφιάσασα
1560 2563 1652 2616 καὶ
1678 2564 1793 2626 τοῖς

193 2659 597 2731 ρακώυτοῦσιν
657 2656 872 2726 Ἴϐηρσι
940 2656 1034 2709 καὶ
1080 2657 1337 2726 μοναχοῖς
1378 2656 1491 2718 τοῖς
1556 2654 1695 2724 πρὸς
1721 2652 1793 2707 τὰ

201 2752 566 2826 Ἱεροσόλυμα
626 2751 767 2822 μετά
803 2750 957 2821 λιτῆς
987 2748 1247 2819 φοιτῶσιν
1304 2744 1685 2816 ἐξομοιῶσασά
1730 2763 1791 2800 τε

192 2849 284 2899 καὶ
314 2840 789 2911 συγκαταμίξασα
819 2840 896 2912 τῷ
919 2842 977 2892 ἐν
1001 2832 1046 2908 ᾧ
1075 2840 1297 2912 διῃτᾶτο
1324 2838 1458 2907 οἴκῳ
1480 2839 1508 2891 ὁ
1532 2838 1792 2908 Μανουὴλ

190 2939 337 2991 κατὰ
376 2936 440 2988 τὸ
469 2932 660 3002 Batde
686 2931 1090 3001 ἐγκατέστησεν
1122 2932 1366 2983 ἐπαιτεῖν
1394 2945 1452 2982 τε
1490 2945 1794 2999 προσποιη-

193 3031 439 3099 σάμενον
496 3027 593 3080 καὶ
628 3028 728 3096 τὴν
762 3023 858 3077 τοῦ
901 3023 1169 3093 βασιλέως
1217 3023 1507 3093 μετάνοιαν
1538 3023 1794 3078 ἀναδιδά-

194 3138 427 3176 σκοντα.
458 3121 573 3173 Kal.
612 3117 898 3189 μάρτυρας
926 3116 1035 3169 τῶν
1063 3116 1370 3189 εἰρημένων
1402 3118 1463 3169 τό
1485 3132 1543 3169 τε
1564 3116 1661 3169 τοῦ
1698 3118 1794 3185 βα-

1963 1464 2055 1518 26.
2100 1463 2299 1520 Verum
2333 1481 2455 1521 cum
2495 1466 2621 1535 ejus
2651 1466 3103 1535 percrebescente
3133 1465 3276 1520 fama
3306 1464 3486 1520 Theo-

1890 1558 2101 1628 philum
2157 1559 2232 1614 rei
2287 1560 2601 1629 pmniteret,
2662 1573 2761 1614 nec
2812 1559 2947 1615 levis
3000 1559 3158 1614 dolor
3188 1559 3315 1613 inde
3359 1574 3485 1613 eum

1892 1651 2234 1717 incessisset,
2266 1653 2475 1706 nullum
2511 1668 2620 1707 non
2658 1651 2845 1706 funem
2905 1650 3235 1705 movendum
3268 1651 3482 1716 statuit,

1893 1752 1954 1797 ut
1981 1743 2161 1797 virum
2195 1745 2263 1798 ad
2296 1759 2355 1799 se
2399 1752 2686 1799 revocaret
2714 1743 2780 1799 ad
2829 1759 2999 1815 seque
3030 1743 3207 1798 redire
3236 1745 3484 1813 compcl-

1823 1866 1866 1925 Β
1894 1833 2053 1888 leret.
2085 1834 2241 1890 Unde
2273 1836 2363 1889 alii
2420 1836 2640 1905 quidem
2710 1850 2803 1905 per
2833 1833 3064 1889 Jannem
3126 1836 3480 1898 monachum,

1892 1942 2003 1997 quo
2039 1936 2286 1997 tempore
2322 1930 2523 1984 missus
2550 1939 2631 1984 est
2667 1930 2732 1983 ad
2768 1929 3190 1984 commutandos
3213 1928 3483 1999 captivos,

1891 2019 2045 2089 pacis
2066 2034 2190 2074 eum
2231 2018 2437 2076 foedera
2470 2021 2661 2076 iniisse
2689 2035 2753 2076 ac
2785 2020 3092 2074 Mauuelem
3122 2020 3189 2076 ad
3226 2035 3285 2074 se
3319 2036 3479 2075 revo-

1891 2124 2049 2166 casse
2085 2110 2287 2174 l‘erunt,
2343 2110 2564 2180 quando
2598 2113 2763 2165 etiam
2818 2111 3030 2166 litteras
3061 2120 3118 2165 et
3173 2111 3485 2167 securitatis

1893 2202 2052 2257 tidem
2082 2202 2446 2274 jurejurando
2487 2202 2760 2257 ﬁrmatam
2791 2218 2887 2274 per
2911 2218 3034 2257 eum
3074 2202 3367 2274 pluresque
3392 2202 3485 2257 illo

1892 2297 2107 2367 priores
2149 2296 2315 2350 misit.
2359 2294 2464 2349 Alii
2512 2294 2758 2364 ejusdem
2792 2295 3013 2365 quidem
3069 2294 3265 2350 Jannis
3318 2311 3484 2365 opera

1892 2402 2006 2443 rem
2031 2396 2306 2457 peractam
2343 2386 2577 2452 malunt,
2610 2400 2720 2441 non
2753 2395 2936 2443 tamen
2982 2388 3062 2442 sic
3093 2398 3288 2457 aperto
3315 2387 3485 2441 collo-

1891 2481 2044 2550 quio,
2070 2478 2167 2535 sed
2192 2477 2409 2534 occulto
2441 2492 2506 2533 ac
2538 2476 2701 2549 vulgo
2741 2478 3001 2544 obscuro,
3034 2477 3106 2531 ita
3137 2477 3395 2532 nimirum
3427 2487 3487 2530 ut

1891 2571 2098 2627 Jannes
2132 2571 2360 2640 jubeute
2390 2568 2696 2639 Tthphilo
2731 2569 3013 2638 prolectus
3043 2568 3137 2633 sit,
3182 2569 3484 2639 habituque

1892 2673 2102 2720 mutato
2140 2679 2205 2719 ac
2236 2663 2435 2733 pannis
2469 2660 2695 2717 indutus
2744 2660 2915 2716 lberis
2967 2671 3133 2731 atque
3188 2662 3485 2716 monachis

1892 2759 2330 2830 Hierosolymam
2384 2755 2495 2811 voti
2548 2769 2715 2810 causa
2761 2752 3264 2823 proﬁciscentibus,
3312 2768 3484 2806 unum

1892 2852 2110 2907 illorum
2167 2851 2459 2913 simulans,
2509 2861 2630 2904 sese
2684 2846 3022 2915 adjunxerit,
3070 2860 3248 2914 eoque
3295 2843 3483 2898 habitu

1893 2942 2162 2997 Manuelis
2189 2941 2415 2997 domum
2471 2939 2668 3008 Bagda:
2702 2938 2959 2995 subierit.
2994 2937 3109 2992 lllic
3159 2934 3394 2992 mendici
3422 2952 3486 2991 ea

1893 3036 2078 3105 specie
2095 3035 2160 3090 ad
2186 3050 2309 3089 eum
2337 3034 2545 3088 aditum
2578 3040 2772 3087 nactus
2796 3032 3183 3101 imperatorem
3221 3030 3489 3099 pmuilere

1893 3128 2112 3190 docuit,
2139 3126 2438 3194 verbisque
2477 3124 2638 3178 lldem
2673 3124 2801 3178 fecit
2853 3122 3001 3176 illius
3049 3121 3261 3192 prolata
3295 3119 3486 3175 collari

195 3212 394 3275 σιλέως
425 3209 725 3278 ἐγκολπιον
754 3209 848 3262 καὶ
883 3208 947 3261 τὸ
978 3206 1398 3279 χρυσοϐούλλιον
1436 3206 1634 3271 ἐδίδου,
1658 3224 1794 3277 συμ-

1901 3234 2066 3277 cruce
2096 3232 2160 3272 ac
2192 3217 2410 3281 litteris,
2443 3216 2645 3286 quibus
2679 3214 2724 3269 is
2771 3229 3027 3269 securum
3081 3212 3334 3266 redderet
3366 3228 3487 3266 om-

191 3303 436 3360 ziﬂsaiv
491 3321 555 3357 τε
610 3302 708 3356 καὶ
760 3302 999 3371 παντελῆ
1065 3299 1171 3352 τῶν
1225 3298 1413 3353 κακῶν
1488 3299 1796 3369 ἀμνηστίαν

190 3398 673 3469 εὖαγγελιζὸμενα
692 3413 706 3427 ·
738 3392 774 3448 ἃ
800 3395 893 3447 καὶ
920 3392 1102 3446 λαϐὼν
1133 3393 1215 3455 είς
1238 3392 1429 3462 χεῖρας
1458 3392 1486 3443 ὁ
1511 3390 1795 3460 Μανουὴλ,

191 3497 290 3548 καὶ
316 3495 494 3547 οἱονεὶ
522 3491 621 3562 τὴν
641 3486 821 3559 ψυχὴν
862 3486 1143 3548 ἀνακαεὶς,
1178 3486 1277 3555 τὴν
1331 3484 1515 3538 οἴκαδε
1560 3483 1800 3556 ἐμελέτα

194 3586 492 3641 ἐπάνοδον.
538 3583 694 3637 Ἐπεὶ
731 3578 860 3649 γοῦν
887 3580 951 3635 ἐκ
970 3596 1028 3631 τε
1058 3577 1153 3632 τοῦ
1180 3577 1373 3649 χρόνου
1407 3578 1501 3632 καὶ
1526 3577 1637 3632 τῶν
1664 3578 1801 3647 πρό-

190 3697 361 3751 τερον
400 3679 541 3748 ἡμῖν
593 3674 905 3744 εἰρημένων
960 3669 1128 3724 αὑτοῦ
1185 3670 1328 3723 κατὰ
1378 3670 1490 3724 τῶν
1521 3669 1799 3740 πολεμίων

190 3775 385 3843 ἐργων
420 3772 455 3840 ἡ
497 3768 637 3836 πρὸς
667 3763 832 3819 αὐτὸν
879 3764 1066 3827 πίστις
1108 3762 1169 3816 ού
1205 3763 1454 3833 μείωσιν,
1485 3760 1711 3833 αὔξησιν
1740 3760 1800 3815 δέ

187 3883 323 3918 τινα
341 3861 471 3917 καθ’
493 3861 734 3929 ἑκάστην
758 3852 1086 3926 ἐλάμδανεν,
1119 3853 1315 3925 μηνύει
1341 3853 1418 3925 τῷ
1447 3855 1801 3925 ἁμεραμνου-

185 3959 263 4027 νῇ
298 3957 378 4019 ὡς
416 3953 657 4023 ἐφέσεως
680 3948 793 4021 Ξχοι
824 3948 917 4002 καὶ⁸
949 3946 1092 4001 κατὰ
1144 3945 1254 3999 τῶν
1297 3945 1583 4017 Ῥωμαίων
1634 3963 1801 4018 στρα-

1903 3314 2165 3380 niumque
2190 3309 2525 3365 oli‘cnsarum
2551 3307 2882 3362 oblivionem
2912 3313 3101 3358 sancte
3124 3302 3485 3373 promitteret.

1900 3404 2155 3473 Acceptis
2208 3402 2261 3455 in
2314 3414 2514 3455 manus
2555 3398 2771 3453 Manuel
2802 3396 3022 3460 litteris,
3066 3394 3295 3449 incenso
3322 3394 3489 3448 ardo-

1901 3495 2051 3548 ribus
2078 3492 2284 3559 animo,
2322 3490 2469 3546 serio
2499 3490 2706 3560 cogitat
2752 3489 2807 3542 in
2869 3488 3103 3559 patriam
3157 3486 3494 3555 domumque

1901 3585 2124 3640 reverti.
2185 3583 2324 3651 Quia
2368 3584 2534 3654 igitur
2594 3580 2856 3650 temporis
2912 3580 3031 3649 ipsa
3091 3576 3491 3647 longinquitate

1902 3676 2177 3745 rebusque
2242 3675 2507 3730 adversus
2580 3671 2741 3742 120
2806 3684 3216 3725 ameramnuna:
3266 3670 3489 3735 hostes,

1903 3782 2042 3836 quas
2096 3782 2259 3836 supra
2300 3766 2614 3830 retulimus,
2651 3764 2794 3820 bello
2825 3763 3085 3833 praeclare
3139 3761 3309 3832 gestis
3336 3778 3490 3817 suam

1905 3859 1981 3914 illi
2016 3862 2191 3931 magis
2220 3861 2272 3913 in
2304 3860 2423 3914 dies
2459 3859 2720 3929 probarat
2742 3858 2928 3923 ﬁdem,
2969 3871 3071 3911 nec
3099 3855 3207 3909 ulla
3235 3854 3350 3924 jam
3399 3872 3493 3909 su-

1906 3952 2150 4020 spicione
2196 3950 2503 4018 laborabat,
2542 3950 2818 4021 significat
2843 3950 2949 4004 hoc
2978 3947 3084 4003 sibi
3114 3947 3303 4001 animo
3349 3962 3496 4000 con-

1906 4040 2181 4105 stitutum,
2211 4047 2272 4093 ut
2301 4049 2356 4093 et
2382 4038 2649 4095 adversus
2682 4037 2961 4092 Romanos
2990 4037 3190 4092 educat
3224 4044 3278 4090 et
3313 4035 3497 4088 inimi—

1907 4147 2005 4188 cos
2035 4131 2191 4204 (suos
2225 4132 2369 4201 apud
2412 4132 2798 4201 imperatorem
2835 4125 3131 4197 delatores)
3172 4126 3493 4192 ulciscatur,

1906 4220 1999 4291 qui
2050 4221 2105 4274 in
2134 4217 2481 4291 Cappadocia
2516 4219 2679 4273 sedes
2730 4218 3027 4272 habebant.
3058 4214 3137 4268 Ac
3163 4228 3275 4284 quo
3323 4212 3498 4283 magis

1906 4314 2220 4371 institutum
2259 4312 2416 4373 celet.
2447 4311 2625 4381 ipsum
2671 4320 3080 4364 ameramnuna:
3114 4305 3282 4359 lilium
3312 4318 3499 4359 secum

184 4048 431 4110 τεῦσαι.
479 4044 576 4097 καὶ
609 4041 734 4103 τοὺς
767 4038 1020 4111 ἐχθροὺς,
1075 4038 1126 4092 οἳ
1153 4039 1415 4092 κατεῖπον
1462 4036 1630 4091 αὑτοῦ
1668 4037 1805 4109 πρὸς

179 4138 293 4191 τὸν
320 4132 582 4205 βασιλέα,
603 4128 938 4200 ἀμύνασθαι,
972 4126 1068 4181 καὶ
1092 4127 1233 4182 κατὰ
1264 4126 1365 4199 τὴν
1406 4124 1806 4181 Καππαδοκίαν

180 4232 302 4291 τὶς
339 4224 593 4296 οἰκήσεις
650 4219 907 4291 έχονταςο
956 4219 1053 4273 καὶ
1106 4219 1204 4273 σὺν
1255 4218 1406 4291 αύτῷ
1445 4218 1661 4273 καὶτὸν
1692 4219 1806 4272 υίδν

174 4318 366 4389 ⁴ιςξίοιυ
392 4310 709 4383 πέμπεσθαι
730 4310 821 4362 τὸν
846 4306 1240 4381 ἀμεραμνουνῆ
1258 4308 1303 4339 ⁸⁸
1339 4309 1422 4372 είς
1446 4307 1667 4363 πλείονα
1694 4309 1805 4364 τῶν

180 4405 639 4475 ὑπονοουμένων
691 4402 777 4476 [Ρ.
799 4399 897 4474 75]
954 4399 1278 4468 ἀσφάλειαν.
1336 4400 1645 4456 Κατανεύει
1695 4404 1794 4466 τοῖς

1910 4407 2055 4463 mitti
2093 4416 2274 4477 rogat.
2308 4406 2517 4459 Annuit
2574 4401 2781 4473 petenti
2842 4398 3134 4461 lsmaelus,
3176 4410 3241 4450 ac
3269 4398 3323 4449 in
3359 4410 3499 4465 quos

174 4500 529 4572 αἰτηθεῖσιν
558 4500 586 4550 ὁ
642 4494 892 4565 Ἰσμαὴλ,
953 4495 1048 4547 καὶ
1089 4494 1231 4547 κατὰ
1264 4492 1375 4545 τῶν
1418 4486 1493 4547 ὧν
1538 4494 1794 4567 ἐπεθύμει

1908 4506 2211 4578 expetierat
2249 4503 2437 4559 hostes
2462 4499 2768 4555 Manuelem
2799 4495 3019 4550 emittit.
3075 4491 3177 4547 Ubi
3232 4491 3349 4564 jam
3384 4488 3500 4544 Ro-

171 4567 556 4661 ιεέττεμπεν.
598 4588 686 4653 Ὦς
716 4589 773 4643 δέ
806 4586 1037 4660 πλησίον
1062 4605 1165 4641 που
1202 4589 1317 4652 τοῖς
1345 4588 1456 4643 τῶν
1516 4588 1794 4660 Ῥωμαίων

1913 4567 2110 4654 manes
2138 4610 2277 4668 pene
2314 4596 2449 4649 lines
2495 4593 2770 4663 attigerat,
2815 4585 3174 4656 Cappadocia:
3212 4592 3498 4654 pra-torem

166 4688 389 4757 cpias;
446 4682 702 4751 ἐγίνοντο,
747 4681 885 4753 δῆλα
916 4684 1151 4735 ποιεῖται
1198 4681 1243 4713 ¹⁹
1278 4679 1349 4734 τὰ
1378 4680 1500 4735 κατ’
1529 4680 1692 4735 αὑτὸν
1728 4680 1794 4752 τᾷ

1915 4689 1984 4745 de
2021 4688 2139 4743 suis
2169 4687 2336 4743 rebus
2375 4694 2581 4748 monet,
2623 4694 2795 4750 seque
2862 4692 3055 4732 rursus
3104 4678 3172 4730 ad
3222 4673 3503 4730 Romanos

168 4773 625 4837 Καππαδοκίας
649 4773 940 4846 στρατηγῷ
973 4775 1066 4827 καὶ
1095 4774 1195 4845 τὴν
1218 4772 1465 4838 είσαῦθις
1488 4773 1625 4847 πρὸς
1670 4772 1794 4827 Ῥω-

1918 4780 2103 4838 redire
2128 4780 2424 4850 signiﬁcat,
2467 4776 2741 4845 simulque
2772 4781 2921 4829 certo
2954 4770 3072 4824 loco
3124 4769 3384 4825 locandas
3416 4767 3502 4821 in-

168 4873 427 4944 μαίῡυς
456 4865 739 4923 ἐπάνοδον.
778 4867 871 4919 καὶ
928 4864 1046 4937 ἅμα
1079 4866 1360 4921 ἐδίδασκεν
1401 4866 1477 4931 ὡς
1512 4867 1621 4940 χρὴ
1668 4865 1794 4921 κατὸ

1922 4874 2092 4932 sidlas
2116 4873 2310 4927 docet:
2345 4868 2415 4925 Ut
2444 4886 2585 4933 cum,
2612 4866 2815 4937 inquit,
2860 4862 2991 4917 illuc
3026 4878 3235 4927 venero,
3274 4860 3505 4917 Sarace-

166 4967 286 5019 τᾶν
339 4960 504 5015 δεῖνα
530 4959 691 5011 τύπον
744 4957 903 5028 λόχον
952 4956 1074 5009 τινὰ
1131 4956 1226 5011 καὶ
1281 4957 1508 5029 ἐνέδραν
1535 4958 1791 5029 γενέσθαι

1922 4981 2111 5021 norum
2161 4961 2500 5035 praedonibus
2548 4959 2656 5013 alio
2709 4957 2972 5021 dimissis,
3026 4955 3083 5009 in
3143 4953 3505 5009 Romanorum

166 5058 350 5112 Ἵνα
390 5050 543 5105 ὅταν
569 5050 767 5105 ἐκεῖσε
787 5047 863 5118 δὴ
896 5047 1175 5120 γένωμαι,
1203 5048 1276 5103 τὰ
1297 5050 1417 5121 μὲν
1448 5050 1794 5120 Σαρακηνῶι

1924 5054 2037 5121 ipse
2066 5068 2291 5108 cuneum
2324 5051 2582 5115 incidam,
2616 5058 2776 5120 atque
2798 5050 2875 5102 ita
2910 5046 2979 5099 ad
3012 5046 3219 5115 patrios
3254 5044 3395 5095 lares
3425 5055 3506 5093 rc-

159 5149 465 5217 κσῦρσα
512 5144 604 5198 ἐπ’
671 5143 869 5198 ἄλλον
923 5140 999 5211 δή
1046 5159 1181 5196 τινα
1241 5143 1431 5197 τόπον
1462 5144 1794 5209 ἐξελαύνειι

1922 5157 2133 5211 vertor;
2168 5146 2246 5201 uti
2276 5146 2444 5201 etiam
2477 5142 2680 5199 factum
2710 5150 2813 5198 est.
2859 5138 2961 5195 Ubi
2995 5138 3143 5193 enim
3196 5146 3369 5203 prope
3394 5130 3505 5200 jam

154 5261 293 5298 ,τοι
306 5241 492 5305 ﬁam;
520 5235 667 5305 μετὰ
688 5235 795 5291 τοῦ
821 5236 1013 5305 ,λόχου
1042 5232 1118 5303 δὴ
1149 5224 1405 5306 γένωμαι
1440 5234 1542 5289 καί
1566 5236 1718 5304 πρὸς
1746 5254 1794 5290 τι

1921 5242 1989 5297 ad
2020 5242 2196 5297 locum
2227 5246 2558 5305 accesserat,
2590 5236 2837 5292 lsmaelis
2879 5233 3051 5289 lilium
3090 5226 3305 5299 prolixe
3358 5223 3508 5277 salu-

171 5332 545 5401 Ῥωμαίων
574 5330 691 5397 ἤθη
712 5328 1110 5399 ἐπαναδράμω
1130 5331 1335 5395 αὐτός.
1364 5329 1430 5383 Ὀ
1453 5328 1548 5381 καὶ
1569 5329 1792 5398 γέγονεν

1924 5344 2048 5391 tans
2070 5348 2136 5391 ac
2160 5333 2454 5389 oswlans:
2487 5331 2609 5397 Abi,
2640 5329 2838 5400 inquit,
2869 5325 2978 5387 abi,
2998 5323 3100 5392 ﬁli,
3127 5319 3410 5373 incolumis
3441 5318 3511 5371 ad

152 5432 331 5500 ἄρτι
362 5422 486 5494 γὰρ
504 5423 684 5475 ἐκεῖσε
702 5422 767 5494 δή
792 5439 898 5476 που
926 5422 1278 5494 ἐπλησίαζεν,
1301 5425 1395 5477 καί⁵
1416 5422 1589 5499 πολλὰ
1613 5422 1703 5477 τὸν
1718 5424 1794 5478 τοί

1922 5435 2127 5499 patrem
2154 5435 2343 5490 tuum;
2374 5425 2507 5479 scito
2536 5437 2657 5478 vero
2682 5436 2784 5474 non
2816 5418 2886 5472 ad
2925 5415 3095 5469 alium
3130 5427 3211 5468 me
3241 5409 3511 5480 proﬁcisci

174 5528 221 5577 ἰ
240 5516 475 5594 spain
498 5518 612 5570 υίδν
640 5516 1166 5587 κατασπασάμενος,
1203 5518 1427 5581 "Amet,
1450 5515 1579 5588 ἔφη,
1611 5514 1794 5585 ὑγιὴς

1921 5535 2082 5590 quam
2121 5519 2190 5572 ad
2242 5535 2413 5575 meum
2456 5531 2633 5572 verum
2682 5514 3054 5583 imperatorem
3102 5522 3164 5561 ac
3211 5506 3505 5560 dominum.

1562 5610 1798 5667 νΑιιιΑς
1838 5612 2244 5671 ιιῑοτιοΝεε.

260 5711 331 5747 ⁸³
378 5708 474 5762 τὸν
501 5704 593 5760 τοῦ
628 5706 841 5777 ἀμερ.ῖ
916 5708 960 5739 ²⁹
986 5704 1121 5776 δῆλα
1153 5702 1342 5757 ποιεῖῖ
1374 5717 1441 5759 an
1475 5702 1791 5777 δηλοποιείῖ
