4038 6214
512 190 616 257 135
1582 185 2095 248 THEOPHANES

2224 180 2695 243 ‘NTINUATUS.
3681 164 3782 229 136

508 303 719 360 Salvus
751 300 880 358 inde
932 310 1187 371 receptus
1225 299 1437 370 Cpolim
1473 300 1528 356 in
1578 314 1794 355 sacram
1847 297 2108 354 Blacher-

2224 297 2400 361 ἄπιθι,
2425 297 2663 358 τέκνον,
2685 289 2837 358 πρὸς
2867 290 2976 343 τὸν
3002 287 3229 354 πατέρα
3266 301 3383 339 σου
3404 296 3415 312 ’
3440 283 3548 351 ἐμὲ
3569 282 3638 337 δὲ
3659 284 3787 341 ἴσθι

508 412 734 451 nensem
762 394 931 450 aedem
963 394 1135 459 venit,
1162 408 1289 463 erga
1328 409 1495 463 quam
1528 393 1694 449 sciret
1727 390 2094 462 Theophilum

2224 386 2607 453 πορευόμενον
2652 384 2726 436 οὺ
2777 379 2928 448 πρὸς
2957 379 3171 443 ἄλλον,
3209 376 3363 443 πρὸς
3400 374 3469 428 δὲ
3500 374 3610 428 τόν
3644 375 3790 444 eger

513 506 621 546 non
648 489 924 557 vulgarem
954 488 1157 542 habere
1184 485 1369 540 ﬁdem.
1423 484 1694 553 Quocirca
1725 488 1889 542 etiam
1922 487 2097 557 magi-

2224 476 2385 544 ῖντως
2420 475 2692 541 ,βασιλέα
2734 474 2833 529 καί
2867 476 3099 541 κύριον.
3150 469 3453 533 Διασωθεὶς
3490 467 3535 521 δ’
3582 469 3788 523 ἐκεῖθεν

510 583 612 639 stri
638 582 845 636 honore
880 580 1139 641 donatur,
1169 577 1478 648 exindeque
1506 577 1792 649 Theophili
1821 588 2101 648 cempater

2224 569 2339 641 ιρδς
2367 571 2464 639 τὴν
2491 567 2886 638 βασιλεύουσαν
2921 568 3002 628 εἰς
3037 565 3130 618 τὸν
3160 566 3217 617 ἐν
3260 563 3601 633 Βλαχὲρναις
3648 561 3789 616 θεῖον

511 675 684 739 audit,
739 687 794 729 et
847 671 1159 726 scholarum
1211 670 1551 727 domesticus
1583 671 1898 742 praeﬁcitur.
1936 672 2090 740 121

510 767 630 825 Non
680 769 879 822 desunt
906 762 1001 834 qui
1033 763 1220 818 dicant
1266 763 1475 835 fugisse
1519 765 1739 835 quidem
1787 764 2094 819 Manuelem

514 861 582 918 ad
633 862 933 930 Agarenos,
974 871 1040 910 ac
1068 856 1360 926 Theophili
1396 872 1585 927 opera,
1640 856 1717 911 uti
1748 856 1957 911 dictum
1989 864 2093 920 est,

516 950 685 1004 fuisse
715 955 1056 1011 revocatum,
1085 961 1194 1001 non
1230 956 1413 1001 tamen
1442 947 1743 1015 majestatis
1773 954 2094 1001 accusatum

515 1038 818 1109 Theophile
865 1038 1171 1107 imperante
1212 1034 1436 1105 fugisse,
1469 1036 1565 1091 sed
1600 1034 1865 1089 Michaele
1894 1031 2097 1088 Traulo

513 1132 631 1201 ejus
663 1141 839 1201 patre,
867 1130 981 1183 sire
1015 1128 1142 1182 odio
1176 1128 1227 1181 in
1262 1127 1415 1181 ἰΙίιιιιι
1467 1127 1750 1192 defecerit,
1801 1128 1917 1180 sive
1951 1123 2099 1194 quod

513 1237 726 1279 veteres
751 1225 869 1293 ejus
902 1220 1216 1275 inimicitias
1246 1231 1532 1288 suspectas
1565 1219 1808 1272 haberet.

2204 664 2557 733 ἐπεφοιτήκει
2587 660 2736 723 ναὸν,
2768 661 2859 715 τὸν
2884 659 3146 730 Θεόφιλον
3176 656 3335 719 εἰδὼς
3365 657 3427 709 οὐ
3462 656 3563 728 τὴν
3591 657 3787 727 τυχοῦε-

2206 772 2308 809 σαν
2338 754 2531 825 ἔχοντα
2562 754 2745 808 πίστιν
2779 756 2861 818 εἰς
2913 753 3100 809 αὐτόν.
3162 750 3326 805 Ὅθεν
3360 753 3454 804 καὶ
3492 752 3791 820 μαγιστρος

2204 851 2455 919 τιμᾶται.
2518 848 2615 902 καί⁸
2665 847 2957 909 σύντεκνος
2991 845 3177 899 ἔκτοτε
3236 842 3570 915 χρηματίζει
3603 842 3790 907 αὑτοῦ,

2206 944 2302 993 καὶ
2326 940 2646 1010 δομέστικος
2676 937 3074 1009 προδιϐἀζεται
3111 936 3222 989 τῶν
3264 934 3490 1006 σχολῶν.
3536 934 3659 987 Elei
3696 935 3793 1004 μὲν

2204 1033 2248 1087 δί
2285 1034 2329 1065 ⁸⁰
2361 1032 2412 1085 οἶ
2437 1035 2581 1102 φυγῇ
2627 1032 2726 1102 μὲν
2760 1030 3071 1102 χρήσασθαι
3104 1030 3197 1082 τὶν
3218 1027 3476 1099 Μανουήλ
3501 1045 3635 1098 φασι
3663 1027 3799 1099 πρὸς

2206 1124 2334 1185 τοὺς
2374 1126 2431 1191 ἐξ
2466 1126 2667 1194 Ἀγαρ,
2704 1125 2798 1177 καὶ
2827 1124 2916 1177 διὰ
2942 1122 3043 1193 τὴν
3095 1120 3381 1189 Θεοφίλου,
3428 1119 3503 1183 ὡς
3558 1120 3797 1191 εἴρηται,

2204 1214 2573 1269 ἐπανελθόντα
2596 1216 2856 1286 σπουδὴν,
2879 1215 2940 1267 οὐ
2975 1214 3079 1284 μὴν
3100 1212 3430 1297 καθοσίωσιν
3461 1210 3798 1283 ἐγκληθέντα

516 1321 610 1372 ἐπὶ
637 1316 895 1384 Θεοφίλου
929 1317 1140 1383 φυγεῖν,
1195 1313 1288 1364 ἐπὶ
1343 1310 1564 1380 Μιχαὴλ
1615 1310 1670 1363 δὲ
1709 1308 1803 1362 τοῦ
1842 1305 2089 1379 Τραυλοῦ
2129 1306 2224 1360 τοῦ
2249 1306 2445 1360 τούτου
2482 1306 2689 1378 πατρὸς
2715 1348 2729 1373 ,
2766 1308 2875 1361 εἴτε
2945 1306 3040 1358 καὶ
3089 1305 3236 1375 μίσει
3294 1304 3373 1375 τῷ
3440 1305 3577 1376 πρὸς
3633 1306 3801 1360 αὐτὸν

518 1412 842 1481 φερόμενον,
894 1407 1003 1460 εἴτε
1055 1406 1118 1473 δη
1153 1404 1246 1457 καὶ
1296 1402 1532 1455 παλαιὰν
1597 1402 1875 1455 δεδοικότα
1935 1401 2095 1471 μῆνιν
2135 1398 2320 1453 αὑτοῦ.

588 1502 808 1557 lnterim
854 1515 985 1553 vero
1028 1497 1193 1553 etiam
1224 1495 1428 1551 .lannes
1462 1495 1789 1550 Cl’elitanus
1822 1494 2116 1565 episcopus

2294 1495 2699 1565 Χειροτονεῖται
2729 1496 2783 1548 δὲ
2812 1494 2906 1548 καὶ
2950 1496 3157 1563 Ἰαννῆς
3184 1494 3485 1557 ἐπίσκοπος
3514 1496 3804 1551 Κωνστανο

518 1594 824 1657 ordinatur,
858 1590 1061 1660 Aprilis
1106 1588 1373 1658 vigesima
1436 1588 1632 1658 prima,
1666 1587 1756 1642 die
1790 1586 2099 1651 Deminica,

2224 1589 2564 1653 τινουπόλεως
2585 1589 2727 1642 κατὰ
2748 1589 2847 1660 τὴν
2868 1587 3059 1642 εἰκάδα
3085 1588 3313 1658 πρώτην
3342 1587 3437 1641 τοῦ
3483 1589 3799 1659 Ἀπριλλίου

519 1686 818 1757 impietatis
861 1683 1145 1754 praemium
1204 1696 1588 1751 perversaeque
1642 1680 1767 1736 ﬁdei
1821 1696 1887 1737 ae
1933 1682 2107 1737 sacris

520 1778 860 1850 imaginibus
928 1774 1113 1845 negati
1194 1774 1378 1829 cultus
1448 1773 1819 1829 sacerdotium
1916 1788 2110 1828 cense-

521 1882 703 1928 culus.

593 1958 684 2012 27.
712 1958 887 2013 Porro
938 1955 1274 2027 TheOphilus
1319 1956 1449 2011 dum
1490 1956 1767 2012 curiosior
1806 1966 1890 2013 est
1928 1955 2112 2027 inqui-

523 2051 679 2107 rendi
719 2050 923 2116 studio,
976 2059 1030 2105 et
1081 2061 1143 2104 ut
1181 2048 1420 2104 futuram
1461 2050 1852 2119 imperatorum
1893 2064 2115 2104 succes-

524 2141 738 2196 sionem
799 2139 1061 2195 vaticinie
1119 2139 1405 2194 condiscat
1461 2138 1747 2209 Operosius
1822 2138 2112 2204 incumbit,

525 2232 813 2289 mulierem
850 2231 1147 2302 quamdam
1178 2230 1555 2299 superioribus
1582 2231 1740 2285 bellis
1756 2246 1824 2285 ex
1853 2231 2117 2301 Agarenis

525 2335 764 2395 captam,
796 2324 1102 2395 Pythouice
1165 2323 1363 2393 Spil'ilu
1392 2324 1704 2387 obsessam,
1748 2322 2115 2393 quorumdam

525 2416 795 2471 relatione
827 2416 1049 2487 accipit.
1107 2413 1242 2469 Eam
1294 2414 1481 2486 itaque
1512 2414 1768 2479 accersit,
1796 2429 1863 2470 ac
1891 2416 2115 2485 quinam

527 2507 583 2563 in
641 2507 865 2575 longum
931 2515 1147 2576 tempus
1190 2505 1423 2575 imperio
1492 2505 1716 2576 petituri
1762 2506 1875 2561 sint
1908 2521 1976 2567 ex
2024 2506 2116 2561 illa

528 2597 748 2670 quaerit.
794 2597 875 2652 Ad
940 2613 1104 2668 quem
1136 2607 1309 2661 vates,
1345 2612 1735 2654 successurum
1782 2599 1903 2669 ejus
1946 2598 2119 2654 tilium

528 2706 653 2745 eum
692 2691 955 2760 conjuge,
1024 2689 1335 2760 'l‘heophilo
1381 2691 1667 2761 respondit
1706 2709 1720 2745 :
1753 2700 1942 2761 postea
1989 2705 2120 2746 vero

529 2782 649 2838 fore
708 2789 770 2837 ut
827 2780 1281 2836 Martiuacierum
1313 2797 1486 2852 genus
1531 2798 1707 2837 annos
1737 2783 1922 2853 plures
1948 2783 2121 2853 impe-

530 2874 674 2928 rium
734 2882 938 2928 teneat.
990 2871 1142 2927 Illico
1176 2874 1361 2943 itaque
1411 2873 1762 2928 Martinaeem
1813 2875 1980 2937 hunc,
2015 2873 2118 2928 etsi

533 2964 640 3035 ipsi
671 2962 928 3019 amnitate
954 2964 1332 3033 conjunctum,
1381 2979 1510 3018 raso
1562 2966 1741 3034 capite
1788 2963 2124 3036 Theophilus

536 3058 866 3113 monachum
931 3057 1080 3121 facit,
1108 3058 1339 3127 ejusque
1380 3058 1527 3113 ardes
1570 3058 1622 3111 in
1682 3059 1901 3113 domum
1939 3057 2031 3113 Dei
2061 3075 2126 3113 ac

536 3150 938 3205 monachorum
970 3149 1310 3204 domicilium
1338 3150 1557 3220 redigit.
1582 3148 1770 3219 Neque
1791 3150 1894 3205 hoc
1921 3155 2123 3213 solum,

534 3240 629 3296 sed
658 3250 713 3295 et
743 3240 846 3295 alia
889 3240 1044 3312 plura
1070 3240 1270 3295 mulier
1306 3241 1601 3296 vaticinata
1645 3249 1750 3306 est,
1785 3257 1978 3311 nempe
1996 3241 2127 3296 Jan-

536 3347 659 3388 nem
682 3330 1038 3402 patriarchali
1090 3335 1220 3388 sede
1280 3333 1557 3402 dejectum
1588 3332 1677 3397 iri,
1728 3348 2128 3405 sacrarumque

534 3426 836 3495 imaginum
914 3424 1283 3478 revocandam
1365 3424 1686 3493 religionem
1756 3440 1822 3479 ac
1893 3426 2125 3481 cultum.

535 3515 719 3582 Quare
750 3515 1060 3569 vehementi
1080 3514 1274 3569 dolore
1305 3516 1462 3585 122
1485 3515 1737 3571 concitus
1766 3516 2125 3587 Theophilus,

538 3620 764 3675 remque
798 3605 967 3660 altius
994 3615 1177 3659 mente
1217 3607 1460 3661 retinens
1482 3646 1496 3671 ,
1528 3621 1907 3678 saepenumero
1936 3612 2127 3679 Augu-

538 3707 703 3762 stam,
741 3698 807 3753 ad
836 3698 952 3753 haec
982 3708 1036 3754 et
1075 3697 1455 3755 Tltcectistum
1504 3699 1836 3770 legethetam
1872 3703 2130 3758 monebat

539 3806 604 3846 ac
637 3791 962 3847 hortabatur
994 3791 1295 3862 multisque
1352 3794 1721 3851 sacramentis
1761 3795 2036 3866 adigebat,
2061 3810 2129 3852 ne

541 3896 783 3954 unquam
840 3879 1072 3937 Jannem
1140 3868 1504 3953 patriarebali
1576 3884 1706 3939 sede
1758 3884 1921 3955 dejici
1966 3894 2129 3943 autve

538 3976 807 4046 imagines
857 3975 962 4030 coli
1025 3985 1366 4047 paterentur.
1429 3976 1661 4032 Tantam
1725 3993 1856 4034 vero
1903 3994 2128 4051 operam

537 4068 873 4140 vestigandis
905 4068 1216 4125 istiusmodi
1259 4070 1654 4141 imperatorum
1686 4073 2130 4131 successionibus

540 4161 747 4230 posuit,
775 4170 912 4217 utet
937 4159 1134 4217 Jannis
1194 4177 1259 4216 ex
1298 4162 1441 4230 pelri
1487 4162 1828 4220 divinatione
1865 4163 2127 4220 Basilium

538 4252 754 4324 imperii
787 4268 969 4308 arcem
1004 4261 1393 4320 suscepturum
1416 4254 1704 4324 perspicue
1728 4254 1944 4309 viderit.
1979 4252 2128 4310 Prm-

541 4344 1029 4413 terimperatorem
1060 4345 1187 4399 aliis
1246 4360 1468 4415 quoque
1493 4360 1561 4398 ex
1608 4360 1672 4398 ea
1716 4344 2127 4399 sciscitantibus

540 4436 737 4492 mulier
782 4438 1086 4507 respondit.
1134 4436 1190 4493 ln
1257 4437 1343 4494 his
1388 4436 1756 4493 Constantino
1816 4435 2126 4506 Triphylio,

540 4528 773 4583 multum
797 4529 1011 4598 roganti
1047 4544 1111 4584 ac
1157 4529 1320 4584 enixe
1372 4538 1636 4582 eventura
1668 4526 1960 4596 quaerenti.
1988 4540 2129 4595 pra-

537 4620 809 4677 dixitl‘ere
840 4622 1101 4676 nimirum
1132 4631 1188 4676 ut
1209 4622 1327 4692 ipse
1346 4637 1412 4676 ac
1437 4619 1534 4673 lilii
1566 4618 1770 4674 Basilio
1801 4618 2131 4689 imperatore

539 4712 848 4768 clericalem
918 4716 1166 4770 habitum
1230 4714 1555 4780 induerent;
1632 4710 1781 4783 quod
1822 4719 1877 4766 et
1927 4711 2125 4767 evenit.

541 4802 779 4874 Georgio
806 4823 1024 4877 quoque
1065 4808 1387 4864 militarium
1441 4807 1750 4863 tabularum
1784 4821 1849 4861 ac
1872 4806 2130 4860 matricu-

541 4893 714 4949 iarum
741 4894 999 4965 praefecte
1025 4899 1276 4966 pt‘wdixit
1308 4899 1423 4953 fore
1473 4912 1529 4954 ut
1565 4899 1616 4953 in
1662 4897 1805 4955 Circi
1837 4895 2007 4952 funda
2035 4912 2132 4952 ne-

541 4998 760 5044 caretur
797 4988 1030 5059 ejusque
1090 4990 1401 5045 substantia
1462 4993 1593 5046 lisce
1649 4992 2016 5047 addiceretur.
2068 4990 2133 5044 Et

540 5080 656 5138 lure
683 5082 907 5153 quidem
938 5082 1205 5137 hactenus
1245 5082 1400 5152 juxta
1428 5082 1806 5142 Platenem....

612 5286 705 5341 28.
739 5288 897 5344 Anne
947 5288 1199 5359 sequenti
1229 5288 1466 5357 Agareni
1515 5297 1568 5342 et
1609 5288 1946 5358 Theophilus
1968 5303 2133 5359 expe-

542 5378 755 5433 ditione
779 5381 1037 5451 utrinque
1070 5392 1346 5452 suscepta,
1389 5380 1649 5450 utrinque
1689 5382 1788 5435 abs
1813 5396 1873 5435 se
1895 5392 2041 5435 metu
2072 5397 2130 5436 re

546 5468 755 5536 integra
793 5468 1017 5524 domum
1075 5474 1380 5529 redierunt.
1431 5472 1633 5528 Eodem
1705 5473 1821 5527 fere
1882 5482 2129 5542 tempore

2215 1680 2405 1750 μηνὸς,
2441 1679 2627 1751 ἡμέρα
2657 1678 2876 1751 πρώτη,
2909 1675 3073 1732 ἆθλον
3107 1678 3369 1741 ἀσεϐείας
3406 1680 3501 1732 καὶ
3539 1679 3803 1743 ἀπιστίας

2213 1776 2309 1826 καὶ
2342 1772 2437 1827 τοῦ
2470 1774 2544 1844 μὴ
2574 1776 2672 1837 τὰς
2702 1773 2855 1836 Θείας
2880 1772 3101 1834 εἰκόνας
3138 1772 3472 1842 προσκυνεῖν
3503 1770 3605 1843 τὴν
3634 1774 3801 1844 ίερω-

2214 1866 2381 1938 σύνην
2410 1866 2880 1936 ἀπενεγκάμενος.

2292 1958 2397 2024 κζ’.
2426 1959 2716 2030 Ζητητικῷ
2741 1959 2795 2012 δὲ
2816 1959 2895 2028 τῷ
2919 1956 3166 2029 Θεοφίλῳ
3193 1956 3519 2026 τυγχάνοντι
3549 1960 3644 2011 καὶ
3667 1958 3807 2027 ἄγαν

2215 2053 2524 2122 ἐγκειμένῳ
2558 2052 2687 2120 περὶ
2717 2049 2973 2118 γνώσεως
3006 2049 3116 2103 τῶν
3157 2049 3465 2119 μελλόντων
3499 2049 3808 2121 βασιλεύειν

2215 2145 2451 2215 ἀνδρῶν,
2482 2144 2706 2213 γύναιόν
2732 2162 2782 2197 τι
2808 2144 3012 2213 ληφθὲν
3047 2144 3112 2197 ἐκ
3138 2141 3249 2196 τῶν
3286 2144 3467 2213 Ἀγαρ
3504 2143 3645 2197 κατὰ
3678 2144 3806 2205 τοὺς

2218 2237 2493 2307 πολέμους
2530 2235 2757 2299 τούτους
2805 2236 3062 2298 Πύθωνος
3108 2237 3477 2307 κατεχόμενον
3526 2235 3808 2305 πνεύματι

2218 2328 2372 2399 παρὰ
2400 2344 2564 2381 τινων
2601 2327 2962 2397 ἀνεμάνθανε.
3012 2327 3187 2381 Τοῦτο
3230 2323 3322 2382 οὖν
3366 2327 3541 2397 ἤγαγέ
3578 2344 3635 2379 τε
3673 2328 3812 2397 παρ’

2220 2420 2399 2491 ἐαυτῷ
2436 2421 2465 2474 ὁ
2510 2420 2804 2490 Θεόφιλος,
2870 2422 2962 2474 καὶ
3008 2420 3155 2485 τίνες
3206 2418 3315 2474 εἷεν
3363 2414 3437 2473 ὧν
3481 2422 3516 2491 ἡ
3552 2420 3811 2490 βασιλεία

2219 2517 2500 2585 διαρκέσει
2556 2515 2649 2569 ἐπὶ
2698 2514 2834 2567 πολὺ
2892 2512 3249 2567 ἐπυνθάνετο.
3317 2512 3405 2572 Ὠς
3431 2511 3516 2578 δὲ,
3548 2511 3652 2566 Σοῦ
3710 2512 3815 2584 μἐν

2221 2609 2468 2679 διάδοχον
2517 2607 2610 2659 τὸν
2654 2606 2746 2660 σὺν
2772 2606 2887 2658 υἰὸν
2921 2605 3016 2659 καὶ
3046 2605 3329 2677 γαμετὴν,
3366 2604 3714 2672 ἀπεφοίδασὲ
3753 2622 3812 2658 τε

2224 2703 2479 2770 γενέσθαι
2508 2700 2603 2753 καὶ
2635 2698 3035 2771 ἐμαντεύσατο,
3072 2699 3372 2766 μετέ-πειτα
3404 2699 3460 2750 δὲ
3489 2697 3617 2761 τοὺς
3646 2699 3813 2769 Μαρ-

2223 2794 2503 2857 τινακίους
2531 2793 2625 2846 ἐπὶ
2655 2790 2788 2845 πολὺ
2817 2793 2917 2863 τῆς
2949 2790 3227 2861 βασιλείας
3258 2793 3576 2861 κατασχεῖν,
3606 2792 3814 2846 αὐτίκα

2228 2886 2416 2941 τοῦτον
2448 2886 2538 2939 τὸν
2567 2884 2950 2954 Μαρτινόικην,
2986 2883 3080 2937 καί
3105 2884 3187 2938 τοί
3216 2901 3279 2952 γε
3318 2885 3815 2955 προσῳκειωμένον

2227 2979 2377 3049 αὐτῷ
2398 2996 2513 3041 πως
2537 2978 2678 3030 κατὰ
2698 2978 3042 3047 συγγένειαν,
3060 2976 3196 3046 πρὸς
3224 2977 3284 3029 τὸ
3303 2975 3561 3045 μονάζειν
3586 2976 3818 3031 ἀπέχει.

2230 3088 2345 3143 ρεν,
2390 3072 2486 3124 καὶ
2529 3071 2621 3123 τὸν
2661 3068 2859 3123 ἑαυτοῦ
2910 3064 3057 3122 οἷκον
3109 3068 3246 3122 θεοῦ
3298 3070 3391 3122 καὶ
3437 3071 3699 3140 μοναχῶν
3732 3071 3816 3122 ἐν-

2228 3161 2511 3226 απέδειξεν
2537 3161 2882 3231 ἐνδιαίτημα.
2917 3161 2992 3213 Ui:
3027 3160 3185 3215 τοῦτο
3214 3161 3269 3214 δὲ
3310 3161 3495 3231 μόνον,
3522 3162 3666 3217 ἀλλὰ
3727 3164 3819 3217 καὶ

2228 3254 2401 3308 πολλὰ
2429 3255 2538 3307 τῶν
2579 3254 2883 3324 μελλόντων
2921 3255 2981 3306 τὸ
3014 3254 3236 3322 γύναιον
3270 3254 3649 3308 ἀπεθέσπισεν
3676 3273 3694 3287 ·
3732 3257 3818 3309 τόν

2226 3366 2286 3403 τε
2315 3351 2422 3417 γὰρ
2463 3346 2672 3414 Ἰαννῆν
2698 3345 2794 3400 τοῦ
2824 3345 3227 3418 πατριαρχικοῦ
3264 3347 3455 3419 θρόνου
3487 3348 3693 3422 πόῤῥω
3718 3367 3817 3404 που

2228 3440 2481 3511 γενέσθαι
2531 3439 2885 3510 ἐνεσήμανεν,
2926 3440 3020 3493 καὶ
3048 3440 3148 3509 τὴν
3176 3438 3287 3492 τῶν
3316 3440 3533 3494 σεπτῶν
3582 3443 3818 3498 εἰκόνων

2228 3533 2607 3605 ὰναστήλωσιν
2639 3535 3039 3604 κατεσάφησεν.
3067 3526 3164 3597 Οἷς
3192 3532 3291 3605 τὴν
3309 3533 3491 3605 ψυχὴν
3508 3536 3536 3586 ό
3552 3534 3822 3606 Θεόφιλος

2229 3627 2507 3689 ἐπώδυνος
2555 3625 2799 3695 γεγονὼς
2833 3630 2929 3680 καὶ
2971 3626 3355 3681 δυσαπονιπτα
3406 3626 3583 3680 ταῦτα
3624 3629 3819 3700 φέρων

2229 3720 2318 3774 ἀεὶ
2347 3720 2521 3773 πολλὰ
2544 3717 2628 3792 [Ρ.
2658 3717 2749 3791 76]
2778 3718 3040 3781 πολλάκις
3065 3718 3230 3790 ἐπῇδε
3255 3721 3320 3790 τῇ
3348 3717 3541 3771 ἑαυτοῦ
3573 3722 3820 3791 γαμετῇ,

2231 3814 2367 3885 πρὸς
2394 3813 2449 3867 δέ
2472 3814 2567 3867 καὶ
2593 3812 2857 3883 λογοθέτῃ
2894 3811 3200 3883 Θεοκτίστῳ
3234 3812 3464 3884 παρῄνει
3488 3812 3583 3866 καὶ
3616 3813 3823 3885 πλήθει

2230 3902 2556 3973 κατεδέσμει
2603 3903 2783 3974 ὅρκων
2820 3899 2914 3954 τοῦ
2957 3902 3093 3971 μήτε
3120 3900 3212 3955 τὸν
3266 3901 3475 3973 Ἰαννῆν
3513 3903 3822 3976 ὑπερορίας

2229 3997 2414 4066 τυχεῖν
2451 3996 2589 4065 μήτε
2616 3994 2724 4066 μὴν
2755 3992 2853 4057 τὰς
2882 3994 3098 4057 εἰκόνας
3130 3998 3579 4066 προσκυνήσεως.
3613 3994 3824 4049 Τοσοῦ-

2230 4100 2323 4137 τον
2368 4084 2424 4136 δέ
2469 4084 2576 4154 ἄρα
2623 4084 2692 4135 τὰ
2728 4083 2859 4153 περὶ
2907 4082 3005 4154 τῆς
3053 4081 3332 4154 βασιλείας
3390 4085 3595 4156 ἡρεύνα
3622 4104 3693 4141 τε
3733 4089 3821 4141 καὶ

2230 4176 2535 4246 ἐξιχνίαζεν
2561 4174 2636 4239 ὡς
2668 4175 2763 4228 καὶ
2784 4175 2933 4246 παρὰ
2951 4175 3045 4229 τοῦ
3080 4176 3282 4231 Ἰαννοῦ
3304 4179 3361 4231 ἐν
3382 4177 3826 4252 λεκανομαντεία

2163 4283 2203 4336 ι)
2231 4268 2323 4322 τὸν
2360 4268 2623 4337 μέλλοντα
2656 4268 2940 4321 Βασίλειον
2989 4268 3088 4339 τὴν
3136 4270 3396 4343 τοιαύτην
3450 4272 3824 4343 ὑπειληφέναι

2227 4360 2402 4433 ἀρχὴν
2440 4359 2700 4432 καθαρῶς
2752 4361 2967 4415 ἐνιδεῖν.
3005 4362 3080 4414 Οὐ
3113 4362 3219 4433 μὴν
3258 4362 3315 4416 δὲ
3342 4362 3479 4415 ἀλλὰ
3520 4362 3618 4416 καὶ
3660 4366 3823 4419 Κων-

2229 4457 2508 4508 σταντίνον
2536 4454 2627 4509 τὸν
2652 4453 2794 4510 κατά
2822 4455 2913 4508 τὸν
2941 4454 3237 4526 Τριφύλιον
3258 4455 3325 4509 τὰ
3348 4455 3499 4526 αὐτῷ
3531 4458 3822 4528 συμϐησό-

2232 4566 2370 4621 μενα
2401 4550 2681 4622 διετράνου
2717 4553 2778 4603 τὸ
2804 4549 3028 4617 γύναιον
3050 4589 3066 4616 ,
3116 4548 3288 4604 πολλὰ
3338 4548 3682 4623 λιπαροῦντα
3724 4551 3820 4604 καὶ

2230 4643 2669 4714 πυνθανόμενον*
2704 4642 2868 4695 αὐτόν
2898 4659 2957 4694 τε
2988 4642 3096 4713 γὰρ
3140 4642 3236 4695 καὶ
3282 4644 3408 4707 τοὺς
3461 4642 3629 4696 αὑτοῦ
3684 4644 3823 4705 υἱεῖς

2229 4732 2495 4805 κληρικοῦ
2531 4734 2719 4802 σχῆμα
2754 4731 2848 4784 ἐπὶ
2886 4731 2978 4783 τοῦ
3010 4730 3293 4787 Βασιλείου
3326 4731 3725 4803 διαμειφθῆναι
3752 4750 3763 4759 ·
3795 4732 3823 4786 δ

2229 4824 2326 4878 καὶ
2356 4825 2597 4892 γέγονεν.
2629 4825 2736 4878 Καὶ
2764 4822 3035 4895 Γεὼργιον
3064 4824 3120 4877 δέ
3151 4824 3244 4877 τὸν
3281 4823 3377 4888 τὰς
3406 4826 3822 4897 στρατιωτικὰς

2230 4918 2445 4980 δέλτους
2469 4916 2876 4989 ἐπειλημμένον
2895 4918 2988 4969 ἐπὶ
3009 4916 3271 4990 σφενδόνῃ
3287 4920 3353 4989 τῇ
3376 4919 3519 4972 κατὰ
3541 4921 3634 4973 τὸν
3654 4920 3824 4977 ἱππό-

2233 5012 2432 5081 δρομον
2480 5009 2911 5081 ἀποκτανθῆναι,
2952 5010 3044 5064 καὶ
3090 5012 3191 5081 τὴν
3245 5010 3487 5082 ὓπαρξιν
3541 5013 3711 5067 αὐτοῦ
3742 5012 3823 5081 τῷ

2231 5102 2498 5172 βασιλικῷ
2520 5102 2841 5171 ἀνειλῆφθαι
2886 5102 3115 5173 ταμείῳ.
3145 5100 3252 5155 Καὶ
3280 5101 3455 5156 ταῦτα
3485 5102 3585 5171 μὲν
3607 5098 3713 5156 ἆὅέ
3739 5119 3823 5173 πη

2228 5196 2370 5249 κατὰ
2406 5194 2689 5248 Πλάτωνα.
2702 5234 2739 5247 ..

2301 5288 2407 5358 κη’.
2444 5286 2534 5356 Τῷ
2570 5286 2614 5339 δ’
2650 5287 2857 5341 ἐπιόντι
2904 5287 3013 5340 ἔτει
3061 5286 3195 5356 πρὸς
3246 5286 3338 5340 τὸν
3391 5286 3511 5339 κατ’
3566 5284 3824 5353 ἀλλήλων

2237 5383 2476 5453 πόλεμον
2503 5382 2555 5433 οῖ
2586 5382 2632 5435 τ’
2688 5383 2981 5453 ’Λγαρηνοὶ
3019 5382 3113 5435 καὶ
3138 5384 3166 5435 ό
3196 5381 3455 5450 Θεόφιλος
3501 5377 3822 5445 ἐξελθόντες

2240 5473 2463 5540 ἔμειναν
2494 5472 2767 5542 ἄπρακτοι
2796 5472 3071 5538 παντελῶς
3102 5471 3363 5543 ἀλλήλους
3397 5467 3825 5539 καταπτοιιύμε-

1856 5568 2090 5623 \‘ARUE
2124 5566 2534 5625 LECTIONES.

616 5652 745 5726 δ’δ’]
782 5655 883 5727 dij?
916 5671 984 5709 an
1011 5659 1137 5709 m2
