4038 6214
437 289 542 357 143

1530 277 2034 340 ΤΗΕΟΡΗΑΝΕΞ»
2065 276 2341 337 (ΣΟΝΉΝ
2355 278 2499 336 υΑΤ
2511 277 2622 336 US.

3585 271 3686 337 1H

435 423 552 463 tum
581 404 914 477 proditurus,
967 412 1126 472 atque
1180 400 1245 455 ad
1277 413 1422 461 eum,
1459 412 1488 449 ε
1518 410 1631 464 quo
1675 393 2006 458 defecerant,

2128 393 2174 445 ιδ
2223 393 2536 464 στράτευμα
2592 392 2700 446 τῶν
2773 392 3058 463 Ῥωμαίων
3114 387 3546 462 καταπροδοῦναι
3596 393 3690 443 καὶ

435 502 735 573 principem
766 513 888 554 ease
947 509 1284 550 reversuros.
1313 491 1452 544 Rem
1481 490 1575 544 ille
1605 490 1792 544 statim
1839 488 2010 556 impe-

433 597 602 650 ratori
656 604 871 649 secreto
915 588 1222 648 denuntiat,
1259 585 1625 653 hortaturque
1664 591 1724 636 ut
1761 597 1887 636 cum
1909 581 2004 634 de-

432 687 590 748 iectis
641 701 754 742 suae
809 682 968 737 saluti
1023 678 1300 738 consulat,
1353 691 1451 730 nec
1481 684 1757 745 exspectet
1796 675 1922 727 dum
1952 673 2008 727 in

437 778 676 831 hostium
699 790 891 830 manus
923 773 1116 827 veniat.
1136 767 1423 834 Quaerente
1444 768 1536 821 illo
1571 786 1584 821 :
1616 767 1683 819 At
1710 767 1800 836 qui
1825 765 1920 834 ﬁat
1951 773 2009 818 ut

433 877 587 920 tanta
610 865 835 918 militum
873 857 1050 920 turba,
1068 859 1159 928 qui
1185 857 1314 910 milii
1343 857 1703 919 adheeserunt,
1727 851 2008 908 incolumis

435 959 631 1012 abeat?
666 956 782 1010 Tibi
816 953 992 1015 modo,
1034 950 1234 1019 inquit,
1266 951 1574 1018 imperator.
1606 947 1745 1001 Deus
1787 946 2010 1000 salutem

432 1058 674 1117 prerstet;
702 1043 889 1112 reliqui
939 1056 1062 1095 mox
1107 1041 1218 1094 suis
1251 1040 1400 1094 rebus
1438 1039 1731 1092 consulent.
1767 1035 2009 1091 Tandem

431 1158 561 1211 ergo
593 1140 694 1195 sub
720 1135 1215 1207 ipsumdiluculum
1255 1133 1586 1203 imperatore
1635 1131 1762 1202 fuga
1797 1133 2008 1201 elapso,

431 1241 486 1286 et
523 1230 684 1300 129
721 1244 842 1282 cum
877 1227 944 1280 ad
1005 1225 1474 1280 Chiliococomum
1528 1223 1815 1288 evasisset,
1871 1237 2011 1292 quos

432 1325 666 1378 desertis
707 1320 995 1375 ordinibus
1023 1327 1170 1388 terga
1201 1315 1418 1372 dedisse
1459 1316 1628 1372 duces
1673 1330 2014 1371 commemo-

433 1417 702 1480 ravimus,
734 1421 1087 1468 occurrentes
1119 1411 1396 1482 indignos
1426 1426 1486 1466 se
1535 1411 1645 1464 vita
1681 1409 2014 1480 proﬁteban-

435 1521 547 1570 tur,
580 1508 674 1578 qui
709 1510 1095 1576 imperatorem
1128 1503 1181 1556 in
1215 1518 1393 1572 pugna
1429 1503 1832 1573 prodidissent;
1871 1502 2014 1572 jam-

433 1617 539 1670 que
570 1601 684 1654 suis
736 1598 836 1667 ipsi
892 1597 1086 1667 gladiis
1126 1604 1348 1665 pectora
1391 1595 1695 1660 nudabant,
1737 1605 1900 1664 atque
1946 1594 2013 1649 ad

432 1691 552 1760 ejus
570 1707 628 1748 se
656 1692 818 1761 pedes
845 1690 1044 1759 oppleti
1066 1688 1330 1760 lacrymis
1372 1686 1782 1757 provolvebant.
1817 1684 2012 1741 Verum

2119 485 2256 554 πρὸς
2284 485 2383 555 τὴν
2415 486 2474 548 ἐξ
2510 479 2578 556 ἦς
2603 484 2924 553 ἀπέστησαν
2950 482 3036 555 [Ρ.
3069 480 3160 554 80]
3195 485 3395 553 χωρεῖν
3427 483 3689 552 κεφαλήν.

2116 576 2259 648 Δῆλα
2283 577 2414 646 γοῦν
2433 577 2509 648 τῷ
2539 577 2747 649 βασιλεί
2768 574 2864 628 λάθ
2876 594 2942 647 ρα
2963 579 3129 639 ποιεῖ,
3155 576 3247 628 καὶ
3278 576 3471 628 ἑαυτὸν
3501 573 3693 638 σώζειν

2119 670 2258 738 μετὰ
2288 669 2530 737 λογάδων
2561 669 2715 738 ἠξίου
2746 669 2840 722 καὶ
2874 669 2950 739 μὴ
2982 669 3302 740 περιμένειν
3339 668 3440 738 τὴν
3469 667 3693 722 ἅλωσιν.

2115 760 2246 824 Kal,
2269 759 2399 826 Πῶς
2419 760 2589 813 ἔσται
2610 760 2716 814 τοῦ
2733 760 3028 812 τοσούτου
3041 758 3215 825 λαοῦ,
3243 759 3696 828 ἐπερωτήσαντος

2120 854 2216 906 τοῦ
2269 852 2556 923 βασιλέως,
2597 854 2636 920 ἠ
2677 855 2961 921 σωτηρία,
3013 852 3140 922 ἐμοὶ
3171 850 3698 920 προσμεινὰντωνξ

2117 946 2239 1009 Σοί,
2290 945 2444 1016 φησι,
2478 947 2666 1015 μόνον
2692 945 2870 1009 ἔστω,
2900 944 3189 1010 βασιλεῦ,
3217 943 3282 997 τὸ
3313 943 3599 1003 σώζεσθαι
3628 942 3698 996 ἐκ

2119 1036 2266 1090 Θεοῦ
2291 1053 2306 1068 ο
2343 1032 2510 1091 οὗτοι
2540 1035 2609 1090 δὲ
2649 1036 2869 1106 ταχέως
2906 1035 2978 1089 τὰ
3023 1035 3150 1088 κατ’
3201 1033 3422 1099 αὐτοὺς
3471 1033 3700 1098 διοική-

2116 1143 2359 1183 σουσιν.
2397 1129 2526 1197 ’0ψέ
2550 1129 2681 1197 γοῦν
2711 1130 2856 1182 κατά
2881 1128 2940 1182 τὸ
2957 1128 3285 1200 περίορθρον
3312 1126 3406 1180 τοῦ
3436 1125 3699 1197 βασιλέως

2118 1228 2262 1296 φυγῇ
2297 1224 2642 1296 χρησαμένου
2673 1226 2768 1278 καὶ
2800 1224 2934 1294 πρὸς
2963 1224 3025 1276 τὸ
3056 1221 3466 1291 Χιλιοκόκωμον
3487 1220 3697 1275 ³⁶⁶διαο

2119 1318 2406 1382 σωθέντος,
2441 1319 2490 1370 οἱ
2516 1318 2869 1372 λειποτάκται
2892 1317 3000 1369 τῶν
3028 1312 3352 1387 στρατηγῶν
3376 1313 3454 1382 τῷ
3486 1313 3702 1382 βασιλεῖ

2118 1410 2674 1481 προσαπαντήσαντες
2696 1409 2947 1474 ἀναξίους
2970 1409 3211 1479 ἔφασκον
3241 1403 3378 1461 εἶναι
3401 1407 3500 1476 τῆς
3529 1407 3700 1476 ζωῆς,

2121 1499 2343 1572 βασιλέα
2393 1502 2451 1555 ἐν
2506 1503 2730 1572 πολέμῳ
2782 1501 3220 1571 καταπροέντας,
3278 1502 3371 1555 καὶ
3425 1500 3542 1571 ἅμα
3586 1504 3704 1564 τοῖς

2119 1592 2333 1646 ἐαυτῶν
2363 1593 2699 1663 ἐγυμνοῦντο
2732 1592 2913 1662 ξίφεσι
2943 1593 3036 1647 καὶ
3066 1596 3178 1656 τοῖς
3209 1593 3369 1646 ποσὶν
3404 1590 3702 1645 ὑπετίθουν

2121 1683 2309 1749 αὐτοῦ,
2339 1685 2570 1756 δάκρυσι
2595 1685 2916 1756 βρεχόμενοι
2945 1687 3199 1756 παρειάς.
3239 1684 3378 1738 Ἀλλ’
3396 1685 3424 1736 ὁ
3445 1682 3704 1753 Θεόφιλος

435 1783 790 1853 Theophilus,
826 1779 1072 1834 inaudito
1101 1779 1178 1832 rei
1210 1777 1526 1847 spectaculo
1555 1792 1667 1846 pra:
1699 1775 1809 1830 illis
1833 1776 2016 1830 animo

2128 1777 2351 1846 τρωθεὶς
2388 1780 2613 1831 ἐκείνων
2647 1777 2846 1848 μᾶλλον
2878 1777 3044 1831 αὑτοῦ
3078 1778 3178 1849 τὴν
3207 1778 3384 1848 ψυχὴν
3413 1777 3492 1846 τῷ
3522 1793 3709 1846 παρα-

434 1876 678 1937 saucius,
713 1872 845 1928 Cum
898 1888 990 1942 ego
1016 1871 1194 1924 divina
1223 1869 1548 1940 ope,inquit,
1589 1868 1864 1923 incolumis
1888 1884 2011 1923 eva-

434 1968 614 2034 serint,
655 1966 886 2020 evadatis
929 1974 978 2019 et
1024 1980 1133 2030 vos,
1163 1965 1208 2016 si
1244 1979 1364 2016 cum
1410 1962 1556 2016 hoste
1587 1963 1800 2034 fortiter
1817 1978 2013 2032 pugna-

433 2061 632 2116 veritis.

501 2154 597 2210 ὃὸ.
629 2151 749 2210 Hoc
779 2166 907 2224 ergo
949 2151 1191 2206 hostium
1231 2157 1564 2220 stratagema
1611 2149 2017 2220 Persarumque

435 2253 602 2301 noctu
633 2260 757 2299 eum
785 2247 865 2299 eis
897 2242 1192 2298 collocutio
1222 2242 1498 2312 (idemque
1522 2249 1606 2295 est
1637 2240 1815 2296 lendus
1843 2241 2016 2320 dicas)

436 2335 756 2406 TheOphohi
798 2334 1034 2388 inimicis
1067 2333 1296 2403 ejusque
1338 2335 1527 2388 neCem
1567 2333 2020 2388 machinantibus

434 2429 607 2482 altera
658 2427 724 2480 ad
779 2425 1115 2481 calumniam
1164 2440 1229 2479 ac
1288 2433 1597 2495 opportuna
1635 2425 1854 2480 occasio
1897 2424 2018 2480 fuit.

435 2520 611 2576 Porro
663 2533 1090 2573 ameramnunes
1121 2516 1309 2574 audita
1338 2532 1564 2571 suorum
1598 2531 1707 2570 non
1733 2517 1835 2572 levi
1856 2517 2024 2571 victo-

436 2614 543 2679 ria,
571 2613 709 2666 nihil
737 2612 852 2680 jam
885 2620 1175 2665 cunctatus
1200 2610 1484 2664 Amor-ium
1514 2610 1849 2681 aggreditur.
1877 2609 2022 2664 Con-

433 2703 609 2771 iuncti
641 2704 826 2771 itaque
851 2702 920 2756 ad
947 2701 1237 2772 Theophili
1274 2700 1503 2769 patriam
1537 2701 1699 2753 ambo
1727 2702 2024 2764 exercitus,

440 2795 614 2867 ipsius
643 2795 855 2850 scilicet
895 2807 1304 2847 ameramnume
1328 2803 1382 2846 et
1408 2791 1523 2856 ﬁlii,
1556 2792 1646 2861 qui
1671 2792 1783 2860 jam
1815 2790 2026 2847 fortiter

433 2888 816 2948 dimicaverat,
873 2883 1124 2952 valloque
1177 2882 1344 2936 dueto
1401 2891 1580 2951 empta
1649 2881 1867 2936 obsidio
1918 2891 2022 2935 est.

438 2979 662 3034 Interim
683 2979 986 3046 imperator
1008 2973 1315 3044 Dorylaeum
1339 2987 1594 3028 reversus
1609 2971 2027 3026 Ameramuunte

439 3071 686 3126 animum
717 3067 1040 3122 muneribus
1071 3066 1338 3134 tentabat,
1365 3081 1496 3121 num
1528 3067 1612 3122 his
1635 3067 1921 3123 delinitum
1955 3065 2024 3120 ab

437 3164 790 3235 expeditione
840 3176 1096 3217 revocare
1123 3171 1311 3230 posset
1353 3170 1406 3215 et
1452 3160 1520 3214 ad
1571 3176 1672 3217 sua
1722 3161 2020 3216 remittere.

443 3254 600 3312 llaud
634 3271 764 3310 vero
797 3254 887 3310 ille
919 3263 1092 3325 paret,
1123 3253 1233 3308 alto
1265 3264 1486 3323 pectore
1521 3251 1716 3309 diruta:
1747 3252 1936 3323 patria:
1959 3268 2024 3308 ac

440 3354 665 3401 vastata;
697 3344 955 3413 injuriam
987 3341 1193 3399 ferens.
1213 3341 1357 3409 Quin
1379 3343 1494 3398 imo
1519 3343 1840 3414 legationem
1866 3359 2024 3414 sper-

439 3439 556 3504 nit;
591 3437 924 3503 mancipium
977 3445 1136 3490 vocat
1193 3450 1257 3488 ac
1322 3435 1620 3504 ignavum,
1676 3436 2025 3505 graviterque

439 3531 746 3586 subsannat
777 3544 842 3583 ac
897 3527 1135 3581 ludibrio
1182 3526 1382 3590 habet,
1419 3526 1569 3595 quod
1606 3540 1714 3580 non
1754 3535 1886 3580 ante
1920 3525 2022 3595 ipsi

441 3635 650 3676 morem
674 3619 929 3688 gesserit,
962 3617 1058 3671 sed
1095 3616 1258 3672 modo
1309 3631 1435 3672 cum
1477 3617 1531 3670 in
1580 3616 1859 3672 novaculae
1908 3618 2025 3671 acie

441 3729 531 3770 res
570 3713 750 3783 posita
787 3712 879 3766 sit.
917 3709 1131 3766 Retinet
1163 3724 1293 3765 vero
1331 3713 1497 3765 etiam
1532 3725 1671 3779 quos
1700 3708 1791 3764 ille
1818 3708 2024 3778 legatos

441 3808 686 3869 miserat,
722 3803 881 3874 130
910 3818 1050 3872 quos
1085 3802 1219 3873 ipsis
1249 3803 1426 3860 oculis
1466 3817 1651 3859 rerum
1686 3803 2025 3872 inspectores

440 3915 507 3955 ac
538 3906 704 3953 testes
731 3897 1038 3951 adhiberet.

511 3990 603 4048 ει.
644 3991 722 4045 Ac
762 4004 891 4045 vero
925 3999 1168 4060 tempore
1218 3988 1553 4059 praelabente
1586 3988 1852 4045 evasisset
1895 3990 2024 4044 urbs

440 4099 662 4156 quoque
691 4083 990 4146 ext-idiom,
1030 4082 1160 4158 dum
1214 4079 1270 4135 bi
1317 4062 1522 4135 nullam
1556 4096 1664 4136 non
1713 4082 2021 4137 machinam

441 4177 722 4238 adhibent,
748 4175 952 4246 quibus
975 4169 1142 4229 urbes
1157 4174 1464 4244 expugnari
1493 4173 1693 4239 solent,
1712 4174 1790 4230 illi
1815 4173 2025 4230 fortiter

441 4267 757 4339 depellunt;
808 4265 1078 4334 multique
1131 4263 1448 4331 desiderati,
1479 4266 1609 4321 dum
1668 4267 1750 4322 sic
1790 4267 2022 4337 pugnaci

439 4359 794 4418 contentione
825 4357 1082 4426 utrinque
1105 4365 1366 4411 certatur.
1386 4355 1768 4427 Hactenusque
1790 4357 2024 4428 Agareni

2123 1866 2265 1938 δόξῳ
2287 1871 2383 1922 τοῦ
2412 1869 2757 1939 πράγματος,
2800 1871 2869 1923 El
2906 1869 3044 1938 ἐγὼ,
3091 1869 3242 1940 φησὶ,
3287 1869 3600 1939 σέσωσμαι
3635 1867 3708 1923 ἐκ

2122 1960 2310 2022 Θεοῦ,
2347 1961 2703 2028 σῶθήσεσθε
2751 1962 2850 2014 καί
2894 1961 3063 2028 ὑμεῖς
3091 1960 3504 2031 ἀγωνιζόμενοι
3550 1961 3711 2014 κατὰ

2121 2051 2241 2104 τῶν
2268 2052 2515 2122 ἐχθρῶν.

2195 2144 2295 2213 λγ’.
2324 2143 2494 2199 Τοῦτο
2529 2144 2620 2200 οὖν
2657 2148 2719 2198 τὸ
2757 2146 2912 2217 παρά
2959 2147 3168 2218 ἐχθρῶν
3199 2149 3562 2219 στρατήγημα
3612 2151 3714 2203 καὶ

2121 2235 2156 2300 ή
2187 2236 2476 2306 νυκτερινή
2514 2253 2633 2297 πως
2671 2235 2835 2289 λαλιά
2863 2237 3255 2306 τῶνπερσῶν,
3287 2238 3489 2293 ταυτὸν
3520 2239 3577 2292 δέ
3611 2240 3715 2294 καὶ

2126 2326 2326 2398 σπονδὴ
2366 2328 2563 2391 είπεῖν,
2593 2330 2708 2392 τοῖς
2751 2329 2849 2398 μὲν
2873 2329 3150 2398 Θεοφόϐου
3177 2331 3390 2402 ἐχθροῖς
3413 2333 3506 2384 καὶ
3536 2331 3711 2385 θάνα-

2123 2437 2214 2473 τον
2249 2420 2644 2492 ψηφιζομένοις
2678 2424 2845 2478 αὑτοῦ
2893 2425 3124 2496 δευτέρα
3159 2440 3244 2490 τις
3291 2426 3511 2494 γέγονεν
3552 2425 3708 2481 αίτία

2127 2513 2221 2567 καὶ
2263 2515 2487 2587 ἀφορμὴ
2519 2515 2776 2584 εὔκαιρος
2818 2517 2898 2581 είς
2933 2518 3209 2590 διαϐολὴν,
3262 2519 3342 2589 τῷ
3402 2519 3446 2572 δ’
3493 2521 3709 2593 ἅμερα-

2132 2607 2332 2676 μνουνῇ
2377 2605 2642 2674 ἀκηκοότι
2684 2608 2841 2677 νίκης
2895 2608 2956 2660 οὐ
3015 2611 3220 2678 μικρᾶς
3270 2609 3364 2661 καὶ
3414 2610 3553 2661 κατὰ
3611 2608 3712 2662 τοῦ

2142 2699 2196 2748 Ἀ
2207 2698 2398 2768 μορίου
2434 2699 2774 2769 καταδρομὴ.
2799 2700 3015 2753 Ἦνωτο
3042 2700 3174 2768 γοῦν
3200 2701 3340 2752 κατά
3365 2701 3465 2769 τὴν
3492 2699 3586 2754 τοῦ
3613 2701 3715 2771 βα-

2131 2790 2324 2854 σιλέως
2359 2792 2595 2864 πατρίδα
2642 2793 2932 2864 ἀμφότερα
2963 2793 3031 2847 τὰ
3063 2795 3426 2864 στρατόπεδα.
3457 2793 3623 2848 αὑτοῦ
3650 2812 3722 2848 το

2129 2880 2223 2934 τοῦ
2280 2882 2675 2953 ἀμεραμνουνῆ
2738 2884 2833 2937 καὶ
2876 2881 3037 2937 τοῦτο
3082 2883 3148 2955 δὴ
3197 2885 3256 2938 τὸ
3285 2884 3722 2956 προπολεμῆσαν

2131 2974 2378 3045 σφοδρῶς
2406 2974 2501 3028 τοῦ
2530 2977 2670 3043 υἱοῦ,
2710 2978 2806 3031 καὶ
2833 2979 3053 3050 χάρακα
3086 2978 3442 3048 περιέϐαλλον
3483 2982 3578 3034 καὶ
3609 2979 3724 3050 τῆς

2131 3065 2451 3138 πολιορκίας
2484 3068 2818 3140 ἀπήρχοντο.
2845 3071 2956 3126 Καὶ
3002 3071 3140 3134 τέως
3183 3072 3494 3141 ἀπόπειραν
3535 3071 3724 3126 ἐποίει

2125 3157 2502 3230 ἀποστραφεὶς
2532 3161 2673 3214 κατὰ
2711 3161 3008 3234 Δορύλαιον
3037 3167 3066 3218 ό
3094 3163 3354 3233 Θεόφιλος
3372 3164 3466 3217 τοῦ
3517 3163 3728 3235 δώροις

2125 3251 2288 3304 αὑτὸν
2309 3251 2522 3307 ἐκεῖθεν
2545 3254 2859 3324 ἀποστῆσαι
2901 3257 2992 3310 καὶ
3016 3257 3154 3328 πρὸς
3181 3256 3252 3311 τά
3279 3259 3455 3311 οίκεῖα
3485 3257 3728 3327 ποιῆσαι

2126 3345 2549 3417 παλινοστῆσαι.
2576 3348 2722 3402 Ἀλλ’
2760 3347 2821 3402 οὗ
2859 3349 3127 3416 πείθεται,
3166 3349 3572 3421 ἐνδομυχοῦσαν
3612 3351 3732 3419 φί-

2129 3455 2241 3509 ρων
2265 3437 2363 3508 τὴν
2387 3439 2490 3507 τῆς
2517 3440 2782 3510 πατρίδος
2810 3440 2978 3494 αὐτοῦ
3007 3441 3208 3495 ἀλωσίν
3224 3458 3282 3494 τε
3307 3441 3400 3494 καὶ
3423 3439 3728 3510 πόρθησιν.

2125 3531 2345 3585 Μᾶλλον
2377 3531 2480 3601 μὲν
2511 3527 2605 3584 οὖν
2634 3532 2907 3596 ἐξουθένει
2938 3534 3034 3586 καὶ
3065 3532 3403 3604 ἀνδράποδον
3433 3531 3622 3585 ἐκάλει
3655 3549 3731 3587 τε

2125 3622 2222 3676 καὶ
2248 3622 2441 3686 δειλὸν,
2475 3624 2831 3694 μυκτηρίζων
2866 3625 2960 3678 καὶ
2995 3624 3369 3696 διακωμῳδῶν
3400 3619 3481 3688 οἷς
3513 3624 3574 3677 οὑ
3607 3627 3730 3697 πρὸ

2124 3715 2318 3770 τούτου
2352 3715 2548 3786 τούτῳ,
2585 3717 2720 3771 ἀλλά
2747 3716 2842 3772 νῦν
2872 3717 2965 3770 ἐπὶ
2995 3717 3160 3788 ξυροῦ
3201 3716 3397 3771 ἐστῶτι
3437 3716 3727 3775 ἐπείθετο.

2129 3803 2260 3878 Εἶχε
2292 3807 2390 3878 μέν
2415 3806 2509 3861 οὖν
2539 3808 2781 3872 καὶτοὺς
2807 3808 3215 3871 ἀποσταλέντας
3241 3807 3504 3879 πρέσϐεις
3525 3809 3730 3864 αὐτόθι

2126 3919 2255 3965 που,
2287 3901 2396 3954 τῶν
2430 3901 2730 3973 δρωμένων
2762 3902 3008 3965 ἐπόπτας
3029 3901 3126 3956 καὶ
3155 3902 3462 3974 μάρτυρας.

2195 3992 2289 4047 λδν.
2325 3993 2437 4048 Καὶ
2469 3993 2534 4065 δὴ
2562 3994 2606 4026 ³’
2641 3995 2836 4065 χρόνου
2870 3993 3265 4065 παρῳχηκότος
3296 3993 3551 4061 διέφυγεν
3577 3992 3646 4045 ἂν
3691 3995 3729 4065 ἡ

2127 4085 2282 4149 πόλις
2313 4085 2406 4140 τὸν
2451 4085 2696 4158 ὄλεθρον,
2729 4085 2808 4157 τῷ
2850 4089 3028 4139 πᾶσαν
3083 4086 3228 4139 ίδέαν
3258 4083 3576 4156 πολιορκίας
3605 4085 3731 4138 τῶν

2129 4178 2230 4247 μὲν
2263 4179 2705 4264 ἐνδεβινυόντων,
2735 4179 2844 4232 τῶν
2870 4178 2926 4231 δέ
2960 4177 3438 4243 καταϐαλλόντων,
3460 4178 3556 4230 καὶ
3578 4177 3729 4231 πολ-

2126 4269 2235 4324 λῶν
2285 4271 2650 4342 ἀνῃρημένων
2707 4271 2768 4336 ἐξ
2819 4273 3148 4343 ἀμφοτέρων
3191 4271 3422 4343 ἀνδρῶν,
3456 4268 3565 4323 τῶν
3609 4270 3730 4339 μὲν

2126 4359 2506 4428 ἀμυνομένων,
2533 4360 2646 4414 τῶν
2692 4361 2750 4415 δέ
2797 4361 3255 4432 πολιορκούντων,
3306 4360 3606 4431 ἀπράκτων
3659 4359 3726 4411 δὲ

442 4450 598 4505 irrito
627 4456 830 4504 conatu
862 4447 1133 4514 laborant,
1158 4447 1454 4518 multisque
1479 4463 1703 4502 suorum
1729 4449 2020 4517 peremptis

2128 4449 2266 4513 τέως
2287 4451 2556 4521 μενόντων
2571 4451 2682 4506 τῶν
2700 4453 3021 4525 Ἀγαρηνῶν
3046 4453 3137 4506 καὶ
3159 4455 3259 4518 τῆς
3284 4450 3484 4519 πολλῆς
3506 4447 3727 4520 ὀφρύος

442 4560 506 4598 ac
540 4543 701 4612 longe
725 4540 996 4597 diminuta
1025 4540 1272 4611 ipsorum
1311 4541 1557 4596 exercitu
1591 4541 1732 4595 altos
1759 4541 1882 4598 illos
1913 4541 2029 4596 ani-

442 4650 563 4691 mos
609 4643 860 4704 ponunt:
921 4633 988 4688 ad
1046 4634 1393 4704 septuaginta
1427 4635 1573 4688 enim
1624 4634 1816 4702 millia,
1861 4649 2028 4689 censu

443 4727 651 4790 habito,
687 4736 810 4795 post
839 4738 1054 4797 captam
1095 4726 1283 4781 urbem
1318 4726 1538 4782 inventa
1575 4725 1682 4781 illis
1708 4725 2029 4782 desiderari.

444 4816 644 4871 Verum
679 4817 796 4870 ﬁeri
841 4835 948 4872 non
1007 4827 1225 4888 poterat
1263 4829 1322 4873 ut
1375 4819 1637 4873 transiret
1673 4835 1836 4889 quem
1889 4818 2032 4874 Deus

440 4909 657 4965 cmlitus
687 4907 926 4975 gladium
975 4909 1363 4974 intentaverat,
1396 4913 1466 4965 ob
1507 4911 1871 4967 contumelias
1900 4912 2026 4982 qui-

443 5006 547 5058 bus
580 5001 772 5056 haeresi
806 5001 859 5054 in
893 5000 1011 5054 dies
1045 5014 1370 5071 augescente
1399 5006 1468 5059 ab
1515 5008 1596 5061 eis
1630 5007 2025 5075 excipiebatur.

442 5094 653 5150 Idcirco
685 5091 934 5164 plebéius
987 5091 1208 5160 quidam
1252 5107 1429 5161 exque
1477 5097 1663 5166 populi
1713 5097 1841 5153 [περ
1878 5097 2031 5165 (ηοξ-

443 5184 613 5238 ditzes
646 5183 862 5238 misello
913 5195 1110 5234 nomen
1165 5181 1305 5245 erat)
1341 5182 1446 5236 illis
1472 5184 1582 5250 jam
1636 5184 1934 5239 recessurls
1978 5194 2031 5239 et

443 5291 570 5332 cum
606 5276 806 5342 probro
839 5275 907 5330 ad
951 5289 1047 5329 sua
1076 5271 1402 5337 reversuris,
1427 5275 1566 5328 inter
1590 5275 1817 5330 missilia
1863 5276 2028 5345 jar-tis

443 5367 662 5429 litteris,
705 5368 776 5420 ita
809 5369 1100 5437 suggessit.
1127 5367 1268 5432 Quid
1299 5383 1413 5431 vos,
1435 5369 1613 5432 amici,
1648 5371 1810 5424 tantis
1837 5381 2027 5424 exant-

445 5462 570 5516 latis
599 5458 892 5521 laboribus.
913 5475 966 5511 re
997 5460 1197 5528 infecta
1237 5460 1487 5514 arumnis
1526 5462 1749 5528 confecti
1773 5464 2029 5516 recessuri

443 5553 615 5613 estis?
655 5549 836 5606 Venite
857 5566 979 5620 ergo
1005 5553 1071 5605 ad
1097 5568 1184 5606 eas
1207 5564 1400 5618 turres,
1428 5553 1518 5612 ubi
1549 5569 1768 5624 superne
1789 5555 2026 5624 lapideus

2129 4541 2582 4613 κατασπωμένων
2602 4542 2682 4614 τῷ
2717 4543 2921 4614 πλῆθος
2950 4543 3260 4616 ἀνῃρῆσθαι
3282 4543 3433 4600 λαοῦ.
3465 4542 3575 4596 Καὶ
3601 4544 3729 4611 γὰρ

2128 4634 2262 4688 ὡσεὶ
2322 4635 2564 4708 χιλιάδες
2614 4636 2988 4707 ἐϐδομήκοντα
3043 4635 3420 4698 ἐκλελοιπότες
3477 4633 3728 4703 εὑρέθη-

2130 4743 2231 4780 σαν
2257 4725 2342 4798 [Ρ.
2371 4725 2463 4800 81]
2496 4726 2636 4798 μετά
2659 4727 2759 4798 τὴν
2782 4727 2984 4782 ἆλωσιν
3004 4724 3419 4798 ἀριθμούμενοι.
3444 4721 3589 4776 Ἀλλ’
3609 4725 3728 4776 οὐκ

2127 4814 2196 4887 ἦν
2244 4818 2541 4888 παρελθεῖν
2581 4821 2681 4890 τὴν
2729 4823 2793 4874 ἐκ
2823 4819 2958 4874 Θεοῦ
3009 4820 3288 4890 μάχαιραν
3333 4818 3730 4889 ἠπειλημένην

2132 4910 2364 4980 ἄνωθεν,
2396 4904 2479 4974 οἷς
2527 4911 2784 4982 ὑϐρίζετο
2817 4913 2877 4966 τὸ
2910 4914 3067 4966 Θείον
3099 4911 3472 4981 αὐξανομένης
3512 4911 3578 4978 δὴ
3611 4910 3732 4980 τῆς

2131 5001 2421 5072 αἱρέσεως.
2473 5005 2574 5056 Διά
2622 5005 2783 5057 τοῦτο
2830 5004 2970 5076 ἀνήρ
3017 5022 3102 5068 τις
3144 5005 3253 5057 τῶν
3288 5004 3730 5074 ὑποϐεϐηκότων

2130 5095 2438 5166 (Βοῖδίτζης
2471 5091 2626 5160 οὗτος
2676 5099 2928 5151 ἐκαλεῖτο
2970 5101 2998 5153 ὁ
3032 5099 3236 5165 ἄθλιος)
3275 5097 3564 5168 μέλλουσιν
3610 5098 3727 5169 ἠδη

2132 5206 2249 5251 πως
2278 5189 2584 5260 ἀναχωρεῖν
2614 5191 2710 5244 καὶ
2740 5191 2879 5262 πρὸς
2915 5191 3017 5263 τὴν
3049 5191 3258 5245 οίκείαν
3300 5192 3417 5261 μετ’
3447 5191 3733 5260 αἰσχύνης

2131 5286 2496 5350 παλινοστεῖν.
2524 5288 2606 5354 Tl,
2625 5288 2810 5358 φησὶν,
2833 5282 2880 5342 ὦ
2909 5283 3093 5351 οὗτοι,
3117 5287 3419 5358 γράμματα
3436 5285 3522 5338 διὰ
3541 5284 3732 5354 βελῶν

2131 5378 2460 5448 πεπομφὼς,
2505 5378 2806 5435 τοσοῦτον
2841 5379 3426 5447 τεταλαιπωρηκότες
3452 5377 3732 5447 μέλλετε

2129 5469 2502 5539 ἀποφοιτᾷν,
2547 5473 2914 5542 κεκμηκότες
2961 5471 3238 5540 ἄπρακτα
3292 5473 3389 5525 real
3444 5484 3730 5533 πεπονη-

2131 5563 2343 5627 κότες;
2397 5564 2647 5620 Ἔλθετε
2695 5564 3012 5636 τοιγαροῦν
3060 5565 3210 5620 κατὰ
3267 5562 3408 5629 τοὺς
3444 5561 3735 5630 πύργους·

1742 5645 1975 5701 VARUS
2038 5649 2440 5710 LECTIONES.

528 5740 594 5776 η’
627 5736 1014 5800 Χιλιόκωμονῖ
1092 5739 1134 5769 ’τ
1173 5738 1259 5812 δὴ]
1287 5757 1366 5792 τοι
1391 5740 1413 5794 2
