4038 6214
233 266 362 368 151'

1026 287 1172 348 LIB.
1216 286 1328 348 III.
1372 312 1442 322 -
1473 285 1968 348 THEOPHILUS
1987 287 2406 376 MICHAELIS
2444 292 2724 355 FILIUS.

3382 293 3491 362 158

226 417 296 470 γε
319 395 645 472 δημάρχους
669 398 905 483 ιχοντες.
937 395 1154 456 Τούτων
1186 397 1384 470 ἔφορος
1413 392 1483 468 ἦν
1513 397 1770 456 ἁπάντων
1793 397 1821 447 ὁ

1930 397 2186 467 repletus,
2235 399 2290 466 in
2320 415 2492 466 aureo
2522 402 2860 473 gemmisque
2889 401 3148 459 distincto
3183 402 3382 462 sedens
3405 421 3499 462 so.

225 491 510 564 βασιλεὺς,
564 491 662 545 καὶ
710 489 976 561 θυμηδίας
1039 489 1256 561 ἁπάσης
1313 487 1711 560 πληρούμενος,
1762 489 1820 540 ἐν

226 582 415 655 χρυσῷ
454 580 684 653 διαλίθῳ
725 580 904 651 θρόνῳ
942 579 1274 651 καθήμενος,
1307 582 1401 635 καὶ
1439 582 1514 651 μὴ
1554 580 1820 652 πρότερον

228 674 681 744 ἐξανιστάμενος,
727 672 802 736 ῶς
833 673 930 727 καὶ
961 672 1198 726 τακτικὰ
1225 673 1408 744 βιϐλία
1437 675 1530 727 καὶ
1561 672 1820 744 βασιλικὰ

226 767 664 836 διαγορεύουσιν,
711 766 744 835 ἦ
779 765 896 818 τῶν
942 767 1328 838 σκιρτημάτων
1355 765 1582 820 ἐκείνων
1611 767 1822 819 ἐπαπο-

227 861 428 914 λαῦσιιι
466 858 558 914 διὰ
585 859 686 926 τῆς
715 857 845 922 θέας
875 859 971 911 καὶ
1007 857 1116 911 τῶν
1155 857 1448 910 πολιτικῶν
1478 855 1818 927 ἐξαλμὰτων.

227 949 388 1005 Οὕτω
418 948 518 1020 μὲν
559 947 739 1002 ταῦτα
787 947 882 1000 κα)⁸
920 945 1007 1000 διὰ
1051 946 1210 1002 τοῦτο
1275 946 1351 1016 τῷ
1399 945 1642 1016 Θεοφίλῳ
1686 963 1822 999 κατ-

230 1041 677 1112 εσκευάσθησαν,
706 1037 964 1105 τοσοῦτος
985 1040 1041 1094 δὲ
1069 1039 1211 1110 ἔρως
1237 1031 1305 1113 ἦν
1334 1037 1540 1093 τούτων
1567 1037 1716 1110 αὐτῷ
1746 1037 1822 1103 ὡς

230 1135 324 1188 καὶ
371 1133 471 1197 τὰς
510 1131 766 1205 συνήθεις
813 1132 922 1186 τῶν
967 1133 1311 1204 πραγμάτων
1359 1131 1675 1202 ἀντιλήψεις
1727 1132 1821 1188 καὶ

233 1224 351 1278 καθ’
382 1223 430 1256 ⁸⁸
458 1223 681 1295 ἡμέραν
727 1221 1082 1294 προελεύσεις
1127 1224 1186 1277 ὲν
1219 1221 1369 1293 αὐτῷ
1422 1221 1486 1294 δὴ
1533 1223 1822 1294 Τρικόγχῳ

231 1315 494 1370 ικτελεῖν.
533 1308 612 1371 οὗ
659 1315 755 1368 καὶ
808 1315 951 1370 κατὰ
995 1315 1286 1386 πρόσωπον
1330 1315 1433 1384 τῆς
1474 1315 1534 1382 ἐξ
1575 1314 1820 1388 ἀργύρου

232 1406 754 1476 κατεσκευασμένης
784 1405 889 1459 τῶν
916 1404 1099 1459 πυλῶν
1121 1406 1456 1478 ἀνεστηκυῖά
1480 1409 1625 1462 ἐστιν
1648 1407 1821 1482 ὀροιςὴ

231 1501 493 1572 τέσσαρσι
539 1499 684 1556 κίοσι
722 1501 1167 1574 μετεωριζομένη
1218 1503 1282 1556 ὲκ
1329 1503 1686 1571 Θετταλικοῠ,
1724 1506 1818 1560 τοῦ

230 1595 322 1650 καὶ
351 1597 648 1666 πρασίνου,
697 1595 873 1653 λίθου.
907 1596 1160 1670 Ἀντικρὺ
1198 1597 1254 1654 δὲ
1295 1597 1501 1668 ταύτης
1546 1597 1640 1654 καὶ
1679 1601 1820 1655 κατὰ

233 1688 524 1760 μέτωπον,
573 1688 804 1761 πλησίον
847 1688 912 1760 δὴ
957 1690 1066 1744 τῶν
1109 1690 1414 1762 εἰρημένων
1461 1690 1816 1762 ἀναϐαθμῶν,

230 1780 370 1834 κατὰ
407 1780 472 1835 τὸ
515 1780 654 1853 πρὸς
697 1780 910 1852 δυσμὰς
956 1781 1121 1854 μέρος
1167 1782 1261 1836 τοῦ
1319 1783 1500 1857 Σίγμα
1555 1783 1818 1854 τρίκλινοι

231 1874 543 1941 πεφυκότες
611 1873 690 1945 τῷ
751 1873 996 1946 Θεοφίλῳ
1051 1875 1512 1948 ὲξῳκοδόμηνται.
1582 1875 1820 1948 Πυξίτης

229 1965 402 2036 ὄνομα
422 1965 504 2036 τῷ
529 1966 611 2022 ἐνί
652 1985 714 2020 τε
751 1967 845 2021 καὶ
872 1968 1196 2040 κατωτέρω,
1230 1969 1426 2040 ἅτερος
1454 1969 1511 2023 δὲ
1538 1969 1820 2041 ἀνώνυμος

232 2060 337 2129 μὲν
366 2060 642 2133 ἁνώτιρος
667 2060 744 2127 δὲ,
776 2059 874 2114 καὶ
898 2060 1067 2117 αὑτοῦ
1107 2061 1198 2116 τὸν
1227 2061 1496 2132 βασίλειον
1531 2062 1733 2134 κλῆρον
1762 2063 1822 2116 ιν

232 2149 421 2220 ἑαυτῷ
466 2150 771 2204 διαιτᾶσθαι
814 2149 1017 2222 λαχών.
1069 2151 1274 2208 Τούτου
1313 2152 1377 2226 δὴ
1423 2152 1650 2218 Πυξίτου
1678 2152 1823 2208 κατὰ

231 2242 345 2315 τὴν
375 2243 615 2314 πλευρὰν
651 2246 826 2315 στίχοι
858 2243 1284 2318 λελατόμηνται,
1319 2246 1626 2318 ἁσηκρῆτις
1667 2245 1823 2309 ὄντες

228 2337 557 2407 γεννήματα
579 2336 851 2408 Στεφάνου
893 2338 992 2409 μὲν
1029 2337 1536 2411 έχοντοςτούνομα,
1581 2338 1726 2394 οὕτω
1763 2338 1822 2392 δὲ

226 2430 328 2484 τοῦ
363 2430 754 2484 Καπετωλίτου
784 2430 1351 2504 προσαγορευομένου.
1383 2432 1446 2487 Οί
1473 2432 1528 2487 δὲ
1555 2430 1698 2486 κατὰ
1730 2431 1823 2486 τὸν

225 2520 326 2576 10-3
353 2521 540 2594 Σίγμα
568 2522 900 2593 περίδρομον
923 2522 1356 2592 ὲγκολαφθέντες
1397 2521 1490 2580 τοῦ
1515 2523 1824 2594 οἱκουμενιο

229 2613 329 2667 κοῦ
353 2613 688 2667 διδασκάλου
721 2604 1004 2683 (Ἰγνάτιος
1041 2608 1196 2679 οὗτος
1228 2614 1497 2684 ἐκαλεῖτο)
1525 2612 1824 2683 τυγχάνου-

229 2723 339 2760 σιν.
372 2705 539 2760 Κατὰ
563 2705 625 2759 τὸ
655 2695 938 2776 εύώνυμον
968 2706 1026 2759 δὲ
1057 2706 1246 2778 μέρος,
1286 2705 1362 2770 ὡς
1392 2705 1530 2777 πρὸς
1559 2695 1824 2770 ἀνατολὰς

227 2799 327 2853 τοῦ
353 2796 564 2868 Σίγμα,
596 2797 783 2869 ἕτερός
806 2815 891 2862 τις
920 2796 1193 2868 τρίκλινος
1217 2797 1531 2869 ἐξήρτηται,
1560 2797 1618 2861 ὃς
1644 2798 1825 2866 Ἔρως

233 2890 337 2960 μὲν
368 2887 763 2961 ἐπικέκληται,
808 2889 1086 2961 ὁπλοθήκη
1131 2889 1188 2944 δὲ
1230 2888 1380 2961 αὐτῷ
1433 2889 1822 2962 ἐχρημάτιζεν.

245 2980 538 3038 Ἐντεῦθεν
573 2983 673 3036 οὐκ
697 2981 826 3038 ἄλλο
872 2995 926 3034 τι
962 2981 996 3054 ἢ
1047 2981 1410 3053 ἱστορημένοις
1454 2982 1682 3047 ἀσπίδας
1732 2983 1826 3036 καὶ

1926 489 2022 556 lio,
2049 505 2151 546 nec
2203 493 2355 560 prius
2410 494 2689 564 surgebat,
2731 504 2789 550 ut
2831 494 2986 550 libris
3037 495 3229 552 bellica
3275 497 3502 567 ipsaque

1926 579 2322 652 imperatorum
2397 585 2701 642 domestica
2779 587 3188 643 continentibus
3235 595 3500 646 statutum

1925 683 2030 740 est,
2082 690 2246 746 quam
2304 677 2813 746 gesticulationibus
2861 678 3130 749 ejusmodi
3189 679 3502 748 civiumque

1927 765 2169 835 tripudio
2193 767 2498 823 delectatus
2514 779 2681 825 esset.
2718 770 2796 825 Ita
2825 770 2959 836 haec,
2992 771 3156 840 inque
3186 786 3310 826 eum
3341 786 3500 828 nsunt

1924 871 1954 912 a
1984 856 2286 928 TlteOphilo
2307 867 2607 914 exstructa.
2633 858 2810 914 Tanto
2857 869 3037 914 autem
3073 861 3266 914 horum
3316 876 3503 916 amore

1924 951 2232 1017 tenebatur,
2259 960 2320 1006 ut
2347 960 2644 1006 consuetas
2672 967 2964 1006 causarum
2995 952 3117 1006 lites
3149 952 3202 1005 in
3233 950 3502 1005 Triueon-

1925 1043 2030 1098 cbo
2067 1043 2186 1115 ipso
2215 1043 2495 1099 dirimeret
2516 1053 2570 1099 et
2591 1042 2836 1114 quotidie
2856 1042 2922 1098 ad
2947 1043 3122 1114 ipsum
3148 1044 3498 1113 procederet:

1924 1141 2013 1196 cui
2045 1140 2207 1194 etiam
2270 1153 2302 1194 a
2355 1137 2535 1194 fronte
2584 1146 2758 1209 porta:
2785 1120 3055 1208 argentea!
3092 1135 3250 1212 143
3271 1137 3505 1196 sublime

1923 1241 2163 1302 quatuor
2204 1230 2479 1294 columnis
2531 1229 2838 1285 Thessalici
2887 1229 3201 1292 marmoris,
3245 1229 3390 1299 quod
3421 1239 3506 1288 est

1926 1323 2120 1386 viride,
2175 1332 2394 1404 tectum.
2427 1319 2695 1378 imminet.
2734 1319 2777 1373 E
2817 1320 3046 1390 regione
3075 1327 3256 1374 autem
3283 1319 3433 1376 illius
3455 1328 3509 1382 et

1925 1433 1956 1472 a
1987 1425 2159 1485 tergo.
2188 1415 2331 1470 haud
2355 1413 2545 1483 procul
2571 1412 2640 1467 ab
2672 1412 2740 1468 iis
2772 1427 2913 1482 quos
2955 1411 3196 1467 diximus
3225 1410 3505 1481 gradibus,

1926 1505 1992 1559 ad
2054 1505 2238 1574 Sigma
2295 1501 2685 1558 occidentalem
2723 1509 2956 1570 partem,
3000 1515 3122 1569 qua:
3152 1507 3372 1555 exstant
3402 1499 3504 1554 tri-

1924 1597 2113 1661 clinia,
2150 1595 2459 1666 Theophila
2489 1603 2719 1649 auctore
2759 1599 2888 1647 sunt
2933 1597 3238 1646 exstructa.
3291 1588 3510 1662 Pyxites

1924 1704 2125 1745 nomen
2162 1689 2252 1744 nni
2294 1703 2360 1742 ac
2391 1685 2641 1742 infcriori
2683 1702 2698 1741 :
2749 1684 3010 1750 alterum,
3054 1683 3200 1753 quod
3229 1689 3312 1737 cst
3339 1696 3505 1752 supe—

1924 1783 2058 1848 rius,
2101 1789 2253 1836 caret
2282 1780 2524 1843 nomine,
2563 1778 2616 1832 in
2669 1791 2781 1847 quo
2839 1775 3006 1829 etiam
3042 1773 3268 1843 palatini
3320 1771 3510 1836 clerici

1922 1872 2111 1928 vestiri
2139 1871 2338 1927 solent.
2363 1869 2445 1924 Ad
2467 1865 2834 1941 Pyxitislatus
2859 1861 3114 1933 insculpti
3135 1869 3267 1917 sunt
3292 1875 3509 1941 versus,

1924 1965 2186 2036 Stephani
2220 1979 2250 2018 a
2282 1961 2509 2019 secretis
2550 1959 2840 2030 Capetoliti
2895 1971 3028 2012 vena
3051 1955 3299 2023 produc-ti
3346 1969 3358 2004 :
3407 1952 3503 2024 qui

1922 2065 2106 2114 autem
2165 2055 2221 2110 in
2273 2052 2460 2123 Sigma
2519 2051 2734 2124 porticu
2780 2058 2998 2105 exstant
3044 2045 3273 2112 exarati,
3312 2042 3507 2116 lgnatii

1923 2150 2003 2208 sic
2033 2146 2341 2220 nuncupati
2370 2144 2698 2202 universalis
2753 2139 3020 2214 magistri,
3053 2139 3258 2210 ingenii
3305 2151 3509 2194 monu—

1924 2249 2105 2296 menta
2135 2248 2285 2295 sunt.
2310 2237 2390 2292 Ad
2423 2237 2616 2292 laevum
2653 2235 2818 2300 latus,
2838 2233 2987 2288 velut
3017 2231 3082 2286 ad
3119 2231 3307 2300 Sigma
3328 2230 3513 2284 orien-

1923 2331 2087 2387 talem
2129 2340 2363 2402 partem,
2394 2327 2542 2384 aliud
2574 2325 2852 2398 quoddam
2887 2323 3186 2378 triclinium
3235 2322 3509 2386 imminet,

1923 2429 2294 2494 cognomento
2331 2419 2510 2487 Eros;
2556 2417 2705 2488 quod
2743 2415 2818 2471 illi
2848 2428 3131 2472 armorum
3166 2427 3342 2484 penus
3370 2420 3512 2466 erat.

1923 2493 2063 2568 Ilinc
2095 2527 2204 2567 non
2223 2508 2371 2566 aliud
2404 2509 2528 2581 quis
2560 2507 2616 2562 in
2655 2522 2721 2563 eo
2747 2493 3112 2576 videatquam
3145 2504 3364 2574 clypeos
3395 2515 3515 2556 om-

1924 2606 2122 2676 nisque
2150 2603 2369 2675 generis
2398 2615 2552 2656 arma
2609 2599 2662 2655 in
2718 2597 3022 2669 parietibus
3062 2595 3298 2666 depicta,
3343 2590 3514 2662 inque

1927 2697 2054 2765 illis,
2113 2704 2175 2751 ut
2226 2710 2326 2766 par
2379 2701 2485 2761 est,
2527 2691 2804 2762 coloribus
2842 2703 3123 2758 manuque
3164 2701 3228 2741 ac
3257 2681 3514 2756 penicillo

1925 2802 2203 2859 expressa.
2235 2787 2400 2858 inque
2429 2800 2560 2842 eum
2615 2783 2838 2841 modum
2897 2797 2928 2838 a
2971 2773 3284 2837 Triconcho
3309 2776 3376 2832 ad
3411 2791 3515 2831 oe-

1927 2881 2121 2938 ciduas
2150 2895 2326 2952 usque
2348 2888 2532 2950 partes
2585 2878 2850 2934 excitatas
2896 2873 2966 2929 ibi
2995 2873 3139 2929 mdes
3188 2871 3350 2926 liceat
3378 2884 3517 2924 eon-

1928 2977 2141 3052 spicere
2167 2992 2182 3032 :
2208 2976 2274 3032 ad
2301 2975 2568 3030 orientem
2600 2984 2786 3028 autem
2810 2969 2974 3026 etiam
3017 2967 3202 3023 rideas
3227 2980 3389 3035 quam
3421 2978 3519 3019 vo-

229 3075 380 3130 ὅπλα
413 3076 650 3128 παντοῖα
686 3075 782 3128 ἴδοι
830 3090 914 3138 τις
958 3076 1016 3129 ὲν
1073 3073 1244 3145 αὐτῷ,
1293 3074 1389 3130 καὶ
1431 3074 1658 3138 ταύταις
1701 3075 1827 3138 τοὺς

1930 3077 2056 3128 cant
2085 3066 2463 3139 Margaritam.
2506 3063 2605 3120 Est
2653 3071 2834 3118 autem
2872 3061 2964 3116 illa
2996 3057 3295 3116 triclinium
3333 3071 3365 3109 a
3388 3053 3517 3108 fnu-

230 3169 453 3240 τοίχους
488 3166 992 3240 διαμορφουμένας,
1021 3167 1096 3232 ὡς
1125 3168 1184 3222 τὸ
1208 3167 1373 3231 εἰκός.
1406 3167 1515 3222 Καὶ
1537 3168 1604 3221 τὰ
1637 3168 1738 3237 μὲν
1768 3169 1827 3235 ἐξ

1930 3159 2199 3216 damentis
2222 3175 2253 3214 a
2277 3156 2582 3229 TheOphilo
2630 3156 2957 3218 excitatum,
2997 3150 3156 3226 cujus
3185 3156 3390 3205 tectum
3422 3159 3518 3200 co-

233 3258 406 3314 αὗτοῦ
457 3255 554 3313 τοῦ
604 3259 913 3332 Τρικόγχου
967 3260 1095 3330 ἄχρι
1139 3259 1204 3332 δὴ
1242 3258 1348 3315 τῶν
1399 3260 1622 3330 δυσμῶν
1658 3260 1828 3322 οὕτως

232 3351 451 3407 ινεστιν
485 3353 617 3406 ἰδεῖν
645 3353 770 3418 τοὺς
795 3352 1271 3424 ἁνεγηγερμένους
1293 3352 1474 3416 οἴκους
1506 3355 1622 3406 ἐκεῖ
1640 3369 1653 3385 ο
1687 3353 1827 3407 κατᾶ

233 3445 290 3499 δὲ
325 3445 391 3500 τὸ
418 3444 561 3516 πῷς
588 3445 857 3510 ἀνατολὰς
881 3444 1048 3516 μέρος
1084 3445 1210 3509 ἴδοις
1239 3444 1338 3516 μὲν
1365 3445 1458 3498 καὶ
1478 3445 1572 3499 τὸν
1595 3447 1830 3516 Μαργα-

237 3537 400 3610 ρίτην
434 3535 523 3611 [Ρ.
553 3535 646 3610 89]
673 3537 1236 3610 προσαγορευόμενον.
1271 3535 1554 3606 Τρίκλινος
1581 3529 1736 3601 οὗτος
1765 3538 1830 3590 ὲκ

235 3631 463 3706 βάθρων
493 3631 568 3700 τῷ
590 3631 832 3704 Θεοφίλῳ
858 3630 1171 3702 ἀνεστηκὼς
1195 3631 1261 3696 ⁸⁸,
1284 3629 1340 3696 ὃς
1362 3629 1505 3685 ὀκτὼ
1529 3630 1629 3702 μὲν
1658 3631 1830 3688 κίοσιν

237 3725 637 3794 ῥοδοποικίλοις
666 3725 757 3779 τὸν
785 3725 982 3796 ὄροφον
1013 3725 1350 3797 στηρίζεται,
1379 3726 1508 3789 τοὺς
1534 3725 1746 3795 τοίχους
1773 3725 1830 3779 δὲ

233 3816 405 3882 ζώοις
451 3816 909 3888 πεποικιλμένους
962 3816 1317 3880 παντοδαπῶς
1352 3818 1447 3872 καὶ
1471 3819 1514 3851 ⁵⁰
1547 3817 1606 3870 τὸ
1637 3818 1831 3888 ἔδαφος

238 3909 360 3982 ἔχει
405 3911 474 3964 ἐκ
515 3908 942 3982 Προικοννησίου
999 3907 1148 3964 λίθου
1205 3908 1301 3963 καὶ
1355 3911 1634 3980 συγκοπῆς
1686 3910 1832 3965 ἅπαν

241 4003 724 4075 κατεστρωμένον.
764 4002 923 4064 Ἰδοις
960 4002 1017 4055 δὲ.
1050 4003 1146 4056 καὶ
1175 4001 1269 4055 τοῦ
1301 4002 1358 4056 ὲν
1393 4001 1542 4073 αὐτῷ
1575 4001 1832 4062 κοιτῶνος

236 4101 305 4152 ix
346 4096 634 4167 τεσσάρων
677 4096 778 4167 μὲν
835 4094 1030 4150 κιόνων
1076 4093 1354 4148 Βαθυΐνων
1382 4093 1475 4154 τὸν
1519 4093 1706 4165 χρυσῷ
1732 4112 1834 4148 κα-

237 4191 539 4244 τάστικτον
579 4186 780 4240 κύκλον
825 4187 926 4258 τῆς
965 4185 1170 4258 ὀροφῆς
1220 4186 1569 4257 ἀνεχόμενον,
1607 4186 1674 4240 ἐκ
1705 4203 1832 4240 τίσω

241 4281 434 4352 cipe-av
462 4279 519 4334 δὲ
554 4278 898 4336 Θετταλικῶν
926 4279 1026 4342 τὰς
1059 4276 1222 4341 στοὰς
1256 4277 1708 4350 ἁνεγηγερμένας
1738 4276 1835 4332 καὶ

241 4370 686 4446 βασταζομένας,
723 4369 815 4424 τοῦ
861 4387 923 4424 τε
975 4367 1294 4424 ἀνατολικοῦ
1348 4373 1553 4440 μέρους
1595 4369 1691 4424 καὶ
1736 4367 1832 4423 τοῦ

1929 3252 2132 3310 lumnae
2163 3259 2288 3305 octo
2312 3247 2532 3304 Rhodio
2561 3261 2838 3303 marmore
2869 3243 3032 3298 variae
3071 3240 3301 3297 iniciunt
3331 3257 3345 3294 :
3370 3236 3516 3293 muri

1930 3341 2110 3400 omnis
2132 3341 2348 3414 generis
2373 3339 2540 3412 pictis
2557 3337 2888 3393 animalibus
2914 3333 3196 3404 variegati,
3227 3330 3516 3402 pavimen-

1932 3443 2046 3490 tum
2080 3450 2243 3491 omne
2302 3430 2716 3504 Prceconuesio.
2740 3438 2974 3485 stratum
3008 3425 3188 3497 lapide
3231 3432 3285 3478 et
3318 3421 3516 3478 tessel-

1933 3529 2126 3584 latum.
2198 3526 2396 3603 Videre
2441 3525 2606 3581 etiam
2659 3522 2788 3580 licet
2833 3517 3021 3578 orbem
3079 3517 3240 3590 1M
3284 3531 3517 3579 camera:

1932 3621 2169 3678 cubiculi
2207 3619 2352 3692 quod
2395 3617 2508 3674 illic
2546 3625 2651 3682 est,
2685 3630 2821 3671 auro
2852 3613 3168 3669 distinctum
3197 3618 3250 3664 ct
3283 3616 3518 3678 quatuor

1934 3714 2206 3774 columnis
2251 3709 2538 3767 Bathuinis
2567 3709 3149 3778 suﬂultum;qnatuor
3190 3702 3317 3756 item
3347 3698 3518 3755 Thes-

1934 3807 2123 3863 salicis
2171 3812 2506 3862 sustentatas
2555 3803 2823 3871 porticus,
2859 3809 2971 3856 tum
3018 3795 3302 3853 orientalis
3333 3793 3521 3849 lateris

1935 3906 2049 3954 tum
2077 3894 2396 3952 meridialis.
2454 3891 2589 3963 Ejus
2625 3891 2861 3964 parietes
2904 3897 2959 3944 et
3003 3889 3380 3956 pavimentum
3411 3899 3525 3956 ma-

1935 3987 2133 4059 gniﬁce
2162 3993 2334 4041 strata
2367 3983 2594 4054 perinde
2627 3997 2694 4038 ac
2719 3979 3047 4052 Margaritre.
3094 3977 3429 4032 Versabatur
3469 3975 3522 4050 iu

1935 4096 2001 4137 eo
2038 4076 2295 4135 cubiculo
2339 4075 2678 4147 Theophilus
2729 4073 2798 4130 ab
2850 4070 3182 4144 aequinoctio
3242 4084 3410 4125 verno
3455 4067 3523 4124 ad

1935 4170 2324 4244 aequinoctium
2367 4166 2689 4224 autumnale
2753 4182 2818 4223 ac
2871 4165 3153 4236 deinceps.
3182 4161 3304 4218 Jam
3339 4170 3522 4216 autem

1937 4269 2224 4334 appetente
2249 4257 2471 4314 hiemali
2529 4257 2768 4314 solstitio
2810 4256 2877 4311 ad
2933 4255 3081 4311 aliud
3122 4251 3438 4309 cubiculum
3472 4252 3524 4304 in

1936 4353 2157 4412 Cariani
2183 4351 2422 4408 triclinio
2437 4350 2804 4416 commeabat,
2823 4350 2967 4420 quod
2989 4350 3104 4420 ipse
3121 4355 3525 4408 construxerat;

241 4429 817 4532 μεσημνόρινοῦῖτοὺς
853 4460 1067 4533 τοίχους
1093 4459 1153 4514 δὲ
1188 4460 1282 4514 καὶ
1320 4429 1382 4514 τδ
1410 4429 1606 4529 έδαιρος
1631 4460 1827 4532 ὁμοίως

1943 4449 1995 4504 iu
2017 4463 2126 4520 quo
2150 4447 2219 4503 ab
2248 4444 2577 4501 australium
2607 4451 2898 4498 ventorum
2939 4436 3439 4499 vehementioribus
3471 4451 3529 4490 se

238 4556 363 4612 τοῖς
420 4553 782 4624 Μαργαρίτου
843 4551 1270 4624 κατεστρωμένα
1317 4549 1611 4624 λαμπρῶς.
1666 4546 1838 4618 Οὗτος

244 4645 355 4711 μὲν
373 4646 399 4697 ὁ
432 4643 629 4698 κοιτὼν
657 4641 805 4716 εἶχεν
845 4645 903 4701 ὲν
931 4641 1109 4715 ἐαυτῷ
1135 4641 1490 4714 διαιτώμενον
1522 4642 1614 4698 τὸν
1639 4643 1837 4716 Θεόφι-

238 4736 344 4788 λον
376 4735 484 4788 ἀπὸ
512 4735 614 4805 τῆς
645 4738 866 4809 ἐαρινῆς
894 4733 1240 4806 μεσημερίας
1271 4735 1314 4768 ⁵¹
1357 4733 1524 4806 μέχρι
1556 4735 1654 4810 τῆς
1711 4752 1839 4806 μετ-

240 4827 528 4900 οπωρινῆς
549 4829 596 4861 ⁸¹
624 4827 720 4882 καὶ
748 4824 904 4888 αὖθις
926 4843 939 4857 ·
970 4826 1098 4898 ἄρτι
1127 4827 1183 4881 δὲ
1212 4826 1311 4898 τῆς
1342 4828 1660 4901 χειμερινῆς
1689 4845 1840 4898 γειτ-

241 4918 544 4990 νιαζούσης
583 4918 794 4992 τροπῆς
839 4917 992 4978 κατὰ
1023 4919 1115 4972 τὸν
1147 4917 1306 4972 ἄλλον
1353 4917 1691 4991 μετῳκίζετο
1725 4935 1840 4974 κοι-

242 5012 398 5064 ττῖλνα
431 5011 524 5064 τὸν
575 5010 719 5063 κατὰ
749 5007 842 5062 τὸν
880 5007 1154 5081 Καριανδν
1194 5006 1489 5078 τρίκλινον,
1538 5009 1633 5062 καὶ
1674 5007 1840 5064 αὐτὸν

243 5102 351 5157 ὑπ’
373 5103 584 5158 ὶκείνου
607 5101 1028 5174 ᾠκοδομημένον
1052 5099 1140 5155 διὰ
1167 5099 1262 5162 τὰς
1291 5099 1401 5152 τῶν
1425 5099 1592 5152 νότων
1622 5099 1842 5171 ἰσχυρο-

241 5195 420 5266 τέρας
449 5196 546 5250 καὶ
576 5192 890 5264 βιαιοτέρας
918 5191 1085 5255 πνοάς
1113 5205 1128 5220 ο
1153 5189 1181 5243 ὃ
1209 5190 1303 5244 καὶ
1327 5188 1422 5243 νῦν
1455 5189 1549 5243 τοῦ
1585 5190 1838 5244 παππίου

245 5289 402 5340 εστιν
429 5286 559 5340 ἰδεῖν
589 5284 956 5355 καταγώγιον.
983 5283 1094 5354 Οὐχ
1116 5275 1278 5355 ἦττον
1317 5281 1373 5335 δὲ
1400 5280 1626 5352 κατόψει
1656 5280 1749 5334 καὶ
1777 5281 1838 5336 τὸ

247 5381 438 5432 ἃκεῖσε
470 5378 536 5449 δὴ
565 5377 792 5450 ἡλιακὸν
826 5375 919 5430 ὑπ’
946 5374 1154 5430 ἐκείνου
1189 5373 1668 5445 καταϐεϐλημένον
1696 5375 1839 5429 κατὰ

246 5470 550 5539 πρόσωπον
574 5468 671 5522 τοῦ
695 5467 887 5540 βορρᾶ,
919 5467 980 5536 ἐξ
1009 5461 1068 5523 οὗ
1097 5465 1162 5538 δὴ
1188 5465 1369 5537 ὠρᾶτο
1396 5465 1490 5519 καὶ
1521 5465 1582 5518 τὸ
1607 5465 1839 5520 παλαιὸν

1937 4545 2264 4612 protegeret.
2293 4533 2624 4590 Cubiculum
2670 4532 2772 4588 hoc
2801 4546 2947 4586 nunc
2979 4529 3153 4601 papia:
3180 4523 3524 4583 domicilium

1935 4643 2039 4691 est.
2069 4631 2179 4688 Nec
2207 4631 2390 4686 minus
2420 4625 2655 4691 videbis,
2680 4622 2830 4696 quod
2863 4623 2973 4678 illic
2989 4628 3186 4687 exstat,
3215 4619 3295 4675 sic
3321 4617 3527 4673 dictqu

1940 4726 2130 4782 Solare
2155 4724 2224 4779 ab
2254 4737 2320 4779 eo
2353 4719 2421 4776 ad
2449 4717 2766 4791 aquilonem
2799 4713 3086 4771 fundatum
3112 4728 3127 4777 ;
3160 4726 3226 4766 cx
3265 4723 3375 4779 quo
3397 4721 3529 4764 con-

1939 4817 2296 4889 spiciebatur,
2333 4812 2482 4884 quod
2529 4820 2664 4866 tunc
2696 4807 2808 4862 illic
2851 4814 2992 4872 erat,
3019 4812 3180 4860 vetns
3215 4798 3530 4873 Sphaeriste-

1937 4910 2107 4975 rium,
2139 4904 2231 4961 ubi
2262 4911 2318 4959 et
2345 4917 2484 4957 nova
2517 4906 2798 4954 exstructa
2841 4895 3072 4951 ecclesia
3098 4911 3114 4959 ;
3139 4902 3378 4962 suntque
3409 4891 3532 4946 duae

1937 5003 2131 5077 phialae
2155 5009 2211 5056 et
2247 4998 2438 5052 hortus
2459 4992 2712 5058 interior,
2753 4992 2821 5046 ab
2867 4989 3085 5062 inclytae
3113 4985 3395 5043 memoriae
3430 4983 3530 5037 Ba-

1939 5075 2064 5152 silio
2112 5093 2438 5160 imperatore
2494 5084 2706 5141 eﬂ‘ecta.
2781 5079 2848 5136 Et
2925 5082 3142 5154 quidem
3194 5079 3261 5133 ad
3315 5075 3528 5146 plagam

1939 5185 2262 5245 orientalem
2312 5182 2427 5236 haec
2467 5187 2598 5236 sunt
2654 5175 2775 5248 ejus
2798 5175 3026 5231 aedilicia
3085 5190 3098 5228 :
3152 5171 3218 5226 ad
3281 5173 3529 5220 austrum

1945 5293 2097 5344 vero,
2145 5272 2425 5346 productis
2471 5271 2712 5340 primum
2763 5266 3068 5328 Soiaribns,
3127 5262 3202 5318 uti
3273 5260 3531 5327 superius

1947 5373 2205 5436 diximus,
2259 5367 2564 5438 hortisque.
2613 5365 2706 5434 qui
2770 5377 2917 5416 nunc
2973 5368 3123 5425 sunt,
3193 5354 3527 5418 constitutis,

1951 5472 2214 5535 praetcrea
2241 5459 2405 5514 etiam
2437 5455 2689 5512 cubicula
2729 5449 3030 5516 exstruxit,
3075 5447 3220 5519 quod
3260 5443 3527 5512 Camilam

244 5563 763 5634 τζουκανιστήριον,
813 5563 993 5616 ἐκεῖσε
1035 5558 1333 5632 τηνικαῦτα
1379 5559 1670 5631 τυγχάνον,
1723 5561 1827 5614 ἔνθε

1957 5565 2177 5616 Vocant,
2218 5554 2561 5620 alterumque
2604 5546 2682 5601 illi
2732 5545 3004 5611 ricinum;
3033 5540 3286 5614 quodque
3331 5540 3528 5593 iterum

1564 5651 1796 5711 νᾹΒΙέΕ
1829 5648 2122 5710 ΜέσπιοΝ
2134 5648 2233 5701 ES.

330 5747 375 5781 ”
406 5746 554 5820 καθ’]
587 5747 706 5819 μεθ’
730 5747 789 5804 Ρ.
869 5749 911 5783 δ’
939 5745 1243 5817 ἐνεστηκώς
1267 5763 1278 5776 ·
1301 5746 1332 5800 ὃ
1359 5745 1401 5802 I‘
1495 5750 1545 5781 ⁸⁸
1566 5747 1661 5803 καὶ
1694 5765 1804 5804 om.
1834 5747 1889 5801 Ρ.
1969 5744 2010 5776 ⁸⁸
2046 5739 2376 5813 ἰσημερίαςῖ
2451 5736 2498 5768 ⁸⁹
2527 5729 2910 5806 μετοπωρινῆς
2943 5729 3000 5784 Γ·
