4038 6214
493 256 595 324 159

1570 247 2076 313 THEOPBANES
2111 244 2667 308 CONTINUATUS.

3650 204 3754 307 nso

488 382 657 439 prope
696 366 825 423 illud
855 363 1047 421 ordine
1074 360 1294 418 tertium
1321 368 1405 415 est
1442 377 1456 413 :
1490 374 1554 413 ac
1599 357 1762 412 modo
1804 354 2062 425 Angusta

2191 355 2257 408 :a’t
2291 356 2322 424 ή
2351 353 2467 407 Νὲα
2483 354 2729 407 ἔκτισται
2758 338 3057 423 Ἐκκλησία
3089 349 3184 405 καὶ
3202 350 3258 403 al
3286 346 3380 404 δύο
3396 350 3577 419 φιάλαι
3608 353 3752 406 τίσιν

488 463 720 516 vestium
776 473 949 528 penus
980 456 1105 527 (hoc
1151 463 1232 508 est
1260 451 1604 521 vestiarium)
1653 459 1758 505 est.
1797 450 2066 503 Caeterum

491 549 753 615 Camilas,
813 548 894 603 sic
953 547 1158 602 dictum
1216 542 1554 608 cubiculum,
1597 549 1802 595 tectum
1845 538 2066 606 quidem

492 640 655 697 habet
683 654 820 695 auro
848 639 1187 701 distinctum,
1226 635 1372 706 quod
1396 634 1667 690 columna:
1697 648 1791 687 sex
1830 628 2069 686 Thessa-

493 734 581 789 lici
609 733 801 802 lapidis
846 732 972 799 (hoc
996 739 1080 785 est
1109 727 1323 796 viridis)
1364 726 1600 782 sublime
1632 723 1789 797 155
1817 722 2067 779 lulciunt.

495 824 767 880 Parietum
807 822 1098 878 inferiores
1137 821 1357 891 quidem
1391 827 1576 890 partes
1608 817 1882 873 similibus
1928 831 2074 870 mar-

495 918 697 973 moreis
755 915 962 971 crustis
1013 920 1311 969 constratae
1372 919 1540 977 sunt;
1593 908 1906 979 superiores
1942 921 2073 962 vero

493 1010 754 1066 exhibent
780 1014 991 1063 statuas
1019 1004 1287 1076 quasdam
1317 1019 1385 1059 ex
1421 1000 1657 1058 tessellis
1711 1000 2071 1069 compositas,

490 1121 610 1175 quae
640 1119 799 1174 poma
851 1102 1172 1170 decerpunt.
1228 1098 1497 1153 Pmterea
1543 1110 1673 1150 vero
1712 1094 1880 1149 etiam
1921 1093 2075 1163 pavi-

494 1205 737 1249 mentum
768 1209 832 1248 ex
874 1191 1261 1248 Prmconnesio
1292 1188 1468 1258 lapide
1506 1197 1757 1243 stratum.
1787 1185 1903 1241 Una
1937 1202 2076 1255 qun-

494 1304 600 1357 que
628 1296 967 1343 exstructum
1003 1284 1328 1347 oratorium,
1382 1282 1492 1335 duo
1522 1280 1810 1336 continens
1860 1279 2075 1343 altaria,

495 1384 727 1433 alterum
755 1378 1112 1433 sanctissima
1158 1375 1246 1430 Dei
1273 1374 1565 1430 Gcnitricis
1584 1373 1821 1438 nomine,
1846 1372 2077 1427 alterum

498 1471 783 1525 Michaelis
814 1469 1077 1539 principis
1126 1466 1366 1522 cmleslis
1416 1466 1645 1529 militiae,
1705 1465 1986 1534 subjectus
2030 1465 2078 1519 ei

497 1565 710 1627 xystus,
746 1572 839 1626 per
865 1557 1096 1609 clatrum
1158 1568 1527 1610 marmoreum
1560 1555 1613 1609 in
1659 1556 1950 1611 triclinium
1974 1553 2080 1610 Au.

498 1648 652 1703 reum
726 1656 1039 1718 aspectans,
1070 1645 1413 1702 bibliotheca:
1434 1647 1558 1702 usui
1586 1646 1841 1704 addictus
1876 1646 2082 1705 aCltri—

2171 445 2267 500 καὶ
2290 446 2352 499 τὸ
2384 446 2722 515 μεσοκήπιον
2748 444 2854 498 ὑπὸ
2888 442 3166 497 Βασιλείου
3191 441 3285 496 τοῦ
3318 442 3563 513 ἀοιδίμου
3591 445 3753 511 γενό-

2173 555 2311 609 μενα
2342 536 2629 608 βασιλέως.
2665 538 2775 590 Καὶ
2814 536 2950 607 πρὸς
3000 536 3098 606 μὲν
3127 535 3188 589 τὸ
3230 535 3549 590 ἀνατολικὸν
3586 536 3755 609 μέρος

2171 624 2331 684 αὗται
2360 629 2522 683 αὑτοῦ
2544 629 2600 682 αί
2630 628 2914 698 οἰκοδομαί
2928 643 2939 656 ·
2972 627 3107 699 πρὸς
3140 628 3199 681 δὲ
3229 627 3320 682 τὸν
3355 628 3509 681 νότον
3537 629 3757 701 πρῶτον

2176 724 2275 791 μὲν
2307 722 2446 777 αὐτὰ
2476 723 2543 776 τὰ
2593 721 2792 794 ἡλιακὰ
2843 721 3152 793 προτείνας,
3184 720 3261 784 ὡς
3303 722 3435 792 ἡμῖν
3487 720 3756 796 πρότερον

2173 816 2410 887 εἴρηται,
2459 816 2554 869 καὶ
2600 816 2727 879 τοὺς
2766 814 2862 869 νῦν
2907 814 3065 878 ὄντας
3106 815 3319 886 κήπους
3367 816 3600 883 ποιήσας
3630 833 3753 870 κου-

2176 908 2432 963 ϐούκλεια
2461 908 2881 979 προσεδείματο,
2911 907 3003 961 τόν
3039 924 3098 961 τε
3134 906 3389 978 Καμιλᾶν
3424 907 3567 962 οὕτω
3600 906 3762 976 λεγό-

2179 1019 2337 1073 μενον
2364 1002 2456 1055 καὶ
2486 1001 2548 1055 τὸ
2586 1001 2813 1072 πλησίον
2852 1001 3061 1055 ἐκείνου
3095 999 3475 1054 κουὸούκλειον
3503 1001 3764 1070 δεύτερον

2177 1094 2271 1148 καὶ
2297 1094 2359 1145 τδ
2379 1091 2567 1146 τούτου
2595 1090 2757 1145 πάλιν
2782 1091 2923 1146 κατὰ
2949 1092 3100 1157 τάξιν
3124 1090 3352 1162 πλησίον
3376 1093 3580 1162 τρίτον,
3606 1094 3635 1146 ὃ
3664 1095 3765 1147 καὶ

2177 1184 2272 1239 νῦν
2298 1184 2395 1253 τῆς
2427 1183 2741 1254 Δῦγούστης
2774 1182 2890 1236 ἐστὶ
2916 1182 3244 1255 βεστιάριον.
3293 1183 3429 1237 Ἀλλ’
3454 1184 3482 1238 ὁ
3514 1185 3615 1255 μὲν
3638 1187 3764 1240 Κα-

2182 1276 2343 1347 μιλᾶς
2366 1275 2426 1342 ἓξ
2454 1275 2629 1330 κίοσιν
2671 1278 2736 1330 ἐκ
2772 1275 3099 1330 Θετταλικοῦ
3144 1275 3318 1342 λίθου,
3356 1276 3451 1330 τοῦ
3492 1277 3585 1331 καὶ
3610 1295 3766 1349 πρα-

2180 1370 2351 1435 σίνου,
2372 1369 2473 1440 τὴν
2491 1369 3022 1439 χρυσοκατάστικτον
3040 1368 3244 1442 ὀροφὴν
3268 1371 3766 1441 μετεωριζόμενος,

2180 1460 2289 1516 τῶν
2320 1462 2382 1515 δὲ
2406 1462 2602 1532 τοίχων
2634 1463 2703 1517 τὰ
2742 1462 2892 1517 κάτω
2952 1462 3051 1531 μὲν
3100 1462 3239 1533 ἔχων
3290 1462 3349 1527 ἐξ
3391 1462 3601 1534 ὁμοίων
3627 1481 3768 1518 κατε

2183 1552 2503 1623 εστρωμένα
2532 1551 2779 1618 πλακῶν,
2806 1551 2877 1605 τὰ
2904 1551 2953 1605 δ’
2979 1552 3093 1607 ἄνω
3118 1555 3182 1607 ὲκ
3212 1553 3569 1624 χρυσοαυγῶν
3596 1554 3772 1627 ψηφί-

2183 1646 2289 1699 δων
2320 1645 2614 1716 ἀγάλματά
2660 1662 2779 1700 τινα
2817 1646 3107 1717 τρυγῶντα
3147 1647 3413 1719 καρποὺς,
3459 1647 3539 1700 ἔτι
3577 1648 3634 1701 δὲ
3672 1647 3773 1701 καὶ

499 1741 569 1795 sti
608 1750 828 1795 amante
880 1738 1242 1794 Constantino
1305 1738 1856 1811 Porphyrogenneto;
1921 1741 2078 1810 cujus

2191 1737 2444 1808 τοῦδαφος
2473 1741 2536 1791 ὲκ
2562 1737 2724 1793 λίθων
2755 1738 3214 1810 Προικοννησίων,
3247 1738 3775 1810 συνῳκοδομημένον

498 1846 695 1887 rursus
717 1829 1062 1885 cmnaculum
1096 1828 1333 1899 parietes
1356 1829 1575 1898 quidem
1614 1844 1679 1883 ex
1709 1827 1981 1884 Batbuino
2011 1828 2081 1882 la-

500 1922 625 1995 pide
670 1921 982 1991 splendidos
1029 1920 1211 1987 habet,
1243 1922 1613 1991 pavimentum
1653 1934 1786 1975 vero
1832 1935 1993 1975 omne
2013 1936 2077 1975 ex

502 2014 793 2071 tessellulis
818 2014 1142 2068 marmoreis
1164 2013 1301 2067 varii
1334 2012 1537 2069 coloris
1574 2012 1935 2082 compositum
1975 2023 2078 2068 est.

504 2106 659 2175 Quod
686 2106 946 2162 Camilam
974 2106 1222 2178 sequitur
1250 2106 1481 2161 alterum
1508 2104 1845 2166 cubiculum.
1876 2114 2077 2161 tectum

504 2201 677 2273 priori
725 2201 903 2257 simile
960 2199 1142 2265 habet,
1184 2198 1485 2255 Dociminis
1524 2205 1761 2271 quatuor
1812 2198 2082 2254 columnis

506 2290 825 2359 subnixum,
856 2294 1228 2364 pavimentum
1287 2292 1678 2348 Prmconnesio
1726 2299 1964 2348 stratum
1996 2292 2081 2347 la-

504 2386 651 2456 pide.
721 2385 997 2441 Parietum
1062 2400 1243 2441 aerem
1301 2383 1615 2455 (inferiores
1641 2385 1848 2440 scilicet
1878 2384 2082 2455 partes)

508 2475 967 2547 quemadmodum
997 2476 1238 2546 primum
1283 2474 1599 2530 cubiculum
1634 2475 1815 2530 aureis
1852 2476 2085 2531 tessellis

509 2570 713 2640 ubique
740 2578 1063 2625 exornatum
1107 2567 1309 2623 habet:
1341 2568 1614 2638 reliquum
1656 2582 1803 2631 vero,
1836 2566 1927 2621 ubi
1954 2566 2084 2621 dell-

509 2662 658 2715 ciunt
713 2659 1021 2725 tessellnlaz,
1071 2660 1297 2714 arbores
1323 2659 1571 2728 quaedam
1618 2657 2087 2728 versicolorcsque

510 2754 695 2826 ﬁgurae
718 2754 944 2825 implent
965 2768 1029 2807 ex
1055 2751 1285 2807 Prasino
1303 2766 1593 2806 marmore.
1619 2750 1755 2806 lluic
1782 2751 2083 2820 subjectum

511 2847 845 2913 cubiculum,
873 2844 1015 2916 quod
1045 2852 1099 2900 et
1128 2844 1338 2900 medius
1365 2854 1552 2914 xystus
1583 2860 1678 2898 seu
1708 2844 2084 2899 ambulacrum

512 2938 733 3003 dicitur,
794 2948 1134 2994 exsectorum
1185 2952 1439 3009 gynzeceo
1484 2936 1859 3007 praefectorum
1905 2937 2084 2994 domi—

2182 1827 2296 1898 ἔχει
2332 1829 2427 1882 καὶ
2459 1828 2767 1899 εὐκτήριον,
2791 1828 2887 1881 δύο
2918 1828 3170 1899 περιέχον
3199 1827 3439 1898 βήματα,
3465 1829 3524 1883 ἓν
3556 1830 3655 1899 μὲν
3688 1832 3775 1894 είς

2180 1919 2351 1989 ὄνομα
2383 1923 2481 1991 τῆς
2515 1919 2821 1991 ὑπεραγίας
2850 1920 3147 1990 Δεσποίνης
3174 1920 3439 1975 Θεοτόκου
3466 1963 3481 1987 ,
3535 1922 3663 1976 θάτε
3675 1941 3779 1993 ρον

2182 2012 2238 2066 δι
2266 2014 2347 2074 εἰς
2371 2011 2543 2083 ὄνομα
2572 2010 2666 2066 τοῦ
2697 2013 3135 2085 ἀρχιστρατήγου
3169 2013 3409 2084 Μιχαὴλ.
3458 2011 3777 2086 Ύποσεεης

2183 2104 2278 2168 κὸς
2302 2105 2359 2157 δὲ
2384 2103 2571 2158 τούτου
2619 2105 2930 2174 μεσόπατόν
2959 2107 3128 2171 ἐστιν,
3175 2105 3205 2159 ὃ
3244 2106 3344 2175 τὴν
3394 2106 3495 2177 μὲν
3536 2109 3779 2163 σκοπιὰν

2182 2195 2270 2249 διὰ
2303 2195 2652 2267 μαρμαρίνου
2687 2196 2940 2250 κλου6ίου
2989 2196 3129 2267 πρὸς
3166 2197 3260 2251 τὸν
3305 2199 3783 2271 Χρυσοτρίκ).ινον

2182 2288 2305 2358 ἕχον
2334 2289 2413 2352 είς
2448 2288 2797 2359 βιϐλιοθήκην
2827 2288 3135 2362 ἀφώρισται
3173 2291 3325 2362 παρὰ
3355 2293 3786 2347 Κωνσταντίνου

2184 2379 2279 2435 τοῦ
2313 2381 2658 2451 φιλοχρίστου
2711 2382 3229 2455 Πορφυρογεννήτου
3264 2382 3555 2454 βασιλέως·
3594 2375 3787 2458 οὗπερ

2185 2473 2246 2527 τὺ
2280 2474 2672 2545 ἀριπητὴριον
2705 2471 2859 2538 αὖθίς
2888 2477 3038 2529 ἐστιν
3071 2476 3137 2531 ὲκ
3170 2475 3334 2530 λίθων
3366 2476 3462 2547 μὲν
3493 2476 3788 2531 Βαθυῖνων

2184 2571 2311 2631 τοὶς
2342 2569 2557 2641 τοίχους
2599 2569 2723 2640 ἔχον
2759 2568 3306 2641 λελαμπρυσμένους,
3359 2569 3424 2621 ὲκ
3484 2568 3789 2636 πγκοπῶν

2186 2658 2241 2711 δὲ
2269 2661 2362 2712 καὶ
2390 2659 2662 2731 διαφόρων
2692 2663 2895 2733 χροῶν
2938 2662 2999 2715 τδ
3043 2663 3239 2732 ἔδαφος
3286 2664 3410 2717 πᾶν.
3447 2661 3533 2734 [Ρ.
3576 2660 3670 2734 90]
3707 2660 3792 2716 Τδ

2186 2750 2243 2804 δὲ
2297 2753 2437 2819 μετὰ
2477 2752 2571 2805 τὸν
2615 2754 2870 2823 Καμεὶᾶν
2917 2754 3301 2808 κουσούκλειον
3351 2754 3622 2826 δεύτερον,
3677 2755 3793 2826 τὴν

2188 2844 2391 2916 ὀροφὴν
2434 2846 2625 2917 ὁμοίαν
2652 2846 2733 2916 τῷ
2780 2848 3032 2919 προτέρῳ
3066 2846 3191 2920 ἔχον
3222 2846 3315 2902 καὶ
3357 2846 3465 2901 ὑπὸ
3493 2846 3792 2918 τεσσάρων

2190 2936 2388 2991 κιόνων
2423 2937 2817 3007 ὲστηριγμένον
2840 2939 3156 3010 δοκιμίνων,
3187 2939 3248 2993 τὸ
3289 2939 3484 3010 ἔδαφος
3514 2941 3577 2992 ἐκ
3612 2939 3791 3010 Προι-

514 3031 641 3088 cilio
672 3031 944 3086 addictum
966 3040 1070 3084 est.
1103 3029 1346 3085 Tertium
1396 3030 1650 3099 denique,
1692 3044 1798 3085 una
1842 3045 1966 3084 cum
2000 3046 2088 3086 cu-

2197 3029 2483 3097 κοννησίου
2517 3029 2665 3083 λίθου
2706 3030 3101 3102 κατέστρωται,
3136 3030 3245 3084 τῶν
3273 3031 3489 3101 τοίχων,
3535 3030 3610 3094 ὡς
3642 3032 3711 3084 τὸ
3746 3034 3793 3065 ’³

517 3124 718 3190 bicnlo,
758 3122 902 3193 quod
934 3138 1081 3177 nunc
1122 3121 1382 3191 Augustae
1432 3121 1665 3175 vestium
1705 3114 1881 3191 penus
1907 3132 1992 3177 est
2018 3123 2093 3193 (id

515 3225 599 3270 est
626 3213 992 3284 vestiarium),
1025 3213 1207 3268 simile
1236 3213 1320 3269 bis
1359 3220 1560 3271 tectum
1600 3212 1782 3267 habet.
1811 3212 2099 3270 Pavimen-

518 3314 634 3361 tum
665 3304 902 3360 candido
941 3304 1122 3375 lapide
1156 3302 1546 3359 Praeconnesio
1566 3314 1830 3367 stratum:
1867 3308 2100 3377 parietes

518 3414 729 3465 omnes,
765 3413 872 3452 non
912 3406 1039 3452 tunc
1091 3397 1309 3467 quidem
1366 3396 1526 3467 146
1577 3398 1670 3451 sed
1734 3407 1944 3467 postea,
1998 3399 2098 3453 Mi-

519 3490 709 3545 chaele
738 3488 1025 3558 Theophili
1069 3488 1181 3542 tilio
1245 3489 1598 3557 imperatore,
1656 3490 1819 3559 pictis
1848 3491 2104 3562 imagini-

523 3581 627 3636 bus
671 3580 883 3649 egregie
937 3579 1137 3633 ornati.
1192 3577 1323 3649 Ejus
1373 3581 1519 3649 quod
1582 3582 1710 3637 huic
1748 3583 2101 3653 conjunctum

524 3672 913 3738 rohazmnsque
968 3671 1330 3725 diversorium
1392 3681 1513 3737 est,
1568 3682 1774 3729 tectum
1828 3676 2104 3732 columnis

524 3770 731 3833 septem
772 3760 1023 3818 Carianis
1076 3761 1337 3830 fulcitur;
1400 3766 1644 3837 quinque
1712 3782 1774 3821 ex
1832 3760 2102 3825 meridiali

526 3853 704 3926 plaga,
742 3854 954 3910 duabus
1009 3870 1075 3911 ex
1139 3870 1200 3911 ea
1264 3872 1388 3927 quae.
1450 3858 1515 3913 ad
1564 3859 1830 3915 orientem
1871 3871 2103 3931 spectat,

526 3960 686 4000 muro
707 3945 912 4016 duplici
972 3948 1237 4014 munitur,
1279 3947 1479 4018 quibus
1508 3949 1895 4023 {porphyretici
1931 3952 2105 4024 Pega-

526 4035 781 4107 nusiique
834 4045 890 4091 et
947 4036 1190 4100 Cariani.
1224 4052 1437 4095 necnon
1482 4049 1536 4096 et
1584 4041 1822 4110 Prasini,
1858 4045 2106 4102 undulali

527 4131 764 4203 denique
815 4130 1119 4188 Thessalici
1151 4135 1445 4191 marmoris
1489 4146 1687 4193 crustae
1717 4150 2103 4196 ornamentum

526 4226 791 4297 praebent.
822 4225 1140 4296 Appellatur
1164 4226 1524 4284 diversorium
1557 4230 1701 4286 istud
1730 4247 1795 4287 ac
1826 4233 1947 4287 aula
1984 4233 2106 4289 Mu-

529 4322 676 4377 sicus
702 4320 771 4377 ob
796 4335 1129 4375 marmorum
1150 4321 1299 4377 vario
1338 4322 1520 4378 colore
1543 4324 1973 4395 compositorum
2014 4325 2101 4381 in-

530 4408 739 4483 signem
800 4412 1146 4484 elegantiam,
1197 4412 1343 4467 unde
1388 4424 1442 4469 et
1486 4415 2012 4487 pavimentil'acicm
2035 4435 2103 4473 ex

530 4501 766 4558 diversis
803 4502 989 4573 figuris
1019 4502 1360 4575 diversisque
1398 4518 1464 4560 ac
1493 4492 1876 4575 pulcherrimis
1907 4508 2103 4578 lapidi-

533 4595 637 4652 bus
697 4595 911 4668 egregie
953 4597 1339 4652 concinnatam
1409 4596 1592 4651 habet.
1660 4596 1819 4653 Dicas
1872 4599 2107 4658 videndo

533 4699 746 4758 pratum
776 4703 899 4744 esse
920 4687 1152 4746 diversis
1201 4686 1428 4745 ﬂoribus
1472 4700 1710 4746 scatens.
1741 4689 1881 4748 Huic
1917 4694 1982 4749 ad
2015 4710 2107 4751 oc-

535 4779 803 4834 cidentale
842 4782 983 4836 latus
1027 4781 1177 4837 aliud
1222 4781 1533 4838 cubiculum
1590 4782 1851 4851 adhaeret,
1911 4787 2105 4842 eadem

537 4884 874 4927 marmorum
934 4872 1199 4942 elegantia
1248 4873 1599 4931 instructum.
1630 4876 1709 4931 Ad
1757 4878 1871 4933 hmc
1902 4886 2104 4933 tectum

537 4963 685 5019 Illius
713 4962 981 5018 columnis
1012 4964 1253 5032 quinque
1304 4964 1574 5032 Carianis,
1631 4968 1804 5024 tribus
1848 4968 1914 5024 ad
1946 4971 2113 5025 meri—

2198 3120 2483 3190 πρότερον,
2513 3112 2604 3179 ⁸ἰξὸν
2629 3120 2727 3190 μὲν
2754 3122 2892 3193 ἀέρα
2923 3124 2985 3175 ὲκ
3015 3122 3345 3194 χρυσοειδῶν
3363 3122 3615 3193 ψηφίδων
3642 3122 3794 3187 ὅλως

2199 3213 2671 3284 κατηγλαῖσμένον
2698 3214 2884 3285 φέρον,
2929 3214 3121 3284 δένδρα
3166 3215 3222 3269 δέ
3259 3233 3377 3269 τινα
3423 3217 3516 3270 καὶ
3568 3217 3795 3270 ποικίλ-

2205 3322 2350 3375 ματα
2376 3305 2438 3357 ἐκ
2463 3305 2738 3375 πρασίνων
2765 3305 2958 3375 ἔχοντα
2981 3305 3043 3358 τὸ
3065 3306 3251 3359 λεῖπον
3272 3307 3519 3377 ψηφίδων
3538 3305 3819 3381 ἀναπ>.η-·

2205 3397 2484 3466 ρούμενον.
2518 3396 2591 3449 To
2618 3396 2793 3466 τούτῳ
2823 3398 2878 3451 δὲ
2903 3397 3263 3469 ὑποϐεϐηκὸς,
3290 3398 3318 3452 δ
3345 3400 3437 3453 καὶ
3462 3400 3799 3464 Μεσόπατος

2200 3488 2440 3556 λέγεται,
2486 3490 2565 3553 είς
2604 3490 2819 3560 οἴκησιν
2870 3487 2979 3543 τῶν
3032 3489 3130 3560 τὴν
3185 3493 3568 3559 γυναικωνῖτιν
3620 3507 3803 3545 πεπε-

2205 3582 2519 3651 στευμὲνων
2554 3581 2940 3652 καρτζιμάδων
2972 3581 3140 3636 ἐστίν.
3184 3582 3258 3635 Τδ
3312 3583 3372 3635 δὲ
3414 3582 3598 3653 τρίτον
3645 3584 3804 3653 μετὰ

2202 3675 2297 3729 τοῦ
2328 3674 2736 3749 κουϐουκλείου,
2760 3675 2820 3728 τὸ
2849 3676 2944 3728 καὶ
2972 3675 3066 3729 νῦν
3094 3676 3194 3745 τῆς
3219 3675 3535 3744 Αὐγούστης
3566 3675 3802 3745 βεστιάο

2209 3784 2322 3839 ριον
2356 3766 2717 3838 χρηματίζον,
2748 3766 2940 3836 ὁμοίαν
2968 3767 3082 3837 ἔχει
3109 3767 3322 3831 τούτοις
3344 3766 3441 3838 τὴν
3463 3767 3670 3837 ὀροφὴν
3698 3770 3804 3822 καὶ

2204 3859 2469 3929 τοῦδαφος
2504 3863 2568 3916 ἐκ
2606 3860 2800 3914 λευκοῦ
2827 3858 2976 3913 λίθου
3020 3861 3443 3931 Προικοννησίου
3474 3874 3807 3930 κατεστρω·

2210 3952 2393 4022 μένον,
2416 3951 2545 4013 τοὺς
2572 3951 2785 4022 τοίχους
2814 3951 2869 4004 δὲ
2897 3949 3143 4013 ἃπαντας
3171 3948 3277 4003 ὑπὸ
3308 3951 3532 4004 είκόνων
3561 3948 3805 4022 ὕστερον

2206 4044 2325 4099 ἀλλ’
2355 4044 2416 4097 οὗ
2445 4043 2566 4096 τότε
2589 4042 3093 4111 καταγλαῖσθέντας
3131 4042 3233 4095 ὑπὸ
3268 4041 3361 4096 τοῦ
3395 4043 3514 4095 υἱοῦ
3546 4043 3803 4116 Μιχαὴλ.

2205 4135 2281 4189 Τὸ
2319 4135 2494 4205 τούτῳ
2540 4134 2596 4188 δὲ
2645 4135 2925 4206 ἡνωμένον
2954 4134 3065 4207 καὶ
3115 4134 3470 4205 συμπεφυκὸς
3509 4135 3808 4204 κατώγεον

2208 4228 2351 4282 ἑπτὰ
2388 4229 2487 4298 μὲν
2531 4226 2673 4281 κίοσι
2716 4226 3015 4297 Καριανοῖς
3050 4223 3150 4297 τὴν
3200 4226 3404 4297 ὀροφὴν
3452 4226 3810 4297 στηρίζεται.

2213 4320 2374 4374 πέντε
2413 4320 2511 4390 μὲν
2541 4320 2678 4390 πρὸς
2715 4319 3066 4389 μεσημϐρίαν
3111 4317 3204 4372 δύο
3240 4318 3297 4372 δὲ
3334 4319 3471 4389 πρὸς
3499 4319 3808 4391 ἀνατολὴν,

2207 4412 2406 4484 τοίχοις
2433 4412 2489 4466 δὲ
2512 4411 2606 4465 δύο
2644 4410 2954 4481 ὠχύρωται,
2997 4413 3060 4465 ὲκ
3103 4410 3327 4464 πλωτῶν
3375 4411 3663 4483 Ῥωμαίων
3704 4416 3813 4468 καὶ

2204 4505 2597 4576 Πηγανουσίων
2629 4505 2725 4558 καὶ
2772 4502 3086 4576 Καριανῶν,
3120 4502 3259 4575 πρὸς
3297 4503 3352 4557 δὲ
3386 4506 3481 4558 καὶ
3511 4506 3813 4575 πρασίνων

2206 4595 2708 4668 καλλωπιζομένοις
2754 4594 3037 4660 ποταμίων
3078 4593 3453 4647 Θετταλικῶν·
3516 4594 3813 4660 Μουσικδς

2207 4685 2360 4753 οὗτος
2390 4690 2818 4759 κατονομάζεται
2847 4688 2935 4742 διὰ
2968 4686 3068 4759 τὴν
3092 4686 3203 4740 τῶν
3239 4688 3553 4759 μαρμάρων
3589 4687 3811 4759 ἀκριϐῆ

2210 4782 2513 4853 συγκοπὴν,
2562 4780 2685 4834 ὅθεν
2732 4780 2825 4832 καὶ
2875 4777 2971 4850 τὴν
3030 4777 3125 4832 τοῦ
3182 4778 3413 4848 ἐδάφους
3458 4776 3678 4830 λείωσιν
3743 4781 3817 4832 εκ

2212 4872 2483 4944 διαφόρων
2524 4873 2623 4943 μὲν
2656 4871 2950 4944 σχημάτων
2978 4870 3041 4924 ὲκ
3068 4869 3344 4939 διαφόρων
3375 4868 3434 4922 δὲ
3464 4870 3557 4921 καὶ
3578 4867 3819 4934 ὡραίων

2212 4967 2376 5021 λίθων
2405 4965 2776 5039 ἐξηρτυμένην
2805 4963 2930 5034 ἔχει.
2958 4963 3146 5027 Εἶποις
3175 4961 3241 5017 ἂν
3261 4960 3393 5015 αὐτὸ
3415 4960 3536 5014 ἰδὼν
3556 4960 3821 5031 λειμῶνα

537 5058 701 5126 diem,
732 5057 944 5112 duabus
968 5055 1033 5110 ad
1067 5070 1346 5123 occasum,
1379 5069 1735 5118 sustentatur.
1784 5062 1944 5117 Aliud
1984 5078 2088 5119 veri

2217 5057 2358 5115 εἶναι
2404 5059 2678 5129 διαφόροις
2733 5056 2921 5112 ἄνθεσι
2975 5054 3230 5127 βρύοντα.
3283 5051 3472 5125 Τούτῳ
3513 5051 3651 5120 πρὸς
3706 5053 3823 5123 μεν

540 5159 626 5204 est
654 5151 718 5205 ad
748 5151 865 5221 cjns
888 5149 1069 5219 pedes,
1092 5148 1296 5203 induas
1323 5150 1464 5204 mdes
1501 5151 1753 5220 divisum,
1776 5155 1918 5210 haud
1952 5155 2088 5229 longi

2217 5152 2369 5209 δύσιν
2399 5154 2541 5208 κατὰ
2586 5150 2827 5222 πλευρὰν
2872 5148 3254 5204 κουϐούκλειον
3299 5148 3507 5216 ἥνωται
3555 5144 3653 5214 τὴν
3692 5144 3827 5199 τῶν

543 5242 611 5296 ab
633 5244 888 5312 Angusta:
917 5240 1336 5298 sacruenbiculo
1357 5260 1372 5309 ;
1397 5243 1484 5297 ubi
1512 5244 1675 5299 etiam
1692 5246 1893 5303 Christi
1924 5264 2083 5304 aman

2226 5248 2533 5320 μαρμαίρων
2572 5246 2879 5316 ὡραιότητα
2921 5243 3065 5298 κατὰ
3105 5242 3282 5296 πάντα
3311 5241 3474 5314 φέρον
3520 5239 3829 5310 ὲφόμοιον,

546 5333 654 5388 Leo
692 5333 984 5401 imperator
1018 5334 1229 5390 Sanctze
1267 5334 1437 5390 Anna:
1468 5338 1739 5391 exstruxit
1770 5343 2071 5397 oratorium

2225 5342 2305 5396 ἔτι
2343 5341 2400 5395 δὲ
2431 5341 2524 5394 καὶ
2567 5339 2711 5393 κίοσι
2763 5337 2927 5391 πέντε
2970 5337 3289 5408 Καριανοῖς,
3339 5335 3489 5405 τρισὶ
3535 5332 3633 5405 μὲν
3665 5330 3830 5403 πρὸς

543 5422 704 5489 cujus
758 5422 929 5494 ipsius
979 5436 1183 5481 tectum
1239 5425 1509 5481 columnis
1562 5439 1797 5498 quatuor
1834 5430 2084 5487 Bathnini

2230 5432 2577 5505 μεσημϐρίαν
2602 5432 2695 5485 δύο
2724 5430 2779 5483 δὲ
2809 5428 2947 5499 πρὸς
2977 5427 3209 5498 δυσμὰς,
3240 5426 3339 5499 τὴν
3373 5424 3574 5496 ὀροφὴν
3607 5422 3813 5494 paraui

547 5514 787 5582 fulcitur,
817 5517 1183 5586 pavimentum
1237 5534 1299 5574 ex
1337 5518 1722 5577 Prmconnesio
1765 5523 1997 5579 candido
2034 5526 2083 5581 la

2228 5526 2433 5591 ζουσιν.
2461 5525 2687 5596 Ἕτερον
2732 5521 2789 5577 δὲ
2820 5520 2957 5594 πρδς
2986 5521 3154 5586 πόδας
3184 5518 3374 5573 τούτου
3408 5516 3576 5582 ἔστὶν,
3606 5515 3682 5577 είς
3721 5512 3833 5568 δῦο

1831 5618 2064 5678 νΑῐῖΙιλΕ
2100 5615 2507 5678 LECTIONLS.

616 5706 665 5739 "
684 5708 757 5771 ὡς
778 5707 836 5762 τὸ
862 5707 987 5765 add.
1015 5708 1393 5766 Cumltcflsius.
