4038 6214
224 390 319 455 169

1096 388 1248 449 LIB.
1285 387 1383 448 IV.
1425 410 1493 423 σ’-
1532 386 1871 448 MICHAEL
1908 386 2327 447 TIIEOPHILI
2372 389 2649 450 FILIUS.

3350 382 3464 456 ’Πὸ

210 510 283 573 ὡς
312 502 512 570 ἀετὸς,
541 500 602 555 τὸ
630 500 727 572 τῆς
758 499 1003 571 Γραφῆς,
1051 500 1272 554 πάντων
1301 500 1410 553 τῶν
1442 499 1780 571 αἰρεσιωτῶν
1815 534 1825 562 λ

1913 500 2112 553 labatur
2142 510 2198 552 ut
2228 501 2407 569 aquila
2438 501 2487 566 h,
2523 500 2844 572 proscriptis
2879 510 2994 556 toto
3026 511 3293 556 terrarum
3326 504 3460 558 orbe

210 601 264 653 ιν
277 597 426 668 πάση
460 595 528 665 τῇ
560 593 649 663 ὑφ’
684 591 820 663 ἡλίῳ
853 592 1171 663 καθαιρέσει
1195 590 1612 663 ὑποδληθέντων
1635 592 1787 644 xui"

210 689 297 744 τοῦ
334 685 643 758 ἀρχιερέως
676 684 887 737 αὐτῶν·
930 685 1186 754 Ἰωάννης
1228 679 1383 747 οὗτος
1410 680 1497 755 ἦν,
1525 683 1555 734 ὁ
1584 683 1671 737 διὰ
1691 683 1790 753 τὴν

163 757 172 814 ἶ
210 757 420 836 οἰκείαν
442 778 701 833 ἀσέϐειαν
742 777 954 846 Ἰαννῆς
986 777 1140 848 παρά
1168 776 1275 830 τῶν
1316 775 1554 829 εὐσεϐῶν
1587 777 1790 845 ὀνομα-

214 875 357 937 σθεὶς
386 872 490 925 οὐκ
517 868 799 941 emam;
822 872 918 924 καὶ
948 868 1120 934 ξένος,
1172 869 1455 940 αὐτόχθων
1483 868 1540 921 δὲ
1563 870 1659 921 καὶ
1691 868 1791 937 τῆς

214 965 480 1037 βασιλίδος
513 961 722 1033 ταύτης
746 960 857 1015 τῶν
883 961 1092 1015 πόλεων
1127 961 1419 1031 βλάστημα
1450 959 1713 1031 (φύεσθαι
1734 959 1791 1012 δὲ

213 1058 302 1111 καί
337 1057 396 1109 ὲν
426 1054 662 1125 ἀμπέλῳ
712 1053 874 1123 βάτον
922 1052 1284 1125 ἠκούσαμεν),
1329 1053 1438 1106 οὐδ’
1472 1053 1531 1118 ἐξ
1574 1054 1793 1123 ἀσήμου

213 1149 372 1212 τινὸς.
408 1146 551 1202 ἀλλά
589 1147 684 1200 καὶ
713 1145 834 1198 λίαν
876 1145 1135 1213 εὐγενοῦς
1158 1144 1533 1214 καταγόμενος
1584 1145 1790 1215 σειρᾶς,

214 1242 303 1311 τῆς
332 1238 483 1293 οὕτω
517 1238 629 1291 τῶν
662 1238 1147 1309 Μοροχαρξαμίων
1175 1237 1498 1307 λεγομένης.

276 1329 342 1395 ζ’.
384 1325 556 1392 Οὗτος
577 1329 692 1394 οὖν,
728 1331 818 1383 ἵνα
845 1330 940 1383 καὶ
964 1330 1034 1382 τὰ.
1064 1328 1184 1384 κατ’
1216 1329 1379 1383 αὑτὸν
1403 1331 1436 1399 ή
1468 1328 1678 1398 ἱστορία
1705 1328 1799 1399 δη-

217 1420 377 1492 λώσῃ,
410 1419 514 1487 τῆς
552 1422 719 1490 μονῆς
739 1420 849 1471 τῶν
882 1419 1176 1489 μαρτύρων
1211 1420 1438 1489 Σεργίου
1468 1420 1563 1473 καὶ
1579 1420 1795 1490 Βάκχου

217 1514 304 1582 τῆς
326 1515 387 1565 ὲν
405 1514 521 1574 τοῖς
558 1512 854 1581 Ὀρμίσδου
878 1512 1229 1581 διακειμένης
1257 1512 1564 1582 ἡγούμενος
1591 1513 1797 1566 ἄνωθεν

218 1607 302 1659 καὶ
328 1604 411 1675 τῷ
442 1605 715 1675 βασιλικῷ
771 1603 959 1674 κλήρῳ
1014 1604 1557 1676 καταριθμούμενος,
1607 1605 1799 1673 διαιρε-

220 1697 415 1767 ρδντως
465 1695 623 1765 παρά
674 1695 897 1764 Μιχαὴλ
947 1696 1204 1765 ἡγὰπητο
1252 1695 1346 1748 τοῦ
1377 1694 1649 1765 Τραυλοῦ,
1685 1696 1796 1749 εἴτε

218 1788 358 1856 μόνῳ
379 1786 561 1854 τούτῳ
589 1784 668 1854 τῷ
702 1784 957 1847 κοινωνὸς
986 1781 1123 1838 εἶναι
1152 1786 1251 1857 τῆς
1278 1787 1470 1841 τούτου
1510 1787 1793 1859 αἱρέσεως,

215 1880 323 1933 εἴτε
346 1879 442 1931 καὶ
468 1877 549 1948 τῷ
578 1876 861 1947 διαφέρειν
894 1878 987 1930 ἐπὶ
1017 1877 1295 1949 λογιότητι
1323 1880 1482 1947 δόξαν
1499 1880 1622 1932 τινὰ
1647 1882 1804 1951 ἐσχη-

219 1971 351 2035 κώς.
388 1971 538 2041 Πλὴν
588 1971 845 2042 ἠγάπητο
910 1970 1007 2024 καὶ
1047 1971 1143 2025 τοῦ
1190 1973 1449 2042 Θεοφίλου
1487 1973 1803 2038 διδάσκαλος

215 2064 602 2133 ιγκαθίστατο.
628 2064 741 2118 Καὶ
764 2056 921 2127 οὗτος
944 2064 1070 2116 ἐπεὶ
1097 2064 1198 2129 τὰς
1215 2068 1316 2138 τῆς
1343 2065 1621 2136 βασιλείας
1646 2066 1805 2137 ἔσχεν

217 2158 402 2226 ἡνίας,
436 2156 729 2225 σύγκελλον
762 2155 862 2225 μὲν
916 2155 1186 2226 πρότερον
1236 2156 1429 2210 τοῦτον
1489 2158 1647 2227 τιμᾷ,
1703 2152 1804 2209 εἷθ’

221 2247 459 2318 ὕστερον
485 2250 573 2301 καὶ
596 2248 943 2319 πατριάρχην
969 2247 1261 2318 καθίστησι
1286 2248 1807 2302 Κωνσταντινουπόο

219 2339 381 2403 λεως,
445 2338 782 2407 προγνώσεις
842 2339 997 2401 τινας
1052 2338 1142 2392 διὰ
1195 2338 1657 2409 λεκανομαντείας
1710 2340 1808 2395 καὶ

218 2427 477 2499 γοητείας
498 2427 651 2497 αὖτῴ
676 2428 1114 2497 ἀπαγγέλλοντα.
1148 2429 1256 2482 Καὶ
1286 2430 1320 2500 ἠ
1351 2428 1578 2497 γοητεία
1618 2429 1805 2483 τοιαύ-

220 2537 311 2591 τη·
346 2520 577 2583 Ἕθνους
596 2520 730 2573 ποτὲ
756 2520 936 2588 τρισὶν
963 2520 1300 2591 ὑφ’ὴγεμόσι
1330 2522 1806 2593 στρατηγούμενον

221 2613 457 2667 ἀπίστου
492 2630 553 2664 τε
584 2613 679 2666 καὶ
708 2612 948 2684 σκληροῦ
1000 2615 1099 2685 τὴν
1128 2613 1239 2669 τῶν
1296 2615 1585 2684 Ῥωμαίων
1621 2615 1809 2685 χώραν

223 2704 663 2777 κατατρέχοντός
683 2722 742 2757 τε
770 2706 864 2758 καὶ
883 2704 1375 2776 καταληῖζομένου,
1403 2707 1521 2774 καὶ,
1542 2708 1618 2769 ὼς
1638 2707 1809 2772 είκὸς,

220 2795 566 2865 ἀθυμοῦντος
592 2796 686 2848 ἐπὶ
708 2796 887 2866 τούτῳ
918 2796 1014 2849 τοῦ
1034 2796 1299 2865 Θεοφίλου
1335 2797 1545 2851 καὶτοῦ
1566 2797 1809 2870 ὑπηκόου

222 2887 450 2952 παντὸς,
482 2887 963 2952 ἀποσκευάζεσθαι
992 2904 1095 2942 που
1111 2889 1210 2960 τὴν
1234 2889 1473 2959 ἀθυμίαν
1494 2883 1647 2952 οὗτος
1674 2907 1735 2943 συ
1744 2907 1811 2960 μ-

222 2977 474 3032 ϐουλεύει
503 2979 602 3032 καὶ
629 2978 865 3051 θὰρῤους
898 2981 1329 3052 πληρωθῆναίτε
1352 2981 1445 3034 καί⁵
1472 2984 1669 3053 χαρᾶς,
1697 2983 1811 3050 είγε

226 3072 389 3141 μόνον
418 3075 486 3142 τῇ
516 3071 713 3124 τούτου
743 3072 1140 3145 ὲπακολουθοίη
1174 3073 1258 3145 [Ρ.
1291 3074 1382 3147 97]
1430 3075 1616 3147 βουλῇ.
1664 3076 1731 3129 Ἦ
1756 3076 1811 3129 δι

1892 590 2109 644 cunctis
2138 589 2431 655 haereticis,
2463 606 2763 663 eorumque
2786 593 3053 657 antistite,
3083 592 3295 649 Joanne
3317 595 3465 651 scili-

1893 690 1999 746 cet,
2030 682 2117 736 cui
2150 697 2180 736 a
2210 684 2464 739 ﬁdelibus
2495 685 2565 739 ob
2594 700 2749 740 suam
2784 686 3113 755 impietatem
3149 686 3342 743 Jannis
3369 701 3467 742 no-

1895 790 2018 828 men
2062 773 2296 828 inditum
2340 786 2443 830 est.
2481 774 2609 830 Fuit
2654 792 2784 831 vero
2826 777 2916 833 ille
2960 794 3067 832 non
3109 779 3317 833 advena
3370 788 3469 833 aut

1895 865 2189 931 barbarus,
2223 866 2319 921 sed
2356 867 2610 936 indigena
2665 868 2895 937 ipsaque
2923 877 3079 924 ortus
3108 870 3244 924 urbe
3295 871 3466 941 regia.

1895 956 2031 1012 Nam
2062 968 2117 1013 et
2148 974 2215 1013 ex
2242 960 2349 1014 vite
2380 960 2578 1014 rubum
2619 961 2806 1015 enasci
2852 962 3236 1017 auditum‘est.
3265 963 3332 1017 At
3372 977 3472 1017 ne-

1895 1066 2003 1120 que
2031 1052 2265 1106 obscura
2300 1061 2455 1107 satus
2484 1052 2760 1121 prosapia,
2783 1052 2876 1106 sed
2906 1053 3059 1107 valde
3084 1054 3275 1119 nobili,
3300 1054 3472 1122 stirpe

1897 1142 2110 1199 scilicet
2135 1158 2299 1213 quam
2340 1143 2936 1199 Morocharzamiorum
2967 1154 3186 1210 vocant.

1970 1319 2022 1374 7.
2061 1316 2159 1373 llic
2209 1335 2362 1389 ergo,
2392 1331 2451 1375 ut
2498 1322 2616 1392 ejus
2668 1337 2757 1377 res
2803 1323 3009 1393 scripto
3064 1322 3472 1389 consignemus.

1898 1413 2216 1467 monasterii
2248 1425 2567 1469 sanctorum
2598 1424 2898 1485 martyrum
2946 1414 3122 1485 Sergii
3153 1423 3208 1470 et
3250 1415 3473 1482 Bacchi,

1898 1506 2045 1575 quod
2073 1505 2141 1560 ad
2172 1505 2474 1562 Hormisda:
2500 1508 2646 1563 aedes
2676 1509 2840 1563 situm
2872 1517 2981 1571 est,
3028 1511 3162 1563 olim
3213 1510 3477 1578 praeposi-

1904 1606 1994 1653 tus
2022 1614 2086 1654 ac
2111 1599 2355 1668 palatino
2382 1601 2660 1671 ascriptus
2698 1601 2866 1664 clero,
2897 1601 3148 1656 Michaeli
3176 1602 3346 1656 Balbo
3378 1603 3480 1656 im—

1902 1692 2143 1759 peratori
2174 1691 2535 1747 charissimus
2567 1692 2689 1758 fuit,
2725 1694 2841 1748 sive
2879 1708 2945 1748 eo
2996 1694 3174 1748 solum
3232 1694 3476 1759 nomine,

1903 1782 2049 1853 quod
2090 1783 2316 1838 haeresis
2340 1784 2416 1837 illi
2446 1784 2632 1840 socius
2661 1795 2800 1849 erat,
2828 1784 2943 1839 sive
2982 1785 3127 1855 quod
3158 1786 3477 1842 excellentis

1905 1873 2235 1929 eruditionis
2263 1874 2367 1928 sibi
2401 1889 2598 1929 nomen
2625 1875 2920 1943 quaasierat
2954 1874 3156 1945 illaque
3186 1877 3305 1947 ejus
3333 1877 3478 1933 fama

1906 1966 2309 2036 percrebuerat.
2344 1965 2501 2037 155
2549 1967 2683 2023 Utut
2735 1968 2826 2034 sit,
2864 1969 2942 2023 illi
2967 1969 3327 2025 charissimus
3356 1971 3478 2037 fuit,

1906 2074 1972 2114 ac
2008 2053 2297 2129 Theophili
2354 2070 2653 2131 praeceptor
2711 2061 3085 2117 constituitur.
3143 2061 3482 2132 Theophilus

1907 2164 2039 2204 vero
2060 2162 2317 2220 suscepto
2339 2151 2570 2220 imperio
2602 2150 2838 2221 primum
2868 2167 2992 2207 eum
3042 2154 3267 2222 syncelli
3302 2154 3484 2225 digni-

1910 2248 2020 2294 tate
2068 2249 2265 2305 ornat;
2302 2248 2415 2294 tum
2448 2242 2645 2296 deinde
2698 2243 3071 2313 patriarcham
3096 2309 3106 2318 η
3133 2244 3483 2316 Cpolitanum

1909 2330 2157 2398 praeﬁcit,
2192 2345 2315 2385 cum
2369 2331 2417 2387 is
2451 2332 2531 2386 illi
2562 2332 2899 2391 divinatione
2951 2350 3017 2390 ex
3057 2336 3197 2404 pelvi
3234 2347 3387 2393 vates
3422 2352 3487 2393 ac

1909 2422 2200 2492 praestigiis
2229 2423 2480 2493 quaedam
2508 2434 2807 2496 auguratus
2840 2435 3008 2482 esset.
3034 2426 3162 2482 Fuit
3191 2438 3374 2483 autem
3404 2429 3489 2482 di-

1908 2515 2119 2568 vinatio
2144 2514 2413 2583 ejusmodi
2439 2534 2452 2571 :
2482 2514 2626 2571 Gens
2654 2519 2903 2587 quaedam
2949 2521 3186 2577 inlidelis
3233 2536 3487 2588 seraque

1911 2604 2087 2660 tribus
2117 2606 2437 2662 ductoribus
2472 2607 2734 2663 Romana:
2765 2609 2992 2665 ditionis
3033 2618 3207 2666 terras
3258 2611 3488 2682 locaque
3528 2622 3531 2627 ‘

1912 2696 2250 2762 incursabat,
2295 2714 2473 2769 exque
2514 2714 2576 2753 ea
2633 2700 2842 2770 praedas
2872 2703 3106 2771 agebat;
3136 2719 3259 2774 qua
3286 2719 3396 2768 res,
3429 2715 3491 2760 ut

1912 2803 2011 2860 par
2038 2797 2145 2855 est,
2170 2790 2454 2861 Theophili
2489 2792 2734 2848 animum
2767 2794 3125 2865 omniumque
3142 2795 3488 2852 subditorum

1914 2894 2139 2939 moestus
2202 2885 2506 2955 anxiosque
2557 2885 2812 2942 habebat.
2862 2886 3066 2945 Jannes
3117 2889 3345 2946 dimissa
3399 2894 3491 2948 illa

1914 2975 2079 3029 animi
2115 2976 2441 3046 aegritudine
2467 2978 2675 3049 optime
2706 2981 2772 3035 de
2800 2980 2967 3037 rebus
2999 2995 3223 3053 sperare
3264 2999 3329 3039 ac
3356 3000 3493 3055 gau-

1915 3067 2045 3122 dere
2069 3067 2245 3137 jubet,
2288 3069 2332 3123 si
2363 3070 2527 3124 modo
2572 3070 2721 3127 illius
2752 3073 3000 3129 consiliis
3034 3089 3228 3142 parere
3272 3076 3327 3130 in
3374 3077 3496 3131 aui-

223 3159 292 3233 ἧν
320 3164 554 3235 τοιαύτη
577 3180 594 3197 ’
645 3166 735 3219 Ἐν
765 3168 879 3231 τοῖς
914 3168 994 3229 είς
1025 3168 1117 3220 τὸν
1152 3166 1377 3238 εὔριπον
1406 3167 1500 3221 τοῦ
1550 3169 1806 3238 ἱπποδρο-

1918 3172 2068 3212 mum
2107 3157 2443 3214 iuduxeriut.
2470 3159 2774 3216 Consilium
2812 3163 2919 3218 tale
2956 3174 3115 3220 erat:
3146 3164 3290 3221 Inter
3322 3184 3496 3223 areas

227 3257 352 3327 μίου
378 3256 695 3328 ἱδρυμένοις
728 3260 951 3327 χαλκοῖς
981 3259 1266 3329 ἀνδριᾶσιν
1295 3258 1510 3327 ὲλέγετό
1542 3277 1626 3321 τις
1673 3255 1813 3313 εἶναι

224 3348 453 3420 ἀνδριὰς
488 3350 640 3420 τρισὶ
684 3349 1156 3420 διαμορφούμενος
1213 3351 1499 3420 κεφαλαῖς,
1559 3350 1626 3414 ἃς
1672 3352 1815 3406 κατά

227 3457 350 3494 τινα
394 3440 738 3510 στοιχείωσιν
796 3442 932 3511 πρὸς
976 3443 1103 3505 τοὺς
1145 3442 1242 3496 τοῦ
1298 3442 1486 3506 ἔθνους
1537 3446 1815 3516 ἀρχηγοὺς

229 3531 456 3600 ἀνῆγεν.
508 3532 729 3603 Σφύρας
779 3527 873 3586 οὖν
918 3534 1182 3604 μεγίστας
1234 3535 1461 3605 σιδηρᾶς
1493 3536 1815 3606 ίσαρίθμους

231 3626 345 3686 ταῖς
374 3622 648 3693 κεφαλαῖς
694 3623 1029 3695 προσέταττε
1075 3625 1350 3694 γενέσθαι,
1410 3627 1504 3680 καὶ
1558 3627 1816 3698 ἀνδράσιν

233 3714 643 3786 ἐγχειρισθῆναι
672 3715 839 3777 αὑτὰς
872 3717 1073 3779 τρισὶν,
1120 3716 1436 3787 ἐπιχειρῶν
1472 3718 1817 3786 γενναιότητι

232 3802 630 3875 διαφέρονταςο
678 3804 821 3857 κατά
844 3805 901 3857 δέ
942 3820 1065 3857 τινα
1108 3803 1256 3875 ὤραν
1311 3806 1628 3877 νυκτερινὴν
1680 3806 1819 3877 πρὸς

232 3895 320 3949 τὸν
351 3898 478 3966 είρη
486 3897 651 3966 μένον
671 3895 961 3966 ἀνδριάντα
996 3895 1221 3966 πλησίον
1247 3897 1477 3961 στάντας
1505 3897 1694 3960 αὐτοῦ,
1726 3900 1819 3952 καὶ

234 3986 331 4051 τὰς
366 3988 587 4059 σφύρας
616 3989 711 4041 ἐπὶ
744 3990 933 4059 χεῖρας
982 3991 1039 4040 ὲν
1072 3986 1330 4059 μετεώρῳ
1363 3989 1607 4058 ἔχοντας,
1658 3989 1820 4057 ἡνίκα

233 4080 443 4145 τούτοις
464 4080 781 4134 κελεύσειεν
820 4081 887 4146 ⁸⁸,
921 4080 1038 4151 μεθ’
1070 4081 1509 4153 ὑπερϐαλλούσης
1539 4082 1821 4153 δυνάμεως

236 4176 369 4247 ὁμοῦ
392 4178 601 4240 ταύτας
638 4176 1012 4246 κατενεγκεῖν,
1047 4175 1122 4239 ὠς
1146 4176 1203 4243 ἐξ
1243 4176 1362 4239 ἑνὸς
1398 4175 1739 4246 κρούσματός
1761 4192 1821 4228 τε

240 4271 327 4320 uit
355 4269 607 4339 πλήξεως
628 4268 727 4331 τὰς
758 4267 1017 4331 τοιαύτας
1051 4270 1346 4338 ἀποτεμεῖν
1373 4267 1635 4338 κεφαλάς.
1682 4266 1821 4322 Τού-

238 4376 346 4423 τοις
368 4363 483 4424 τοῖς
506 4362 691 4429 λόγοις
732 4358 1058 4431 εὐφρανθείς
1090 4376 1149 4414 τε
1183 4360 1301 4430 ἅμα
1331 4361 1427 4415 καὶ
1458 4358 1755 4427 ἐκπλαγεὶς
1794 4360 1824 4414 ὁ

236 4451 494 4521 Θεόφιλος
562 4452 818 4505 ἐκέλευσε
864 4452 926 4505 τὸ
985 4450 1148 4523 ἔργον
1208 4452 1531 4519 ἐπαγαγεῖν.
1599 4451 1688 4513 Ὠς
1730 4448 1823 4506 οὖν

1916 3259 2128 3306 statuas
2159 3250 2212 3304 in
2240 3251 2371 3305 circi
2404 3252 2610 3319 Euripo
2638 3260 2849 3309 erectas
2881 3265 3060 3312 statua
3093 3260 3343 3329 quaedam
3393 3262 3495 3315 tri-

1917 3357 2043 3412 ceps
2063 3352 2280 3397 exstare
2312 3342 2607 3397 ferebatur.
2644 3345 2769 3400 Haec
2799 3346 2889 3401 ille
2917 3349 3095 3417 capita
3123 3365 3222 3405 sua
3255 3352 3494 3421 quadam
3557 3420 3563 3427 ~

1917 3437 2206 3491 devotione
2251 3446 2305 3491 et
2359 3438 2775 3493 consecratione
2827 3438 2883 3493 in
2923 3441 3097 3508 gentis
3150 3442 3295 3498 illius
3327 3444 3497 3500 duces

1921 3531 2108 3586 refert.
2147 3528 2282 3586 Tres
2308 3546 2437 3601 ergo
2494 3531 2730 3600 ingentis
2760 3532 2923 3587 molis
2954 3532 3209 3590 fabricari
3262 3536 3494 3592 malleos

1914 3623 2086 3693 jubet,
2107 3623 2443 3693 tetidemque
2467 3622 2871 3678 robustissimis
2902 3622 3033 3678 viris
3062 3623 3222 3679 tradi.
3248 3624 3495 3692 Quadam

1922 3734 2050 3774 vero
2082 3718 2258 3773 noctis
2285 3717 2421 3771 hora
2462 3717 2610 3772 viros
2640 3716 2762 3770 illos
2792 3717 2858 3771 ad
2890 3732 3009 3772 eam
3058 3728 3295 3773 statuam
3328 3734 3496 3789 prope

1920 3825 1980 3865 se
2011 3819 2219 3864 stantes
2249 3803 2585 3877 malleosque
2619 3810 2685 3863 ad
2718 3808 2889 3863 ictum
2920 3809 3184 3865 sublimes
3224 3820 3495 3873 tenentes.

1922 3916 2045 3954 cum
2075 3900 2191 3969 ipse
2220 3900 2581 3961 mandaverit,
2614 3914 2829 3953 summa
2859 3897 2911 3953 vi
2939 3899 3115 3967 capita
3164 3898 3327 3954 ferire
3359 3914 3498 3968 prae-

1922 3991 2073 4061 cipit,
2115 4005 2335 4060 unoque
2373 3990 2522 4044 velut
2561 3991 2671 4044 ictu
2721 4006 2786 4046 ac
2818 4002 3015 4046 conatu
3045 4006 3108 4045 ea
3155 3992 3497 4046 exscindere.

1924 4081 2221 4136 Recreatus
2281 4080 2463 4135 verbis
2527 4079 2886 4151 Theophilus,
2942 4082 3218 4151 simulque
3275 4093 3500 4150 stupore

1923 4174 2170 4238 avectus,
2209 4188 2321 4229 rem
2358 4174 2583 4242 exsequi
2608 4174 2785 4244 jubet.
2822 4174 3056 4230 Veniunt
3088 4175 3273 4243 itaque
3299 4174 3496 4227 intem-

1922 4276 2079 4340 pesta
2110 4267 2223 4337 jam
2259 4274 2424 4323 nocte
2457 4267 2557 4322 viri
2595 4268 2820 4337 quidam
2868 4267 3030 4337 156
3056 4266 3283 4320 malleos
3315 4264 3498 4319 feren-

1925 4369 2044 4418 tes:
2075 4359 2314 4416 Joannes
2343 4373 2472 4415 vero
2518 4359 2641 4414 laici
2691 4358 2877 4413 habitu
2924 4374 3045 4415 sese
3074 4359 3405 4419 occultabat,
3435 4374 3501 4413 ne

1925 4463 2368 4526 cognosceretur.
2402 4452 2539 4509 Tum
2575 4452 2665 4509 ille
2703 4453 2916 4523 magico
2952 4452 3197 4508 carmine
3245 4451 3497 4512 recitato.

242 4543 497 4613 παρῆσαν
533 4542 725 4613 πόρρω
769 4541 834 4611 δὴ
880 4540 989 4595 τῶν
1026 4540 1235 4595 νυκτῶν
1267 4542 1316 4593 oi
1346 4540 1447 4611 μὲν
1494 4541 1688 4612 ἄνδρες
1722 4542 1822 4608 τὰς

1925 4523 2098 4617 eaque
2127 4546 2447 4602 fortitudine
2468 4559 2588 4616 quae
2634 4546 2687 4600 in
2739 4544 2973 4599 ducibus
2999 4543 3202 4598 eratin
3260 4552 3498 4596 statuam

244 4633 453 4704 σφύρας
488 4635 831 4704 κατέχοντες,
855 4635 884 4687 ό
911 4635 1235 4705 δὲ’]ωάννης
1259 4634 1347 4687 διὰ
1372 4634 1562 4688 λαῖκοῦ
1589 4636 1824 4707 ἐνδύμα-

237 4738 333 4785 τος
360 4723 555 4776 ιαυτὸν
602 4724 1015 4796 περικρύπτων,
1047 4724 1123 4787 ὡς
1179 4723 1247 4779 ἂν
1281 4724 1357 4795 μὴ
1391 4725 1694 4795 κατάδηλος
1728 4727 1825 4794 γέ-

240 4830 420 4883 νηται,
477 4814 604 4869 καθ’
636 4816 830 4869 ἑαυτὸν
865 4818 894 4868 ό
932 4815 1183 4886 Ἰωάννης
1233 4818 1361 4882 τοὺς
1389 4820 1826 4888 στοιχειωτικοὺς

238 4908 431 4977 λόγους
460 4908 714 4965 ὑπειπὼν
744 4909 837 4964 καὶ
868 4909 967 4981 τὴν
995 4910 1219 4966 ἐνοῦσαν
1260 4915 1374 4975 τοῖς
1411 4913 1637 4985 ἄρχουσι
1665 4912 1824 4967 δύνα-

243 5018 343 5067 μιν
366 5004 443 5066 είς
472 5002 566 5056 τὸν
593 5002 888 5073 ἀνδριάντα
924 5003 1271 5073 μεταγαγὼν,
1308 5004 1341 5076 ἢ
1370 5005 1570 5075 μᾶλλον
1603 5005 1702 5078 τὴν
1726 5005 1821 5060 οὖ-

238 5111 344 5147 σαν
372 5097 639 5167 πρότερον
666 5099 725 5151 ιν
754 5097 832 5168 τῷ
852 5097 1129 5168 ἀνδριάντι
1160 5099 1482 5155 καταϐαλὼν
1507 5102 1572 5154 ἐκ
1595 5104 1695 5171 τῆς
1712 5101 1820 5155 τῶν

236 5192 709 5261 στοιχειωσάντων
729 5191 1038 5262 δυνάμεως,
1072 5193 1255 5246 παίειν
1285 5192 1517 5246 ἕκαστον
1550 5193 1821 5264 προστάτ-

230 5297 334 5333 τει
361 5283 621 5349 νεανικῶς
650 5302 712 5338 τε
742 5287 836 5339 καὶ
864 5285 1120 5356 ίσχυρῶς.
1163 5286 1277 5340 Καὶ
1319 5287 1367 5339 οί
1408 5287 1508 5358 μὲν
1536 5287 1635 5341 δύο
1669 5289 1820 5359 ίσχυ-

231 5377 496 5446 ροτάταις
556 5378 893 5449 χρησάμενοι
956 5382 1295 5450 καταφοραῖς
1321 5379 1418 5443 τὰς
1456 5379 1552 5434 δύο
1598 5379 1692 5434 τοῦ
1722 5382 1818 5434 ἀν-

220 5468 486 5540 δριάντος
506 5471 751 5543 κεφαλὰς
781 5472 1067 5541 ἀπέκοψαν
1087 5490 1101 5503 ο
1131 5474 1159 5524 ό
1205 5472 1251 5524 δ’
1277 5472 1461 5542 ἕτερος
1497 5473 1817 5544 μαλακὼτι-

322 5647 346 5687 ι
367 5646 511 5704 Psal.
546 5665 645 5714 cn,
677 5649 733 5705 δ.

1930 4638 2212 4703 translata,
2248 4653 2344 4694 seu
2376 4636 2582 4709 potius,
2611 4650 2735 4708 qute
2784 4635 2838 4688 in
2872 4642 3051 4689 statua
3082 4648 3148 4687 ex
3193 4634 3498 4705 superiori-

1924 4729 2029 4785 bus
2089 4729 2397 4784 daemonum
2458 4727 2898 4785 invocationibus
2959 4726 3238 4791 haerebat,
3293 4726 3503 4797 dejecta

1926 4821 2337 4891 destructaque,
2370 4821 2519 4875 viros
2559 4821 2707 4875 omni
2739 4828 2939 4875 conatu
2973 4826 3166 4873 statua:
3210 4821 3388 4891 capita
3420 4820 3502 4876 fe-

1926 4912 2040 4968 rire
2077 4911 2333 4982 imperat.
2366 4911 2573 4966 Horum
2610 4911 2722 4966 bini
2760 4911 3115 4968 validissimis
3151 4911 3348 4968 ictibus
3392 4915 3501 4967 duo

1926 5016 2117 5064 statua:
2147 5009 2325 5077 capita
2349 5007 2709 5063 decusserunt
2733 5024 2748 5063 :
2782 5006 2977 5062 tertius
3003 5006 3285 5077 aliquanto
3312 5006 3503 5062 remis-

1928 5101 2042 5158 sius
2075 5100 2275 5156 feriens
2315 5099 2559 5155 nonnihil
2588 5100 2679 5154 ille
2707 5100 2925 5170 quidem
2958 5099 3251 5169 depressit,
3282 5113 3389 5152 non
3420 5105 3470 5152 ta
3489 5128 3502 5137 -

1926 5207 2049 5248 men
2093 5193 2256 5247 etiam
2304 5199 2476 5247 totum
2526 5208 2557 5247 α
2589 5205 2819 5261 corpore
2862 5199 3028 5261 caput
3059 5189 3310 5245 abscidit.
3342 5185 3498 5245 Haud

1927 5285 2040 5341 fere
2068 5285 2227 5340 aliter
2250 5300 2373 5341 cum
2406 5284 2584 5356 gentis
2615 5284 2845 5341 ducibus
2872 5292 3055 5340 actum
3080 5293 3182 5338 est.
3195 5280 3327 5337 Orta
3351 5281 3498 5339 enim

1930 5382 2071 5437 inter
2120 5395 2215 5436 eos
2248 5379 2401 5451 gravi
2431 5377 2860 5438 concertatione,
2910 5388 3033 5430 cum
3071 5374 3159 5429 illa
3192 5373 3249 5428 in
3296 5372 3498 5429 bellum

1927 5475 2086 5529 civile
2110 5474 2397 5539 evasisset,
2436 5474 2635 5528 ducum
2672 5484 2817 5526 unus
2843 5476 2899 5524 et
2925 5468 3062 5523 alter
3088 5469 3189 5523 sub
3221 5468 3383 5524 tertio
3407 5481 3501 5522 ca-

1518 5743 1755 5799 VARIIE
1790 5742 2191 5799 LECTIONES.

324 5836 363 5867 "
386 5836 499 5910 καὶ]
533 5837 718 5907 una?
788 5838 835 5869 “
862 5836 1177 5890 κελεύσαιεν
1206 5839 1263 5892 Ρ.

480 5933 758 5992 ΡΑτιιοι..
808 5933 918 5994 (in.
976 5932 1136 5995 CIX.
