4038 6214
534 371 630 444 i'll

1590 370 1593 375 ’
1617 367 1663 426 Τ
1669 362 2124 426 IIEOPHANES
2160 360 2717 424 CONTINUATUS.

3678 355 3781 421 1’7!

527 491 658 560 pilis
687 485 1027 542 abscissione
1060 481 1280 543 cadunt,
1328 493 1437 532 uno
1469 476 1733 530 duntaxat
1779 472 2092 543 superstite,

2206 488 2299 541 ρον
2346 473 2577 543 ποιήσας
2606 469 2702 540 τὴν
2728 468 2941 539 πληγήν
2974 467 3168 539 μικρδν
3223 468 3320 538 μὲν
3354 467 3692 537 κατέκλινεν,
3716 471 3781 526 οὐ

529 581 621 636 sed
670 592 777 632 non
813 577 969 647 plene
1021 587 1178 629 sano.
1213 570 1303 625 Sic
1338 567 1516 640 gentis
1546 567 1710 621 rebus
1761 567 1811 618 in
1863 563 2091 617 nihilum

525 668 783 731 redactis,
826 666 891 718 ad
918 677 1045 717 suas
1071 674 1259 715 rursus
1292 659 1448 713 sedes
1486 658 1626 726 turpi
1676 655 1799 724 fuga
1834 669 1899 707 ac
1940 652 2093 708 clade

530 760 690 814 redit.
721 758 800 812 Ac
825 755 1042 825 quidem
1073 751 1343 820 ejusmodi
1374 748 1567 804 Jannis
1604 746 1910 816 praestigitc.

2205 562 2309 632 μὴν
2357 563 2452 614 καὶ
2484 562 2612 631 ὅλην
2646 562 2739 614 τοῦ
2782 561 3034 630 σώματος
3069 559 3342 629 ἀπέτεμεν
3382 559 3481 630 τὴν
3510 561 3779 629 κεφαλήν.

2202 652 2425 715 Τούτοις
2474 649 2567 706 οὖν
2598 654 2691 707 καὶ
2742 652 2812 706 τὰ
2862 652 3001 704 κατὰ
3033 652 3158 714 τοὺς
3187 652 3229 684 ⁶¹
3265 654 3543 723 ἡγεμόνας
3578 654 3784 722 ἐπηκο-

2198 743 2397 797 λούθει.
2440 744 2652 813 Ἔριδος
2686 744 2795 814 γάρ
2842 761 2987 805 τινος
3032 745 3300 813 κραταιᾶς
3346 744 3783 813 ἐπεισπεσούσης

528 857 710 916 αὐτοῖς
733 854 826 906 καὶ
858 848 1118 920 ἐμφυλίου
1155 847 1356 919 μάχης,
1380 845 1485 897 ὑπὸ
1514 844 1604 897 τοῦ
1643 842 1757 905 ἐνὸς
1789 842 1838 893 οἱ
1867 840 1960 893 δύο
1984 840 2089 893 τῶν
2130 840 2414 911 ἡγεμόνων
2452 840 2708 893 πίπτουσι
2745 838 2885 892 κατὰ
2912 838 3008 909 τὴν
3036 836 3290 906 κεφαλῶν
3356 837 3622 907 ἐκτομὴν,
3685 838 3782 891 τοῦ

528 948 711 1017 τρίτου
737 946 897 1015 μόνου
925 942 1282 1004 διασωθέντος
1318 941 1438 1010 μὲν,
1486 939 1584 1008 οὐχ
1611 937 1779 1006 ὑγιῶς
1840 936 1915 991 δέ.
1982 935 2168 999 Οὕτως
2207 938 2287 999 είς
2316 936 2379 989 τὸ
2418 936 2585 1005 μηδὲν
2613 931 2833 988 εἶναιτὸ
2865 933 3013 995 ἔθνος
3036 934 3292 1004 χωρῆσαν
3334 933 3468 1004 πρὸς
3511 933 3581 986 τὰ
3608 935 3785 986 οίκιῖα

526 1036 681 1100 αὖθις
711 1036 849 1107 μετὰ
876 1037 1053 1104 φυγῆς
1077 1032 1315 1103 ἀφώρμα
1350 1033 1443 1085 καὶ
1472 1032 1776 1103 συμφορᾶς.
1824 1028 1981 1082 Ἀλλὰ
2027 1030 2096 1081 τὰ
2136 1029 2235 1099 μὲν
2263 1030 2362 1098 τῆς
2394 1030 2648 1100 γοητείας
2672 1028 2863 1093 οὕτως.

600 1133 654 1187 8.
691 1130 827 1185 Huic
854 1146 1016 1202 porro
1046 1127 1429 1198 praestigiatori
1472 1127 1641 1181 l‘rater
1681 1125 1919 1180 carnalis
1955 1134 2094 1185 erat.

532 1224 835 1279 Arsabcrus
889 1220 1128 1284 nomine,
1165 1220 1381 1287 patricii
1434 1218 1695 1271 honorem
1731 1233 1759 1269 a
1796 1214 2098 1284 Tthphilo

532 1322 875 1369 consecutus.
913 1310 1045 1365 Huic
1078 1310 1453 1363 suburbanum
1484 1310 1550 1361 ad
1590 1308 1783 1362 Euxini
1815 1307 2095 1363 sinistram

520 1406 794 1476 enavigati
837 1413 1069 1473 partem,
1101 1403 1170 1457 ad
1222 1402 1395 1458 sancti
1444 1400 1644 1456 Phocae
1676 1401 2092 1463 monasterium,

533 1498 775 1553 .ediliciis
811 1496 1064 1551 maximis
1089 1510 1155 1548 ac
1179 1493 1496 1562 splendidis,
1528 1493 1851 1562 porticibus,
1888 1490 2097 1545 balneis

532 1608 590 1646 ac
620 1598 877 1659 praeterea
914 1586 1168 1642 cisternis
1218 1587 1547 1640 instructum
1600 1584 1723 1639 fuit.
1760 1583 1876 1639 Illic
1902 1584 2096 1637 crebro

530 1686 750 1739 solitum
780 1682 1043 1737 diversari
1081 1681 1446 1750 patriarcham
1471 1681 1888 1733 subterraneum
1921 1676 2098 1746 quod-

527 1778 649 1831 dam
679 1775 1038 1835 domicilium,
1071 1772 1463 1841 Tr0phoniano
1496 1771 1638 1825 haud
1662 1770 1941 1830 absimile,
1971 1783 2095 1821 con-

2273 1131 2344 1196 η’.
2382 1124 2470 1193 Τῷ
2494 1125 2550 1176 δὲ
2579 1125 2735 1194 γόητι
2762 1123 2936 1194 τούτῳ
2951 1122 3177 1191 ἁδελφὸς
3204 1117 3272 1193 ἦν
3298 1120 3581 1192 σαρκιιδς,
3606 1120 3783 1189 ὄνομα

2215 1216 2510 1287 Ἀρσαδὴρ,
2539 1216 2636 1287 τὴν
2658 1216 2828 1287 τύχην
2855 1215 3145 1286 πατρίκιος
3166 1215 3315 1284 παρὰ
3335 1213 3591 1279 Θεοφίλου
3612 1228 3752 1282 τιμη
3768 1241 3785 1251 ο

2203 1307 2335 1370 θείς.
2372 1307 2559 1377 Τούτῳ
2583 1307 2712 1376 γοῦν
2749 1309 3069 1377 προάστειον
3104 1306 3242 1359 κατὰ
3269 1306 3329 1357 τὸ
3367 1303 3645 1374 εὐώνυμον
3679 1303 3786 1373 μέ-

2205 1415 2297 1469 ρος
2320 1398 2414 1452 τοῦ
2441 1399 2805 1467 ὲκπλεομένου
2836 1398 3087 1465 Εὐξείνου
3112 1401 3168 1451 ὲν
3200 1401 3265 1468 τῇ
3303 1400 3438 1469 μονῇ
3466 1396 3558 1449 τοῦ
3593 1396 3781 1465 ’Δγίου

2202 1493 2366 1546 Φωκᾶ
2394 1494 2626 1564 προσῆν,
2654 1493 2943 1563 οἰκοδομὰς
2976 1491 3242 1563 μεγίστας
3282 1492 3403 1562 ἔχον
3430 1491 3524 1544 καὶ
3547 1490 3783 1544 πολυτε-

2203 1581 2312 1645 λεῖς
2354 1585 2516 1647 στοάς
2545 1600 2605 1636 τε
2634 1584 2729 1637 καὶ
2782 1584 3061 1653 βαλανεῖον
3095 1582 3190 1636 καὶ
3216 1584 3352 1651 πρὸς
3378 1581 3589 1644 τούτοις
3622 1580 3782 1647 δεξα-

2206 1675 2392 1745 μενάς.
2431 1676 2639 1729 Ἐκεῖσε
2670 1677 2734 1746 δὴ
2757 1678 2785 1729 ό
2818 1678 3169 1747 πατριάρχης
3218 1676 3418 1745 συχνὰς
3444 1674 3618 1727 ποιῶν
3639 1691 3782 1727 κατο

2202 1768 2425 1837 αγωγὰς
2444 1768 2735 1837 λέγεταίτι
2760 1768 3012 1838 ὑπόγειον
3036 1766 3785 1837 κατασκευάσαιὲνδιαίτημα

527 1866 799 1921 struxisse
826 1864 1027 1920 ferunt.
1061 1863 1217 1933 157
1259 1863 1315 1917 lu
1350 1862 1469 1932 ejus
1501 1862 1712 1931 postico
1739 1861 1794 1914 in
1836 1872 2088 1930 promptu

2198 1861 2302 1912 τῶν
2331 1859 2647 1931 Τροφωνίου
2679 1861 3001 1931 παρόμοιον,
3033 1859 3257 1913 δπισθεν
3277 1860 3333 1912 δὲ
3360 1859 3461 1929 τῆς
3486 1858 3780 1927 ἀνοιγομέ-

530 1958 674 2012 fures
730 1955 1121 2021 erant,mullis
1173 1954 1299 2007 inde
1358 1952 1617 2023 gradibus
1669 1951 2095 2005 intromittentcs

528 2066 622 2104 eos
662 2050 756 2118 qui
790 2049 938 2103 intus
985 2054 1272 2116 penetrare
1300 2044 1517 2098 vellent.
1553 2043 1677 2098 Haec
1710 2042 1898 2111 itaque
1950 2040 2096 2094 illius

530 2138 764 2195 nefanda
796 2137 1034 2193 oliicina.
1063 2136 1179 2191 illic
1204 2135 1368 2190 modo
1398 2135 1466 2190 ad
1497 2134 1730 2189 cubiculi
1764 2132 2096 2201 thalamique

527 2230 755 2287 delicias
780 2245 903 2284 cum
932 2243 1103 2284 sacra:
1134 2227 1372 2298 virgines
1406 2240 1516 2281 tum
1549 2226 1667 2280 alia:
1693 2224 1892 2293 insigni
1920 2223 2095 2277 forma

527 2323 783 2377 mulieres
813 2319 1214 2385 condebantur,
1244 2319 1571 2387 quibuscum
1632 2315 1943 2370 meretricio
1987 2314 2093 2369 ritu

528 2415 867 2479 imdaretur;
916 2413 1080 2467 modo
1140 2411 1450 2481 jecinorum
1507 2408 1874 2479 inspectiones
1920 2420 2096 2476 exque

528 2505 667 2576 pelvi
694 2505 1059 2560 divinationes
1082 2518 1145 2558 ac
1177 2502 1461 2571 praestigiae
1488 2500 1608 2554 alia:
1646 2509 2096 2567 rnortuorumque

526 2592 894 2657 evocatinnes,
930 2592 1012 2647 his
1049 2592 1126 2646 illi
1158 2590 1414 2647 sociabus
1444 2604 1508 2644 ac
1531 2588 1893 2656 adjutoribus,
1935 2602 2094 2642 exer-

525 2687 811 2741 cebantur.
839 2685 1083 2755 lliucque
1112 2684 1249 2741 adeo
1279 2700 1391 2739 non
1428 2698 1551 2738 raro
1572 2699 1679 2738 non
1711 2683 1887 2738 solum
1917 2680 2095 2736 Theo-

527 2779 674 2848 philo
701 2778 796 2832 sed
823 2787 878 2832 et
909 2778 1034 2832 aliis
1058 2777 1303 2846 ejusdem
1336 2767 1631 2832 sententia!
1661 2785 1826 2843 atque
1873 2774 2097 2830 haeresis

527 2870 839 2925 hominibus
863 2884 990 2924 vera
1014 2869 1262 2938 quaedam
1284 2867 1591 2922 daemonum
1616 2882 1716 2935 ope
1744 2865 2093 2935 praedicebat.

530 2961 638 3015 Hoc
669 2961 947 3016 enimvero
966 2960 1239 3029 impurum
1262 2958 1382 3028 ejus
1407 2957 1770 3018 domicilium,
1800 2955 2097 3025 aliquando

526 3053 740 3108 tandem
781 3068 811 3107 a
846 3052 1018 3107 fratre
1067 3051 1269 3107 Basilio
1302 3062 1415 3106 tum
1466 3049 1763 3104 accubitori
1796 3049 2094 3111 venditum,

524 3146 577 3200 in
619 3161 838 3199 sacrum
874 3144 1090 3199 transiit
1117 3142 1537 3199 monasterium.
1574 3141 1759 3210 Neque
1812 3140 1864 3194 id
1911 3142 2091 3203 modo,

2195 1968 2291 2022 νης
2338 1950 2508 2023 θύρας
2538 1952 2681 2006 κατὰ
2706 1953 2770 2005 τὸ
2800 1952 3091 2023 πρόχειρον
3139 1950 3336 2003 πυλίδα
3362 1946 3500 2003 εἷναί
3538 1959 3662 2003 τινα
3690 1948 3783 2001 διὰ

2197 2041 2472 2113 βαθμίδων
2504 2045 2604 2098 οὐκ
2629 2043 2825 2111 ὀλίγων
2859 2045 3036 2097 ἐκεῖσε
3075 2043 3138 2113 δὴ
3159 2042 3287 2103 τοὺς
3312 2040 3566 2103 θέλοντας
3596 2057 3779 2111 παρα-

2195 2137 2543 2207 πέμπουσαν.
2624 2137 2831 2190 Ἐκεῖνο
2881 2135 3013 2205 γοῦν
3040 2134 3204 2188 αὑτοῦ
3237 2133 3471 2204 πονηρὸν
3500 2134 3781 2203 ἐργαστή-

2198 2245 2333 2300 ριον.
2368 2230 2575 2282 Ἐκεῖσε
2616 2228 2679 2299 δὴ
2726 2227 2900 2299 τούτῳ
2944 2228 3087 2290 τινὲς
3125 2226 3220 2280 νῦν
3274 2224 3374 2295 μὲν
3425 2224 3782 2295 ἑταμιεύοντο

2196 2320 2768 2391 θαλαμηπολούμεναι,
2795 2318 3125 2390 μονάζουσαί
3150 2336 3208 2371 τε
3241 2318 3335 2370 καὶ
3360 2316 3536 2379 ἄλλως
3556 2315 3616 2369 τὸ
3642 2315 3751 2369 κάλ
3777 2343 3781 2346 ν

2196 2412 2285 2475 λος
2328 2416 2587 2481 γυναῖκες
2632 2412 2706 2483 μὴ
2738 2412 3171 2482 διαφθείρουσαι,
3227 2403 3313 2473 αῖς
3346 2406 3732 2477 συνεφθείρετο
3757 2422 3775 2438 ο

2197 2503 2293 2557 νῦν
2335 2504 2391 2557 δὲ
2416 2508 2666 2572 μαντεῖαι
2695 2503 2761 2557 δι’
2792 2502 3202 2575 ἡπατοσκοπίας
3225 2499 3311 2571 [Ρ.
3344 2497 3441 2571 98]
3482 2498 3574 2552 καὶ
3605 2497 3777 2550 λεκα-

2196 2596 2517 2669 νομαντείας
2542 2597 2635 2649 καὶ
2652 2593 2903 2665 γοητείας
2931 2593 3026 2647 καὶ
3045 2589 3467 2662 νεκυομαντείας
3488 2587 3782 2658 ένηργοῦν-

2196 2707 2276 2754 το,
2326 2689 2549 2751 ταύταις
2578 2688 3004 2759 προσχρωμένου
3026 2688 3303 2749 κοινωνοῖς
3331 2699 3391 2737 τε
3421 2682 3512 2737 καὶ
3535 2681 3775 2753 βοηθοῖς.

2198 2780 2361 2835 Ὅθεν
2396 2780 2658 2843 πολλάκις
2688 2781 2782 2833 καί
2816 2796 2932 2833 τινα
2962 2778 3250 2849 προλέγειν
3273 2777 3447 2846 τούτῳ
3490 2773 3777 2828 συνέϐαινε

2196 2875 2262 2944 τῇ
2292 2872 2401 2925 τῶν
2426 2872 2698 2941 δαιμόνων
2742 2871 3030 2942 συνεργείᾳ
3059 2871 3265 2940 ἀληθῆ,
3308 2869 3367 2922 οὐ
3398 2867 3475 2938 τῷ
3529 2865 3778 2935 Θεοφίλῳ

2200 2964 2367 3035 μόνῳ,
2395 2964 2532 3018 ἀλλὰ
2564 2965 2659 3016 καὶ
2676 2964 2885 3035 ἑτέροις
2908 2966 3020 3027 τοῖς
3045 2962 3236 3016 τούτου
3258 2960 3578 3031 ὁμόφροσιν.
3610 2956 3779 3010 Ἀλλὰ

2196 3056 2353 3110 τοῦτο
2384 3057 2481 3126 μὲν
2502 3054 2690 3108 τούτου
2714 3054 2773 3107 τὸ
2797 3055 2991 3124 μιαρὸν
3024 3053 3344 3122 ἐνδιαίτημα
3364 3050 3461 3119 ὀψέ
3488 3065 3617 3101 ποτε
3635 3047 3776 3117 πρὸς

2199 3148 2476 3202 Βασίλειον
2503 3147 2593 3201 τὸν
2624 3146 2926 3218 τηνικαῦτα
2974 3142 3472 3215 παρακοιμὼμενον
3511 3142 3776 3208 ἀπεμποο

524 3239 617 3293 sed
653 3248 707 3293 et
748 3255 872 3308 quae.
898 3239 966 3293 ad
997 3238 1149 3292 illum
1177 3237 1485 3292 attinebant
1522 3236 1730 3304 reliqua
1763 3254 1775 3289 :
1813 3234 2092 3303 sanctique

2202 3239 2362 3308 ληθὲν
2394 3239 2547 3311 παρᾶ
2587 3237 2681 3293 τοῦ
2718 3236 2947 3307 ἀδελφοῦ
2980 3239 3057 3299 είς
3099 3235 3243 3305 ἱερὸν
3270 3234 3571 3305 μετηνέχθη
3603 3249 3777 3302 φρον-

523 3331 703 3399 magni
734 3330 991 3401 martyris
1021 3329 1216 3385 Phoca:
1249 3344 1278 3383 a
1304 3328 1676 3383 fundamentis
1701 3336 1946 3381 erectum
1983 3340 2099 3381 mo-

520 3421 817 3476 nasterium
857 3431 958 3475 cst.

592 3597 645 3650 9.
678 3596 947 3650 Caeterum
983 3596 1071 3649 ille
1100 3595 1329 3665 ejusque
1361 3595 1541 3651 omnis
1568 3598 1855 3663 sodalitas,
1904 3602 1978 3655 uti
2010 3603 2095 3656 di-

520 3696 669 3741 etum
700 3693 806 3749 est,
831 3686 883 3740 in
917 3701 1040 3740 eum
1072 3688 1291 3740 modum
1329 3702 1547 3743 cessare
1576 3689 1717 3757 jussi
1748 3706 1812 3744 ac
1840 3692 2094 3762 depositi,

524 3778 667 3831 haud
704 3778 805 3831 sibi
838 3778 1020 3848 quiete
1071 3778 1474 3849 transigendam
1523 3782 1689 3837 vitam
1742 3792 2093 3853 putaverunt,

522 3884 707 3922 rerum
745 3868 925 3923 adhuc
970 3869 1249 3938 quidpiam
1286 3869 1553 3927 adversus
1586 3888 1775 3930 sacras
1828 3875 2095 3947 imagines

521 3958 694 4013 moliti
722 3966 870 4014 sunt.
908 3958 1224 4015 Sacerdotio
1251 3962 1435 4033 itaque
1465 3972 1668 4028 motus,
1696 3980 1821 4020 cum
1875 3968 1929 4022 in
1972 3983 2093 4024 mo-

525 4052 763 4107 nasterio
799 4052 1035 4122 quodam
1085 4053 1244 4109 exsul
1272 4046 1580 4110 versaretur
1604 4058 1859 4131 pictaque
1910 4062 2093 4133 imago

519 4144 767 4213 quaedam
793 4143 848 4198 iu
880 4152 1020 4200 tecto
1042 4145 1187 4200 velut
1217 4146 1442 4203 intentis
1469 4147 1521 4202 in
1540 4165 1663 4205 eum
1690 4153 1863 4208 oculis
1877 4170 1999 4210 esse
2016 4156 2095 4210 vi-

518 4235 763 4303 deretur,
782 4250 889 4290 non
911 4233 1091 4291 ferens
1117 4237 1205 4291 ille
1227 4238 1481 4310 imaginis
1504 4240 1582 4296 sic
1603 4242 1667 4297 de
1691 4243 1800 4299 alto
1827 4247 1986 4315 quasi
2012 4247 2093 4301 in-

522 4327 721 4384 tuentis
734 4335 1039 4398 aspectum,
1062 4344 1160 4396 per
1187 4346 1356 4385 unum
1383 4348 1413 4386 e
1434 4331 1653 4403 famulis
1670 4336 1782 4391 tolli
1804 4338 2094 4408 eamjubet

519 4428 683 4489 atque
700 4419 820 4489 ejus
839 4421 1027 4476 oculos
1040 4420 1225 4488 ell'odi,
1244 4438 1409 4477 unum
1436 4424 1538 4479 hoc
1558 4426 1782 4491 addens,
1802 4444 1909 4483 non
1929 4445 2092 4499 posse

2199 3335 2495 3402 τιστήριον,
2532 3334 2633 3386 οὐκ
2661 3332 2836 3384 ἐκεῖνο
2861 3331 3040 3400 μόνον,
3068 3328 3203 3381 ἀλλὰ
3234 3328 3327 3379 καὶ
3350 3325 3419 3378 τὰ
3447 3323 3629 3383 λοιπὰ.
3674 3340 3779 3376 κα-

2201 3426 2307 3489 θὼς
2335 3425 2480 3495 αὐτῷ
2507 3427 2830 3496 διαφέροντα
2851 3421 2919 3496 ἦν
2939 3441 2952 3455 ο
2984 3426 3076 3476 καὶ
3098 3425 3164 3476 ὲκ
3188 3421 3403 3493 βάθρων
3432 3422 3463 3491 η
3490 3418 3584 3472 τοῦ
3610 3418 3778 3486 ἁγίου

2202 3518 2691 3587 μεγαλομάρτυρος
2716 3516 2975 3586 ἀνιδρύθη
3010 3516 3166 3586 μονή.

2272 3607 2337 3663 θ’.
2372 3610 2503 3662 Τότε
2528 3610 2583 3662 δὲ
2620 3602 2771 3671 οὗτος
2800 3609 2893 3661 καὶ
2940 3608 3091 3660 πᾶσα
3120 3608 3152 3677 ὴ
3189 3605 3376 3672 αὐτοῦ,
3419 3605 3493 3669 ὡς
3526 3606 3775 3677 εἴρηται,

2199 3703 2482 3774 συμμορία
2532 3705 2597 3772 τῇ
2641 3702 2956 3770 καθαιρέσει
3005 3699 3400 3769 ὑποδληθέντες
3442 3701 3541 3769 οὐχ
3589 3701 3775 3770 ἡσυχῆ

2198 3793 2590 3861 παραπέμπειν
2634 3791 2723 3843 τὸν
2751 3791 2960 3843 ἑαυτῶν
3002 3790 3116 3860 βίον
3164 3789 3503 3858 ἐδοκίμαζον,
3541 3788 3657 3841 ἀλλ’
3690 3790 3777 3841 ἔτι

2196 3884 2291 3939 καὶ
2319 3886 2461 3938 κατὰ
2511 3883 2617 3937 τῶν
2655 3883 2827 3951 ἁγίων
2885 3883 3108 3935 εἰκόνων
3169 3880 3552 3935 ὲνεανιεύοντο.
3612 3881 3777 3934 Μετὰ

2195 3977 2324 4047 γοῦν
2358 3977 2454 4050 τὴν
2476 3978 2791 4048 καθαίρεσιν
2814 3975 3106 4047 ὑπερορίας
3138 3975 3194 4027 ἐν
3213 3992 3316 4027 τινι
3351 3977 3483 4045 μονῇ
3505 3972 3771 4041 γεγονὼς,

2195 4070 2399 4133 είκόνος
2443 4071 2572 4140 μιᾶς
2598 4068 2739 4122 κατὰ
2782 4068 2874 4120 τὸν
2907 4068 3104 4138 ὄροφον
3131 4066 3495 4137 ἱστορημένης
3523 4067 3617 4117 καὶ
3644 4065 3775 4117 ἁτε-

2194 4163 2300 4226 νῶς
2347 4159 2457 4215 οἷον
2490 4159 2841 4228 ἀτενιζούσης
2890 4159 3059 4227 αὐτῷ,
3101 4158 3176 4229 μὴ
3217 4161 3400 4227 φέρων
3432 4151 3588 4219 οὗτος
3634 4158 3775 4227 όρᾷν

2192 4255 2291 4326 τὴν
2320 4255 2533 4323 ἐκείνης
2557 4252 2694 4324 πρὸς
2716 4253 2878 4305 αὑτὸν
2900 4251 3286 4304 ἐπικατιοῦσαν
3309 4250 3456 4314 θέαν,
3487 4248 3778 4316 καθαιρεῖ-

2195 4349 2319 4401 σθαι
2345 4348 2548 4417 ταύτην
2580 4346 2669 4400 διά
2719 4362 2862 4408 τινος
2888 4345 3100 4398 οἰκέτου
3153 4344 3480 4414 προστάττει
3522 4342 3777 4404 καὶτοὺς

2192 4440 2503 4511 ὀφθαλμοὺς
2534 4437 2982 4511 κατορύττεσθαι,
3011 4436 3167 4489 τοῦτο
3201 4436 3357 4505 μόνον
3386 4435 3676 4503 ἐπιλέγων,
3694 4435 3774 4498 ὡς

519 4526 575 4564 se
607 4512 724 4580 ejus
769 4510 998 4581 elligicm
1049 4512 1389 4584 formamque
1440 4515 1660 4571 intueri.
1707 4517 1926 4573 Audivit
1976 4521 2090 4577 haec

2199 4510 2316 4600 Τὴν
2342 4534 2564 4601 ταύτης
2584 4533 2655 4585 οὐ
2678 4510 2945 4596 δύναμαι
2966 4527 3212 4599 μορφὴν
3232 4525 3467 4595 ἐνορᾷν.
3490 4527 3777 4579 Ἤκουστο

518 4604 782 4673 Augusta,
812 4600 972 4673 158
997 4618 1062 4659 ac
1091 4620 1198 4675 qua
1233 4604 1412 4660 virum
1449 4606 1675 4662 decebat
1706 4610 2085 4681 castigatione,

517 4693 737 4748 scutica:
769 4695 1083 4764 taureisque
1110 4695 1363 4766 subjecit.

588 4784 675 4839 lO.
716 4788 785 4838 At
815 4802 881 4841 ne
908 4789 985 4841 sic
1010 4789 1225 4858 quidem
1266 4802 1322 4844 nt
1357 4791 1578 4862 quietus
1635 4804 1815 4863 ageret
1872 4796 1925 4849 in
1963 4798 2087 4851 ani-

517 4891 665 4931 mum
697 4876 1032 4945 inducebat;
1079 4890 1440 4952 sanctumque
1496 4881 1831 4940 Methodium
1882 4897 2088 4943 structa

516 4969 571 5022 in
600 4981 725 5021 eum
757 4966 1030 5022 calumnia
1059 4973 1453 5029 circumvenire
1484 4975 1783 5031 tentabant.
1831 4979 1959 5034 hmo
1987 4997 2087 5034 an-

515 5072 622 5117 tem
646 5060 701 5116 in
725 5075 790 5116 eo
815 5069 952 5125 erat,
983 5072 1369 5132 constuprasse
1392 5069 1599 5124 scilicet
1626 5072 1909 5126 mulierem
1940 5075 2086 5129 unici

515 5156 608 5210 lilii
642 5165 895 5221 matrem,
926 5154 977 5209 id
1005 5165 1108 5219 est,
1141 5154 1530 5227 Metrophanis,
1561 5162 1681 5230 ejus
1712 5164 1960 5219 videlicet
1991 5167 2083 5235 qui

515 5246 659 5302 haud
692 5247 864 5303 multo
890 5256 1014 5318 post
1043 5244 1398 5317 Smyrnensis
1434 5252 1726 5324 episc0pus
1778 5258 1897 5312 luit.
1932 5256 2086 5313 Hanc

513 5337 633 5392 auri
676 5341 848 5395 multa
876 5340 928 5396 vi
973 5340 1364 5409 condncentes,
1400 5343 1616 5415 aliaque
1645 5348 1892 5416 polliciti,
1924 5350 2084 5407 modo

512 5444 702 5485 eorum
730 5430 907 5489 fraudi
943 5437 1334 5508 acquiesceret,
1362 5438 1559 5493 acriter
1605 5443 1748 5512 apud
1779 5444 2080 5515 Augustam

513 5522 740 5593 ejusque
792 5526 884 5579 lilii
941 5538 1329 5597 procuratores
1370 5542 1655 5590 accusant.
1718 5532 1841 5591 Mox
1899 5537 2082 5608 itaque

510 5610 925 5671 fortuidolosum
954 5624 1406 5695 tremendumque
1442 5624 1677 5680 tribunal
1716 5628 1954 5698 ponitur,
1990 5646 2083 5683 ex-

2187 4623 2317 4693 γοῦν
2348 4623 2518 4677 ταῦτα
2544 4625 2608 4692 τῇ
2665 4621 2943 4692 δεσποίνῃ,
3002 4620 3096 4672 καὶ
3128 4621 3193 4688 τῇ
3231 4616 3622 4689 προσηκούσῃΔ
3660 4618 3776 4688 μά-

2189 4734 2333 4786 στιγι
2366 4717 2461 4769 καὶ
2493 4713 2713 4783 παιδείᾳ
2739 4712 2825 4765 διὰ
2855 4711 3127 4780 σκυτάλης
3154 4709 3623 4778 καθυποσέὸλητο.

2260 4808 2311 4864 ι’.
2342 4807 2480 4860 Ἀλλ’
2502 4807 2608 4860 οὐδ’
2636 4805 2807 4866 οὕτως
2833 4800 2899 4875 ἦν
2921 4804 3204 4871 ἀγαπητὸν
3236 4800 3381 4871 αὐτῷ
3401 4800 3502 4869 τῆς
3535 4801 3779 4870 ἡσυχίας

2185 4902 2336 4971 ὲρᾷν,
2368 4898 2558 4968 μῶμον
2581 4897 2636 4950 δέ
2676 4913 2797 4949 τινα
2826 4896 2917 4947 καὶ
2944 4894 3018 4957 ὣς
3053 4892 3353 4963 ἐπειρῶντο
3399 4891 3474 4963 τῷ
3504 4892 3562 4944 ὲν
3588 4892 3780 4961 ἁγίοις

2192 4991 2436 5060 Μεθοδίῳ
2466 4990 2824 5060 προσάπτειν,
2880 4986 2973 5039 καὶ
3018 4984 3207 5055 μῶμον
3236 4986 3314 5048 εἰς
3349 4985 3607 5052 γυναικὸς
3636 4984 3783 5053 φθο-

2191 5084 2291 5154 ρὰν
2323 5082 2490 5137 παῖδα
2518 5081 2860 5152 κεκτημένης
2899 5080 3159 5149 μονογενῆ
3191 5076 3581 5149 (Μητροφάνης
3608 5071 3783 5142 οὗτος

2188 5170 2279 5243 ἦν,
2312 5175 2340 5227 ὁ
2374 5172 2489 5242 μετ’
2514 5172 2574 5224 οὐ
2599 5170 2732 5224 πολὺ
2757 5169 2855 5239 τῆς
2888 5169 3140 5239 Σμύρνης
3174 5167 3674 5239 καθηγησάμενος),
3704 5169 3785 5239 ἢν

2191 5267 2285 5320 καὶ
2307 5264 2544 5337 χρυσίων
2576 5265 2776 5318 ἱκανῶν
2805 5261 3207 5330 ἐξωνησάμενοι
3232 5260 3330 5313 καὶ
3374 5260 3489 5329 ἅμα
3517 5259 3744 5314 καθυπο
3762 5291 3786 5303 ι

2194 5359 2445 5429 σχόμενοι
2472 5359 2520 5411 εί
2556 5357 2715 5427 μόνον
2739 5354 2947 5417 τούτοις
2981 5354 3338 5423 συμφήσειεν,
3414 5350 3586 5405 πολλὰ
3630 5368 3789 5407 κατ-

2192 5450 2440 5519 ελέγοντο
2470 5449 2603 5519 πρὸς
2621 5449 2718 5519 τὴν
2739 5448 3024 5500 δέσποιναν
3049 5445 3141 5498 καὶ
3163 5446 3288 5508 τοὺς
3306 5445 3786 5517 ὲπιτροπεύοντας

2192 5539 2285 5595 τοῦ
2313 5540 2499 5603 παιδὸς
2532 5540 2720 5610 αὐτῆς.
2757 5537 2917 5608 Βῆμα
2943 5535 3073 5606 γοῦν
3107 5537 3307 5601 εὐθέως
3343 5537 3435 5589 καὶ
3482 5537 3782 5608 κριτήριον

2194 5630 2395 5703 φρίκης
2425 5628 2593 5697 γέμον
2624 5630 2686 5681 ὲκ
2719 5625 3009 5680 πολιτικῶν
3053 5623 3264 5695 ἀνδρῶν
3294 5623 3787 5693 συγκροτούμενον

1896 5724 2127 5782 γΑιιιιΕ
2191 5722 2587 5781 LECTIONES.

586 5805 635 5839 “
664 5808 787 5870 τοὺς
824 5824 936 5864 οη).
964 5808 1020 5865 l’.
