4038 6214
261 287 368 358 1Ἶ3

1142 290 1293 351 LIB.
1329 288 1427 351 IV.
1476 315 1524 325 ··-
1566 286 1908 352 MICHAEL
1949 290 2374 355 THEOPHILI
2416 292 2696 357 FILIUS.

3416 302 3516 369 178

248 407 340 460 καὶ
370 401 873 474 ἐκκλησιαστικῶν.
909 403 983 458 Οὐ
1015 404 1125 459 τῶν
1170 405 1413 460 εὐσεϐῶν
1443 423 1527 471 τις
1570 406 1741 479 ἀπῆν,
1772 406 1832 462 οὐ

1940 423 2043 476 que
2076 418 2308 478 utroque
2356 409 2572 474 ordine,
2611 409 2758 467 civili
2792 409 3007 468 scilicet
3027 428 3317 486 sacroque,
3364 419 3510 489 judio

245 498 354 551 τῶν
374 496 614 557 ἀσεϐῶν,
644 498 705 550 οὐ
728 497 837 548 τῶν
873 499 1079 567 μονήρη
1116 496 1230 567 βίον
1256 497 1700 568 ἐπειλημμένων,
1734 500 1836 553 οὐκ

247 589 405 652 ἄλλος
427 605 513 651 τις
532 587 641 640 τῶν
668 588 892 641 ἀκούειν
923 588 954 659 ἢ
985 588 1167 643 λαλεῖν
1190 590 1501 660 δυναμένων
1519 608 1533 623 ⁸
1572 592 1701 655 τοὺς
1738 592 1837 663 μὲν

246 684 353 753 γὰρ
380 682 415 753 ἡ
446 682 587 752 πρὸς
604 681 665 735 τὸ
693 683 841 747 ξένον
874 684 972 752 τῆς
1007 683 1274 755 λοιδορίας
1307 687 1694 755 κατηφιῶντας
1725 681 1837 739 οἷον

247 776 445 844 ἐνῆγεν
479 774 668 839 αἰδὼς,
707 776 836 838 τοὺς
862 775 908 828 δ’
940 777 971 845 ή
1000 776 1091 829 τοῦ
1128 780 1344 846 κροτεῖν
1375 778 1471 830 καὶ
1501 780 1713 849 χαίρειν
1744 779 1837 832 ὑπ’

248 865 522 938 ἀκρασίας
561 866 748 937 ἡδονή.
786 867 1019 934 Ἤγοντο
1043 866 1174 935 γοῦν
1214 870 1262 922 οἱ
1286 869 1723 940 κατηγοροῦντες
1757 873 1839 933 εἰς

248 959 432 1029 μέσον,
470 960 568 1011 καὶ
591 958 705 1012 τῶν
731 958 1042 1029 λεγομένων
1089 961 1443 1032 ήᾶνθρωπος
1481 963 1726 1033 ἔλεγχος.
1779 963 1839 1017 ὐ

244 1051 299 1104 δὲ
337 1053 459 1121 ἅμα
484 1054 551 1123 τῇ
580 1053 926 1120 παραστάσει
947 1053 1049 1123 τῆς
1088 1056 1369 1122 γυναικὸς,
1401 1055 1553 1109 οὐδὲν
1588 1057 1841 1110 ὑποστει-

245 1143 477 1217 λάμενος
519 1143 798 1212 οὐδαμῶς,
832 1144 1034 1211 Ὅπως
1072 1163 1130 1199 τε
1158 1146 1339 1216 ἔχεις,
1385 1148 1583 1216 κυρία,
1634 1148 1839 1220 ταύτην

248 1236 512 1304 ἐπηρώτα
535 1237 616 1298 είς
638 1236 877 1304 ἐπήκοον
922 1237 1035 1307 (καὶ
1060 1239 1171 1310 γάρ
1202 1234 1269 1309 ἧν
1298 1239 1448 1310 αὐτῷ
1474 1239 1752 1311 γνώριμος
1775 1242 1841 1294 ὲκ

247 1326 441 1380 πολλοῦ
474 1328 545 1381 δι’
578 1329 834 1399 ἀρετὴν),
861 1330 959 1383 καὶ
1001 1329 1161 1397 ὅπως
1190 1334 1223 1385 ό
1256 1331 1427 1385 δεῖνα
1450 1333 1546 1385 καὶ
1582 1336 1614 1386 ὀ
1648 1332 1835 1396 δεῖνα,

248 1422 369 1489 περὶ
401 1416 499 1472 τοῦ
555 1420 761 1491 ταύτης
812 1421 1003 1491 ἀνδρὸς
1028 1424 1123 1475 καὶ
1171 1423 1282 1475 τῶν
1315 1426 1702 1494 προσηκόντων
1740 1426 1840 1479 αὐ-

246 1516 306 1581 τῇ
327 1529 341 1542 ·
385 1512 567 1576 οὕτως
598 1513 771 1582 τούτῳ
800 1515 1103 1585 ὲπήνθειτὸ
1128 1518 1423 1572 ἄπλαστον.
1455 1519 1515 1570 Οἱ
1544 1518 1601 1570 δὲ
1639 1519 1841 1589 μᾶλλον

244 1602 613 1672 ἐκϐοήσαντες
666 1607 944 1678 ἔγαυρίων
981 1609 1072 1677 ὐφ’
1113 1609 1332 1679 ἡδονῆς,
1370 1612 1441 1664 τά
1470 1611 1570 1681 τῆς
1600 1628 1841 1681 κατηγοο

246 1696 364 1765 pia;
400 1696 736 1761 ὲπαύξοντες
767 1699 866 1751 καὶ
889 1701 1036 1771 σαφῆ
1065 1700 1154 1754 τὸν
1180 1702 1399 1773 ἔλεγχον
1424 1703 1604 1766 δόντες
1630 1704 1834 1758 λοιπόν.

254 1787 338 1850 Ὠς
372 1788 416 1840 δ’
454 1783 613 1852 οὗτος
646 1790 799 1857 μόλις
837 1792 937 1862 τῆς
972 1794 1312 1865 κατηγορίας
1354 1794 1645 1866 ὲπῄσθετο,
1689 1794 1837 1868 ζήλῳ

243 1878 542 1951 πυρωθεὶς,
563 1881 636 1944 ὡς
652 1882 717 1934 ἂν
732 1881 808 1954 μὴ
837 1882 905 1936 δι’
929 1884 1095 1938 αὐτοῦ
1126 1888 1192 1939 τὰ
1219 1887 1319 1956 τῆς
1359 1888 1692 1957 Ἐκκλησίας
1722 1906 1840 1942 κιν-

241 1970 457 2025 δυνεύοι
497 1977 596 2028 καὶ
623 1975 717 2028 τοῦ
754 1976 1018 2047 Χριστοῦ,
1062 1978 1225 2033 ἄλλον
1257 1981 1358 2048 μὲν
1383 1975 1524 2033 εἶναι
1565 1980 1610 2013 ⁶¹
1645 1983 1839 2053 καιρὸν

243 2062 455 2126 αἰδοῦς,
484 2063 645 2117 ἄλλον
667 2065 724 2117 δὲ
757 2066 1066 2137 ὑποστολῆς
1109 2070 1204 2121 καὶ
1252 2072 1607 2141 σεμνότητος,
1642 2073 1840 2144 μικρὸν

242 2156 317 2209 ὲκ
336 2156 434 2210 τοῦ
471 2156 654 2228 θρόνου
686 2160 1031 2230 μετεωρίσας
1054 2160 1216 2215 αὐτὸν
1251 2164 1347 2215 καὶ
1377 2164 1511 2233 πρὸς
1527 2166 1721 2219 ἑαυτὸν
1746 2167 1838 2220 τὸν

245 2248 461 2302 κόλπεν
484 2252 796 2319 συναγαγὼν
830 2250 915 2324 [Ρ.
944 2253 1033 2326 99]
1074 2255 1288 2324 γυμνὴν
1336 2255 1381 2287 ⁸³
1411 2255 1684 2311 ἐδείκνυεν
1738 2258 1838 2330 τὴν

240 2340 406 2405 atas,
422 2342 581 2395 τεθαυ
589 2362 761 2411 ματου
769 2361 873 2415 ργη
881 2346 1048 2415 μένην
1060 2347 1199 2417 ἔχων
1212 2349 1307 2402 καὶ
1319 2350 1380 2403 οὐ
1394 2351 1514 2404 κατ’
1528 2351 1624 2404 ἄνθ
1632 2368 1834 2422 ρωπον.

237 2434 339 2485 καὶ
370 2434 485 2503 ἅμα
509 2434 748 2506 διηγεῖτο
776 2439 873 2506 τὴν
904 2436 1376 2509 θαυματουργίαν,
1405 2440 1480 2504 ὡς
1505 2441 1610 2511 πρὸ
1638 2443 1837 2497 πολλοῦ

237 2523 384 2576 κατὰ
413 2525 514 2595 τὴν
548 2525 929 2596 πρεσϐυτέραν
961 2527 1180 2598 Ῥώμην
1212 2531 1526 2600 γενόμενος,
1561 2534 1845 2603 σφριγώνε

233 2632 354 2668 των
378 2614 463 2667 ἐτι
495 2617 592 2669 καὶ
614 2619 1040 2689 ὲνακμαζόντων
1070 2622 1178 2675 τῶν
1213 2623 1423 2689 παθῶν,
1454 2624 1597 2695 ἔρως
1620 2642 1704 2689 τις
1738 2628 1840 2683 αὐ·

234 2710 333 2760 τὸν
361 2706 610 2775 ἐξέκαιεν
651 2711 988 2783 θερμότερον
1011 2715 1045 2785 ἢ
1083 2716 1178 2769 καὶ
1206 2718 1349 2771 κατὰ
1378 2717 1586 2783 πάθους
1632 2721 1836 2791 ὁρμήν.

249 2801 409 2854 Ἐπεὶ
441 2803 574 2870 γοῦν
598 2805 940 2859 ἐκινδύνευεν
966 2809 1059 2861 καὶ
1097 2813 1490 2882 περιγενέσθαι
1513 2812 1837 2885 τούτουούκ

233 2888 307 2966 ἦν
339 2890 452 2958 οἷός
476 2902 670 2959 τε,τὸν
709 2902 1005 2969 κορυφαῖον
1042 2902 1250 2974 Πέτρον
1275 2902 1352 2957 τὼ
1387 2907 1536 2974 χεῖρε
1574 2904 1710 2974 πρὸς
1743 2905 1835 2959 τὸν

234 2985 370 3039 ναὸν
400 2987 710 3050 ἐκπετάσας
745 2988 1055 3063 ὲξελιπάρει
1093 2999 1276 3066 τυχεῖν
1311 3015 1457 3062 τινος
1508 3001 1835 3073 ἐπικουρίας

1936 502 2083 555 cium
2124 504 2357 572 regitur.
2390 503 2562 559 Nemo
2619 520 2726 559 non
2781 506 3023 576 piorum,
3053 524 3216 565 nemo
3273 527 3382 569 non
3414 516 3519 570 im.

1935 592 2147 659 piorum
2181 593 2406 659 aderat;
2443 595 2704 651 monachi
2745 611 2956 660 omnes,
2992 614 3056 655 ac
3113 602 3368 673 quisquis
3414 612 3515 662 au-

1935 684 2053 736 dire
2111 694 2324 753 poterat
2365 694 2461 739 aut
2500 687 2671 758 loqui,
2728 699 2928 758 praesto
2972 702 3149 747 erant.
3201 695 3354 751 Alios
3415 714 3517 767 pro

1939 777 2186 832 criminis
2220 780 2460 834 novitate
2519 790 2750 838 maestos
2799 785 2977 853 pudor
3012 786 3334 855 adduxerat,
3378 792 3518 848 alios

1938 870 2237 925 insultuudi
2277 872 2494 942 cupido,
2529 883 2586 929 et
2615 884 2676 929 ut
2730 878 3033 945 petulantia
3087 882 3514 939 oblectarentur.

1937 960 2326 1019 Producuntur
2363 981 2495 1033 ergo
2525 977 2874 1025 accusatores
2928 972 2981 1024 in
3009 974 3271 1039 medium,
3297 984 3354 1031 et
3394 992 3519 1048 qua:

1938 1068 2089 1107 reum
2120 1064 2239 1110 erat
2268 1067 2580 1125 peractura,
2631 1060 2827 1114 mulier
2875 1077 3062 1118 coram
3115 1067 3350 1123 sistitur.
3408 1070 3519 1124 Me-

1940 1146 2188 1213 thodius,
2213 1150 2379 1204 simul
2407 1162 2574 1222 atque
2605 1154 2804 1207 mulier
2835 1156 3030 1221 astitit,
3055 1158 3191 1213 nihil
3219 1161 3517 1231 quidquam

1938 1242 2149 1296 veritus
2177 1242 2358 1313 deque
2386 1245 2546 1298 solita
2578 1247 2907 1302 subtrahens
2934 1250 3192 1305 comitate
3217 1261 3274 1305 et
3309 1255 3521 1309 saluta-

1938 1335 2086 1390 tione
2110 1338 2323 1391 cunctis
2355 1338 2699 1395 audientibus
2726 1356 2789 1394 ex
2810 1356 2874 1395 ea
2898 1344 3207 1412 percontari
3233 1361 3246 1397 :
3277 1345 3520 1410 Quonam
3560 1406 3567 1413 ,

1942 1437 1991 1482 te
2023 1429 2181 1483 modo
2209 1429 2625 1492 habes,domina
2648 1436 2673 1487 ?
2708 1435 2915 1489 dudum
2961 1437 3105 1490 enim
3150 1438 3373 1493 virtutis
3423 1455 3520 1494 no-

1942 1522 2087 1577 mine
2119 1522 2195 1577 illi
2244 1531 2371 1578 nota
2408 1534 2545 1579 erat.
2605 1525 2851 1590 Quonam
2887 1530 3038 1581 modo
3078 1531 3162 1582 hic
3204 1541 3362 1601 atque
3386 1533 3521 1587 ille?

1941 1618 2007 1669 de
2035 1618 2233 1672 marito
2263 1617 2441 1688 iisque
2468 1620 2559 1686 qui
2607 1621 2719 1674 ullo
2748 1637 2864 1675 eam
2896 1623 3059 1677 modo
3103 1626 3518 1694 contingebant.

1944 1703 2153 1761 Tantus
2204 1709 2259 1762 in
2314 1723 2381 1763 eo
2439 1711 2649 1763 candor
2695 1726 2761 1766 ac
2824 1712 3149 1781 simplicitas
3218 1714 3519 1773 emorcbat.

1941 1798 2256 1852 Adversarii
2294 1799 2486 1869 majori
2518 1801 2757 1855 clamore
2792 1804 3029 1867 sublato,
3091 1813 3251 1860 aucta
3280 1807 3406 1861 inde
3429 1824 3518 1863 ac-

1939 1891 2226 1945 cusatione
2256 1892 2490 1961 superbe
2518 1891 2716 1962 gaudio
2748 1894 3071 1965 geStiehant,
3090 1896 3520 1967 jamqueaperte

1939 1981 2146 2034 crimen
2178 1996 2239 2037 se
2270 1982 2547 2038 evicturos
2597 1985 2883 2053 putabant.
2925 1984 2972 2040 ls
3014 2001 3198 2055 porro,
3252 1989 3345 2043 ubi
3399 1998 3522 2043 tnu-

1938 2072 2059 2126 dem
2090 2072 2421 2127 calumniam
2460 2076 2744 2137 sensisset,
2763 2077 2877 2130 zelo
2904 2092 3222 2145 succensus,
3249 2095 3317 2135 ne
3361 2080 3523 2151 159

1939 2164 2070 2233 quid
2138 2165 2259 2235 ejus
2317 2180 2485 2221 causa
2542 2166 2797 2222 Ecclesiae
2848 2185 2933 2224 res
2975 2170 3289 2241 Christique
3344 2173 3521 2228 honor

1940 2255 2419 2324 labefactarentur,
2463 2275 2659 2329 nempe
2708 2279 2816 2315 non
2859 2263 3111 2319 nesciens
3165 2265 3311 2319 aliud
3340 2268 3517 2333 rudo-

1939 2348 2041 2409 ris,
2093 2347 2243 2402 aliud
2289 2349 2601 2403 subticendi
2634 2365 2698 2404 ac
2754 2352 3039 2422 gravitatis
3082 2362 3298 2423 tempus
3374 2370 3519 2421 esse,

1941 2439 2224 2507 paululum
2257 2455 2317 2495 se
2343 2456 2373 2494 a
2410 2440 2610 2495 throno
2668 2442 2963 2512 subrigens
3021 2444 3317 2515 sinumque
3355 2448 3421 2501 ad
3460 2463 3520 2502 se

1939 2528 2204 2599 colligens
2233 2532 2467 2585 verenda
2495 2533 2639 2585 nuda
2669 2534 2911 2588 ostendit
2950 2535 3219 2589 miraculo
3254 2536 3518 2599 arefacta.

1941 2636 2043 2674 nec
2073 2621 2255 2690 qualia
2294 2623 2539 2677 virorum
2575 2637 2700 2678 esse
2756 2625 2937 2679 solent
2967 2641 2982 2690 ;
3032 2626 3312 2696 simulque
3368 2636 3428 2682 ut
3461 2645 3521 2684 se

1926 2728 2028 2789 res
2068 2712 2322 2767 habuerit
2378 2725 2710 2784 gestumque
2740 2716 3067 2772 miraculum
3096 2719 3187 2782 sit,
3228 2718 3518 2777 referebat.

1938 2802 2074 2860 Cum
2094 2805 2353 2860 nimirum
2381 2807 2588 2877 pridem
2610 2808 2721 2876 jam
2753 2809 2818 2862 ad
2842 2810 3116 2865 seniorem
3148 2810 3381 2867 Romam
3419 2830 3516 2869 ve-

1941 2900 2133 2961 uisset,
2161 2899 2453 2970 adhucque
2472 2901 2523 2954 in
2552 2900 2670 2971 ipso
2688 2901 2964 2958 fervet-ent
2982 2918 3046 2959 ac
3069 2904 3317 2976 vigerent
3335 2908 3519 2961 carnis

1940 2991 2217 3056 libidines,
2245 2993 2453 3062 majore
2487 3009 2652 3063 quam
2686 3008 2784 3060 pro
2817 2994 3042 3051 aﬂ‘ectus
3090 2997 3208 3068 ipsa
3249 2999 3299 3053 vi
3330 3013 3521 3053 amore

236 3075 341 3130 καὶ
379 3078 628 3149 ἀρωγῆς.
668 3081 780 3134 Καὶ
804 3082 866 3151 δὴ
903 3084 981 3154 τῷ
1033 3086 1188 3158 κόπῳ
1219 3088 1322 3157 τῆς
1354 3091 1524 3161 εὐχῆς
1568 3092 1667 3162 ὀψὲ
1700 3095 1836 3162 πρὸς

1941 3082 2239 3137 exarsisse.
2274 3081 2416 3138 llinc
2448 3084 2633 3153 itaque
2677 3094 2842 3139 aucto
2871 3088 3135 3155 periculo,
3168 3103 3234 3144 ac
3260 3104 3385 3143 cum
3409 3091 3518 3144 vim

237 3167 411 3221 ὕπνον
431 3170 660 3236 κλιθεὶς,
694 3172 931 3243 φανῆναί
965 3176 1013 3228 οἱ
1057 3178 1148 3230 τὸν
1180 3180 1479 3235 ἀπόστολον
1507 3185 1715 3238 ἐκείνου
1741 3186 1836 3239 τοῦ

236 3263 446 3331 μέρους
480 3263 791 3332 ἁπτόμενον
840 3266 932 3318 καὶ
975 3266 1075 3331 τὰς
1124 3271 1300 3340 ὁρμὰς
1352 3273 1680 3329 σϐεννύοντα
1728 3276 1837 3330 τῶν

238 3340 456 3416 παθῶν,
482 3355 646 3408 τοῦτο
666 3342 825 3426 μόνον
848 3362 1310 3431 προσεπιλέγοντα
1328 3365 1411 3431 τὸ,
1430 3366 1838 3425 Ἀπολέλυσαι

234 3445 317 3513 δὴ
357 3447 469 3517 τῆς
498 3447 618 3501 τῶν
639 3450 845 3503 παθῶν
880 3452 1279 3521 ἐπικρατείας,
1307 3459 1577 3513 Μεθόὸιε.
1611 3462 1836 3528 Τούτοις

238 3538 450 3601 ἐκεῖνος
478 3538 576 3591 τὸν
622 3540 838 3611 μακρὸν
887 3542 1094 3596 ἐκεῖνον
1143 3546 1377 3599 πέπεικε
1411 3547 1694 3616 σύλλογον,
1754 3553 1840 3604 αἰ-

240 3629 446 3698 σχύνης
480 3630 698 3701 πλήσας
727 3634 850 3698 τοὺς
883 3637 979 3705 τῆς
1013 3635 1272 3705 ἀληθείας
1286 3639 1534 3709 ἐχθρούς.
1567 3641 1642 3694 Οὐ
1675 3642 1781 3713 μὴν
1809 3644 1838 3697 ὀ

241 3724 552 3794 μάγιστρος
575 3726 832 3797 Μανουὴλ
852 3728 1062 3793 τούτοις
1098 3729 1251 3801 ἠξίου
1282 3731 1506 3787 λύεσθαι
1549 3736 1647 3799 τὰς
1705 3753 1837 3789 κατ-

235 3818 496 3887 ηγορίας,
523 3817 664 3871 ἀλλά
694 3821 789 3871 καὶ
813 3822 878 3891 τῇ
902 3823 1125 3889 γυναικὶ
1156 3822 1371 3893 ἠπείλει
1400 3820 1435 3895 ἦ
1475 3826 1582 3896 μὴν
1609 3827 1835 3894 ἀπαγα·

239 3910 358 3970 γεῖν
388 3908 490 3977 τῆς
537 3909 704 3979 ζωῆς,
736 3915 784 3964 εἰ
845 3912 919 3981 μὴ
962 3913 1062 3984 τὴν
1093 3916 1274 3967 πᾶσαν
1316 3916 1502 3988 διδάξῃ
1552 3918 1833 3987 ἀλήθειαν.

238 4001 351 4053 Καὶ
378 4001 415 4073 ἧ
439 4001 492 4070 γ’
522 4002 725 4066 εὐθέως
749 4004 1016 4058 ἔκπυστον
1058 4006 1152 4059 καὶ
1196 4009 1342 4077 σαφῆ
1364 4008 1462 4079 τὴν
1496 4011 1674 4063 πᾶσαν
1702 4011 1834 4081 δρα·

242 4093 590 4163 ματουργίαν
613 4098 777 4154 ποιεῖ.
808 4100 968 4151 τόσου
1015 4101 1110 4151 καὶ
1150 4099 1305 4153 τόσου
1332 4101 1566 4167 λέγουσα
1606 4102 1832 4173 χρυσίου

238 4184 604 4254 eameam.
632 4189 726 4240 καὶ
745 4188 868 4244 Ἔτι
890 4189 945 4241 ἕν
971 4191 1079 4242 τινί
1094 4207 1195 4260 μου
1211 4191 1319 4245 τῶν
1340 4194 1632 4259 κιϐωτίων,
1658 4193 1834 4259 οὓτως

238 4276 315 4338 ᾡς
353 4277 539 4348 ἐδόθη,
578 4281 1000 4357 σεσημασμένον
1020 4283 1136 4335 ἐστὶ
1167 4286 1261 4337 καὶ
1293 4284 1639 4354 πεφύλακται
1666 4302 1833 4357 σφρα-

239 4370 351 4436 γῖδι
375 4370 585 4423 αὐτῶν.
644 4372 903 4443 Αύθωρὸν
934 4371 1028 4427 οὖν
1070 4375 1495 4440 ἀποστείλαντες
1539 4378 1716 4432 ἐκεῖνό
1745 4394 1830 4441 τε,

1944 3183 2149 3227 tantam
2203 3174 2447 3229 libidinis
2514 3190 2621 3228 non
2684 3189 2870 3245 posset
2942 3194 3249 3248 superare,
3295 3182 3521 3235 Petrum

1945 3266 2319 3334 apostolorum
2355 3267 2656 3338 principem
2702 3270 2962 3337 expansis
2997 3271 3063 3325 ad
3106 3273 3226 3339 ejus
3256 3277 3517 3344 templum

1943 3359 2198 3414 manibus
2226 3375 2483 3417 exorasse
2515 3370 2574 3415 ut
2625 3363 2694 3415 ab
2740 3375 2808 3416 eo
2845 3376 3002 3431 opem
3057 3364 3295 3432 aliquam
3348 3367 3522 3438 impe-

1942 3460 2129 3507 traret.
2164 3450 2415 3520 Dumque
2467 3452 2683 3507 tandem
2731 3453 2987 3522 precandi
3023 3454 3209 3509 labore
3236 3455 3418 3514 fessus
3464 3460 3521 3514 in

1940 3559 2192 3600 somnum
2222 3560 2342 3600 sese
2367 3546 2704 3609 reclinassct,
2729 3548 2909 3601 visum
2944 3548 2999 3601 in
3039 3549 3251 3606 somnis
3305 3559 3524 3621 aposto-

1941 3638 2075 3703 lunt,
2103 3638 2197 3707 qui
2240 3652 2362 3692 eam
2412 3639 2687 3709 tangendo
2739 3652 2951 3709 partem
3001 3640 3246 3698 libidinis
3297 3658 3524 3701 sensum

1939 3744 2156 3784 Omnem
2203 3730 2579 3799 exstingueret
2615 3746 2629 3793 ;
2684 3730 2959 3800 simulque
2979 3733 3187 3789 dixisse
3215 3753 3229 3789 :
3260 3733 3521 3802 Methodi,

1938 3824 2192 3877 liberatus
2222 3839 2277 3875 es
2306 3837 2339 3874 a
2388 3822 2669 3875 libidinum
2716 3823 2996 3891 tyrannide
3048 3838 3110 3876 ac
3151 3825 3291 3879 dura
3319 3829 3389 3881 vi.
3423 3828 3524 3887 His

1939 3917 2033 3971 ille
2058 3916 2219 3971 tidem
2247 3922 2397 3969 tanto
2423 3914 2497 3968 illi
2535 3915 2829 3970 conventui
2869 3914 3016 3980 fecit,
3043 3929 3107 3969 ac
3130 3917 3380 3973 veritatis
3422 3919 3525 3972 ho-

1939 4018 2049 4062 stes
2107 4008 2315 4078 pudore
2386 4007 2651 4075 implevit.
2730 4005 2969 4062 Nolebat
3019 4016 3204 4062 tamen
3262 4011 3529 4080 magister

1936 4098 2155 4154 Manuel
2200 4098 2287 4151 bis
2312 4098 2525 4163 objecta
2556 4097 2792 4152 crimina
2817 4097 2976 4152 dilui.
3008 4096 3272 4163 Quinimo
3302 4099 3523 4154 mulieri

1936 4190 2297 4247 minitabatur
2369 4204 2428 4243 se
2490 4190 2567 4243 illi
2614 4190 2785 4243 vitam
2843 4190 3387 4259 adempturumrnisi
3447 4207 3526 4263 rei

1937 4297 2154 4339 omnem
2188 4280 2465 4336 veritatem
2496 4280 2739 4335 doceret.
2772 4279 2863 4333 llla
2916 4294 3080 4350 porro
3131 4288 3298 4333 totam
3339 4280 3523 4334 statim

1935 4376 2175 4433 fabulam
2212 4374 2489 4443 eloquitur
2518 4387 2583 4427 ac
2605 4371 2781 4442 palam
2817 4370 2966 4436 facit,
2999 4381 3148 4425 tanto
3197 4387 3258 4427 se
3308 4375 3527 4427 redem-

240 4459 319 4522 ὥς
345 4460 559 4531 ἔφησεν
585 4464 618 4533 η
655 4464 814 4535 γυνὴ,
840 4458 999 4535 εὖρον
1028 4466 1090 4519 τὸ
1118 4468 1340 4537 χρυσίον
1370 4472 1513 4523 κατὰ
1536 4471 1635 4541 τὴν
1662 4471 1827 4525 κιϐω-

1940 4480 2080 4541 ptam
2104 4482 2245 4532 esse,
2267 4467 2383 4520 auri
2402 4464 2583 4536 pondo
2607 4464 2904 4534 accepisse,
2929 4463 3216 4531 adhucque
3242 4464 3296 4517 in
3317 4463 3527 4528 arcula,

242 4551 337 4602 τὸν
364 4557 463 4605 καί
493 4555 725 4623 ἤγαγον,
754 4557 851 4609 καὶ
885 4550 1032 4610 οὗτοι
1071 4560 1137 4629 τῇ
1177 4557 1271 4612 τοῦ
1312 4561 1651 4630 πατριάρχου
1688 4580 1829 4632 συμ-

245 4642 453 4715 παθείᾳ
500 4649 599 4700 καὶ
644 4649 989 4718 παρακλήσει
1037 4651 1175 4722 πρὸς
1226 4651 1353 4714 τοὺς
1395 4652 1732 4720 κρατοῦντας
1765 4654 1829 4707 οὐ

243 4739 452 4793 ποινῶν
478 4741 573 4792 καὶ
598 4740 867 4810 βασάνων,
892 4737 968 4797 ὧν
994 4740 1134 4815 ἦσαν
1153 4744 1316 4810 ἄξιοι,
1345 4743 1483 4798 ἀλλὰ
1498 4745 1832 4816 συγγνώμης

242 4828 501 4898 ἠξίωντο,
540 4832 699 4886 τοῦτο
727 4835 891 4902 μόνον
923 4837 1003 4898 είς
1024 4835 1229 4889 ἔκτισιν
1250 4835 1508 4900 λαϐόντες
1538 4838 1633 4891 καὶ
1659 4854 1833 4906 τιμω·

246 4924 370 4993 ρίαν
394 4926 457 4980 τὸ
488 4928 595 4980 ἀνὰ
622 4930 729 4981 πᾶν
752 4930 871 4992 ἔτος
893 4931 951 4983 ὲν
976 4932 1042 5000 τῇ
1068 4933 1167 5002 τῆς
1197 4931 1507 5000 ὀρθοδοξίας
1524 4931 1835 5004 πανηγύρει

244 5018 390 5086 μετά
425 5017 727 5089 λαμπάδων
756 5021 867 5074 ἀπὸ
914 5021 1009 5075 τοῦ
1060 5024 1119 5075 εν
1153 5021 1487 5095 ΒΜχέρναις
1534 5024 1836 5096 σεϐασμίου

242 5110 421 5181 σηκοῦ
447 5112 548 5181 τῆς
575 5112 907 5186 θεομήτορος
931 5114 1067 5186 πρὸς
1086 5114 1178 5169 τὸν
1194 5116 1336 5170 θεῖον
1362 5116 1456 5169 καὶ
1488 5115 1839 5188 περιώνυμον

239 5203 352 5271 τῆς
387 5206 590 5275 Σοφίας
630 5208 979 5277 ἀφικνεῖσθαι
1008 5207 1145 5262 νεὼν
1181 5210 1273 5263 καὶ
1300 5210 1361 5261 τὺ
1391 5211 1594 5263 οἰκεῖον
1618 5212 1837 5281 ἐνηχεῖ-

244 5295 379 5350 οθαι
408 5299 594 5361 αὐτοῖς
623 5298 761 5354 ὠσὶν
804 5300 1055 5372 ἀνάθεμα
1106 5300 1199 5357 διὰ
1247 5301 1345 5374 τὴν
1380 5302 1518 5373 πρὸς
1543 5303 1642 5367 τάς
1688 5304 1841 5370 θείας

241 5389 466 5454 εἰκόνας
484 5392 785 5464 ἀπέχθειαν
806 5409 820 5425 ο
855 5392 941 5466 [Ρ.
976 5393 1100 5467 100]
1124 5394 1156 5451 δ
1176 5395 1268 5450 καὶ
1297 5394 1635 5467 τηρούμενον
1667 5396 1841 5468 ἐφάνη

243 5482 347 5535 ἰπὶ
375 5483 513 5538 πολύ
547 5486 641 5538 καὶ
664 5485 765 5554 τῆς
793 5485 974 5539 αὐτῶν
997 5487 1191 5557 μέχρις
1211 5486 1516 5557 ιταμιεύθη
1539 5487 1707 5559 ζωῆς.
1728 5492 1842 5547 Καὶ

246 5575 293 5645 ἡ
319 5576 420 5647 μιν
448 5578 533 5649 ἐφ’
565 5578 756 5632 ἱκανὸν
774 5577 1073 5645 αὐξηθεῖσα
1100 5578 1325 5650 τοιαύτη
1361 5580 1576 5652 αἵρεσις
1597 5581 1842 5637 τοιοῦτον

1935 4566 2008 4618 uti
2068 4570 2389 4633 acceperat,
2446 4560 2719 4630 signatum
2782 4558 2993 4625 subque
3061 4556 3277 4610 illorum
3348 4556 3531 4626 sigillo

1937 4657 2084 4713 domi
2130 4671 2191 4709 se
2232 4656 2451 4708 habere.
2514 4650 2814 4706 Confestim
2869 4663 3002 4718 ergo
3050 4663 3173 4701 cum
3226 4648 3527 4712 misissent.

1940 4748 2189 4805 mulieris
2221 4748 2308 4801 illa
2341 4744 2671 4800 indicationc
2737 4744 3018 4795 inventum
3069 4740 3124 4793 in
3189 4753 3315 4794 arca
3370 4739 3531 4810 160

1942 4857 2137 4898 aurum
2165 4856 2231 4895 ac
2257 4840 2481 4893 allatum
2517 4848 2621 4892 est.
2667 4835 3047 4898 Accusatores,
3089 4834 3386 4888 miserante
3426 4845 3527 4904 pa-

1946 4935 2180 4992 triarcha
2239 4933 2495 5000 seriaque
2540 4944 2724 4984 rerum
2775 4928 3031 4982 dominos
3078 4934 3364 4987 exoraute.
3413 4936 3525 4978 non

1942 5041 2175 5099 quarum
2216 5026 2295 5080 rei
2338 5032 2497 5078 erant
2528 5035 2720 5093 pcenas
2748 5020 3019 5076 dederunt
3063 5017 3337 5089 justeque
3365 5014 3530 5069 ultio—

1942 5122 2031 5177 nis
2054 5118 2319 5191 supplicia
2348 5115 2610 5178 tulerunt,
2642 5114 2737 5170 sed
2772 5112 2988 5168 veniam
3047 5108 3325 5165 consecuti
3379 5115 3529 5171 sunt,

1944 5229 2009 5271 ea
2066 5214 2328 5269 duntaxat
2370 5210 2573 5265 indicta
2629 5207 2822 5273 multa,
2860 5214 2923 5261 ut
2966 5202 3267 5275 quotannis
3290 5199 3528 5255 solemni

1948 5301 2663 5372 restitutarumimaginum
2709 5298 2799 5353 die
2826 5293 3164 5368 (ὀρθοὸοξίας
3194 5291 3398 5349 festum
3434 5302 3532 5344 vo-

1951 5397 2115 5464 rant)
2144 5393 2570 5468 praelucentibus
2600 5390 2816 5449 facibus
2844 5404 2875 5443 a
2898 5384 3195 5442 venerabili
3238 5381 3329 5439 Dei
3359 5380 3532 5438 Geui-

1952 5491 2107 5548 triris
2141 5489 2571 5546 Blachernarum
2632 5483 2747 5541 aede
2796 5481 2862 5538 ad
2914 5480 3161 5538 diuinum
3233 5474 3533 5533 celeberri-

1955 5598 2213 5654 mumquo
2240 5579 2540 5652 Sapientiae
2600 5574 2863 5647 templum
2918 5572 3189 5637 venirent,
3218 5569 3541 5636 dictumque

1538 5672 1771 5733 νΑιιυΕ
1811 5677 2220 5737 LECTIONES.

326 5768 372 5803 "
389 5761 552 5842 dm]
586 5766 745 5833 εἰδὼς
774 5763 1183 5825 εἴναιϐοιιιιλοί.
1258 5769 1303 5800 ⁸⁸
1335 5767 1540 5839 γυμνὸν
1570 5766 1633 5822 Ρ.
