  <div class='ocr_page' id='page_1' title='image "/cluster/home/n/w/nwhite01/storage/ocr_20150623/109/hvd.32044073502312/095.png"; bbox 0 0 4038 6214; ppageno 0'>
   <div class='ocr_carea' id='block_1_1' title="bbox 462 354 616 459">
    <p class='ocr_par' dir='ltr' id='par_1_1' title="bbox 462 354 616 459">
     <span class='ocr_line' id='line_1_1' title="bbox 462 354 616 459; baseline -0.013 0"><span class='ocrx_word' id='word_1_1' title='bbox 462 354 465 365; x_wconf 11' lang='grc' dir='ltr'>κ</span> <span class='ocrx_word' id='word_1_2' title='bbox 512 392 616 459; x_wconf 80' lang='lat'><strong>179</strong></span> 
     </span>
    </p>
   </div>
   <div class='ocr_carea' id='block_1_2' title="bbox 1613 390 2728 457">
    <p class='ocr_par' dir='ltr' id='par_1_2' title="bbox 1613 390 2728 457">
     <span class='ocr_line' id='line_1_2' title="bbox 1613 390 2728 457; baseline 0.005 -8"><span class='ocrx_word' id='word_1_3' title='bbox 1613 390 2124 451; x_wconf 80' lang='lat' dir='ltr'><strong>THEOPHANES</strong></span> <span class='ocrx_word' id='word_1_4' title='bbox 2163 391 2728 457; x_wconf 80' lang='lat' dir='ltr'><strong>CONTINUATUS.</strong></span> 
     </span>
    </p>
   </div>
   <div class='ocr_carea' id='block_1_3' title="bbox 3671 387 3776 454">
    <p class='ocr_par' dir='ltr' id='par_1_3' title="bbox 3671 387 3776 454">
     <span class='ocr_line' id='line_1_3' title="bbox 3671 387 3776 454; baseline 0.038 -4"><span class='ocrx_word' id='word_1_5' title='bbox 3671 387 3776 454; x_wconf 74' lang='lat'><strong>180</strong></span> 
     </span>
    </p>
   </div>
   <div class='ocr_carea' id='block_1_4' title="bbox 509 484 2094 573">
    <p class='ocr_par' dir='ltr' id='par_1_4' title="bbox 509 498 2090 573">
     <span class='ocr_line' id='line_1_4' title="bbox 509 498 2090 573; baseline -0.001 -16"><span class='ocrx_word' id='word_1_6' title='bbox 509 510 768 573; x_wconf 78' lang='lat' dir='ltr'><strong>cepturos</strong></span> <span class='ocrx_word' id='word_1_7' title='bbox 796 502 1006 567; x_wconf 78' lang='lat' dir='ltr'><strong>statuit,</strong></span> <span class='ocrx_word' id='word_1_8' title='bbox 1044 499 1189 555; x_wconf 85' lang='lat' dir='ltr'><strong>illinc</strong></span> <span class='ocrx_word' id='word_1_9' title='bbox 1224 498 1493 555; x_wconf 87' lang='lat' dir='ltr'><strong>scelerum</strong></span> <span class='ocrx_word' id='word_1_10' title='bbox 1546 514 1669 555; x_wconf 80' lang='lat' dir='ltr'><strong>reos</strong></span> <span class='ocrx_word' id='word_1_11' title='bbox 1729 500 1873 554; x_wconf 87' lang='lat' dir='ltr'><strong>male</strong></span> <span class='ocrx_word' id='word_1_12' title='bbox 1909 510 2090 568; x_wconf 82' lang='lat' dir='ltr'><strong>gesto-</strong></span> 
     </span>
    </p>
   </div>
   <div class='ocr_carea' id='block_1_5' title="bbox 2202 484 3774 573">
    <p class='ocr_par' dir='ltr' id='par_1_5' title="bbox 2202 498 3774 573">
     <span class='ocr_line' id='line_1_5' title="bbox 2202 498 3774 573; baseline -0.003 -19"><span class='ocrx_word' id='word_1_13' title='bbox 2202 503 2335 569; x_wconf 73' lang='grc' dir='ltr'>σίαν,</span> <span class='ocrx_word' id='word_1_14' title='bbox 2360 504 2565 573; x_wconf 87' lang='grc' dir='ltr'>ταύτην</span> <span class='ocrx_word' id='word_1_15' title='bbox 2586 505 2764 556; x_wconf 84' lang='grc' dir='ltr'>ἐκεῖσε</span> <span class='ocrx_word' id='word_1_16' title='bbox 2788 499 3239 571; x_wconf 76' lang='grc' dir='ltr'>καθυπέγραψεν,</span> <span class='ocrx_word' id='word_1_17' title='bbox 3263 499 3357 553; x_wconf 62' lang='grc' dir='ltr'><strong>καλ⁵</strong></span> <span class='ocrx_word' id='word_1_18' title='bbox 3383 498 3509 561; x_wconf 77' lang='grc' dir='ltr'>τοὺς</span> <span class='ocrx_word' id='word_1_19' title='bbox 3528 498 3774 563; x_wconf 72' lang='grc' dir='ltr'><strong>δικαίους</strong></span> 
     </span>
    </p>
   </div>
   <div class='ocr_carea' id='block_1_6' title="bbox 511 590 2086 661">
    <p class='ocr_par' dir='ltr' id='par_1_6' title="bbox 511 590 2086 661">
     <span class='ocr_line' id='line_1_6' title="bbox 511 590 2086 661; baseline -0.003 -12"><span class='ocrx_word' id='word_1_20' title='bbox 511 609 637 649; x_wconf 89' lang='lat' dir='ltr'><strong>rum</strong></span> <span class='ocrx_word' id='word_1_21' title='bbox 681 592 896 649; x_wconf 76' lang='lat' dir='ltr'><strong>fructus</strong></span> <span class='ocrx_word' id='word_1_22' title='bbox 949 593 1324 661; x_wconf 81' lang='lat' dir='ltr'><strong>decerpentes,</strong></span> <span class='ocrx_word' id='word_1_23' title='bbox 1364 590 1551 660; x_wconf 85' lang='lat' dir='ltr'><strong>judice</strong></span> <span class='ocrx_word' id='word_1_24' title='bbox 1598 591 1862 646; x_wconf 87' lang='lat' dir='ltr'><strong>nimirum</strong></span> <span class='ocrx_word' id='word_1_25' title='bbox 1898 592 1963 645; x_wconf 88' lang='lat' dir='ltr'><strong>ad</strong></span> <span class='ocrx_word' id='word_1_26' title='bbox 2000 592 2086 645; x_wconf 88' lang='lat' dir='ltr'><strong>in-</strong></span> 
     </span>
    </p>
   </div>
   <div class='ocr_carea' id='block_1_7' title="bbox 512 684 2088 755">
    <p class='ocr_par' dir='ltr' id='par_1_7' title="bbox 512 684 2088 755">
     <span class='ocr_line' id='line_1_7' title="bbox 512 684 2088 755; baseline -0.002 -14"><span class='ocrx_word' id='word_1_27' title='bbox 512 693 719 741; x_wconf 88' lang='lat' dir='ltr'><strong>tentata</strong></span> <span class='ocrx_word' id='word_1_28' title='bbox 746 685 1083 755; x_wconf 81' lang='lat' dir='ltr'><strong>prapellente</strong></span> <span class='ocrx_word' id='word_1_29' title='bbox 1121 684 1391 753; x_wconf 86' lang='lat' dir='ltr'><strong>supplicia</strong></span> <span class='ocrx_word' id='word_1_30' title='bbox 1432 684 1734 754; x_wconf 87' lang='lat' dir='ltr'><strong>duriusque</strong></span> <span class='ocrx_word' id='word_1_31' title='bbox 1761 700 1791 738; x_wconf 93' lang='lat' dir='ltr'><strong>a</strong></span> <span class='ocrx_word' id='word_1_32' title='bbox 1818 698 1877 739; x_wconf 89' lang='lat' dir='ltr'><strong>se</strong></span> <span class='ocrx_word' id='word_1_33' title='bbox 1908 684 2088 753; x_wconf 85' lang='lat' dir='ltr'><strong>repei-</strong></span> 
     </span>
    </p>
   </div>
   <div class='ocr_carea' id='block_1_8' title="bbox 510 772 2089 847">
    <p class='ocr_par' dir='ltr' id='par_1_8' title="bbox 510 772 2089 847">
     <span class='ocr_line' id='line_1_8' title="bbox 510 772 2089 847; baseline -0.001 -14"><span class='ocrx_word' id='word_1_34' title='bbox 510 782 674 835; x_wconf 85' lang='lat' dir='ltr'><strong>lente.</strong></span> <span class='ocrx_word' id='word_1_35' title='bbox 742 777 867 832; x_wconf 80' lang='lat' dir='ltr'><strong>Haec</strong></span> <span class='ocrx_word' id='word_1_36' title='bbox 920 777 1173 847; x_wconf 84' lang='lat' dir='ltr'><strong>princeps</strong></span> <span class='ocrx_word' id='word_1_37' title='bbox 1230 772 1483 831; x_wconf 88' lang='lat' dir='ltr'><strong>absoluta</strong></span> <span class='ocrx_word' id='word_1_38' title='bbox 1542 776 1740 830; x_wconf 85' lang='lat' dir='ltr'><strong>tabella</strong></span> <span class='ocrx_word' id='word_1_39' title='bbox 1803 785 1863 830; x_wconf 90' lang='lat' dir='ltr'><strong>ut</strong></span> <span class='ocrx_word' id='word_1_40' title='bbox 1913 777 2089 831; x_wconf 88' lang='lat' dir='ltr'><strong>oculis</strong></span> 
     </span>
    </p>
   </div>
   <div class='ocr_carea' id='block_1_9' title="bbox 510 868 2090 941">
    <p class='ocr_par' dir='ltr' id='par_1_9' title="bbox 510 868 2090 941">
     <span class='ocr_line' id='line_1_9' title="bbox 510 868 2090 941; baseline -0.005 -13"><span class='ocrx_word' id='word_1_41' title='bbox 510 872 815 941; x_wconf 74' lang='lat' dir='ltr'><strong>conspexit,</strong></span> <span class='ocrx_word' id='word_1_42' title='bbox 845 884 1021 940; x_wconf 80' lang='lat' dir='ltr'><strong>exque</strong></span> <span class='ocrx_word' id='word_1_43' title='bbox 1053 878 1279 938; x_wconf 89' lang='lat' dir='ltr'><strong>aspectu</strong></span> <span class='ocrx_word' id='word_1_44' title='bbox 1315 869 1406 923; x_wconf 85' lang='lat' dir='ltr'><strong>Dei</strong></span> <span class='ocrx_word' id='word_1_45' title='bbox 1436 869 1489 921; x_wconf 89' lang='lat' dir='ltr'><strong>in</strong></span> <span class='ocrx_word' id='word_1_46' title='bbox 1519 883 1578 923; x_wconf 87' lang='lat' dir='ltr'><strong>se</strong></span> <span class='ocrx_word' id='word_1_47' title='bbox 1607 868 1860 922; x_wconf 85' lang='lat' dir='ltr'><strong>timorem</strong></span> <span class='ocrx_word' id='word_1_48' title='bbox 1894 883 2090 923; x_wconf 89' lang='lat' dir='ltr'><strong>conce-</strong></span> 
     </span>
    </p>
   </div>
   <div class='ocr_carea' id='block_1_10' title="bbox 512 957 2086 1030">
    <p class='ocr_par' dir='ltr' id='par_1_10' title="bbox 512 957 2086 1030">
     <span class='ocr_line' id='line_1_10' title="bbox 512 957 2086 1030; baseline -0.003 -14"><span class='ocrx_word' id='word_1_49' title='bbox 512 963 610 1029; x_wconf 85' lang='lat' dir='ltr'><strong>pit,</strong></span> <span class='ocrx_word' id='word_1_50' title='bbox 627 961 810 1016; x_wconf 89' lang='lat' dir='ltr'><strong>divina</strong></span> <span class='ocrx_word' id='word_1_51' title='bbox 835 960 1069 1029; x_wconf 90' lang='lat' dir='ltr'><strong>denique</strong></span> <span class='ocrx_word' id='word_1_52' title='bbox 1085 959 1312 1014; x_wconf 91' lang='lat' dir='ltr'><strong>edoctus</strong></span> <span class='ocrx_word' id='word_1_53' title='bbox 1335 957 1775 1013; x_wconf 78' lang='lat' dir='ltr'><strong>Christianorum</strong></span> <span class='ocrx_word' id='word_1_54' title='bbox 1804 961 2086 1030; x_wconf 81' lang='lat' dir='ltr'><strong>mysteria,</strong></span> 
     </span>
    </p>
   </div>
   <div class='ocr_carea' id='block_1_11' title="bbox 512 1051 2089 1123">
    <p class='ocr_par' dir='ltr' id='par_1_11' title="bbox 512 1051 2089 1123">
     <span class='ocr_line' id='line_1_11' title="bbox 512 1051 2089 1123; baseline -0.001 -16"><span class='ocrx_word' id='word_1_55' title='bbox 512 1055 838 1123; x_wconf 77' lang='lat' dir='ltr'><strong>intempesta</strong></span> <span class='ocrx_word' id='word_1_56' title='bbox 890 1062 1051 1107; x_wconf 90' lang='lat' dir='ltr'><strong>nocte</strong></span> <span class='ocrx_word' id='word_1_57' title='bbox 1083 1051 1254 1105; x_wconf 83' lang='lat' dir='ltr'><strong>divini</strong></span> <span class='ocrx_word' id='word_1_58' title='bbox 1288 1052 1633 1119; x_wconf 79' lang='lat' dir='ltr'><strong>baptismatis</strong></span> <span class='ocrx_word' id='word_1_59' title='bbox 1663 1067 1864 1106; x_wconf 89' lang='lat' dir='ltr'><strong>munus</strong></span> <span class='ocrx_word' id='word_1_60' title='bbox 1897 1067 2089 1106; x_wconf 84' lang='lat' dir='ltr'><strong>conse-</strong></span> 
     </span>
    </p>
   </div>
   <div class='ocr_carea' id='block_1_12' title="bbox 506 1143 2089 1217">
    <p class='ocr_par' dir='ltr' id='par_1_12' title="bbox 506 1143 2089 1217">
     <span class='ocr_line' id='line_1_12' title="bbox 506 1143 2089 1217; baseline -0.003 -16"><span class='ocrx_word' id='word_1_61' title='bbox 506 1147 720 1217; x_wconf 90' lang='lat' dir='ltr'><strong>quitur.</strong></span> <span class='ocrx_word' id='word_1_62' title='bbox 738 1144 856 1199; x_wconf 89' lang='lat' dir='ltr'><strong>Non</strong></span> <span class='ocrx_word' id='word_1_63' title='bbox 890 1144 1049 1199; x_wconf 86' lang='lat' dir='ltr'><strong>latuit</strong></span> <span class='ocrx_word' id='word_1_64' title='bbox 1078 1160 1141 1198; x_wconf 91' lang='lat' dir='ltr'><strong>ea</strong></span> <span class='ocrx_word' id='word_1_65' title='bbox 1173 1158 1284 1209; x_wconf 87' lang='lat' dir='ltr'><strong>res,</strong></span> <span class='ocrx_word' id='word_1_66' title='bbox 1313 1144 1599 1214; x_wconf 82' lang='lat' dir='ltr'><strong>gentisque</strong></span> <span class='ocrx_word' id='word_1_67' title='bbox 1631 1144 1796 1200; x_wconf 86' lang='lat' dir='ltr'><strong>totius</strong></span> <span class='ocrx_word' id='word_1_68' title='bbox 1823 1143 2089 1198; x_wconf 84' lang='lat' dir='ltr'><strong>defectio-</strong></span> 
     </span>
    </p>
   </div>
   <div class='ocr_carea' id='block_1_13' title="bbox 508 1236 2087 1307">
    <p class='ocr_par' dir='ltr' id='par_1_13' title="bbox 508 1236 2087 1307">
     <span class='ocr_line' id='line_1_13' title="bbox 508 1236 2087 1307; baseline -0.003 -13"><span class='ocrx_word' id='word_1_69' title='bbox 508 1255 633 1295; x_wconf 87' lang='lat' dir='ltr'><strong>nem</strong></span> <span class='ocrx_word' id='word_1_70' title='bbox 690 1239 904 1293; x_wconf 82' lang='lat' dir='ltr'><strong>ascivit.</strong></span> <span class='ocrx_word' id='word_1_71' title='bbox 943 1238 1038 1291; x_wconf 88' lang='lat' dir='ltr'><strong>Iiie</strong></span> <span class='ocrx_word' id='word_1_72' title='bbox 1098 1252 1263 1307; x_wconf 78' lang='lat' dir='ltr'><strong>parva</strong></span> <span class='ocrx_word' id='word_1_73' title='bbox 1318 1251 1545 1292; x_wconf 90' lang='lat' dir='ltr'><strong>suorum</strong></span> <span class='ocrx_word' id='word_1_74' title='bbox 1598 1252 1785 1302; x_wconf 89' lang='lat' dir='ltr'><strong>manu,</strong></span> <span class='ocrx_word' id='word_1_75' title='bbox 1840 1236 2087 1290; x_wconf 91' lang='lat' dir='ltr'><strong>divinum</strong></span> 
     </span>
    </p>
   </div>
   <div class='ocr_carea' id='block_1_14' title="bbox 510 1328 2089 1401">
    <p class='ocr_par' dir='ltr' id='par_1_14' title="bbox 510 1328 2089 1401">
     <span class='ocr_line' id='line_1_14' title="bbox 510 1328 2089 1401; baseline -0.001 -15"><span class='ocrx_word' id='word_1_76' title='bbox 510 1333 692 1387; x_wconf 78' lang='lat' dir='ltr'><strong>crucis</strong></span> <span class='ocrx_word' id='word_1_77' title='bbox 726 1332 942 1401; x_wconf 84' lang='lat' dir='ltr'><strong>signum</strong></span> <span class='ocrx_word' id='word_1_78' title='bbox 998 1331 1053 1385; x_wconf 92' lang='lat' dir='ltr'><strong>in</strong></span> <span class='ocrx_word' id='word_1_79' title='bbox 1105 1331 1231 1385; x_wconf 90' lang='lat' dir='ltr'><strong>sinu</strong></span> <span class='ocrx_word' id='word_1_80' title='bbox 1266 1346 1367 1384; x_wconf 90' lang='lat' dir='ltr'><strong>suo</strong></span> <span class='ocrx_word' id='word_1_81' title='bbox 1400 1328 1819 1393; x_wconf 60' lang='lat' dir='ltr'><strong>circumferens,</strong></span> <span class='ocrx_word' id='word_1_82' title='bbox 1887 1330 2089 1400; x_wconf 89' lang='lat' dir='ltr'><strong>oppido</strong></span> 
     </span>
    </p>
   </div>
   <div class='ocr_carea' id='block_1_15' title="bbox 509 1422 2088 1493">
    <p class='ocr_par' dir='ltr' id='par_1_15' title="bbox 509 1422 2088 1493">
     <span class='ocr_line' id='line_1_15' title="bbox 509 1422 2088 1493; baseline -0.001 -14"><span class='ocrx_word' id='word_1_83' title='bbox 509 1424 744 1479; x_wconf 82' lang='lat' dir='ltr'><strong>rebelles</strong></span> <span class='ocrx_word' id='word_1_84' title='bbox 774 1423 989 1488; x_wconf 81' lang='lat' dir='ltr'><strong>fundit;</strong></span> <span class='ocrx_word' id='word_1_85' title='bbox 1027 1439 1126 1478; x_wconf 89' lang='lat' dir='ltr'><strong>nec</strong></span> <span class='ocrx_word' id='word_1_86' title='bbox 1151 1422 1263 1493; x_wconf 89' lang='lat' dir='ltr'><strong>jam</strong></span> <span class='ocrx_word' id='word_1_87' title='bbox 1286 1422 1518 1488; x_wconf 90' lang='lat' dir='ltr'><strong>occulte,</strong></span> <span class='ocrx_word' id='word_1_88' title='bbox 1544 1422 1638 1477; x_wconf 88' lang='lat' dir='ltr'><strong>sed</strong></span> <span class='ocrx_word' id='word_1_89' title='bbox 1660 1423 1836 1492; x_wconf 80' lang='lat' dir='ltr'><strong>palam</strong></span> <span class='ocrx_word' id='word_1_90' title='bbox 1860 1424 2088 1478; x_wconf 90' lang='lat' dir='ltr'><strong>omnino</strong></span> 
     </span>
    </p>
   </div>
   <div class='ocr_carea' id='block_1_16' title="bbox 510 1514 2092 1585">
    <p class='ocr_par' dir='ltr' id='par_1_16' title="bbox 510 1514 2092 1585">
     <span class='ocr_line' id='line_1_16' title="bbox 510 1514 2092 1585; baseline 0 -16"><span class='ocrx_word' id='word_1_91' title='bbox 510 1514 789 1585; x_wconf 85' lang='lat' dir='ltr'><strong>reliquos,</strong></span> <span class='ocrx_word' id='word_1_92' title='bbox 823 1516 971 1584; x_wconf 90' lang='lat' dir='ltr'><strong>ipsos</strong></span> <span class='ocrx_word' id='word_1_93' title='bbox 1000 1530 1223 1584; x_wconf 89' lang='lat' dir='ltr'><strong>quoque</strong></span> <span class='ocrx_word' id='word_1_94' title='bbox 1261 1514 1336 1569; x_wconf 87' lang='lat' dir='ltr'><strong>rei</strong></span> <span class='ocrx_word' id='word_1_95' title='bbox 1382 1514 1593 1577; x_wconf 85' lang='lat' dir='ltr'><strong>avidos,</strong></span> <span class='ocrx_word' id='word_1_96' title='bbox 1625 1514 1970 1570; x_wconf 83' lang='lat' dir='ltr'><strong>Christianos</strong></span> <span class='ocrx_word' id='word_1_97' title='bbox 2014 1514 2092 1569; x_wconf 85' lang='lat' dir='ltr'><strong>l&#39;a-</strong></span> 
     </span>
    </p>
   </div>
   <div class='ocr_carea' id='block_1_17' title="bbox 509 1607 2091 1678">
    <p class='ocr_par' dir='ltr' id='par_1_17' title="bbox 509 1607 2091 1678">
     <span class='ocr_line' id='line_1_17' title="bbox 509 1607 2091 1678; baseline 0.002 -15"><span class='ocrx_word' id='word_1_98' title='bbox 509 1607 607 1664; x_wconf 86' lang='lat' dir='ltr'><strong>cit.</strong></span> <span class='ocrx_word' id='word_1_99' title='bbox 660 1608 742 1663; x_wconf 85' lang='lat' dir='ltr'><strong>Ad</strong></span> <span class='ocrx_word' id='word_1_100' title='bbox 776 1624 957 1663; x_wconf 80' lang='lat' dir='ltr'><strong>veram</strong></span> <span class='ocrx_word' id='word_1_101' title='bbox 993 1608 1179 1678; x_wconf 81' lang='lat' dir='ltr'><strong>itaque</strong></span> <span class='ocrx_word' id='word_1_102' title='bbox 1209 1608 1367 1663; x_wconf 80' lang='lat' dir='ltr'><strong>[idem</strong></span> <span class='ocrx_word' id='word_1_103' title='bbox 1417 1623 1480 1663; x_wconf 88' lang='lat' dir='ltr'><strong>ac</strong></span> <span class='ocrx_word' id='word_1_104' title='bbox 1507 1608 1759 1678; x_wconf 86' lang='lat' dir='ltr'><strong>pietatem</strong></span> <span class='ocrx_word' id='word_1_105' title='bbox 1790 1610 2091 1666; x_wconf 86' lang='lat' dir='ltr'><strong>translatus</strong></span> 
     </span>
    </p>
   </div>
   <div class='ocr_carea' id='block_1_18' title="bbox 512 1697 2090 1772">
    <p class='ocr_par' dir='ltr' id='par_1_18' title="bbox 512 1697 2090 1772">
     <span class='ocr_line' id='line_1_18' title="bbox 512 1697 2090 1772; baseline 0.003 -21"><span class='ocrx_word' id='word_1_106' title='bbox 512 1698 578 1752; x_wconf 80' lang='lat' dir='ltr'><strong>ad</strong></span> <span class='ocrx_word' id='word_1_107' title='bbox 602 1697 901 1768; x_wconf 81' lang='lat' dir='ltr'><strong>Augustam</strong></span> <span class='ocrx_word' id='word_1_108' title='bbox 935 1700 1131 1755; x_wconf 75' lang='lat' dir='ltr'><strong>scribit</strong></span> <span class='ocrx_word' id='word_1_109' title='bbox 1160 1714 1321 1769; x_wconf 87' lang='lat' dir='ltr'><strong>agros</strong></span> <span class='ocrx_word' id='word_1_110' title='bbox 1359 1700 1772 1769; x_wconf 86' lang='lat' dir='ltr'><strong>impetraturus,</strong></span> <span class='ocrx_word' id='word_1_111' title='bbox 1800 1701 2090 1772; x_wconf 83' lang='lat' dir='ltr'><strong>angustio-</strong></span> 
     </span>
    </p>
   </div>
   <div class='ocr_carea' id='block_1_19' title="bbox 510 1790 2090 1861">
    <p class='ocr_par' dir='ltr' id='par_1_19' title="bbox 510 1790 2090 1861">
     <span class='ocr_line' id='line_1_19' title="bbox 510 1790 2090 1861; baseline 0.001 -18"><span class='ocrx_word' id='word_1_112' title='bbox 510 1790 669 1845; x_wconf 84' lang='lat' dir='ltr'><strong>ribus</strong></span> <span class='ocrx_word' id='word_1_113' title='bbox 700 1791 908 1845; x_wconf 87' lang='lat' dir='ltr'><strong>scilicet</strong></span> <span class='ocrx_word' id='word_1_114' title='bbox 936 1806 1101 1860; x_wconf 91' lang='lat' dir='ltr'><strong>quam</strong></span> <span class='ocrx_word' id='word_1_115' title='bbox 1134 1800 1235 1861; x_wconf 90' lang='lat' dir='ltr'><strong>pro</strong></span> <span class='ocrx_word' id='word_1_116' title='bbox 1267 1806 1494 1845; x_wconf 88' lang='lat' dir='ltr'><strong>suorum</strong></span> <span class='ocrx_word' id='word_1_117' title='bbox 1544 1792 1892 1847; x_wconf 88' lang='lat' dir='ltr'><strong>multitudine</strong></span> <span class='ocrx_word' id='word_1_118' title='bbox 1924 1793 2090 1848; x_wconf 84' lang='lat' dir='ltr'><strong>ditio-</strong></span> 
     </span>
    </p>
   </div>
   <div class='ocr_carea' id='block_1_20' title="bbox 2196 591 3773 669">
    <p class='ocr_par' dir='ltr' id='par_1_20' title="bbox 2196 591 3773 669">
     <span class='ocr_line' id='line_1_20' title="bbox 2196 591 3773 669; baseline -0.005 -18"><span class='ocrx_word' id='word_1_119' title='bbox 2196 596 2448 651; x_wconf 85' lang='grc' dir='ltr'>ἐντεῦθεν</span> <span class='ocrx_word' id='word_1_120' title='bbox 2481 594 2552 651; x_wconf 78' lang='grc' dir='ltr'>τὰ</span> <span class='ocrx_word' id='word_1_121' title='bbox 2603 596 2831 669; x_wconf 74' lang='grc' dir='ltr'>βραδεῖα</span> <span class='ocrx_word' id='word_1_122' title='bbox 2876 597 2985 649; x_wconf 89' lang='grc' dir='ltr'><strong>τῶν</strong></span> <span class='ocrx_word' id='word_1_123' title='bbox 3037 596 3215 647; x_wconf 88' lang='grc' dir='ltr'>πόνων</span> <span class='ocrx_word' id='word_1_124' title='bbox 3256 591 3773 662; x_wconf 84' lang='grc' dir='ltr'>ἀπολαμϐάνοντας,</span> 
     </span>
    </p>
   </div>
   <div class='ocr_carea' id='block_1_21' title="bbox 2195 684 3775 762">
    <p class='ocr_par' dir='ltr' id='par_1_21' title="bbox 2195 684 3775 762">
     <span class='ocr_line' id='line_1_21' title="bbox 2195 684 3775 762; baseline -0.002 -19"><span class='ocrx_word' id='word_1_125' title='bbox 2195 688 2406 745; x_wconf 87' lang='grc' dir='ltr'>ἐκεῖθεν</span> <span class='ocrx_word' id='word_1_126' title='bbox 2426 689 2481 743; x_wconf 83' lang='grc' dir='ltr'>δὲ</span> <span class='ocrx_word' id='word_1_127' title='bbox 2504 690 2630 753; x_wconf 77' lang='grc' dir='ltr'>τοὺς</span> <span class='ocrx_word' id='word_1_128' title='bbox 2655 687 3192 762; x_wconf 85' lang='grc' dir='ltr'>πεπλημμεληκότας</span> <span class='ocrx_word' id='word_1_129' title='bbox 3218 687 3345 749; x_wconf 72' lang='grc' dir='ltr'>τοὺς</span> <span class='ocrx_word' id='word_1_130' title='bbox 3366 685 3476 738; x_wconf 91' lang='grc' dir='ltr'><strong>τῶν</strong></span> <span class='ocrx_word' id='word_1_131' title='bbox 3508 684 3775 754; x_wconf 75' lang='grc' dir='ltr'>βεϐιωμέο</span> 
     </span>
    </p>
   </div>
   <div class='ocr_carea' id='block_1_22' title="bbox 2196 774 3845 880">
    <p class='ocr_par' dir='ltr' id='par_1_22' title="bbox 2196 774 3845 880">
     <span class='ocr_line' id='line_1_22' title="bbox 2196 774 3845 880; baseline -0.002 -46"><span class='ocrx_word' id='word_1_132' title='bbox 2196 797 2302 834; x_wconf 87' lang='grc' dir='ltr'><strong>νων</strong></span> <span class='ocrx_word' id='word_1_133' title='bbox 2330 782 2701 851; x_wconf 85' lang='grc' dir='ltr'><strong>δρεπομένους</strong></span> <span class='ocrx_word' id='word_1_134' title='bbox 2749 782 2997 851; x_wconf 77' lang='grc' dir='ltr'>καρποὺς</span> <span class='ocrx_word' id='word_1_135' title='bbox 3030 780 3125 832; x_wconf 73' lang='grc' dir='ltr'>καὶ</span> <span class='ocrx_word' id='word_1_136' title='bbox 3171 779 3306 849; x_wconf 74' lang='grc' dir='ltr'>πρὸς</span> <span class='ocrx_word' id='word_1_137' title='bbox 3335 778 3434 849; x_wconf 81' lang='grc' dir='ltr'>τὴν</span> <span class='ocrx_word' id='word_1_138' title='bbox 3472 778 3778 849; x_wconf 74' lang='grc' dir='ltr'>ἠπειλημέ-</span> 
     </span>
    </p>
   </div>
   <div class='ocr_carea' id='block_1_23' title="bbox 2197 869 3849 943">
    <p class='ocr_par' dir='ltr' id='par_1_23' title="bbox 2197 869 3849 943">
     <span class='ocr_line' id='line_1_23' title="bbox 2197 869 3849 943; baseline -0.003 -17"><span class='ocrx_word' id='word_1_139' title='bbox 2197 888 2298 943; x_wconf 90' lang='grc' dir='ltr'><strong>νην</strong></span> <span class='ocrx_word' id='word_1_140' title='bbox 2326 872 2549 926; x_wconf 83' lang='grc' dir='ltr'><strong>κόλασιν</strong></span> <span class='ocrx_word' id='word_1_141' title='bbox 2579 873 3054 942; x_wconf 81' lang='grc' dir='ltr'><strong>ἀπελαυνομένους</strong></span> <span class='ocrx_word' id='word_1_142' title='bbox 3077 888 3135 924; x_wconf 91' lang='grc' dir='ltr'><strong>τε</strong></span> <span class='ocrx_word' id='word_1_143' title='bbox 3159 871 3251 924; x_wconf 74' lang='grc' dir='ltr'>καὶ</span> <span class='ocrx_word' id='word_1_144' title='bbox 3272 869 3778 940; x_wconf 81' lang='grc' dir='ltr'>ἀποπεμπομένους</span> <span class='ocrx_word' id='word_1_145' title='bbox 3826 869 3849 921; x_wconf 64' lang='grc' dir='ltr'><strong>ἓ</strong></span> 
     </span>
    </p>
   </div>
   <div class='ocr_carea' id='block_1_24' title="bbox 2198 958 3776 1035">
    <p class='ocr_par' dir='ltr' id='par_1_24' title="bbox 2198 958 3776 1035">
     <span class='ocr_line' id='line_1_24' title="bbox 2198 958 3776 1035; baseline 0 -18"><span class='ocrx_word' id='word_1_146' title='bbox 2198 964 2465 1035; x_wconf 87' lang='grc' dir='ltr'>σφοδρῶς.</span> <span class='ocrx_word' id='word_1_147' title='bbox 2514 964 2682 1017; x_wconf 81' lang='grc' dir='ltr'>Ταῦτ’</span> <span class='ocrx_word' id='word_1_148' title='bbox 2725 961 2839 1028; x_wconf 84' lang='grc' dir='ltr'>οὖν,</span> <span class='ocrx_word' id='word_1_149' title='bbox 2872 961 3056 1034; x_wconf 84' lang='grc' dir='ltr'>ἐπειδὴ</span> <span class='ocrx_word' id='word_1_150' title='bbox 3105 964 3277 1033; x_wconf 87' lang='grc' dir='ltr'>πέρας</span> <span class='ocrx_word' id='word_1_151' title='bbox 3320 958 3466 1032; x_wconf 82' lang='grc' dir='ltr'>εἶχεν</span> <span class='ocrx_word' id='word_1_152' title='bbox 3497 964 3530 1033; x_wconf 83' lang='grc' dir='ltr'><strong>ἡ</strong></span> <span class='ocrx_word' id='word_1_153' title='bbox 3560 962 3776 1035; x_wconf 83' lang='grc' dir='ltr'>γραφὴ,</span> 
     </span>
    </p>
   </div>
   <div class='ocr_carea' id='block_1_25' title="bbox 2196 1055 3781 1126">
    <p class='ocr_par' dir='ltr' id='par_1_25' title="bbox 2196 1055 3781 1126">
     <span class='ocr_line' id='line_1_25' title="bbox 2196 1055 3781 1126; baseline -0.001 -15"><span class='ocrx_word' id='word_1_154' title='bbox 2196 1057 2455 1120; x_wconf 82' lang='grc' dir='ltr'>κατιδὼν,</span> <span class='ocrx_word' id='word_1_155' title='bbox 2486 1057 2579 1112; x_wconf 79' lang='grc' dir='ltr'>καὶ</span> <span class='ocrx_word' id='word_1_156' title='bbox 2605 1057 2672 1111; x_wconf 84' lang='grc' dir='ltr'>δι’</span> <span class='ocrx_word' id='word_1_157' title='bbox 2697 1057 2877 1110; x_wconf 78' lang='grc' dir='ltr'>αὐτῶν</span> <span class='ocrx_word' id='word_1_158' title='bbox 2906 1057 2997 1110; x_wconf 74' lang='grc' dir='ltr'>τὸν</span> <span class='ocrx_word' id='word_1_159' title='bbox 3022 1055 3114 1110; x_wconf 85' lang='grc' dir='ltr'><strong>τοῦ</strong></span> <span class='ocrx_word' id='word_1_160' title='bbox 3141 1055 3277 1108; x_wconf 84' lang='grc' dir='ltr'>Θεοῦ</span> <span class='ocrx_word' id='word_1_161' title='bbox 3310 1056 3473 1125; x_wconf 87' lang='grc' dir='ltr'>φόϐον</span> <span class='ocrx_word' id='word_1_162' title='bbox 3507 1058 3563 1108; x_wconf 80' lang='grc' dir='ltr'>ἐν</span> <span class='ocrx_word' id='word_1_163' title='bbox 3595 1056 3781 1126; x_wconf 82' lang='grc' dir='ltr'>ἐαυτῷ</span> 
     </span>
    </p>
   </div>
   <div class='ocr_carea' id='block_1_26' title="bbox 2197 1147 3781 1218">
    <p class='ocr_par' dir='ltr' id='par_1_26' title="bbox 2197 1147 3781 1218">
     <span class='ocr_line' id='line_1_26' title="bbox 2197 1147 3781 1218; baseline -0.002 -16"><span class='ocrx_word' id='word_1_164' title='bbox 2197 1149 2502 1214; x_wconf 84' lang='grc' dir='ltr'>συλλαϐὼν,</span> <span class='ocrx_word' id='word_1_165' title='bbox 2554 1150 2649 1203; x_wconf 73' lang='grc' dir='ltr'><strong>καὶ</strong></span> <span class='ocrx_word' id='word_1_166' title='bbox 2684 1148 3019 1218; x_wconf 67' lang='grc' dir='ltr'>κατηχηθεὶς</span> <span class='ocrx_word' id='word_1_167' title='bbox 3064 1147 3131 1200; x_wconf 86' lang='grc' dir='ltr'><strong>τά</strong></span> <span class='ocrx_word' id='word_1_168' title='bbox 3160 1147 3283 1200; x_wconf 79' lang='grc' dir='ltr'>καθ’</span> <span class='ocrx_word' id='word_1_169' title='bbox 3326 1148 3475 1217; x_wconf 78' lang='grc' dir='ltr'>ἡμᾶς</span> <span class='ocrx_word' id='word_1_170' title='bbox 3519 1147 3639 1199; x_wconf 82' lang='grc' dir='ltr'>θεῖα</span> <span class='ocrx_word' id='word_1_171' title='bbox 3672 1164 3781 1217; x_wconf 88' lang='grc' dir='ltr'>μυ-</span> 
     </span>
    </p>
   </div>
   <div class='ocr_carea' id='block_1_27' title="bbox 2199 1238 3782 1313">
    <p class='ocr_par' dir='ltr' id='par_1_27' title="bbox 2199 1238 3782 1313">
     <span class='ocr_line' id='line_1_27' title="bbox 2199 1238 3782 1313; baseline -0.002 -17"><span class='ocrx_word' id='word_1_172' title='bbox 2199 1244 2418 1313; x_wconf 82' lang='grc' dir='ltr'>στήρια.</span> <span class='ocrx_word' id='word_1_173' title='bbox 2468 1241 2679 1295; x_wconf 82' lang='grc' dir='ltr'>νυκτῶν</span> <span class='ocrx_word' id='word_1_174' title='bbox 2716 1242 2857 1311; x_wconf 77' lang='grc' dir='ltr'>ἀωρὶ</span> <span class='ocrx_word' id='word_1_175' title='bbox 2890 1240 2985 1293; x_wconf 89' lang='grc' dir='ltr'><strong>τοῦ</strong></span> <span class='ocrx_word' id='word_1_176' title='bbox 3037 1239 3185 1293; x_wconf 83' lang='grc' dir='ltr'>θείου</span> <span class='ocrx_word' id='word_1_177' title='bbox 3228 1239 3629 1309; x_wconf 80' lang='grc' dir='ltr'><strong>μεταλαγχάνει</strong></span> <span class='ocrx_word' id='word_1_178' title='bbox 3680 1238 3782 1309; x_wconf 84' lang='grc' dir='ltr'><strong>βα-</strong></span> 
     </span>
    </p>
   </div>
   <div class='ocr_carea' id='block_1_28' title="bbox 2198 1326 3779 1407">
    <p class='ocr_par' dir='ltr' id='par_1_28' title="bbox 2198 1326 3779 1407">
     <span class='ocr_line' id='line_1_28' title="bbox 2198 1326 3779 1407; baseline -0.003 -20"><span class='ocrx_word' id='word_1_179' title='bbox 2198 1333 2525 1401; x_wconf 87' lang='grc' dir='ltr'>πτίσματος.</span> <span class='ocrx_word' id='word_1_180' title='bbox 2572 1333 2690 1401; x_wconf 79' lang='grc' dir='ltr'><strong>Ἐφ’</strong></span> <span class='ocrx_word' id='word_1_181' title='bbox 2717 1326 2760 1400; x_wconf 78' lang='grc' dir='ltr'>ᾧ</span> <span class='ocrx_word' id='word_1_182' title='bbox 2789 1331 3110 1402; x_wconf 86' lang='grc' dir='ltr'>καταφανὴς</span> <span class='ocrx_word' id='word_1_183' title='bbox 3148 1329 3384 1401; x_wconf 82' lang='grc' dir='ltr'>γεγονὼς</span> <span class='ocrx_word' id='word_1_184' title='bbox 3414 1332 3512 1401; x_wconf 83' lang='grc' dir='ltr'>τὴν</span> <span class='ocrx_word' id='word_1_185' title='bbox 3542 1332 3779 1407; x_wconf 81' lang='grc' dir='ltr'>ἐκπαν-</span> 
     </span>
    </p>
   </div>
   <div class='ocr_carea' id='block_1_29' title="bbox 2195 1420 3781 1493">
    <p class='ocr_par' dir='ltr' id='par_1_29' title="bbox 2195 1420 3781 1493">
     <span class='ocr_line' id='line_1_29' title="bbox 2195 1420 3781 1493; baseline -0.002 -15"><span class='ocrx_word' id='word_1_186' title='bbox 2195 1426 2286 1489; x_wconf 72' lang='grc' dir='ltr'><strong>τὸς</strong></span> <span class='ocrx_word' id='word_1_187' title='bbox 2312 1425 2406 1479; x_wconf 86' lang='grc' dir='ltr'><strong>τοῦ</strong></span> <span class='ocrx_word' id='word_1_188' title='bbox 2429 1424 2614 1488; x_wconf 84' lang='grc' dir='ltr'>έθνους</span> <span class='ocrx_word' id='word_1_189' title='bbox 2646 1424 2811 1479; x_wconf 80' lang='grc' dir='ltr'>αὐτοῦ</span> <span class='ocrx_word' id='word_1_190' title='bbox 2835 1423 3236 1493; x_wconf 83' lang='grc' dir='ltr'>καθυφίσταται</span> <span class='ocrx_word' id='word_1_191' title='bbox 3265 1422 3656 1487; x_wconf 73' lang='grc' dir='ltr'>ἐπανάστασιν,</span> <span class='ocrx_word' id='word_1_192' title='bbox 3684 1420 3781 1486; x_wconf 76' lang='grc' dir='ltr'><strong>οὒς</strong></span> 
     </span>
    </p>
   </div>
   <div class='ocr_carea' id='block_1_30' title="bbox 2198 1512 3779 1588">
    <p class='ocr_par' dir='ltr' id='par_1_30' title="bbox 2198 1512 3779 1588">
     <span class='ocr_line' id='line_1_30' title="bbox 2198 1512 3779 1588; baseline -0.003 -18"><span class='ocrx_word' id='word_1_193' title='bbox 2198 1518 2290 1570; x_wconf 80' lang='grc' dir='ltr'><strong>καὶ</strong></span> <span class='ocrx_word' id='word_1_194' title='bbox 2329 1517 2470 1588; x_wconf 88' lang='grc' dir='ltr'>μετά</span> <span class='ocrx_word' id='word_1_195' title='bbox 2528 1533 2694 1570; x_wconf 87' lang='grc' dir='ltr'>τινων</span> <span class='ocrx_word' id='word_1_196' title='bbox 2739 1517 2938 1583; x_wconf 86' lang='grc' dir='ltr'>ὀλίγων</span> <span class='ocrx_word' id='word_1_197' title='bbox 2991 1514 3477 1584; x_wconf 80' lang='grc' dir='ltr'>καταπολεμήσας,</span> <span class='ocrx_word' id='word_1_198' title='bbox 3529 1514 3622 1566; x_wconf 73' lang='grc' dir='ltr'><strong>τὸν</strong></span> <span class='ocrx_word' id='word_1_199' title='bbox 3678 1512 3779 1568; x_wconf 81' lang='grc' dir='ltr'><strong>τοῦ</strong></span> 
     </span>
    </p>
   </div>
   <div class='ocr_carea' id='block_1_31' title="bbox 2197 1604 3780 1679">
    <p class='ocr_par' dir='ltr' id='par_1_31' title="bbox 2197 1604 3780 1679">
     <span class='ocr_line' id='line_1_31' title="bbox 2197 1604 3780 1679; baseline -0.004 -16"><span class='ocrx_word' id='word_1_200' title='bbox 2197 1609 2345 1663; x_wconf 89' lang='grc' dir='ltr'>θείου</span> <span class='ocrx_word' id='word_1_201' title='bbox 2392 1610 2566 1663; x_wconf 86' lang='grc' dir='ltr'>τύπον</span> <span class='ocrx_word' id='word_1_202' title='bbox 2606 1609 2843 1679; x_wconf 89' lang='grc' dir='ltr'>σταυροῦ</span> <span class='ocrx_word' id='word_1_203' title='bbox 2899 1610 2956 1663; x_wconf 84' lang='grc' dir='ltr'>ἐν</span> <span class='ocrx_word' id='word_1_204' title='bbox 2994 1608 3215 1669; x_wconf 82' lang='grc' dir='ltr'>κόλποις</span> <span class='ocrx_word' id='word_1_205' title='bbox 3256 1608 3537 1676; x_wconf 82' lang='grc' dir='ltr'><strong>περιάγων</strong></span> <span class='ocrx_word' id='word_1_206' title='bbox 3586 1604 3780 1670; x_wconf 80' lang='grc' dir='ltr'>αὐτοῦ,</span> 
     </span>
    </p>
   </div>
   <div class='ocr_carea' id='block_1_32' title="bbox 2194 1690 3782 1770">
    <p class='ocr_par' dir='ltr' id='par_1_32' title="bbox 2194 1690 3782 1770">
     <span class='ocr_line' id='line_1_32' title="bbox 2194 1690 3782 1770; baseline -0.004 -17"><span class='ocrx_word' id='word_1_207' title='bbox 2194 1702 2324 1764; x_wconf 77' lang='grc' dir='ltr'>τοὺς</span> <span class='ocrx_word' id='word_1_208' title='bbox 2353 1699 2718 1762; x_wconf 87' lang='grc' dir='ltr'>καταλοίπους</span> <span class='ocrx_word' id='word_1_209' title='bbox 2742 1698 2925 1752; x_wconf 81' lang='grc' dir='ltr'>οὐκέτι</span> <span class='ocrx_word' id='word_1_210' title='bbox 2952 1690 3161 1770; x_wconf 52' lang='grc' dir='ltr'>κρύφα.</span> <span class='ocrx_word' id='word_1_211' title='bbox 3191 1697 3369 1750; x_wconf 87' lang='grc' dir='ltr'>πάντα</span> <span class='ocrx_word' id='word_1_212' title='bbox 3388 1696 3445 1749; x_wconf 84' lang='grc' dir='ltr'>δὲ</span> <span class='ocrx_word' id='word_1_213' title='bbox 3473 1696 3782 1766; x_wconf 67' lang='grc' dir='ltr'>ἀναφανδὸν</span> 
     </span>
    </p>
   </div>
   <div class='ocr_carea' id='block_1_33' title="bbox 2198 1788 3782 1863">
    <p class='ocr_par' dir='ltr' id='par_1_33' title="bbox 2198 1788 3782 1863">
     <span class='ocr_line' id='line_1_33' title="bbox 2198 1788 3782 1863; baseline -0.004 -16"><span class='ocrx_word' id='word_1_214' title='bbox 2198 1793 2422 1863; x_wconf 88' lang='grc' dir='ltr'>ἐποίησε</span> <span class='ocrx_word' id='word_1_215' title='bbox 2448 1793 2539 1845; x_wconf 79' lang='grc' dir='ltr'><strong>καὶ</strong></span> <span class='ocrx_word' id='word_1_216' title='bbox 2560 1791 2758 1856; x_wconf 75' lang='grc' dir='ltr'>αὐτοὺς</span> <span class='ocrx_word' id='word_1_217' title='bbox 2780 1790 3180 1862; x_wconf 80' lang='grc' dir='ltr'>ἐπιθυμοῦντας</span> <span class='ocrx_word' id='word_1_218' title='bbox 3209 1788 3588 1859; x_wconf 84' lang='grc' dir='ltr'>Χριστιανούς.</span> <span class='ocrx_word' id='word_1_219' title='bbox 3626 1790 3782 1842; x_wconf 73' lang='grc' dir='ltr'>Ἐπεὶ</span> 
     </span>
    </p>
   </div>
   <div class='ocr_carea' id='block_1_34' title="bbox 510 1868 2094 1957">
    <p class='ocr_par' dir='ltr' id='par_1_34' title="bbox 510 1882 2087 1957">
     <span class='ocr_line' id='line_1_34' title="bbox 510 1882 2087 1957; baseline -0.001 -19"><span class='ocrx_word' id='word_1_220' title='bbox 510 1882 600 1939; x_wconf 88' lang='lat' dir='ltr'><strong>nis</strong></span> <span class='ocrx_word' id='word_1_221' title='bbox 637 1884 786 1938; x_wconf 91' lang='lat' dir='ltr'><strong>illius</strong></span> <span class='ocrx_word' id='word_1_222' title='bbox 827 1883 1114 1950; x_wconf 83' lang='lat' dir='ltr'><strong>terminis;</strong></span> <span class='ocrx_word' id='word_1_223' title='bbox 1174 1898 1352 1952; x_wconf 85' lang='lat' dir='ltr'><strong>eoque</strong></span> <span class='ocrx_word' id='word_1_224' title='bbox 1401 1883 1596 1953; x_wconf 87' lang='lat' dir='ltr'><strong>majori</strong></span> <span class='ocrx_word' id='word_1_225' title='bbox 1656 1884 1853 1940; x_wconf 83' lang='lat' dir='ltr'><strong>ﬁducia</strong></span> <span class='ocrx_word' id='word_1_226' title='bbox 1909 1893 2087 1957; x_wconf 90' lang='lat' dir='ltr'><strong>rogat,</strong></span> 
     </span>
    </p>
   </div>
   <div class='ocr_carea' id='block_1_35' title="bbox 2202 1868 3781 1957">
    <p class='ocr_par' dir='ltr' id='par_1_35' title="bbox 2202 1881 3781 1956">
     <span class='ocr_line' id='line_1_35' title="bbox 2202 1881 3781 1956; baseline -0.003 -17"><span class='ocrx_word' id='word_1_227' title='bbox 2202 1885 2325 1954; x_wconf 86' lang='grc' dir='ltr'>γοῦν</span> <span class='ocrx_word' id='word_1_228' title='bbox 2357 1885 2621 1956; x_wconf 83' lang='grc' dir='ltr'>μετετέθη</span> <span class='ocrx_word' id='word_1_229' title='bbox 2657 1885 2793 1956; x_wconf 76' lang='grc' dir='ltr'>πρὸς</span> <span class='ocrx_word' id='word_1_230' title='bbox 2830 1882 3163 1949; x_wconf 86' lang='grc' dir='ltr'>θεοσέϐειαν,</span> <span class='ocrx_word' id='word_1_231' title='bbox 3195 1884 3394 1955; x_wconf 85' lang='grc' dir='ltr'>γράφει</span> <span class='ocrx_word' id='word_1_232' title='bbox 3423 1882 3487 1952; x_wconf 78' lang='grc' dir='ltr'><strong>δὴ</strong></span> <span class='ocrx_word' id='word_1_233' title='bbox 3516 1881 3651 1952; x_wconf 73' lang='grc' dir='ltr'>πρὸς</span> <span class='ocrx_word' id='word_1_234' title='bbox 3678 1882 3781 1951; x_wconf 75' lang='grc' dir='ltr'>τὴν</span> 
     </span>
    </p>
   </div>
   <div class='ocr_carea' id='block_1_36' title="bbox 511 1975 2090 2047">
    <p class='ocr_par' dir='ltr' id='par_1_36' title="bbox 511 1975 2090 2047">
     <span class='ocr_line' id='line_1_36' title="bbox 511 1975 2090 2047; baseline 0.001 -16"><span class='ocrx_word' id='word_1_235' title='bbox 511 1975 660 2047; x_wconf 87' lang='lat' dir='ltr'><strong>quod</strong></span> <span class='ocrx_word' id='word_1_236' title='bbox 687 1975 843 2045; x_wconf 78' lang='lat'><strong>165</strong></span> <span class='ocrx_word' id='word_1_237' title='bbox 861 1975 973 2044; x_wconf 89' lang='lat' dir='ltr'><strong>jam</strong></span> <span class='ocrx_word' id='word_1_238' title='bbox 1003 1990 1109 2029; x_wconf 90' lang='lat' dir='ltr'><strong>non</strong></span> <span class='ocrx_word' id='word_1_239' title='bbox 1144 1976 1272 2042; x_wconf 90' lang='lat' dir='ltr'><strong>duo,</strong></span> <span class='ocrx_word' id='word_1_240' title='bbox 1306 1975 1399 2030; x_wconf 89' lang='lat' dir='ltr'><strong>sed</strong></span> <span class='ocrx_word' id='word_1_241' title='bbox 1422 1990 1593 2030; x_wconf 92' lang='lat' dir='ltr'><strong>unum</strong></span> <span class='ocrx_word' id='word_1_242' title='bbox 1626 1976 1913 2041; x_wconf 82' lang='lat' dir='ltr'><strong>exsistant,</strong></span> <span class='ocrx_word' id='word_1_243' title='bbox 1940 1977 2090 2033; x_wconf 89' lang='lat' dir='ltr'><strong>inso-</strong></span> 
     </span>
    </p>
   </div>
   <div class='ocr_carea' id='block_1_37' title="bbox 514 2067 2089 2138">
    <p class='ocr_par' dir='ltr' id='par_1_37' title="bbox 514 2067 2089 2138">
     <span class='ocr_line' id='line_1_37' title="bbox 514 2067 2089 2138; baseline 0.001 -17"><span class='ocrx_word' id='word_1_244' title='bbox 514 2067 668 2122; x_wconf 90' lang='lat' dir='ltr'><strong>lubili</strong></span> <span class='ocrx_word' id='word_1_245' title='bbox 701 2067 823 2121; x_wconf 79' lang='lat' dir='ltr'><strong>tidei</strong></span> <span class='ocrx_word' id='word_1_246' title='bbox 849 2067 1212 2137; x_wconf 81' lang='lat' dir='ltr'><strong>amicitiaeque</strong></span> <span class='ocrx_word' id='word_1_247' title='bbox 1235 2067 1454 2121; x_wconf 86' lang='lat' dir='ltr'><strong>vinculo</strong></span> <span class='ocrx_word' id='word_1_248' title='bbox 1482 2068 1749 2138; x_wconf 79' lang='lat' dir='ltr'><strong>colligati.</strong></span> <span class='ocrx_word' id='word_1_249' title='bbox 1770 2068 2089 2138; x_wconf 88' lang='lat' dir='ltr'><strong>Subjectum</strong></span> 
     </span>
    </p>
   </div>
   <div class='ocr_carea' id='block_1_38' title="bbox 514 2160 2092 2231">
    <p class='ocr_par' dir='ltr' id='par_1_38' title="bbox 514 2160 2092 2231">
     <span class='ocr_line' id='line_1_38' title="bbox 514 2160 2092 2231; baseline 0.001 -15"><span class='ocrx_word' id='word_1_250' title='bbox 514 2174 578 2216; x_wconf 83' lang='lat' dir='ltr'><strong>se</strong></span> <span class='ocrx_word' id='word_1_251' title='bbox 613 2160 688 2215; x_wconf 88' lang='lat' dir='ltr'><strong>illi</strong></span> <span class='ocrx_word' id='word_1_252' title='bbox 718 2161 832 2216; x_wconf 89' lang='lat' dir='ltr'><strong>l&#39;ore</strong></span> <span class='ocrx_word' id='word_1_253' title='bbox 862 2160 1177 2231; x_wconf 88' lang='lat' dir='ltr'><strong>pollicetur,</strong></span> <span class='ocrx_word' id='word_1_254' title='bbox 1235 2173 1536 2230; x_wconf 81' lang='lat' dir='ltr'><strong>pacemque</strong></span> <span class='ocrx_word' id='word_1_255' title='bbox 1564 2163 1954 2231; x_wconf 86' lang='lat' dir='ltr'><strong>sempiternam</strong></span> <span class='ocrx_word' id='word_1_256' title='bbox 1989 2176 2092 2217; x_wconf 87' lang='lat' dir='ltr'><strong>nec</strong></span> 
     </span>
    </p>
   </div>
   <div class='ocr_carea' id='block_1_39' title="bbox 517 2254 2091 2324">
    <p class='ocr_par' dir='ltr' id='par_1_39' title="bbox 517 2254 2091 2324">
     <span class='ocr_line' id='line_1_39' title="bbox 517 2254 2091 2324; baseline 0.001 -16"><span class='ocrx_word' id='word_1_257' title='bbox 517 2254 626 2308; x_wconf 89' lang='lat' dir='ltr'><strong>ulla</strong></span> <span class='ocrx_word' id='word_1_258' title='bbox 657 2270 898 2324; x_wconf 88' lang='lat' dir='ltr'><strong>unquam</strong></span> <span class='ocrx_word' id='word_1_259' title='bbox 940 2268 1000 2309; x_wconf 87' lang='lat' dir='ltr'><strong>re</strong></span> <span class='ocrx_word' id='word_1_260' title='bbox 1041 2254 1453 2308; x_wconf 78' lang='lat' dir='ltr'><strong>convellendam</strong></span> <span class='ocrx_word' id='word_1_261' title='bbox 1490 2270 1612 2308; x_wconf 90' lang='lat' dir='ltr'><strong>cum</strong></span> <span class='ocrx_word' id='word_1_262' title='bbox 1645 2269 1707 2309; x_wconf 89' lang='lat' dir='ltr'><strong>ea</strong></span> <span class='ocrx_word' id='word_1_263' title='bbox 1750 2254 2091 2309; x_wconf 86' lang='lat' dir='ltr'><strong>habiturum.</strong></span> 
     </span>
    </p>
   </div>
   <div class='ocr_carea' id='block_1_40' title="bbox 519 2344 2096 2417">
    <p class='ocr_par' dir='ltr' id='par_1_40' title="bbox 519 2344 2096 2417">
     <span class='ocr_line' id='line_1_40' title="bbox 519 2344 2096 2417; baseline 0.001 -17"><span class='ocrx_word' id='word_1_264' title='bbox 519 2346 727 2401; x_wconf 83' lang='lat' dir='ltr'><strong>Placuit</strong></span> <span class='ocrx_word' id='word_1_265' title='bbox 755 2345 1056 2400; x_wconf 61' lang='lat' dir='ltr'><strong>Theodore:</strong></span> <span class='ocrx_word' id='word_1_266' title='bbox 1094 2346 1304 2415; x_wconf 87' lang='lat' dir='ltr'><strong>petitio,</strong></span> <span class='ocrx_word' id='word_1_267' title='bbox 1336 2346 1597 2412; x_wconf 88' lang='lat' dir='ltr'><strong>deditque</strong></span> <span class='ocrx_word' id='word_1_268' title='bbox 1624 2344 1878 2415; x_wconf 79' lang='lat' dir='ltr'><strong>Bulgaria</strong></span> <span class='ocrx_word' id='word_1_269' title='bbox 1914 2347 2096 2417; x_wconf 82' lang='lat' dir='ltr'><strong>regio-</strong></span> 
     </span>
    </p>
   </div>
   <div class='ocr_carea' id='block_1_41' title="bbox 516 2438 2093 2508">
    <p class='ocr_par' dir='ltr' id='par_1_41' title="bbox 516 2438 2093 2508">
     <span class='ocr_line' id='line_1_41' title="bbox 516 2438 2093 2508; baseline 0.001 -15"><span class='ocrx_word' id='word_1_270' title='bbox 516 2453 639 2493; x_wconf 86' lang='lat' dir='ltr'><strong>nem</strong></span> <span class='ocrx_word' id='word_1_271' title='bbox 691 2453 816 2508; x_wconf 69' lang='lat' dir='ltr'><strong>quat</strong></span> <span class='ocrx_word' id='word_1_272' title='bbox 851 2446 965 2491; x_wconf 94' lang='lat' dir='ltr'><strong>tum</strong></span> <span class='ocrx_word' id='word_1_273' title='bbox 1000 2438 1217 2493; x_wconf 88' lang='lat' dir='ltr'><strong>deserta</strong></span> <span class='ocrx_word' id='word_1_274' title='bbox 1269 2447 1409 2499; x_wconf 85' lang='lat' dir='ltr'><strong>erat,</strong></span> <span class='ocrx_word' id='word_1_275' title='bbox 1463 2439 1733 2508; x_wconf 86' lang='lat' dir='ltr'><strong>quidquid</strong></span> <span class='ocrx_word' id='word_1_276' title='bbox 1796 2440 2007 2494; x_wconf 87' lang='lat' dir='ltr'><strong>scilicet</strong></span> <span class='ocrx_word' id='word_1_277' title='bbox 2065 2454 2093 2495; x_wconf 87' lang='lat' dir='ltr'><strong>a</strong></span> 
     </span>
    </p>
   </div>
   <div class='ocr_carea' id='block_1_42' title="bbox 514 2526 2095 2599">
    <p class='ocr_par' dir='ltr' id='par_1_42' title="bbox 514 2526 2095 2599">
     <span class='ocr_line' id='line_1_42' title="bbox 514 2526 2095 2599; baseline 0.002 -18"><span class='ocrx_word' id='word_1_278' title='bbox 514 2526 714 2585; x_wconf 83' lang='lat' dir='ltr'><strong>Ferrea</strong></span> <span class='ocrx_word' id='word_1_279' title='bbox 765 2529 867 2584; x_wconf 85' lang='lat' dir='ltr'><strong>soli</strong></span> <span class='ocrx_word' id='word_1_280' title='bbox 912 2540 998 2583; x_wconf 85' lang='lat' dir='ltr'><strong>est</strong></span> <span class='ocrx_word' id='word_1_281' title='bbox 1024 2529 1152 2596; x_wconf 90' lang='lat' dir='ltr'><strong>(ioci</strong></span> <span class='ocrx_word' id='word_1_282' title='bbox 1198 2543 1399 2583; x_wconf 91' lang='lat' dir='ltr'><strong>nomen</strong></span> <span class='ocrx_word' id='word_1_283' title='bbox 1431 2538 1535 2590; x_wconf 90' lang='lat' dir='ltr'><strong>est,</strong></span> <span class='ocrx_word' id='word_1_284' title='bbox 1564 2530 1723 2583; x_wconf 85' lang='lat' dir='ltr'><strong>limes</strong></span> <span class='ocrx_word' id='word_1_285' title='bbox 1752 2544 1819 2584; x_wconf 91' lang='lat' dir='ltr'><strong>eo</strong></span> <span class='ocrx_word' id='word_1_286' title='bbox 1848 2537 2095 2599; x_wconf 88' lang='lat' dir='ltr'><strong>tempore</strong></span> 
     </span>
    </p>
   </div>
   <div class='ocr_carea' id='block_1_43' title="bbox 516 2621 2093 2693">
    <p class='ocr_par' dir='ltr' id='par_1_43' title="bbox 516 2621 2093 2693">
     <span class='ocr_line' id='line_1_43' title="bbox 516 2621 2093 2693; baseline 0 -16"><span class='ocrx_word' id='word_1_287' title='bbox 516 2622 892 2677; x_wconf 75' lang='lat' dir='ltr'><strong>Romanorum</strong></span> <span class='ocrx_word' id='word_1_288' title='bbox 923 2638 988 2677; x_wconf 91' lang='lat' dir='ltr'><strong>ac</strong></span> <span class='ocrx_word' id='word_1_289' title='bbox 1017 2621 1381 2693; x_wconf 83' lang='lat' dir='ltr'><strong>Bulgarorum</strong></span> <span class='ocrx_word' id='word_1_290' title='bbox 1412 2622 1662 2691; x_wconf 81' lang='lat' dir='ltr'><strong>ditionis)</strong></span> <span class='ocrx_word' id='word_1_291' title='bbox 1697 2622 1763 2675; x_wconf 91' lang='lat' dir='ltr'><strong>ad</strong></span> <span class='ocrx_word' id='word_1_292' title='bbox 1802 2622 2093 2677; x_wconf 83' lang='lat' dir='ltr'><strong>Debeltutn</strong></span> 
     </span>
    </p>
   </div>
   <div class='ocr_carea' id='block_1_44' title="bbox 517 2713 2098 2785">
    <p class='ocr_par' dir='ltr' id='par_1_44' title="bbox 517 2713 2098 2785">
     <span class='ocr_line' id='line_1_44' title="bbox 517 2713 2098 2785; baseline -0.001 -16"><span class='ocrx_word' id='word_1_293' title='bbox 517 2730 692 2785; x_wconf 85' lang='lat' dir='ltr'><strong>usque</strong></span> <span class='ocrx_word' id='word_1_294' title='bbox 720 2731 734 2766; x_wconf 73' lang='grc' dir='ltr'><strong>ε</strong></span> <span class='ocrx_word' id='word_1_295' title='bbox 763 2713 977 2784; x_wconf 84' lang='lat' dir='ltr'><strong>Bulgari</strong></span> <span class='ocrx_word' id='word_1_296' title='bbox 1010 2714 1274 2783; x_wconf 80' lang='lat' dir='ltr'><strong>Zagoram</strong></span> <span class='ocrx_word' id='word_1_297' title='bbox 1323 2723 1539 2768; x_wconf 87' lang='lat' dir='ltr'><strong>vocant.</strong></span> <span class='ocrx_word' id='word_1_298' title='bbox 1592 2713 1694 2768; x_wconf 88' lang='lat' dir='ltr'><strong>Per</strong></span> <span class='ocrx_word' id='word_1_299' title='bbox 1724 2714 1866 2768; x_wconf 89' lang='lat' dir='ltr'><strong>hunc</strong></span> <span class='ocrx_word' id='word_1_300' title='bbox 1914 2714 2098 2783; x_wconf 86' lang='lat' dir='ltr'><strong>itaque</strong></span> 
     </span>
    </p>
   </div>
   <div class='ocr_carea' id='block_1_45' title="bbox 518 2802 2100 2873">
    <p class='ocr_par' dir='ltr' id='par_1_45' title="bbox 518 2802 2100 2873">
     <span class='ocr_line' id='line_1_45' title="bbox 518 2802 2100 2873; baseline -0.003 -12"><span class='ocrx_word' id='word_1_301' title='bbox 518 2806 739 2861; x_wconf 89' lang='lat' dir='ltr'><strong>modum</strong></span> <span class='ocrx_word' id='word_1_302' title='bbox 771 2804 953 2860; x_wconf 87' lang='lat' dir='ltr'><strong>omnis</strong></span> <span class='ocrx_word' id='word_1_303' title='bbox 1002 2804 1253 2873; x_wconf 85' lang='lat' dir='ltr'><strong>Bulgaria</strong></span> <span class='ocrx_word' id='word_1_304' title='bbox 1290 2804 1355 2857; x_wconf 88' lang='lat' dir='ltr'><strong>ad</strong></span> <span class='ocrx_word' id='word_1_305' title='bbox 1401 2805 1659 2873; x_wconf 81' lang='lat' dir='ltr'><strong>pietatem</strong></span> <span class='ocrx_word' id='word_1_306' title='bbox 1691 2803 2005 2873; x_wconf 83' lang='lat' dir='ltr'><strong>Christique</strong></span> <span class='ocrx_word' id='word_1_307' title='bbox 2036 2802 2100 2857; x_wconf 87' lang='lat' dir='ltr'><strong>li-</strong></span> 
     </span>
    </p>
   </div>
   <div class='ocr_carea' id='block_1_46' title="bbox 515 2896 2099 2964">
    <p class='ocr_par' dir='ltr' id='par_1_46' title="bbox 515 2896 2099 2964">
     <span class='ocr_line' id='line_1_46' title="bbox 515 2896 2099 2964; baseline -0.002 -11"><span class='ocrx_word' id='word_1_308' title='bbox 515 2899 638 2954; x_wconf 89' lang='lat' dir='ltr'><strong>dem</strong></span> <span class='ocrx_word' id='word_1_309' title='bbox 672 2898 948 2960; x_wconf 88' lang='lat' dir='ltr'><strong>transivit,</strong></span> <span class='ocrx_word' id='word_1_310' title='bbox 980 2897 1092 2952; x_wconf 91' lang='lat' dir='ltr'><strong>Deo</strong></span> <span class='ocrx_word' id='word_1_311' title='bbox 1145 2900 1210 2952; x_wconf 89' lang='lat' dir='ltr'><strong>ad</strong></span> <span class='ocrx_word' id='word_1_312' title='bbox 1247 2912 1403 2951; x_wconf 88' lang='lat' dir='ltr'><strong>suam</strong></span> <span class='ocrx_word' id='word_1_313' title='bbox 1451 2896 1575 2951; x_wconf 89' lang='lat' dir='ltr'><strong>illas</strong></span> <span class='ocrx_word' id='word_1_314' title='bbox 1606 2897 1973 2964; x_wconf 84' lang='lat' dir='ltr'><strong>cognitionem</strong></span> <span class='ocrx_word' id='word_1_315' title='bbox 2002 2910 2099 2950; x_wconf 83' lang='lat' dir='ltr'><strong>vo-</strong></span> 
     </span>
    </p>
   </div>
   <div class='ocr_carea' id='block_1_47' title="bbox 517 2987 2091 3060">
    <p class='ocr_par' dir='ltr' id='par_1_47' title="bbox 517 2987 2091 3060">
     <span class='ocr_line' id='line_1_47' title="bbox 517 2987 2091 3060; baseline -0.005 -13"><span class='ocrx_word' id='word_1_316' title='bbox 517 3001 700 3054; x_wconf 85' lang='lat' dir='ltr'><strong>cante,</strong></span> <span class='ocrx_word' id='word_1_317' title='bbox 721 2999 774 3046; x_wconf 89' lang='lat' dir='ltr'><strong>et</strong></span> <span class='ocrx_word' id='word_1_318' title='bbox 802 2991 1022 3060; x_wconf 79' lang='lat' dir='ltr'><strong>quidem</strong></span> <span class='ocrx_word' id='word_1_319' title='bbox 1057 3005 1123 3044; x_wconf 78' lang='lat' dir='ltr'><strong>ex</strong></span> <span class='ocrx_word' id='word_1_320' title='bbox 1157 2990 1238 3044; x_wconf 88' lang='lat' dir='ltr'><strong>sic</strong></span> <span class='ocrx_word' id='word_1_321' title='bbox 1267 2988 1481 3060; x_wconf 80' lang='lat' dir='ltr'><strong>exiguis</strong></span> <span class='ocrx_word' id='word_1_322' title='bbox 1508 2987 1763 3042; x_wconf 85' lang='lat' dir='ltr'><strong>scintillis</strong></span> <span class='ocrx_word' id='word_1_323' title='bbox 1791 2988 2091 3057; x_wconf 76' lang='lat' dir='ltr'><strong>plagisque;</strong></span> 
     </span>
    </p>
   </div>
   <div class='ocr_carea' id='block_1_48' title="bbox 519 3079 2097 3154">
    <p class='ocr_par' dir='ltr' id='par_1_48' title="bbox 519 3079 2097 3154">
     <span class='ocr_line' id='line_1_48' title="bbox 519 3079 2097 3154; baseline -0.003 -17"><span class='ocrx_word' id='word_1_324' title='bbox 519 3084 711 3154; x_wconf 82' lang='lat' dir='ltr'><strong>sicque</strong></span> <span class='ocrx_word' id='word_1_325' title='bbox 742 3083 859 3154; x_wconf 85' lang='lat' dir='ltr'><strong>agri</strong></span> <span class='ocrx_word' id='word_1_326' title='bbox 903 3082 1137 3137; x_wconf 78' lang='lat' dir='ltr'><strong>Romani</strong></span> <span class='ocrx_word' id='word_1_327' title='bbox 1180 3081 1486 3152; x_wconf 85' lang='lat' dir='ltr'><strong>portionem</strong></span> <span class='ocrx_word' id='word_1_328' title='bbox 1519 3080 1666 3135; x_wconf 88' lang='lat' dir='ltr'><strong>velut</strong></span> <span class='ocrx_word' id='word_1_329' title='bbox 1697 3079 1861 3134; x_wconf 91' lang='lat' dir='ltr'><strong>aliam</strong></span> <span class='ocrx_word' id='word_1_330' title='bbox 1899 3095 2097 3149; x_wconf 83' lang='lat' dir='ltr'><strong>quam-</strong></span> 
     </span>
    </p>
   </div>
   <div class='ocr_carea' id='block_1_49' title="bbox 517 3171 2097 3246">
    <p class='ocr_par' dir='ltr' id='par_1_49' title="bbox 517 3171 2097 3246">
     <span class='ocr_line' id='line_1_49' title="bbox 517 3171 2097 3246; baseline -0.003 -14"><span class='ocrx_word' id='word_1_331' title='bbox 517 3176 644 3232; x_wconf 86' lang='lat' dir='ltr'><strong>dam</strong></span> <span class='ocrx_word' id='word_1_332' title='bbox 684 3192 801 3231; x_wconf 89' lang='lat' dir='ltr'><strong>rem</strong></span> <span class='ocrx_word' id='word_1_333' title='bbox 837 3175 1166 3246; x_wconf 80' lang='lat' dir='ltr'><strong>promissam</strong></span> <span class='ocrx_word' id='word_1_334' title='bbox 1204 3175 1509 3237; x_wconf 87' lang='lat' dir='ltr'><strong>consecuti,</strong></span> <span class='ocrx_word' id='word_1_335' title='bbox 1542 3173 1801 3227; x_wconf 80' lang='lat' dir='ltr'><strong>Romanis</strong></span> <span class='ocrx_word' id='word_1_336' title='bbox 1829 3187 1887 3228; x_wconf 90' lang='lat' dir='ltr'><strong>se</strong></span> <span class='ocrx_word' id='word_1_337' title='bbox 1920 3171 2097 3228; x_wconf 67' lang='lat' dir='ltr'><strong>funic-</strong></span> 
     </span>
    </p>
   </div>
   <div class='ocr_carea' id='block_1_50' title="bbox 515 3263 1934 3335">
    <p class='ocr_par' dir='ltr' id='par_1_50' title="bbox 515 3263 1934 3335">
     <span class='ocr_line' id='line_1_50' title="bbox 515 3263 1934 3335; baseline -0.005 -11"><span class='ocrx_word' id='word_1_338' title='bbox 515 3276 669 3324; x_wconf 80' lang='lat' dir='ltr'><strong>ratos</strong></span> <span class='ocrx_word' id='word_1_339' title='bbox 695 3266 982 3323; x_wconf 63' lang='lat' dir='ltr'><strong>indivulsae</strong></span> <span class='ocrx_word' id='word_1_340' title='bbox 1014 3265 1293 3322; x_wconf 82' lang='lat' dir='ltr'><strong>societatis</strong></span> <span class='ocrx_word' id='word_1_341' title='bbox 1316 3266 1536 3321; x_wconf 88' lang='lat' dir='ltr'><strong>vinculo</strong></span> <span class='ocrx_word' id='word_1_342' title='bbox 1562 3263 1934 3335; x_wconf 89' lang='lat' dir='ltr'><strong>subjeccruut.</strong></span> 
     </span>
    </p>
   </div>
   <div class='ocr_carea' id='block_1_51' title="bbox 587 3439 2097 3509">
    <p class='ocr_par' dir='ltr' id='par_1_51' title="bbox 587 3439 2097 3509">
     <span class='ocr_line' id='line_1_51' title="bbox 587 3439 2097 3509; baseline -0.003 -11"><span class='ocrx_word' id='word_1_343' title='bbox 587 3445 679 3500; x_wconf 78' lang='grc'>16.</span> <span class='ocrx_word' id='word_1_344' title='bbox 726 3443 882 3498; x_wconf 80' lang='lat' dir='ltr'><strong>Hunc</strong></span> <span class='ocrx_word' id='word_1_345' title='bbox 919 3443 973 3495; x_wconf 91' lang='lat' dir='ltr'><strong>in</strong></span> <span class='ocrx_word' id='word_1_346' title='bbox 1008 3442 1228 3496; x_wconf 90' lang='lat' dir='ltr'><strong>modum</strong></span> <span class='ocrx_word' id='word_1_347' title='bbox 1271 3456 1334 3496; x_wconf 89' lang='lat' dir='ltr'><strong>se</strong></span> <span class='ocrx_word' id='word_1_348' title='bbox 1368 3456 1456 3496; x_wconf 89' lang='lat' dir='ltr'><strong>res</strong></span> <span class='ocrx_word' id='word_1_349' title='bbox 1483 3439 1800 3495; x_wconf 89' lang='lat' dir='ltr'><strong>Occidentis</strong></span> <span class='ocrx_word' id='word_1_350' title='bbox 1833 3439 2097 3509; x_wconf 74' lang='lat' dir='ltr'><strong>praeclare</strong></span> 
     </span>
    </p>
   </div>
   <div class='ocr_carea' id='block_1_52' title="bbox 517 3532 2094 3602">
    <p class='ocr_par' dir='ltr' id='par_1_52' title="bbox 517 3532 2094 3602">
     <span class='ocr_line' id='line_1_52' title="bbox 517 3532 2094 3602; baseline -0.004 -11"><span class='ocrx_word' id='word_1_351' title='bbox 517 3537 813 3600; x_wconf 82' lang='lat' dir='ltr'><strong>habebant,</strong></span> <span class='ocrx_word' id='word_1_352' title='bbox 870 3534 1184 3602; x_wconf 85' lang='lat' dir='ltr'><strong>celebrique</strong></span> <span class='ocrx_word' id='word_1_353' title='bbox 1217 3534 1361 3587; x_wconf 78' lang='lat' dir='ltr'><strong>fama</strong></span> <span class='ocrx_word' id='word_1_354' title='bbox 1397 3534 1601 3602; x_wconf 86' lang='lat' dir='ltr'><strong>ubique</strong></span> <span class='ocrx_word' id='word_1_355' title='bbox 1646 3532 2094 3601; x_wconf 81' lang='lat' dir='ltr'><strong>divulgabantur,</strong></span> 
     </span>
    </p>
   </div>
   <div class='ocr_carea' id='block_1_53' title="bbox 514 3625 2096 3698">
    <p class='ocr_par' dir='ltr' id='par_1_53' title="bbox 514 3625 2096 3698">
     <span class='ocr_line' id='line_1_53' title="bbox 514 3625 2096 3698; baseline -0.003 -15"><span class='ocrx_word' id='word_1_356' title='bbox 514 3628 661 3698; x_wconf 83' lang='lat' dir='ltr'><strong>quod</strong></span> <span class='ocrx_word' id='word_1_357' title='bbox 715 3628 790 3682; x_wconf 90' lang='lat' dir='ltr'><strong>ita</strong></span> <span class='ocrx_word' id='word_1_358' title='bbox 842 3626 1158 3695; x_wconf 64' lang='lat' dir='ltr'><strong>compositae</strong></span> <span class='ocrx_word' id='word_1_359' title='bbox 1198 3636 1374 3681; x_wconf 88' lang='lat' dir='ltr'><strong>erant.</strong></span> <span class='ocrx_word' id='word_1_360' title='bbox 1438 3625 1607 3680; x_wconf 89' lang='lat' dir='ltr'><strong>Porro</strong></span> <span class='ocrx_word' id='word_1_361' title='bbox 1639 3625 1924 3679; x_wconf 77' lang='lat' dir='ltr'><strong>Theodora</strong></span> <span class='ocrx_word' id='word_1_362' title='bbox 1966 3638 2096 3679; x_wconf 86' lang='lat' dir='ltr'><strong>suc-</strong></span> 
     </span>
    </p>
   </div>
   <div class='ocr_carea' id='block_1_54' title="bbox 515 3716 2098 3788">
    <p class='ocr_par' dir='ltr' id='par_1_54' title="bbox 515 3716 2098 3788">
     <span class='ocr_line' id='line_1_54' title="bbox 515 3716 2098 3788; baseline -0.004 -11"><span class='ocrx_word' id='word_1_363' title='bbox 515 3736 677 3777; x_wconf 90' lang='lat' dir='ltr'><strong>cessu</strong></span> <span class='ocrx_word' id='word_1_364' title='bbox 712 3720 875 3785; x_wconf 86' lang='lat' dir='ltr'><strong>elata,</strong></span> <span class='ocrx_word' id='word_1_365' title='bbox 924 3733 988 3773; x_wconf 91' lang='lat' dir='ltr'><strong>ac</strong></span> <span class='ocrx_word' id='word_1_366' title='bbox 1028 3719 1185 3788; x_wconf 86' lang='lat' dir='ltr'><strong>quasi</strong></span> <span class='ocrx_word' id='word_1_367' title='bbox 1235 3718 1443 3787; x_wconf 86' lang='lat' dir='ltr'><strong>majora</strong></span> <span class='ocrx_word' id='word_1_368' title='bbox 1500 3730 1698 3786; x_wconf 65' lang='lat' dir='ltr'><strong>tropaaa</strong></span> <span class='ocrx_word' id='word_1_369' title='bbox 1738 3716 1973 3787; x_wconf 81' lang='lat' dir='ltr'><strong>adjicere</strong></span> <span class='ocrx_word' id='word_1_370' title='bbox 2006 3732 2098 3788; x_wconf 87' lang='lat' dir='ltr'><strong>ge-</strong></span> 
     </span>
    </p>
   </div>
   <div class='ocr_carea' id='block_1_55' title="bbox 515 3811 2099 3882">
    <p class='ocr_par' dir='ltr' id='par_1_55' title="bbox 515 3811 2099 3882">
     <span class='ocr_line' id='line_1_55' title="bbox 515 3811 2099 3882; baseline -0.004 -12"><span class='ocrx_word' id='word_1_371' title='bbox 515 3815 711 3871; x_wconf 87' lang='lat' dir='ltr'><strong>stiens.</strong></span> <span class='ocrx_word' id='word_1_372' title='bbox 742 3811 1091 3868; x_wconf 83' lang='lat' dir='ltr'><strong>Paulicianos</strong></span> <span class='ocrx_word' id='word_1_373' title='bbox 1121 3826 1349 3882; x_wconf 87' lang='lat' dir='ltr'><strong>quoque</strong></span> <span class='ocrx_word' id='word_1_374' title='bbox 1400 3827 1495 3881; x_wconf 90' lang='lat' dir='ltr'><strong>per</strong></span> <span class='ocrx_word' id='word_1_375' title='bbox 1519 3811 1803 3865; x_wconf 81' lang='lat' dir='ltr'><strong>Orientem</strong></span> <span class='ocrx_word' id='word_1_376' title='bbox 1867 3819 2099 3863; x_wconf 87' lang='lat' dir='ltr'><strong>conatur</strong></span> 
     </span>
    </p>
   </div>
   <div class='ocr_carea' id='block_1_56' title="bbox 516 3901 2099 3971">
    <p class='ocr_par' dir='ltr' id='par_1_56' title="bbox 516 3901 2099 3971">
     <span class='ocr_line' id='line_1_56' title="bbox 516 3901 2099 3971; baseline -0.005 -9"><span class='ocrx_word' id='word_1_377' title='bbox 516 3906 587 3962; x_wconf 85' lang='lat' dir='ltr'><strong>ad</strong></span> <span class='ocrx_word' id='word_1_378' title='bbox 614 3920 797 3960; x_wconf 87' lang='lat' dir='ltr'><strong>veram</strong></span> <span class='ocrx_word' id='word_1_379' title='bbox 852 3904 1152 3959; x_wconf 87' lang='lat' dir='ltr'><strong>transferre</strong></span> <span class='ocrx_word' id='word_1_380' title='bbox 1187 3904 1372 3967; x_wconf 87' lang='lat' dir='ltr'><strong>iidem,</strong></span> <span class='ocrx_word' id='word_1_381' title='bbox 1416 3904 1501 3958; x_wconf 91' lang='lat' dir='ltr'><strong>sin</strong></span> <span class='ocrx_word' id='word_1_382' title='bbox 1535 3903 1740 3966; x_wconf 90' lang='lat' dir='ltr'><strong>minus,</strong></span> <span class='ocrx_word' id='word_1_383' title='bbox 1793 3901 2099 3971; x_wconf 84' lang='lat' dir='ltr'><strong>exstirpare</strong></span> 
     </span>
    </p>
   </div>
   <div class='ocr_carea' id='block_1_57' title="bbox 517 3993 2098 4066">
    <p class='ocr_par' dir='ltr' id='par_1_57' title="bbox 517 3993 2098 4066">
     <span class='ocr_line' id='line_1_57' title="bbox 517 3993 2098 4066; baseline -0.005 -10"><span class='ocrx_word' id='word_1_384' title='bbox 517 4014 583 4056; x_wconf 91' lang='lat' dir='ltr'><strong>ac</strong></span> <span class='ocrx_word' id='word_1_385' title='bbox 621 4000 687 4054; x_wconf 89' lang='lat' dir='ltr'><strong>de</strong></span> <span class='ocrx_word' id='word_1_386' title='bbox 748 3999 930 4054; x_wconf 87' lang='lat' dir='ltr'><strong>medio</strong></span> <span class='ocrx_word' id='word_1_387' title='bbox 967 3997 1194 4062; x_wconf 88' lang='lat' dir='ltr'><strong>tollere;</strong></span> <span class='ocrx_word' id='word_1_388' title='bbox 1257 4012 1379 4066; x_wconf 72' lang='lat' dir='ltr'><strong>quze</strong></span> <span class='ocrx_word' id='word_1_389' title='bbox 1435 4011 1520 4057; x_wconf 86' lang='lat' dir='ltr'><strong>res</strong></span> <span class='ocrx_word' id='word_1_390' title='bbox 1573 3994 1886 4064; x_wconf 81' lang='lat' dir='ltr'><strong>ingentibus</strong></span> <span class='ocrx_word' id='word_1_391' title='bbox 1938 3993 2098 4048; x_wconf 87' lang='lat' dir='ltr'><strong>malis</strong></span> 
     </span>
    </p>
   </div>
   <div class='ocr_carea' id='block_1_58' title="bbox 518 4089 2096 4161">
    <p class='ocr_par' dir='ltr' id='par_1_58' title="bbox 518 4089 2096 4161">
     <span class='ocr_line' id='line_1_58' title="bbox 518 4089 2096 4161; baseline -0.003 -14"><span class='ocrx_word' id='word_1_392' title='bbox 518 4093 826 4150; x_wconf 81' lang='lat' dir='ltr'><strong>Romanum</strong></span> <span class='ocrx_word' id='word_1_393' title='bbox 888 4092 1075 4147; x_wconf 87' lang='lat' dir='ltr'><strong>orbem</strong></span> <span class='ocrx_word' id='word_1_394' title='bbox 1130 4090 1397 4161; x_wconf 78' lang='lat' dir='ltr'><strong>implevit.</strong></span> <span class='ocrx_word' id='word_1_395' title='bbox 1433 4089 1599 4144; x_wconf 83' lang='lat' dir='ltr'><strong>Mittit</strong></span> <span class='ocrx_word' id='word_1_396' title='bbox 1655 4090 1839 4160; x_wconf 80' lang='lat' dir='ltr'><strong>itaque</strong></span> <span class='ocrx_word' id='word_1_397' title='bbox 1886 4089 1940 4143; x_wconf 90' lang='lat' dir='ltr'><strong>in</strong></span> <span class='ocrx_word' id='word_1_398' title='bbox 1976 4103 2096 4143; x_wconf 92' lang='lat' dir='ltr'><strong>eam</strong></span> 
     </span>
    </p>
   </div>
   <div class='ocr_carea' id='block_1_59' title="bbox 518 4180 2098 4256">
    <p class='ocr_par' dir='ltr' id='par_1_59' title="bbox 518 4180 2098 4256">
     <span class='ocr_line' id='line_1_59' title="bbox 518 4180 2098 4256; baseline -0.004 -15"><span class='ocrx_word' id='word_1_399' title='bbox 518 4201 632 4241; x_wconf 88' lang='lat' dir='ltr'><strong>rem</strong></span> <span class='ocrx_word' id='word_1_400' title='bbox 657 4199 942 4256; x_wconf 89' lang='lat' dir='ltr'><strong>procerum</strong></span> <span class='ocrx_word' id='word_1_401' title='bbox 970 4184 1240 4253; x_wconf 87' lang='lat' dir='ltr'><strong>quosdam</strong></span> <span class='ocrx_word' id='word_1_402' title='bbox 1266 4198 1328 4237; x_wconf 91' lang='lat' dir='ltr'><strong>ac</strong></span> <span class='ocrx_word' id='word_1_403' title='bbox 1359 4183 1802 4251; x_wconf 76' lang='lat' dir='ltr'><strong>magistratuum.</strong></span> <span class='ocrx_word' id='word_1_404' title='bbox 1827 4183 1995 4235; x_wconf 83' lang='lat' dir='ltr'><strong>Erant</strong></span> <span class='ocrx_word' id='word_1_405' title='bbox 2022 4180 2098 4235; x_wconf 84' lang='lat' dir='ltr'><strong>illi</strong></span> 
     </span>
    </p>
   </div>
   <div class='ocr_carea' id='block_1_60' title="bbox 517 4271 2097 4347">
    <p class='ocr_par' dir='ltr' id='par_1_60' title="bbox 517 4271 2097 4347">
     <span class='ocr_line' id='line_1_60' title="bbox 517 4271 2097 4347; baseline -0.006 -16"><span class='ocrx_word' id='word_1_406' title='bbox 517 4276 714 4347; x_wconf 75' lang='lat' dir='ltr'><strong>Argyri</strong></span> <span class='ocrx_word' id='word_1_407' title='bbox 747 4275 1017 4346; x_wconf 88' lang='lat' dir='ltr'><strong>ducisque</strong></span> <span class='ocrx_word' id='word_1_408' title='bbox 1059 4275 1177 4337; x_wconf 86' lang='lat' dir='ltr'><strong>lilii,</strong></span> <span class='ocrx_word' id='word_1_409' title='bbox 1218 4283 1273 4328; x_wconf 75' lang='lat' dir='ltr'><strong>et</strong></span> <span class='ocrx_word' id='word_1_410' title='bbox 1305 4272 1559 4329; x_wconf 82' lang='lat' dir='ltr'><strong>Sudales.</strong></span> <span class='ocrx_word' id='word_1_411' title='bbox 1606 4271 1671 4326; x_wconf 77' lang='lat' dir='ltr'><strong>Hi</strong></span> <span class='ocrx_word' id='word_1_412' title='bbox 1704 4274 1840 4326; x_wconf 89' lang='lat' dir='ltr'><strong>alios</strong></span> <span class='ocrx_word' id='word_1_413' title='bbox 1881 4273 1933 4325; x_wconf 93' lang='lat' dir='ltr'><strong>in</strong></span> <span class='ocrx_word' id='word_1_414' title='bbox 1968 4287 2097 4326; x_wconf 87' lang='lat' dir='ltr'><strong>cru-</strong></span> 
     </span>
    </p>
   </div>
   <div class='ocr_carea' id='block_1_61' title="bbox 518 4364 2099 4440">
    <p class='ocr_par' dir='ltr' id='par_1_61' title="bbox 518 4364 2099 4440">
     <span class='ocr_line' id='line_1_61' title="bbox 518 4364 2099 4440; baseline -0.003 -16"><span class='ocrx_word' id='word_1_415' title='bbox 518 4384 637 4425; x_wconf 89' lang='lat' dir='ltr'><strong>cem</strong></span> <span class='ocrx_word' id='word_1_416' title='bbox 692 4369 947 4440; x_wconf 84' lang='lat' dir='ltr'><strong>agebant,</strong></span> <span class='ocrx_word' id='word_1_417' title='bbox 986 4369 1123 4423; x_wconf 86' lang='lat' dir='ltr'><strong>alios</strong></span> <span class='ocrx_word' id='word_1_418' title='bbox 1174 4368 1355 4439; x_wconf 85' lang='lat' dir='ltr'><strong>gladio</strong></span> <span class='ocrx_word' id='word_1_419' title='bbox 1400 4367 1703 4426; x_wconf 62' lang='lat' dir='ltr'><strong>caedebant,</strong></span> <span class='ocrx_word' id='word_1_420' title='bbox 1757 4365 1893 4419; x_wconf 89' lang='lat' dir='ltr'><strong>alios</strong></span> <span class='ocrx_word' id='word_1_421' title='bbox 1929 4364 2099 4420; x_wconf 85' lang='lat' dir='ltr'><strong>maris</strong></span> 
     </span>
    </p>
   </div>
   <div class='ocr_carea' id='block_1_62' title="bbox 518 4457 2097 4533">
    <p class='ocr_par' dir='ltr' id='par_1_62' title="bbox 518 4457 2097 4533">
     <span class='ocr_line' id='line_1_62' title="bbox 518 4457 2097 4533; baseline -0.004 -16"><span class='ocrx_word' id='word_1_422' title='bbox 518 4462 791 4533; x_wconf 81' lang='lat' dir='ltr'><strong>profundo</strong></span> <span class='ocrx_word' id='word_1_423' title='bbox 854 4462 1195 4532; x_wconf 87' lang='lat' dir='ltr'><strong>mergebant.</strong></span> <span class='ocrx_word' id='word_1_424' title='bbox 1279 4459 1493 4515; x_wconf 81' lang='lat' dir='ltr'><strong>Sublati</strong></span> <span class='ocrx_word' id='word_1_425' title='bbox 1556 4459 1625 4512; x_wconf 89' lang='lat' dir='ltr'><strong>ad</strong></span> <span class='ocrx_word' id='word_1_426' title='bbox 1660 4467 1878 4513; x_wconf 89' lang='lat' dir='ltr'><strong>centum</strong></span> <span class='ocrx_word' id='word_1_427' title='bbox 1927 4457 2097 4511; x_wconf 87' lang='lat' dir='ltr'><strong>millia</strong></span> 
     </span>
    </p>
   </div>
   <div class='ocr_carea' id='block_1_63' title="bbox 2194 1973 3779 2049">
    <p class='ocr_par' dir='ltr' id='par_1_63' title="bbox 2194 1973 3779 2049">
     <span class='ocr_line' id='line_1_63' title="bbox 2194 1973 3779 2049; baseline -0.004 -18"><span class='ocrx_word' id='word_1_428' title='bbox 2194 1977 2484 2031; x_wconf 81' lang='grc' dir='ltr'>δέσποιναν</span> <span class='ocrx_word' id='word_1_429' title='bbox 2515 1977 2646 2049; x_wconf 84' lang='grc' dir='ltr'><strong>περὶ</strong></span> <span class='ocrx_word' id='word_1_430' title='bbox 2679 1977 2805 2047; x_wconf 80' lang='grc' dir='ltr'>γῆς,</span> <span class='ocrx_word' id='word_1_431' title='bbox 2844 1975 3038 2047; x_wconf 84' lang='grc' dir='ltr'>πλήθει</span> <span class='ocrx_word' id='word_1_432' title='bbox 3064 1975 3421 2046; x_wconf 87' lang='grc' dir='ltr'>στενούμενος</span> <span class='ocrx_word' id='word_1_433' title='bbox 3446 1974 3525 2045; x_wconf 81' lang='grc' dir='ltr'><strong>τῷ</strong></span> <span class='ocrx_word' id='word_1_434' title='bbox 3557 1973 3779 2040; x_wconf 78' lang='grc' dir='ltr'>ἑαυτοῦ,</span> 
     </span>
    </p>
   </div>
   <div class='ocr_carea' id='block_1_64' title="bbox 2195 2064 3781 2139">
    <p class='ocr_par' dir='ltr' id='par_1_64' title="bbox 2195 2064 3781 2139">
     <span class='ocr_line' id='line_1_64' title="bbox 2195 2064 3781 2139; baseline -0.003 -18"><span class='ocrx_word' id='word_1_435' title='bbox 2195 2068 2289 2121; x_wconf 72' lang='grc' dir='ltr'><strong>καὶ</strong></span> <span class='ocrx_word' id='word_1_436' title='bbox 2329 2068 2472 2132; x_wconf 83' lang='grc' dir='ltr'>ἀξιοῖ</span> <span class='ocrx_word' id='word_1_437' title='bbox 2497 2067 2649 2137; x_wconf 87' lang='grc' dir='ltr'><strong>παρά</strong></span> <span class='ocrx_word' id='word_1_438' title='bbox 2680 2068 2887 2138; x_wconf 84' lang='grc' dir='ltr'>ταύτης</span> <span class='ocrx_word' id='word_1_439' title='bbox 2922 2065 3539 2139; x_wconf 75' lang='grc' dir='ltr'>παρρησιαστικώτερον</span> <span class='ocrx_word' id='word_1_440' title='bbox 3570 2065 3645 2128; x_wconf 84' lang='grc' dir='ltr'><strong>ῶς</strong></span> <span class='ocrx_word' id='word_1_441' title='bbox 3675 2064 3781 2137; x_wconf 74' lang='grc' dir='ltr'>ἤδη</span> 
     </span>
    </p>
   </div>
   <div class='ocr_carea' id='block_1_65' title="bbox 2195 2156 3782 2226">
    <p class='ocr_par' dir='ltr' id='par_1_65' title="bbox 2195 2156 3782 2226">
     <span class='ocr_line' id='line_1_65' title="bbox 2195 2156 3782 2226; baseline -0.004 -10"><span class='ocrx_word' id='word_1_442' title='bbox 2195 2162 2273 2226; x_wconf 75' lang='grc' dir='ltr'><strong>ἐν,</strong></span> <span class='ocrx_word' id='word_1_443' title='bbox 2299 2161 2417 2215; x_wconf 87' lang='grc' dir='ltr'>ἀλλ’</span> <span class='ocrx_word' id='word_1_444' title='bbox 2435 2161 2495 2214; x_wconf 84' lang='grc' dir='ltr'><strong>οὐ</strong></span> <span class='ocrx_word' id='word_1_445' title='bbox 2520 2159 2613 2213; x_wconf 90' lang='grc' dir='ltr'><strong>δύο</strong></span> <span class='ocrx_word' id='word_1_446' title='bbox 2632 2158 2804 2213; x_wconf 76' lang='grc' dir='ltr'>ὄντων</span> <span class='ocrx_word' id='word_1_447' title='bbox 2829 2159 3030 2223; x_wconf 78' lang='grc' dir='ltr'>αὐτῶν,</span> <span class='ocrx_word' id='word_1_448' title='bbox 3062 2159 3244 2211; x_wconf 81' lang='grc' dir='ltr'>πίστει</span> <span class='ocrx_word' id='word_1_449' title='bbox 3264 2175 3322 2210; x_wconf 87' lang='grc' dir='ltr'><strong>τε</strong></span> <span class='ocrx_word' id='word_1_450' title='bbox 3349 2156 3443 2210; x_wconf 71' lang='grc' dir='ltr'>καὶ</span> <span class='ocrx_word' id='word_1_451' title='bbox 3471 2156 3627 2226; x_wconf 67' lang='grc' dir='ltr'><strong>φιλίᾳ⁴</strong></span> <span class='ocrx_word' id='word_1_452' title='bbox 3654 2173 3782 2209; x_wconf 77' lang='grc' dir='ltr'>συνο</span> 
     </span>
    </p>
   </div>
   <div class='ocr_carea' id='block_1_66' title="bbox 2194 2245 3782 2324">
    <p class='ocr_par' dir='ltr' id='par_1_66' title="bbox 2194 2245 3782 2324">
     <span class='ocr_line' id='line_1_66' title="bbox 2194 2245 3782 2324; baseline -0.007 -15"><span class='ocrx_word' id='word_1_453' title='bbox 2194 2255 2456 2309; x_wconf 84' lang='grc' dir='ltr'>δεθέντων</span> <span class='ocrx_word' id='word_1_454' title='bbox 2488 2256 2554 2323; x_wconf 77' lang='grc' dir='ltr'>τῇ</span> <span class='ocrx_word' id='word_1_455' title='bbox 2611 2254 2865 2324; x_wconf 77' lang='grc' dir='ltr'>ἀρῤαγεῖ,</span> <span class='ocrx_word' id='word_1_456' title='bbox 2908 2251 3002 2304; x_wconf 72' lang='grc' dir='ltr'><strong>καὶ</strong></span> <span class='ocrx_word' id='word_1_457' title='bbox 3048 2249 3239 2304; x_wconf 85' lang='grc' dir='ltr'>ἐαυτὸν</span> <span class='ocrx_word' id='word_1_458' title='bbox 3287 2248 3583 2320; x_wconf 81' lang='grc' dir='ltr'>ύποθήσειν</span> <span class='ocrx_word' id='word_1_459' title='bbox 3641 2245 3782 2301; x_wconf 86' lang='grc' dir='ltr'>καθ-</span> 
     </span>
    </p>
   </div>
   <div class='ocr_carea' id='block_1_67' title="bbox 2196 2338 3784 2417">
    <p class='ocr_par' dir='ltr' id='par_1_67' title="bbox 2196 2338 3784 2417">
     <span class='ocr_line' id='line_1_67' title="bbox 2196 2338 3784 2417; baseline -0.006 -17"><span class='ocrx_word' id='word_1_460' title='bbox 2196 2349 2506 2417; x_wconf 85' lang='grc' dir='ltr'>υπισχνεῖτο</span> <span class='ocrx_word' id='word_1_461' title='bbox 2536 2344 2632 2399; x_wconf 71' lang='grc' dir='ltr'><strong>καὶ</strong></span> <span class='ocrx_word' id='word_1_462' title='bbox 2690 2345 2915 2415; x_wconf 73' lang='grc' dir='ltr'>εἰρήνην</span> <span class='ocrx_word' id='word_1_463' title='bbox 2973 2341 3314 2413; x_wconf 85' lang='grc' dir='ltr'>ἐργάσασθαι</span> <span class='ocrx_word' id='word_1_464' title='bbox 3369 2340 3539 2392; x_wconf 79' lang='grc' dir='ltr'>ἀΐδιόν</span> <span class='ocrx_word' id='word_1_465' title='bbox 3583 2355 3641 2390; x_wconf 91' lang='grc' dir='ltr'><strong>τε</strong></span> <span class='ocrx_word' id='word_1_466' title='bbox 3685 2338 3784 2391; x_wconf 79' lang='grc' dir='ltr'>καὶ</span> 
     </span>
    </p>
   </div>
   <div class='ocr_carea' id='block_1_68' title="bbox 2197 2427 3783 2505">
    <p class='ocr_par' dir='ltr' id='par_1_68' title="bbox 2197 2427 3783 2505">
     <span class='ocr_line' id='line_1_68' title="bbox 2197 2427 3783 2505; baseline -0.008 -14"><span class='ocrx_word' id='word_1_467' title='bbox 2197 2437 2558 2491; x_wconf 83' lang='grc' dir='ltr'>ἀδιάπτωτον.</span> <span class='ocrx_word' id='word_1_468' title='bbox 2606 2436 2671 2487; x_wconf 81' lang='grc' dir='ltr'><strong>Ἠ</strong></span> <span class='ocrx_word' id='word_1_469' title='bbox 2713 2435 2768 2488; x_wconf 78' lang='grc' dir='ltr'>δὲ</span> <span class='ocrx_word' id='word_1_470' title='bbox 2814 2433 3062 2505; x_wconf 80' lang='grc' dir='ltr'>εὐμενῶς</span> <span class='ocrx_word' id='word_1_471' title='bbox 3092 2451 3151 2486; x_wconf 90' lang='grc' dir='ltr'><strong>τε</strong></span> <span class='ocrx_word' id='word_1_472' title='bbox 3182 2433 3416 2504; x_wconf 71' lang='grc' dir='ltr'>ἤκουσεν</span> <span class='ocrx_word' id='word_1_473' title='bbox 3462 2427 3646 2490; x_wconf 78' lang='grc' dir='ltr'>αὑτοῦ,</span> <span class='ocrx_word' id='word_1_474' title='bbox 3683 2428 3783 2480; x_wconf 77' lang='grc' dir='ltr'>καὶ</span> 
     </span>
    </p>
   </div>
   <div class='ocr_carea' id='block_1_69' title="bbox 2197 2520 3782 2600">
    <p class='ocr_par' dir='ltr' id='par_1_69' title="bbox 2197 2520 3782 2600">
     <span class='ocr_line' id='line_1_69' title="bbox 2197 2520 3782 2600; baseline -0.008 -17"><span class='ocrx_word' id='word_1_475' title='bbox 2197 2530 2429 2583; x_wconf 88' lang='grc' dir='ltr'>δέδωκεν</span> <span class='ocrx_word' id='word_1_476' title='bbox 2458 2530 2672 2600; x_wconf 82' lang='grc' dir='ltr'>ἐρήμην</span> <span class='ocrx_word' id='word_1_477' title='bbox 2708 2524 2875 2581; x_wconf 70' lang='grc' dir='ltr'>οὖσαν</span> <span class='ocrx_word' id='word_1_478' title='bbox 2902 2525 3206 2596; x_wconf 87' lang='grc' dir='ltr'>τηνικαῦτα</span> <span class='ocrx_word' id='word_1_479' title='bbox 3235 2523 3333 2595; x_wconf 75' lang='grc' dir='ltr'><strong>τὴν</strong></span> <span class='ocrx_word' id='word_1_480' title='bbox 3360 2521 3468 2575; x_wconf 72' lang='grc' dir='ltr'>ἀπὸ</span> <span class='ocrx_word' id='word_1_481' title='bbox 3489 2522 3584 2589; x_wconf 82' lang='grc' dir='ltr'>τῆς</span> <span class='ocrx_word' id='word_1_482' title='bbox 3614 2520 3782 2589; x_wconf 81' lang='grc' dir='ltr'>Σιδη-</span> 
     </span>
    </p>
   </div>
   <div class='ocr_carea' id='block_1_70' title="bbox 2200 2614 3785 2694">
    <p class='ocr_par' dir='ltr' id='par_1_70' title="bbox 2200 2614 3785 2694">
     <span class='ocr_line' id='line_1_70' title="bbox 2200 2614 3785 2694; baseline -0.007 -19"><span class='ocrx_word' id='word_1_483' title='bbox 2200 2624 2321 2694; x_wconf 76' lang='grc' dir='ltr'><strong>ρᾶς,</strong></span> <span class='ocrx_word' id='word_1_484' title='bbox 2346 2622 2549 2694; x_wconf 82' lang='grc' dir='ltr'>ταύτης</span> <span class='ocrx_word' id='word_1_485' title='bbox 2581 2622 2644 2693; x_wconf 85' lang='grc' dir='ltr'>δὴ</span> <span class='ocrx_word' id='word_1_486' title='bbox 2677 2623 2797 2674; x_wconf 88' lang='grc' dir='ltr'>τότε</span> <span class='ocrx_word' id='word_1_487' title='bbox 2828 2621 2972 2692; x_wconf 85' lang='grc' dir='ltr'>ὃριον</span> <span class='ocrx_word' id='word_1_488' title='bbox 3002 2618 3374 2689; x_wconf 81' lang='grc' dir='ltr'>τυγχανούσης</span> <span class='ocrx_word' id='word_1_489' title='bbox 3408 2614 3696 2685; x_wconf 62' lang='grc' dir='ltr'>Ῥωμαίων</span> <span class='ocrx_word' id='word_1_490' title='bbox 3722 2631 3785 2665; x_wconf 86' lang='grc' dir='ltr'><strong>τε</strong></span> 
     </span>
    </p>
   </div>
   <div class='ocr_carea' id='block_1_71' title="bbox 2198 2703 3787 2782">
    <p class='ocr_par' dir='ltr' id='par_1_71' title="bbox 2198 2703 3787 2782">
     <span class='ocr_line' id='line_1_71' title="bbox 2198 2703 3787 2782; baseline -0.007 -16"><span class='ocrx_word' id='word_1_491' title='bbox 2198 2714 2293 2767; x_wconf 79' lang='grc' dir='ltr'>καὶ</span> <span class='ocrx_word' id='word_1_492' title='bbox 2324 2714 2525 2779; x_wconf 75' lang='grc' dir='ltr'>αὐτῶν,</span> <span class='ocrx_word' id='word_1_493' title='bbox 2561 2712 2692 2782; x_wconf 77' lang='grc' dir='ltr'>ἄχρι</span> <span class='ocrx_word' id='word_1_494' title='bbox 2722 2712 2821 2781; x_wconf 80' lang='grc' dir='ltr'>τῆς</span> <span class='ocrx_word' id='word_1_495' title='bbox 2855 2709 3141 2772; x_wconf 81' lang='grc' dir='ltr'>Δεϐελτοῦ,</span> <span class='ocrx_word' id='word_1_496' title='bbox 3178 2709 3301 2778; x_wconf 79' lang='grc' dir='ltr'>ἥτις</span> <span class='ocrx_word' id='word_1_497' title='bbox 3334 2705 3478 2759; x_wconf 76' lang='grc' dir='ltr'>οὕτω</span> <span class='ocrx_word' id='word_1_498' title='bbox 3531 2703 3787 2756; x_wconf 83' lang='grc' dir='ltr'>καλεῖται</span> 
     </span>
    </p>
   </div>
   <div class='ocr_carea' id='block_1_72' title="bbox 2198 2797 3787 2876">
    <p class='ocr_par' dir='ltr' id='par_1_72' title="bbox 2198 2797 3787 2876">
     <span class='ocr_line' id='line_1_72' title="bbox 2198 2797 3787 2876; baseline -0.007 -16"><span class='ocrx_word' id='word_1_499' title='bbox 2198 2808 2417 2876; x_wconf 80' lang='grc' dir='ltr'>Ζάγορα</span> <span class='ocrx_word' id='word_1_500' title='bbox 2445 2806 2574 2876; x_wconf 88' lang='grc' dir='ltr'>παρ’</span> <span class='ocrx_word' id='word_1_501' title='bbox 2599 2807 2804 2867; x_wconf 83' lang='grc' dir='ltr'>αὐτοῖς.</span> <span class='ocrx_word' id='word_1_502' title='bbox 2830 2804 2987 2857; x_wconf 75' lang='grc' dir='ltr'>Οὕτω</span> <span class='ocrx_word' id='word_1_503' title='bbox 3013 2803 3114 2871; x_wconf 83' lang='grc' dir='ltr'>μὲν</span> <span class='ocrx_word' id='word_1_504' title='bbox 3144 2798 3236 2856; x_wconf 63' lang='grc' dir='ltr'>οὖν</span> <span class='ocrx_word' id='word_1_505' title='bbox 3262 2801 3449 2854; x_wconf 73' lang='grc' dir='ltr'>ἅπασα</span> <span class='ocrx_word' id='word_1_506' title='bbox 3475 2800 3508 2870; x_wconf 85' lang='grc' dir='ltr'><strong>ή</strong></span> <span class='ocrx_word' id='word_1_507' title='bbox 3540 2797 3787 2875; x_wconf 81' lang='grc' dir='ltr'>Βουλγα-</span> 
     </span>
    </p>
   </div>
   <div class='ocr_carea' id='block_1_73' title="bbox 2203 2889 3788 2968">
    <p class='ocr_par' dir='ltr' id='par_1_73' title="bbox 2203 2889 3788 2968">
     <span class='ocr_line' id='line_1_73' title="bbox 2203 2889 3788 2968; baseline -0.005 -18"><span class='ocrx_word' id='word_1_508' title='bbox 2203 2899 2292 2967; x_wconf 87' lang='grc' dir='ltr'><strong>ρία</strong></span> <span class='ocrx_word' id='word_1_509' title='bbox 2326 2898 2461 2968; x_wconf 84' lang='grc' dir='ltr'>πρὸς</span> <span class='ocrx_word' id='word_1_510' title='bbox 2489 2897 2772 2950; x_wconf 77' lang='grc' dir='ltr'>εὐσέϐειαν</span> <span class='ocrx_word' id='word_1_511' title='bbox 2824 2894 3289 2968; x_wconf 73' lang='grc' dir='ltr'>μετερῤυθμίσθη,</span> <span class='ocrx_word' id='word_1_512' title='bbox 3326 2893 3461 2945; x_wconf 80' lang='grc' dir='ltr'>Θεοῦ</span> <span class='ocrx_word' id='word_1_513' title='bbox 3506 2892 3641 2961; x_wconf 73' lang='grc' dir='ltr'>πρὸς</span> <span class='ocrx_word' id='word_1_514' title='bbox 3684 2889 3788 2961; x_wconf 72' lang='grc' dir='ltr'>τὴν</span> 
     </span>
    </p>
   </div>
   <div class='ocr_carea' id='block_1_74' title="bbox 2203 2984 3786 3064">
    <p class='ocr_par' dir='ltr' id='par_1_74' title="bbox 2203 2984 3786 3064">
     <span class='ocr_line' id='line_1_74' title="bbox 2203 2984 3786 3064; baseline -0.007 -19"><span class='ocrx_word' id='word_1_515' title='bbox 2203 2990 2285 3064; x_wconf 86' lang='grc' dir='ltr'><strong>[Ρ.</strong></span> <span class='ocrx_word' id='word_1_516' title='bbox 2326 2990 2455 3061; x_wconf 63' lang='grc'><strong>1051</strong></span> <span class='ocrx_word' id='word_1_517' title='bbox 2496 2990 2705 3044; x_wconf 78' lang='grc' dir='ltr'>οἰκείαν</span> <span class='ocrx_word' id='word_1_518' title='bbox 2762 2987 3281 3062; x_wconf 79' lang='grc' dir='ltr'>μετακαλεσαμένου</span> <span class='ocrx_word' id='word_1_519' title='bbox 3324 2985 3526 3054; x_wconf 85' lang='grc' dir='ltr'>γνῶσιν</span> <span class='ocrx_word' id='word_1_520' title='bbox 3559 2984 3786 3049; x_wconf 73' lang='grc' dir='ltr'>αὐτοὺς,</span> 
     </span>
    </p>
   </div>
   <div class='ocr_carea' id='block_1_75' title="bbox 2200 3074 3782 3153">
    <p class='ocr_par' dir='ltr' id='par_1_75' title="bbox 2200 3074 3782 3153">
     <span class='ocr_line' id='line_1_75' title="bbox 2200 3074 3782 3153; baseline -0.006 -18"><span class='ocrx_word' id='word_1_521' title='bbox 2200 3082 2296 3137; x_wconf 78' lang='grc' dir='ltr'>καὶ</span> <span class='ocrx_word' id='word_1_522' title='bbox 2346 3082 2517 3145; x_wconf 74' lang='grc' dir='ltr'>οὕτως</span> <span class='ocrx_word' id='word_1_523' title='bbox 2548 3082 2612 3135; x_wconf 83' lang='grc' dir='ltr'><strong>ἐκ</strong></span> <span class='ocrx_word' id='word_1_524' title='bbox 2646 3082 2858 3153; x_wconf 85' lang='grc' dir='ltr'>μικρῶν</span> <span class='ocrx_word' id='word_1_525' title='bbox 2908 3081 3220 3149; x_wconf 73' lang='grc' dir='ltr'>σπινθήρων</span> <span class='ocrx_word' id='word_1_526' title='bbox 3260 3095 3322 3129; x_wconf 87' lang='grc' dir='ltr'><strong>τε</strong></span> <span class='ocrx_word' id='word_1_527' title='bbox 3370 3077 3463 3130; x_wconf 74' lang='grc' dir='ltr'>καὶ</span> <span class='ocrx_word' id='word_1_528' title='bbox 3511 3074 3782 3145; x_wconf 87' lang='grc' dir='ltr'>πληγῶν·</span> 
     </span>
    </p>
   </div>
   <div class='ocr_carea' id='block_1_76' title="bbox 2201 3164 3789 3242">
    <p class='ocr_par' dir='ltr' id='par_1_76' title="bbox 2201 3164 3789 3242">
     <span class='ocr_line' id='line_1_76' title="bbox 2201 3164 3789 3242; baseline -0.005 -17"><span class='ocrx_word' id='word_1_529' title='bbox 2201 3174 2297 3226; x_wconf 71' lang='grc' dir='ltr'><strong>καὶ</strong></span> <span class='ocrx_word' id='word_1_530' title='bbox 2345 3172 2488 3226; x_wconf 79' lang='grc' dir='ltr'>οὕτω</span> <span class='ocrx_word' id='word_1_531' title='bbox 2537 3173 2645 3242; x_wconf 84' lang='grc' dir='ltr'>γῆς</span> <span class='ocrx_word' id='word_1_532' title='bbox 2672 3174 2770 3241; x_wconf 82' lang='grc' dir='ltr'><strong>τῆς</strong></span> <span class='ocrx_word' id='word_1_533' title='bbox 2822 3172 2932 3225; x_wconf 91' lang='grc' dir='ltr'><strong>τῶν</strong></span> <span class='ocrx_word' id='word_1_534' title='bbox 2977 3169 3266 3241; x_wconf 79' lang='grc' dir='ltr'>Ῥωμαίων</span> <span class='ocrx_word' id='word_1_535' title='bbox 3299 3168 3374 3231; x_wconf 81' lang='grc' dir='ltr'>ὼς</span> <span class='ocrx_word' id='word_1_536' title='bbox 3417 3167 3585 3237; x_wconf 77' lang='grc' dir='ltr'>ἄλλης</span> <span class='ocrx_word' id='word_1_537' title='bbox 3635 3164 3789 3230; x_wconf 73' lang='grc' dir='ltr'>τινὸς</span> 
     </span>
    </p>
   </div>
   <div class='ocr_carea' id='block_1_77' title="bbox 2200 3260 3788 3335">
    <p class='ocr_par' dir='ltr' id='par_1_77' title="bbox 2200 3260 3788 3335">
     <span class='ocr_line' id='line_1_77' title="bbox 2200 3260 3788 3335; baseline -0.004 -18"><span class='ocrx_word' id='word_1_538' title='bbox 2200 3264 2541 3333; x_wconf 75' lang='grc' dir='ltr'>ἐπαγγελίας</span> <span class='ocrx_word' id='word_1_539' title='bbox 2594 3264 2920 3330; x_wconf 78' lang='grc' dir='ltr'>ἀξιωθέντες</span> <span class='ocrx_word' id='word_1_540' title='bbox 2972 3263 3109 3335; x_wconf 81' lang='grc' dir='ltr'>πρὸς</span> <span class='ocrx_word' id='word_1_541' title='bbox 3173 3261 3459 3316; x_wconf 85' lang='grc' dir='ltr'>κοινωνίαν</span> <span class='ocrx_word' id='word_1_542' title='bbox 3503 3260 3788 3332; x_wconf 73' lang='grc' dir='ltr'>ἄρρηκτον</span> 
     </span>
    </p>
   </div>
   <div class='ocr_carea' id='block_1_78' title="bbox 2201 3358 2858 3422">
    <p class='ocr_par' dir='ltr' id='par_1_78' title="bbox 2201 3358 2858 3422">
     <span class='ocr_line' id='line_1_78' title="bbox 2201 3358 2858 3422; baseline 0.003 -11"><span class='ocrx_word' id='word_1_543' title='bbox 2201 3358 2304 3412; x_wconf 87' lang='grc' dir='ltr'><strong>καθ</strong></span> <span class='ocrx_word' id='word_1_544' title='bbox 2313 3359 2581 3412; x_wconf 85' lang='grc' dir='ltr'>υπέϐαλον</span> <span class='ocrx_word' id='word_1_545' title='bbox 2611 3358 2858 3422; x_wconf 77' lang='grc' dir='ltr'>ἑαυτούς.</span> 
     </span>
    </p>
   </div>
   <div class='ocr_carea' id='block_1_79' title="bbox 2278 3445 3791 3520">
    <p class='ocr_par' dir='ltr' id='par_1_79' title="bbox 2278 3445 3791 3520">
     <span class='ocr_line' id='line_1_79' title="bbox 2278 3445 3791 3520; baseline -0.003 -18"><span class='ocrx_word' id='word_1_546' title='bbox 2278 3449 2373 3514; x_wconf 80' lang='grc' dir='ltr'>ις’.</span> <span class='ocrx_word' id='word_1_547' title='bbox 2411 3446 2537 3519; x_wconf 77' lang='grc' dir='ltr'>Εἶχε</span> <span class='ocrx_word' id='word_1_548' title='bbox 2579 3451 2679 3520; x_wconf 80' lang='grc' dir='ltr'>μὲν</span> <span class='ocrx_word' id='word_1_549' title='bbox 2718 3445 2813 3502; x_wconf 81' lang='grc' dir='ltr'>οὖν</span> <span class='ocrx_word' id='word_1_550' title='bbox 2860 3448 3003 3503; x_wconf 71' lang='grc' dir='ltr'>οὕτω</span> <span class='ocrx_word' id='word_1_551' title='bbox 3029 3449 3098 3502; x_wconf 84' lang='grc' dir='ltr'><strong>τά</strong></span> <span class='ocrx_word' id='word_1_552' title='bbox 3130 3448 3272 3503; x_wconf 87' lang='grc' dir='ltr'><strong>κατά</strong></span> <span class='ocrx_word' id='word_1_553' title='bbox 3316 3446 3413 3518; x_wconf 81' lang='grc' dir='ltr'>τὴν</span> <span class='ocrx_word' id='word_1_554' title='bbox 3444 3447 3609 3501; x_wconf 86' lang='grc' dir='ltr'>Δύσιν</span> <span class='ocrx_word' id='word_1_555' title='bbox 3638 3446 3791 3517; x_wconf 81' lang='grc' dir='ltr'>λαμ-</span> 
     </span>
    </p>
   </div>
   <div class='ocr_carea' id='block_1_80' title="bbox 2202 3534 3792 3614">
    <p class='ocr_par' dir='ltr' id='par_1_80' title="bbox 2202 3534 3792 3614">
     <span class='ocr_line' id='line_1_80' title="bbox 2202 3534 3792 3614; baseline -0.004 -17"><span class='ocrx_word' id='word_1_556' title='bbox 2202 3543 2356 3614; x_wconf 88' lang='grc' dir='ltr'>πρῶς</span> <span class='ocrx_word' id='word_1_557' title='bbox 2382 3560 2441 3596; x_wconf 87' lang='grc' dir='ltr'><strong>τε</strong></span> <span class='ocrx_word' id='word_1_558' title='bbox 2466 3544 2560 3596; x_wconf 72' lang='grc' dir='ltr'><strong>καὶ</strong></span> <span class='ocrx_word' id='word_1_559' title='bbox 2591 3543 2923 3614; x_wconf 84' lang='grc' dir='ltr'>ἐτεθρύλητο</span> <span class='ocrx_word' id='word_1_560' title='bbox 2948 3542 3244 3612; x_wconf 87' lang='grc' dir='ltr'>πανταχοῦ.</span> <span class='ocrx_word' id='word_1_561' title='bbox 3289 3542 3407 3611; x_wconf 74' lang='grc' dir='ltr'><strong>Ἐφ’</strong></span> <span class='ocrx_word' id='word_1_562' title='bbox 3436 3534 3517 3603; x_wconf 73' lang='grc' dir='ltr'><strong>οἷς</strong></span> <span class='ocrx_word' id='word_1_563' title='bbox 3545 3538 3792 3608; x_wconf 80' lang='grc' dir='ltr'>ἀγαλλο-</span> 
     </span>
    </p>
   </div>
   <div class='ocr_carea' id='block_1_81' title="bbox 2205 3629 3791 3705">
    <p class='ocr_par' dir='ltr' id='par_1_81' title="bbox 2205 3629 3791 3705">
     <span class='ocr_line' id='line_1_81' title="bbox 2205 3629 3791 3705; baseline -0.002 -17"><span class='ocrx_word' id='word_1_564' title='bbox 2205 3636 2342 3705; x_wconf 87' lang='grc' dir='ltr'>μένη</span> <span class='ocrx_word' id='word_1_565' title='bbox 2371 3636 2579 3703; x_wconf 87' lang='grc' dir='ltr'>ἐκείνη,</span> <span class='ocrx_word' id='word_1_566' title='bbox 2631 3636 2726 3689; x_wconf 63' lang='grc' dir='ltr'><strong>καὶ⁵</strong></span> <span class='ocrx_word' id='word_1_567' title='bbox 2757 3629 2871 3688; x_wconf 76' lang='grc' dir='ltr'>οἷον</span> <span class='ocrx_word' id='word_1_568' title='bbox 2916 3635 3154 3705; x_wconf 85' lang='grc' dir='ltr'>τρόπαια</span> <span class='ocrx_word' id='word_1_569' title='bbox 3190 3632 3461 3687; x_wconf 81' lang='grc' dir='ltr'>ἐπιθεῖναι</span> <span class='ocrx_word' id='word_1_570' title='bbox 3507 3631 3685 3701; x_wconf 79' lang='grc' dir='ltr'>μείζω</span> <span class='ocrx_word' id='word_1_571' title='bbox 3716 3631 3791 3685; x_wconf 83' lang='grc' dir='ltr'>δι’</span> 
     </span>
    </p>
   </div>
   <div class='ocr_carea' id='block_1_82' title="bbox 2200 3726 3791 3799">
    <p class='ocr_par' dir='ltr' id='par_1_82' title="bbox 2200 3726 3791 3799">
     <span class='ocr_line' id='line_1_82' title="bbox 2200 3726 3791 3799; baseline -0.002 -18"><span class='ocrx_word' id='word_1_572' title='bbox 2200 3728 2445 3797; x_wconf 75' lang='grc' dir='ltr'>ἐφέσεως</span> <span class='ocrx_word' id='word_1_573' title='bbox 2475 3728 2694 3797; x_wconf 80' lang='grc' dir='ltr'>ἔχουσα,</span> <span class='ocrx_word' id='word_1_574' title='bbox 2724 3729 2819 3782; x_wconf 77' lang='grc' dir='ltr'>καὶ</span> <span class='ocrx_word' id='word_1_575' title='bbox 2848 3731 2976 3793; x_wconf 77' lang='grc' dir='ltr'>τοὺς</span> <span class='ocrx_word' id='word_1_576' title='bbox 3015 3729 3161 3783; x_wconf 83' lang='grc' dir='ltr'><strong>κατά</strong></span> <span class='ocrx_word' id='word_1_577' title='bbox 3189 3728 3289 3799; x_wconf 82' lang='grc' dir='ltr'><strong>τὴν</strong></span> <span class='ocrx_word' id='word_1_578' title='bbox 3327 3726 3593 3797; x_wconf 78' lang='grc' dir='ltr'>ἀνατολὴν</span> <span class='ocrx_word' id='word_1_579' title='bbox 3629 3728 3791 3783; x_wconf 85' lang='grc' dir='ltr'>Παυ-</span> 
     </span>
    </p>
   </div>
   <div class='ocr_carea' id='block_1_83' title="bbox 2200 3818 3792 3890">
    <p class='ocr_par' dir='ltr' id='par_1_83' title="bbox 2200 3818 3792 3890">
     <span class='ocr_line' id='line_1_83' title="bbox 2200 3818 3792 3890; baseline -0.002 -18"><span class='ocrx_word' id='word_1_580' title='bbox 2200 3821 2476 3881; x_wconf 72' lang='grc' dir='ltr'>λικιανοῦς</span> <span class='ocrx_word' id='word_1_581' title='bbox 2504 3820 2765 3889; x_wconf 80' lang='grc' dir='ltr'>ἐπειρᾶτο</span> <span class='ocrx_word' id='word_1_582' title='bbox 2796 3820 3054 3890; x_wconf 81' lang='grc' dir='ltr'>μετάγειν</span> <span class='ocrx_word' id='word_1_583' title='bbox 3079 3819 3154 3882; x_wconf 85' lang='grc' dir='ltr'>ὼς</span> <span class='ocrx_word' id='word_1_584' title='bbox 3190 3818 3429 3889; x_wconf 85' lang='grc' dir='ltr'>βούλοιτο</span> <span class='ocrx_word' id='word_1_585' title='bbox 3457 3818 3594 3888; x_wconf 81' lang='grc' dir='ltr'>πρὸς</span> <span class='ocrx_word' id='word_1_586' title='bbox 3624 3818 3792 3870; x_wconf 77' lang='grc' dir='ltr'>εὐσέ-</span> 
     </span>
    </p>
   </div>
   <div class='ocr_carea' id='block_1_84' title="bbox 2203 3909 3794 3983">
    <p class='ocr_par' dir='ltr' id='par_1_84' title="bbox 2203 3909 3794 3983">
     <span class='ocr_line' id='line_1_84' title="bbox 2203 3909 3794 3983; baseline 0.001 -19"><span class='ocrx_word' id='word_1_587' title='bbox 2203 3911 2417 3983; x_wconf 74' lang='grc' dir='ltr'>ϐειανῆ</span> <span class='ocrx_word' id='word_1_588' title='bbox 2466 3912 2704 3983; x_wconf 83' lang='grc' dir='ltr'>ἐξαιρεῖν</span> <span class='ocrx_word' id='word_1_589' title='bbox 2748 3912 2843 3967; x_wconf 73' lang='grc' dir='ltr'><strong>καὶ</strong></span> <span class='ocrx_word' id='word_1_590' title='bbox 2895 3913 2991 3965; x_wconf 84' lang='grc' dir='ltr'>ἀπ’</span> <span class='ocrx_word' id='word_1_591' title='bbox 3036 3911 3343 3982; x_wconf 85' lang='grc' dir='ltr'>ἀνθρώπων</span> <span class='ocrx_word' id='word_1_592' title='bbox 3388 3912 3596 3963; x_wconf 85' lang='grc' dir='ltr'>ποιεῖν·</span> <span class='ocrx_word' id='word_1_593' title='bbox 3622 3909 3652 3963; x_wconf 82' lang='grc' dir='ltr'><strong>ὂ</strong></span> <span class='ocrx_word' id='word_1_594' title='bbox 3692 3911 3794 3965; x_wconf 82' lang='grc' dir='ltr'>καὶ</span> 
     </span>
    </p>
   </div>
   <div class='ocr_carea' id='block_1_85' title="bbox 2202 4001 3793 4075">
    <p class='ocr_par' dir='ltr' id='par_1_85' title="bbox 2202 4001 3793 4075">
     <span class='ocr_line' id='line_1_85' title="bbox 2202 4001 3793 4075; baseline -0.002 -17"><span class='ocrx_word' id='word_1_595' title='bbox 2202 4003 2415 4058; x_wconf 84' lang='grc' dir='ltr'>πολλῶν</span> <span class='ocrx_word' id='word_1_596' title='bbox 2445 4004 2634 4058; x_wconf 76' lang='grc' dir='ltr'>κακῶν</span> <span class='ocrx_word' id='word_1_597' title='bbox 2662 4004 2761 4075; x_wconf 79' lang='grc' dir='ltr'>τὴν</span> <span class='ocrx_word' id='word_1_598' title='bbox 2786 4004 3062 4075; x_wconf 82' lang='grc' dir='ltr'>ἡμετέραν</span> <span class='ocrx_word' id='word_1_599' title='bbox 3092 4002 3411 4072; x_wconf 78' lang='grc' dir='ltr'>ἐνέπλησεν.</span> <span class='ocrx_word' id='word_1_600' title='bbox 3453 4002 3517 4054; x_wconf 84' lang='grc' dir='ltr'>Ἡ</span> <span class='ocrx_word' id='word_1_601' title='bbox 3546 4001 3646 4072; x_wconf 79' lang='grc' dir='ltr'><strong>μὲν</strong></span> <span class='ocrx_word' id='word_1_602' title='bbox 3678 4002 3793 4072; x_wconf 77' lang='grc' dir='ltr'><strong>γὰρ</strong></span> 
     </span>
    </p>
   </div>
   <div class='ocr_carea' id='block_1_86' title="bbox 2202 4094 3793 4169">
    <p class='ocr_par' dir='ltr' id='par_1_86' title="bbox 2202 4094 3793 4169">
     <span class='ocr_line' id='line_1_86' title="bbox 2202 4094 3793 4169; baseline -0.003 -17"><span class='ocrx_word' id='word_1_603' title='bbox 2202 4098 2471 4169; x_wconf 80' lang='grc' dir='ltr'>πέμψασά</span> <span class='ocrx_word' id='word_1_604' title='bbox 2512 4115 2666 4162; x_wconf 85' lang='grc' dir='ltr'>τινας</span> <span class='ocrx_word' id='word_1_605' title='bbox 2713 4097 2825 4150; x_wconf 91' lang='grc' dir='ltr'><strong>τῶν</strong></span> <span class='ocrx_word' id='word_1_606' title='bbox 2867 4100 2952 4150; x_wconf 79' lang='grc' dir='ltr'>ἐπ’</span> <span class='ocrx_word' id='word_1_607' title='bbox 2989 4096 3238 4163; x_wconf 82' lang='grc' dir='ltr'>ἐξουσίας</span> <span class='ocrx_word' id='word_1_608' title='bbox 3285 4099 3333 4167; x_wconf 96' lang='lat'><em>(6</em></span> <span class='ocrx_word' id='word_1_609' title='bbox 3376 4096 3471 4148; x_wconf 90' lang='grc' dir='ltr'><strong>τοῦ</strong></span> <span class='ocrx_word' id='word_1_610' title='bbox 3512 4094 3793 4166; x_wconf 74' lang='grc' dir='ltr'>’Δργυροῦ</span> 
     </span>
    </p>
   </div>
   <div class='ocr_carea' id='block_1_87' title="bbox 2202 4186 3795 4256">
    <p class='ocr_par' dir='ltr' id='par_1_87' title="bbox 2202 4186 3795 4256">
     <span class='ocr_line' id='line_1_87' title="bbox 2202 4186 3795 4256; baseline -0.004 -13"><span class='ocrx_word' id='word_1_611' title='bbox 2202 4192 2293 4243; x_wconf 77' lang='grc' dir='ltr'>καὶ</span> <span class='ocrx_word' id='word_1_612' title='bbox 2327 4191 2356 4243; x_wconf 91' lang='lat'><strong>6</strong></span> <span class='ocrx_word' id='word_1_613' title='bbox 2390 4190 2484 4242; x_wconf 90' lang='grc' dir='ltr'><strong>τοῦ</strong></span> <span class='ocrx_word' id='word_1_614' title='bbox 2514 4188 2710 4251; x_wconf 84' lang='grc' dir='ltr'>δουκδς</span> <span class='ocrx_word' id='word_1_615' title='bbox 2764 4188 2859 4241; x_wconf 72' lang='grc' dir='ltr'><strong>καὶ</strong></span> <span class='ocrx_word' id='word_1_616' title='bbox 2905 4189 2933 4240; x_wconf 86' lang='grc' dir='ltr'><strong>ὁ</strong></span> <span class='ocrx_word' id='word_1_617' title='bbox 2963 4186 3236 4256; x_wconf 87' lang='grc' dir='ltr'>Σουδάλης</span> <span class='ocrx_word' id='word_1_618' title='bbox 3285 4190 3334 4241; x_wconf 84' lang='lat' dir='ltr'><strong>oi.</strong></span> <span class='ocrx_word' id='word_1_619' title='bbox 3382 4187 3795 4249; x_wconf 83' lang='grc' dir='ltr'>ἀποσταλέντες</span> 
     </span>
    </p>
   </div>
   <div class='ocr_carea' id='block_1_88' title="bbox 2204 4277 3797 4351">
    <p class='ocr_par' dir='ltr' id='par_1_88' title="bbox 2204 4277 3797 4351">
     <span class='ocr_line' id='line_1_88' title="bbox 2204 4277 3797 4351; baseline -0.001 -19"><span class='ocrx_word' id='word_1_620' title='bbox 2204 4280 2499 4348; x_wconf 79' lang='grc' dir='ltr'>ἐλέγοντο),</span> <span class='ocrx_word' id='word_1_621' title='bbox 2540 4281 2667 4343; x_wconf 78' lang='grc' dir='ltr'>τοὺς</span> <span class='ocrx_word' id='word_1_622' title='bbox 2701 4279 2799 4351; x_wconf 82' lang='grc' dir='ltr'>μὲν</span> <span class='ocrx_word' id='word_1_623' title='bbox 2852 4278 2996 4348; x_wconf 84' lang='grc' dir='ltr'>ξύλῳ</span> <span class='ocrx_word' id='word_1_624' title='bbox 3028 4280 3298 4349; x_wconf 81' lang='grc' dir='ltr'>ἁνήρτων,</span> <span class='ocrx_word' id='word_1_625' title='bbox 3354 4281 3480 4342; x_wconf 77' lang='grc' dir='ltr'>τοὺς</span> <span class='ocrx_word' id='word_1_626' title='bbox 3528 4278 3587 4331; x_wconf 74' lang='grc' dir='ltr'>δὲ</span> <span class='ocrx_word' id='word_1_627' title='bbox 3640 4277 3797 4347; x_wconf 80' lang='grc' dir='ltr'>ξίφει</span> 
     </span>
    </p>
   </div>
   <div class='ocr_carea' id='block_1_89' title="bbox 2206 4370 3799 4443">
    <p class='ocr_par' dir='ltr' id='par_1_89' title="bbox 2206 4370 3799 4443">
     <span class='ocr_line' id='line_1_89' title="bbox 2206 4370 3799 4443; baseline 0.001 -19"><span class='ocrx_word' id='word_1_628' title='bbox 2206 4372 2548 4442; x_wconf 85' lang='grc' dir='ltr'>παρεδίδουν,</span> <span class='ocrx_word' id='word_1_629' title='bbox 2580 4373 2707 4434; x_wconf 74' lang='grc' dir='ltr'>τοὺς</span> <span class='ocrx_word' id='word_1_630' title='bbox 2744 4370 2801 4425; x_wconf 85' lang='grc' dir='ltr'>δὲ</span> <span class='ocrx_word' id='word_1_631' title='bbox 2843 4371 2918 4443; x_wconf 81' lang='grc' dir='ltr'>τῷ</span> <span class='ocrx_word' id='word_1_632' title='bbox 2949 4371 3048 4442; x_wconf 84' lang='grc' dir='ltr'><strong>τῆς</strong></span> <span class='ocrx_word' id='word_1_633' title='bbox 3096 4371 3374 4441; x_wconf 73' lang='grc' dir='ltr'>θαλάσσης</span> <span class='ocrx_word' id='word_1_634' title='bbox 3424 4370 3593 4441; x_wconf 82' lang='grc' dir='ltr'>βυθῷ.</span> <span class='ocrx_word' id='word_1_635' title='bbox 3639 4371 3799 4426; x_wconf 68' lang='grc' dir='ltr'>Ὠσεὶ</span> 
     </span>
    </p>
   </div>
   <div class='ocr_carea' id='block_1_90' title="bbox 2202 4462 3798 4535">
    <p class='ocr_par' dir='ltr' id='par_1_90' title="bbox 2202 4462 3798 4535">
     <span class='ocr_line' id='line_1_90' title="bbox 2202 4462 3798 4535; baseline -0.001 -18"><span class='ocrx_word' id='word_1_636' title='bbox 2202 4463 2335 4517; x_wconf 86' lang='grc' dir='ltr'>δέκα</span> <span class='ocrx_word' id='word_1_637' title='bbox 2368 4463 2630 4534; x_wconf 87' lang='grc' dir='ltr'>μυριάδες</span> <span class='ocrx_word' id='word_1_638' title='bbox 2658 4464 2686 4516; x_wconf 85' lang='grc' dir='ltr'>ὁ</span> <span class='ocrx_word' id='word_1_639' title='bbox 2712 4462 2887 4527; x_wconf 69' lang='grc' dir='ltr'>οὕτως</span> <span class='ocrx_word' id='word_1_640' title='bbox 2918 4463 3293 4534; x_wconf 79' lang='grc' dir='ltr'>ἀπολλύμενος</span> <span class='ocrx_word' id='word_1_641' title='bbox 3319 4463 3606 4535; x_wconf 73' lang='grc' dir='ltr'>ἠριθμεῖτο</span> <span class='ocrx_word' id='word_1_642' title='bbox 3636 4463 3798 4527; x_wconf 78' lang='grc' dir='ltr'>λαὸς,</span> 
     </span>
    </p>
   </div>
   <div class='ocr_carea' id='block_1_91' title="bbox 517 4549 2094 4647">
    <p class='ocr_par' dir='ltr' id='par_1_91' title="bbox 517 4549 2094 4624">
     <span class='ocr_line' id='line_1_91' title="bbox 517 4549 2094 4624; baseline -0.003 -17"><span class='ocrx_word' id='word_1_643' title='bbox 517 4554 705 4623; x_wconf 86' lang='lat' dir='ltr'><strong>ejusce</strong></span> <span class='ocrx_word' id='word_1_644' title='bbox 735 4555 952 4624; x_wconf 83' lang='lat' dir='ltr'><strong>generis</strong></span> <span class='ocrx_word' id='word_1_645' title='bbox 982 4549 1300 4622; x_wconf 79' lang='lat' dir='ltr'><strong>suppliciis;</strong></span> <span class='ocrx_word' id='word_1_646' title='bbox 1362 4552 1636 4622; x_wconf 85' lang='lat' dir='ltr'><strong>publicata</strong></span> <span class='ocrx_word' id='word_1_647' title='bbox 1688 4549 1996 4604; x_wconf 88' lang='lat' dir='ltr'><strong>substantia</strong></span> <span class='ocrx_word' id='word_1_648' title='bbox 2036 4564 2094 4604; x_wconf 88' lang='lat' dir='ltr'><strong>ac</strong></span> 
     </span>
    </p>
   </div>
   <div class='ocr_carea' id='block_1_92' title="bbox 2202 4549 3799 4647">
    <p class='ocr_par' dir='ltr' id='par_1_92' title="bbox 2207 4554 3799 4628">
     <span class='ocr_line' id='line_1_92' title="bbox 2207 4554 3799 4628; baseline 0.001 -19"><span class='ocrx_word' id='word_1_649' title='bbox 2207 4558 2301 4610; x_wconf 74' lang='grc' dir='ltr'><strong>καὶ</strong></span> <span class='ocrx_word' id='word_1_650' title='bbox 2333 4559 2366 4628; x_wconf 83' lang='grc' dir='ltr'>ἠ</span> <span class='ocrx_word' id='word_1_651' title='bbox 2398 4556 2631 4628; x_wconf 73' lang='grc' dir='ltr'>ὕπαρξις</span> <span class='ocrx_word' id='word_1_652' title='bbox 2660 4557 2838 4610; x_wconf 77' lang='grc' dir='ltr'>αὐτῶν</span> <span class='ocrx_word' id='word_1_653' title='bbox 2876 4556 2955 4627; x_wconf 82' lang='grc' dir='ltr'><strong>τῷ</strong></span> <span class='ocrx_word' id='word_1_654' title='bbox 2995 4554 3262 4626; x_wconf 84' lang='grc' dir='ltr'>βασιλικῷ</span> <span class='ocrx_word' id='word_1_655' title='bbox 3287 4555 3591 4625; x_wconf 84' lang='grc' dir='ltr'>ταμιείῳ...</span> <span class='ocrx_word' id='word_1_656' title='bbox 3618 4557 3799 4624; x_wconf 70' lang='grc' dir='ltr'>ἤγετο</span> 
     </span>
    </p>
   </div>
   <div class='ocr_carea' id='block_1_93' title="bbox 517 4641 2097 4704">
    <p class='ocr_par' dir='ltr' id='par_1_93' title="bbox 517 4641 2097 4704">
     <span class='ocr_line' id='line_1_93' title="bbox 517 4641 2097 4704; baseline -0.003 -1"><span class='ocrx_word' id='word_1_657' title='bbox 517 4649 654 4704; x_wconf 88' lang='lat' dir='ltr'><strong>lisco</strong></span> <span class='ocrx_word' id='word_1_658' title='bbox 685 4648 857 4704; x_wconf 88' lang='lat' dir='ltr'><strong>illata.</strong></span> <span class='ocrx_word' id='word_1_659' title='bbox 888 4648 1057 4702; x_wconf 82' lang='lat' dir='ltr'><strong>Porro</strong></span> <span class='ocrx_word' id='word_1_660' title='bbox 1090 4646 1375 4702; x_wconf 85' lang='lat' dir='ltr'><strong>Theodoto</strong></span> <span class='ocrx_word' id='word_1_661' title='bbox 1416 4645 1704 4700; x_wconf 82' lang='lat' dir='ltr'><strong>Meiisscno</strong></span> <span class='ocrx_word' id='word_1_662' title='bbox 1736 4641 2097 4698; x_wconf 84' lang='lat' dir='ltr'><strong>Orientalium</strong></span> 
     </span>
    </p>
   </div>
   <div class='ocr_carea' id='block_1_94' title="bbox 518 4737 2099 4814">
    <p class='ocr_par' dir='ltr' id='par_1_94' title="bbox 518 4737 2099 4814">
     <span class='ocr_line' id='line_1_94' title="bbox 518 4737 2099 4814; baseline -0.003 -19"><span class='ocrx_word' id='word_1_663' title='bbox 518 4741 643 4796; x_wconf 88' lang='lat' dir='ltr'><strong>duci</strong></span> <span class='ocrx_word' id='word_1_664' title='bbox 691 4742 745 4796; x_wconf 94' lang='lat' dir='ltr'><strong>in</strong></span> <span class='ocrx_word' id='word_1_665' title='bbox 791 4741 955 4814; x_wconf 74' lang='lat'><strong>166</strong></span> <span class='ocrx_word' id='word_1_666' title='bbox 1012 4741 1319 4795; x_wconf 75' lang='lat' dir='ltr'><strong>ministerio</strong></span> <span class='ocrx_word' id='word_1_667' title='bbox 1375 4750 1494 4794; x_wconf 85' lang='lat' dir='ltr'><strong>erat</strong></span> <span class='ocrx_word' id='word_1_668' title='bbox 1551 4738 1788 4793; x_wconf 76' lang='lat' dir='ltr'><strong>(Zarbeas</strong></span> <span class='ocrx_word' id='word_1_669' title='bbox 1848 4737 2099 4807; x_wconf 85' lang='lat' dir='ltr'><strong>quidam,</strong></span> 
     </span>
    </p>
   </div>
   <div class='ocr_carea' id='block_1_95' title="bbox 521 4827 2099 4900">
    <p class='ocr_par' dir='ltr' id='par_1_95' title="bbox 521 4827 2099 4900">
     <span class='ocr_line' id='line_1_95' title="bbox 521 4827 2099 4900; baseline -0.001 -16"><span class='ocrx_word' id='word_1_670' title='bbox 521 4832 1022 4899; x_wconf 80' lang='lat' dir='ltr'><strong>protomandatoris</strong></span> <span class='ocrx_word' id='word_1_671' title='bbox 1072 4830 1307 4885; x_wconf 77' lang='lat' dir='ltr'><strong>olilcium</strong></span> <span class='ocrx_word' id='word_1_672' title='bbox 1347 4845 1563 4900; x_wconf 80' lang='lat' dir='ltr'><strong>gerens,</strong></span> <span class='ocrx_word' id='word_1_673' title='bbox 1619 4843 1812 4883; x_wconf 89' lang='lat' dir='ltr'><strong>eorum</strong></span> <span class='ocrx_word' id='word_1_674' title='bbox 1845 4843 1985 4897; x_wconf 90' lang='lat' dir='ltr'><strong>quos</strong></span> <span class='ocrx_word' id='word_1_675' title='bbox 2019 4827 2099 4882; x_wconf 83' lang='lat' dir='ltr'><strong>di-</strong></span> 
     </span>
    </p>
   </div>
   <div class='ocr_carea' id='block_1_96' title="bbox 520 4921 2095 4995">
    <p class='ocr_par' dir='ltr' id='par_1_96' title="bbox 520 4921 2095 4995">
     <span class='ocr_line' id='line_1_96' title="bbox 520 4921 2095 4995; baseline -0.003 -16"><span class='ocrx_word' id='word_1_676' title='bbox 520 4923 711 4979; x_wconf 88' lang='lat' dir='ltr'><strong>cebam</strong></span> <span class='ocrx_word' id='word_1_677' title='bbox 745 4921 1184 4977; x_wconf 83' lang='lat' dir='ltr'><strong>Paulicianorum</strong></span> <span class='ocrx_word' id='word_1_678' title='bbox 1213 4924 1315 4978; x_wconf 71' lang='lat' dir='ltr'><strong>nde</strong></span> <span class='ocrx_word' id='word_1_679' title='bbox 1340 4923 1581 4995; x_wconf 80' lang='lat' dir='ltr'><strong>glorians</strong></span> <span class='ocrx_word' id='word_1_680' title='bbox 1608 4938 1672 4977; x_wconf 90' lang='lat' dir='ltr'><strong>ac</strong></span> <span class='ocrx_word' id='word_1_681' title='bbox 1697 4932 1859 4976; x_wconf 61' lang='lat' dir='ltr'><strong>sectae</strong></span> <span class='ocrx_word' id='word_1_682' title='bbox 1890 4922 2095 4977; x_wconf 90' lang='lat' dir='ltr'><strong>socius.</strong></span> 
     </span>
    </p>
   </div>
   <div class='ocr_carea' id='block_1_97' title="bbox 519 5016 2104 5087">
    <p class='ocr_par' dir='ltr' id='par_1_97' title="bbox 519 5016 2104 5087">
     <span class='ocr_line' id='line_1_97' title="bbox 519 5016 2104 5087; baseline -0.003 -12"><span class='ocrx_word' id='word_1_683' title='bbox 519 5018 572 5075; x_wconf 83' lang='lat' dir='ltr'><strong>ls</strong></span> <span class='ocrx_word' id='word_1_684' title='bbox 594 5030 718 5074; x_wconf 90' lang='lat' dir='ltr'><strong>cum</strong></span> <span class='ocrx_word' id='word_1_685' title='bbox 768 5025 976 5087; x_wconf 83' lang='lat' dir='ltr'><strong>patrem</strong></span> <span class='ocrx_word' id='word_1_686' title='bbox 1027 5031 1185 5069; x_wconf 90' lang='lat' dir='ltr'><strong>suum</strong></span> <span class='ocrx_word' id='word_1_687' title='bbox 1215 5032 1546 5086; x_wconf 89' lang='lat' dir='ltr'><strong>suspensum</strong></span> <span class='ocrx_word' id='word_1_688' title='bbox 1586 5016 1827 5087; x_wconf 86' lang='lat' dir='ltr'><strong>patibulo</strong></span> <span class='ocrx_word' id='word_1_689' title='bbox 1860 5016 2104 5071; x_wconf 86' lang='lat' dir='ltr'><strong>audisset</strong></span> 
     </span>
    </p>
   </div>
   <div class='ocr_carea' id='block_1_98' title="bbox 520 5107 2101 5184">
    <p class='ocr_par' dir='ltr' id='par_1_98' title="bbox 520 5107 2101 5184">
     <span class='ocr_line' id='line_1_98' title="bbox 520 5107 2101 5184; baseline -0.002 -17"><span class='ocrx_word' id='word_1_690' title='bbox 520 5114 683 5184; x_wconf 85' lang='lat' dir='ltr'><strong>idque</strong></span> <span class='ocrx_word' id='word_1_691' title='bbox 710 5110 925 5165; x_wconf 79' lang='lat' dir='ltr'><strong>facinus</strong></span> <span class='ocrx_word' id='word_1_692' title='bbox 952 5107 1296 5175; x_wconf 87' lang='lat' dir='ltr'><strong>iniquissime</strong></span> <span class='ocrx_word' id='word_1_693' title='bbox 1328 5107 1515 5174; x_wconf 84' lang='lat' dir='ltr'><strong>ferret,</strong></span> <span class='ocrx_word' id='word_1_694' title='bbox 1554 5125 1616 5163; x_wconf 90' lang='lat' dir='ltr'><strong>ac</strong></span> <span class='ocrx_word' id='word_1_695' title='bbox 1647 5110 1763 5165; x_wconf 84' lang='lat' dir='ltr'><strong>suis</strong></span> <span class='ocrx_word' id='word_1_696' title='bbox 1789 5109 1902 5179; x_wconf 84' lang='lat' dir='ltr'><strong>ipse</strong></span> <span class='ocrx_word' id='word_1_697' title='bbox 1935 5109 2101 5164; x_wconf 86' lang='lat' dir='ltr'><strong>rebus</strong></span> 
     </span>
    </p>
   </div>
   <div class='ocr_carea' id='block_1_99' title="bbox 520 5200 2099 5273">
    <p class='ocr_par' dir='ltr' id='par_1_99' title="bbox 520 5200 2099 5273">
     <span class='ocr_line' id='line_1_99' title="bbox 520 5200 2099 5273; baseline -0.002 -15"><span class='ocrx_word' id='word_1_698' title='bbox 520 5204 882 5273; x_wconf 88' lang='lat' dir='ltr'><strong>prospiciens,</strong></span> <span class='ocrx_word' id='word_1_699' title='bbox 912 5200 1035 5256; x_wconf 87' lang='lat' dir='ltr'><strong>aliis</strong></span> <span class='ocrx_word' id='word_1_700' title='bbox 1075 5200 1321 5269; x_wconf 88' lang='lat' dir='ltr'><strong>quinque</strong></span> <span class='ocrx_word' id='word_1_701' title='bbox 1353 5201 1597 5255; x_wconf 87' lang='lat' dir='ltr'><strong>millibus</strong></span> <span class='ocrx_word' id='word_1_702' title='bbox 1623 5202 1868 5271; x_wconf 86' lang='lat' dir='ltr'><strong>ejusdem</strong></span> <span class='ocrx_word' id='word_1_703' title='bbox 1913 5216 2099 5256; x_wconf 79' lang='lat' dir='ltr'><strong>secum</strong></span> 
     </span>
    </p>
   </div>
   <div class='ocr_carea' id='block_1_100' title="bbox 520 5292 2098 5363">
    <p class='ocr_par' dir='ltr' id='par_1_100' title="bbox 520 5292 2098 5363">
     <span class='ocr_line' id='line_1_100' title="bbox 520 5292 2098 5363; baseline -0.001 -15"><span class='ocrx_word' id='word_1_704' title='bbox 520 5295 800 5363; x_wconf 81' lang='lat' dir='ltr'><strong>religionis</strong></span> <span class='ocrx_word' id='word_1_705' title='bbox 831 5293 1153 5363; x_wconf 83' lang='lat' dir='ltr'><strong>assumptis,</strong></span> <span class='ocrx_word' id='word_1_706' title='bbox 1184 5294 1249 5347; x_wconf 85' lang='lat' dir='ltr'><strong>ad</strong></span> <span class='ocrx_word' id='word_1_707' title='bbox 1285 5292 1795 5347; x_wconf 67' lang='lat' dir='ltr'><strong>.‘lclitirneAmerem</strong></span> <span class='ocrx_word' id='word_1_708' title='bbox 1828 5293 2098 5362; x_wconf 75' lang='lat' dir='ltr'><strong>profugit;</strong></span> 
     </span>
    </p>
   </div>
   <div class='ocr_carea' id='block_1_101' title="bbox 520 5386 2102 5458">
    <p class='ocr_par' dir='ltr' id='par_1_101' title="bbox 520 5386 2102 5458">
     <span class='ocr_line' id='line_1_101' title="bbox 520 5386 2102 5458; baseline -0.003 -15"><span class='ocrx_word' id='word_1_709' title='bbox 520 5388 759 5458; x_wconf 86' lang='lat' dir='ltr'><strong>indeque</strong></span> <span class='ocrx_word' id='word_1_710' title='bbox 793 5391 858 5443; x_wconf 83' lang='lat' dir='ltr'><strong>ad</strong></span> <span class='ocrx_word' id='word_1_711' title='bbox 894 5390 1364 5444; x_wconf 86' lang='lat' dir='ltr'><strong>Ameramnuncm</strong></span> <span class='ocrx_word' id='word_1_712' title='bbox 1407 5386 1661 5456; x_wconf 73' lang='lat' dir='ltr'><strong>profecti,</strong></span> <span class='ocrx_word' id='word_1_713' title='bbox 1698 5387 1962 5455; x_wconf 90' lang='lat' dir='ltr'><strong>omnique</strong></span> <span class='ocrx_word' id='word_1_714' title='bbox 2000 5387 2102 5440; x_wconf 87' lang='lat' dir='ltr'><strong>bo-</strong></span> 
     </span>
    </p>
   </div>
   <div class='ocr_carea' id='block_1_102' title="bbox 520 5478 2096 5549">
    <p class='ocr_par' dir='ltr' id='par_1_102' title="bbox 520 5478 2096 5549">
     <span class='ocr_line' id='line_1_102' title="bbox 520 5478 2096 5549; baseline -0.001 -17"><span class='ocrx_word' id='word_1_715' title='bbox 520 5494 659 5534; x_wconf 89' lang='lat' dir='ltr'><strong>nore</strong></span> <span class='ocrx_word' id='word_1_716' title='bbox 689 5495 753 5534; x_wconf 86' lang='lat' dir='ltr'><strong>ac</strong></span> <span class='ocrx_word' id='word_1_717' title='bbox 788 5481 937 5534; x_wconf 88' lang='lat' dir='ltr'><strong>cultu</strong></span> <span class='ocrx_word' id='word_1_718' title='bbox 992 5481 1060 5535; x_wconf 87' lang='lat' dir='ltr'><strong>ab</strong></span> <span class='ocrx_word' id='word_1_719' title='bbox 1095 5496 1161 5536; x_wconf 89' lang='lat' dir='ltr'><strong>eo</strong></span> <span class='ocrx_word' id='word_1_720' title='bbox 1205 5479 1480 5549; x_wconf 87' lang='lat' dir='ltr'><strong>suscepti,</strong></span> <span class='ocrx_word' id='word_1_721' title='bbox 1518 5478 1753 5549; x_wconf 82' lang='lat' dir='ltr'><strong>dataque</strong></span> <span class='ocrx_word' id='word_1_722' title='bbox 1791 5490 1843 5532; x_wconf 81' lang='lat' dir='ltr'><strong>et</strong></span> <span class='ocrx_word' id='word_1_723' title='bbox 1874 5491 2096 5548; x_wconf 78' lang='lat' dir='ltr'><strong>accepta</strong></span> 
     </span>
    </p>
   </div>
   <div class='ocr_carea' id='block_1_103' title="bbox 520 5569 2096 5643">
    <p class='ocr_par' dir='ltr' id='par_1_103' title="bbox 520 5569 2096 5643">
     <span class='ocr_line' id='line_1_103' title="bbox 520 5569 2096 5643; baseline -0.003 -16"><span class='ocrx_word' id='word_1_724' title='bbox 520 5571 646 5636; x_wconf 86' lang='lat' dir='ltr'><strong>ﬁde,</strong></span> <span class='ocrx_word' id='word_1_725' title='bbox 708 5572 870 5642; x_wconf 90' lang='lat' dir='ltr'><strong>paulo</strong></span> <span class='ocrx_word' id='word_1_726' title='bbox 919 5581 1045 5643; x_wconf 83' lang='lat' dir='ltr'><strong>post</strong></span> <span class='ocrx_word' id='word_1_727' title='bbox 1106 5572 1494 5628; x_wconf 88' lang='lat' dir='ltr'><strong>communibus</strong></span> <span class='ocrx_word' id='word_1_728' title='bbox 1547 5569 1741 5625; x_wconf 86' lang='lat' dir='ltr'><strong>studiis</strong></span> <span class='ocrx_word' id='word_1_729' title='bbox 1793 5569 2096 5623; x_wconf 73' lang='lat' dir='ltr'><strong>llutuauam</strong></span> 
     </span>
    </p>
   </div>
   <div class='ocr_carea' id='block_1_104' title="bbox 2211 4645 3801 4721">
    <p class='ocr_par' dir='ltr' id='par_1_104' title="bbox 2211 4645 3801 4721">
     <span class='ocr_line' id='line_1_104' title="bbox 2211 4645 3801 4721; baseline -0.002 -17"><span class='ocrx_word' id='word_1_730' title='bbox 2211 4650 2308 4704; x_wconf 77' lang='grc' dir='ltr'>καὶ</span> <span class='ocrx_word' id='word_1_731' title='bbox 2356 4650 2753 4721; x_wconf 73' lang='grc' dir='ltr'>εἰσεκομίζετο.</span> <span class='ocrx_word' id='word_1_732' title='bbox 2798 4648 3078 4719; x_wconf 78' lang='grc' dir='ltr'>’Υπῆρχεν</span> <span class='ocrx_word' id='word_1_733' title='bbox 3107 4645 3199 4701; x_wconf 81' lang='grc' dir='ltr'><strong>οὖν</strong></span> <span class='ocrx_word' id='word_1_734' title='bbox 3233 4646 3310 4716; x_wconf 84' lang='grc' dir='ltr'>τῷ</span> <span class='ocrx_word' id='word_1_735' title='bbox 3357 4647 3655 4717; x_wconf 85' lang='grc' dir='ltr'>στρατηγῷ</span> <span class='ocrx_word' id='word_1_736' title='bbox 3683 4647 3801 4701; x_wconf 81' lang='grc' dir='ltr'><strong>τῶν</strong></span> 
     </span>
    </p>
   </div>
   <div class='ocr_carea' id='block_1_105' title="bbox 2222 4735 3809 4813">
    <p class='ocr_par' dir='ltr' id='par_1_105' title="bbox 2222 4735 3809 4813">
     <span class='ocr_line' id='line_1_105' title="bbox 2222 4735 3809 4813; baseline -0.001 -17"><span class='ocrx_word' id='word_1_737' title='bbox 2222 4743 2580 4797; x_wconf 83' lang='grc' dir='ltr'>Ἀνατολικῶν</span> <span class='ocrx_word' id='word_1_738' title='bbox 2627 4742 2903 4813; x_wconf 81' lang='grc' dir='ltr'>(Θεόδοτος</span> <span class='ocrx_word' id='word_1_739' title='bbox 2943 4735 3094 4805; x_wconf 74' lang='grc' dir='ltr'>οὗτος</span> <span class='ocrx_word' id='word_1_740' title='bbox 3130 4736 3197 4812; x_wconf 83' lang='grc' dir='ltr'>ἦν</span> <span class='ocrx_word' id='word_1_741' title='bbox 3228 4743 3254 4794; x_wconf 89' lang='lat'><strong>6</strong></span> <span class='ocrx_word' id='word_1_742' title='bbox 3280 4741 3421 4797; x_wconf 81' lang='grc' dir='ltr'>κατὰ</span> <span class='ocrx_word' id='word_1_743' title='bbox 3458 4740 3550 4793; x_wconf 72' lang='grc' dir='ltr'><strong>τὸν</strong></span> <span class='ocrx_word' id='word_1_744' title='bbox 3583 4739 3809 4794; x_wconf 64' lang='lat' dir='ltr'><strong>Maius-</strong></span> 
     </span>
    </p>
   </div>
   <div class='ocr_carea' id='block_1_106' title="bbox 2210 4832 3807 4908">
    <p class='ocr_par' dir='ltr' id='par_1_106' title="bbox 2210 4832 3807 4908">
     <span class='ocr_line' id='line_1_106' title="bbox 2210 4832 3807 4908; baseline -0.003 -17"><span class='ocrx_word' id='word_1_745' title='bbox 2210 4837 2392 4908; x_wconf 80' lang='grc' dir='ltr'>σηνδν)</span> <span class='ocrx_word' id='word_1_746' title='bbox 2426 4837 2567 4906; x_wconf 78' lang='grc' dir='ltr'>ἀνὴρ</span> <span class='ocrx_word' id='word_1_747' title='bbox 2605 4834 2715 4899; x_wconf 66' lang='grc' dir='ltr'><strong>τις</strong></span> <span class='ocrx_word' id='word_1_748' title='bbox 2739 4838 2817 4897; x_wconf 81' lang='grc' dir='ltr'><strong>είς</strong></span> <span class='ocrx_word' id='word_1_749' title='bbox 2854 4835 2955 4906; x_wconf 83' lang='grc' dir='ltr'>τὴν</span> <span class='ocrx_word' id='word_1_750' title='bbox 2994 4832 3298 4904; x_wconf 80' lang='grc' dir='ltr'>ὑπηρεσίαν</span> <span class='ocrx_word' id='word_1_751' title='bbox 3339 4832 3807 4904; x_wconf 84' lang='grc' dir='ltr'>καταριθμούμε-</span> 
     </span>
    </p>
   </div>
   <div class='ocr_carea' id='block_1_107' title="bbox 2209 4923 3805 4999">
    <p class='ocr_par' dir='ltr' id='par_1_107' title="bbox 2209 4923 3805 4999">
     <span class='ocr_line' id='line_1_107' title="bbox 2209 4923 3805 4999; baseline -0.001 -20"><span class='ocrx_word' id='word_1_752' title='bbox 2209 4945 2319 4991; x_wconf 86' lang='grc' dir='ltr'>νος,</span> <span class='ocrx_word' id='word_1_753' title='bbox 2352 4927 2609 4999; x_wconf 82' lang='grc' dir='ltr'>Καρϐέας</span> <span class='ocrx_word' id='word_1_754' title='bbox 2657 4926 2902 4995; x_wconf 86' lang='grc' dir='ltr'>ὀνόματι.</span> <span class='ocrx_word' id='word_1_755' title='bbox 2954 4925 3051 4996; x_wconf 84' lang='grc' dir='ltr'><strong>τὴν</strong></span> <span class='ocrx_word' id='word_1_756' title='bbox 3101 4924 3193 4979; x_wconf 83' lang='grc' dir='ltr'><strong>τοῦ</strong></span> <span class='ocrx_word' id='word_1_757' title='bbox 3245 4923 3805 4994; x_wconf 76' lang='grc' dir='ltr'>πρωτομανδάτωρος</span> 
     </span>
    </p>
   </div>
   <div class='ocr_carea' id='block_1_108' title="bbox 2211 5014 3804 5088">
    <p class='ocr_par' dir='ltr' id='par_1_108' title="bbox 2211 5014 3804 5088">
     <span class='ocr_line' id='line_1_108' title="bbox 2211 5014 3804 5088; baseline -0.001 -19"><span class='ocrx_word' id='word_1_758' title='bbox 2211 5017 2436 5087; x_wconf 84' lang='grc' dir='ltr'>πληρῶν</span> <span class='ocrx_word' id='word_1_759' title='bbox 2482 5016 2677 5088; x_wconf 83' lang='grc' dir='ltr'>ἀρχὴν,</span> <span class='ocrx_word' id='word_1_760' title='bbox 2710 5019 2776 5086; x_wconf 86' lang='grc' dir='ltr'>τῇ</span> <span class='ocrx_word' id='word_1_761' title='bbox 2831 5017 3012 5069; x_wconf 88' lang='grc' dir='ltr'>πίστει</span> <span class='ocrx_word' id='word_1_762' title='bbox 3058 5014 3166 5068; x_wconf 72' lang='grc' dir='ltr'><strong>τῶν</strong></span> <span class='ocrx_word' id='word_1_763' title='bbox 3219 5016 3528 5086; x_wconf 84' lang='grc' dir='ltr'>εἰρημένων</span> <span class='ocrx_word' id='word_1_764' title='bbox 3580 5017 3804 5069; x_wconf 82' lang='grc' dir='ltr'>τούτων</span> 
     </span>
    </p>
   </div>
   <div class='ocr_carea' id='block_1_109' title="bbox 2216 5106 3803 5179">
    <p class='ocr_par' dir='ltr' id='par_1_109' title="bbox 2216 5106 3803 5179">
     <span class='ocr_line' id='line_1_109' title="bbox 2216 5106 3803 5179; baseline -0.003 -16"><span class='ocrx_word' id='word_1_765' title='bbox 2216 5108 2596 5163; x_wconf 81' lang='grc' dir='ltr'>Παυλικιανῶν</span> <span class='ocrx_word' id='word_1_766' title='bbox 2650 5106 3073 5179; x_wconf 81' lang='grc' dir='ltr'>ὲγκαυχώμενός</span> <span class='ocrx_word' id='word_1_767' title='bbox 3123 5125 3181 5161; x_wconf 90' lang='grc' dir='ltr'><strong>τε</strong></span> <span class='ocrx_word' id='word_1_768' title='bbox 3215 5109 3312 5161; x_wconf 78' lang='grc' dir='ltr'><strong>καὶ</strong></span> <span class='ocrx_word' id='word_1_769' title='bbox 3366 5106 3803 5177; x_wconf 81' lang='grc' dir='ltr'>σεμνυνόμενος.</span> 
     </span>
    </p>
   </div>
   <div class='ocr_carea' id='block_1_110' title="bbox 2219 5196 3802 5270">
    <p class='ocr_par' dir='ltr' id='par_1_110' title="bbox 2219 5196 3802 5270">
     <span class='ocr_line' id='line_1_110' title="bbox 2219 5196 3802 5270; baseline -0.002 -15"><span class='ocrx_word' id='word_1_770' title='bbox 2219 5203 2307 5263; x_wconf 81' lang='grc' dir='ltr'>Ὠς</span> <span class='ocrx_word' id='word_1_771' title='bbox 2332 5201 2424 5256; x_wconf 84' lang='grc' dir='ltr'><strong>οῦν</strong></span> <span class='ocrx_word' id='word_1_772' title='bbox 2452 5202 2542 5254; x_wconf 72' lang='grc' dir='ltr'><strong>τὸν</strong></span> <span class='ocrx_word' id='word_1_773' title='bbox 2566 5200 2761 5254; x_wconf 79' lang='grc' dir='ltr'>ἑαυτοῦ</span> <span class='ocrx_word' id='word_1_774' title='bbox 2788 5196 2943 5264; x_wconf 77' lang='grc' dir='ltr'>οὗτος</span> <span class='ocrx_word' id='word_1_775' title='bbox 2969 5201 3175 5270; x_wconf 82' lang='grc' dir='ltr'>ἀκήκοε</span> <span class='ocrx_word' id='word_1_776' title='bbox 3203 5200 3417 5270; x_wconf 80' lang='grc' dir='ltr'>πατέρα</span> <span class='ocrx_word' id='word_1_777' title='bbox 3446 5198 3802 5267; x_wconf 73' lang='grc' dir='ltr'>ἀνηρτῆσθαι</span> 
     </span>
    </p>
   </div>
   <div class='ocr_carea' id='block_1_111' title="bbox 2207 5290 3803 5364">
    <p class='ocr_par' dir='ltr' id='par_1_111' title="bbox 2207 5290 3803 5364">
     <span class='ocr_line' id='line_1_111' title="bbox 2207 5290 3803 5364; baseline -0.001 -18"><span class='ocrx_word' id='word_1_778' title='bbox 2207 5293 2287 5364; x_wconf 86' lang='grc' dir='ltr'>τῷ</span> <span class='ocrx_word' id='word_1_779' title='bbox 2339 5293 2503 5364; x_wconf 80' lang='grc' dir='ltr'>ξύλῳ,</span> <span class='ocrx_word' id='word_1_780' title='bbox 2554 5292 2699 5362; x_wconf 83' lang='grc' dir='ltr'>πέρα</span> <span class='ocrx_word' id='word_1_781' title='bbox 2742 5292 2931 5345; x_wconf 88' lang='grc' dir='ltr'>δεινῶν</span> <span class='ocrx_word' id='word_1_782' title='bbox 2977 5291 3125 5345; x_wconf 79' lang='grc' dir='ltr'>τοῦθ’</span> <span class='ocrx_word' id='word_1_783' title='bbox 3161 5293 3512 5364; x_wconf 81' lang='grc' dir='ltr'>ἡγησάμενος</span> <span class='ocrx_word' id='word_1_784' title='bbox 3571 5291 3674 5345; x_wconf 77' lang='grc' dir='ltr'>καὶ</span> <span class='ocrx_word' id='word_1_785' title='bbox 3730 5290 3803 5359; x_wconf 71' lang='grc' dir='ltr'><strong>τά</strong></span> 
     </span>
    </p>
   </div>
   <div class='ocr_carea' id='block_1_112' title="bbox 2211 5373 3813 5452">
    <p class='ocr_par' dir='ltr' id='par_1_112' title="bbox 2211 5373 3813 5452">
     <span class='ocr_line' id='line_1_112' title="bbox 2211 5373 3813 5452; baseline -0.001 -15"><span class='ocrx_word' id='word_1_786' title='bbox 2211 5382 2407 5437; x_wconf 80' lang='grc' dir='ltr'>ἑαυτοῦ</span> <span class='ocrx_word' id='word_1_787' title='bbox 2442 5382 2887 5452; x_wconf 76' lang='grc' dir='ltr'>προσοικονομῶν</span> <span class='ocrx_word' id='word_1_788' title='bbox 2909 5381 3085 5452; x_wconf 74' lang='grc' dir='ltr'>φυγάς</span> <span class='ocrx_word' id='word_1_789' title='bbox 3119 5382 3258 5452; x_wconf 84' lang='grc' dir='ltr'><strong>μετά</strong></span> <span class='ocrx_word' id='word_1_790' title='bbox 3281 5383 3374 5439; x_wconf 75' lang='grc' dir='ltr'><strong>καὶ</strong></span> <span class='ocrx_word' id='word_1_791' title='bbox 3402 5373 3607 5452; x_wconf 72' lang='grc' dir='ltr'>ἑτέρων</span> <span class='ocrx_word' id='word_1_792' title='bbox 3633 5381 3813 5435; x_wconf 62' lang='grc' dir='ltr'>πέντε</span> 
     </span>
    </p>
   </div>
   <div class='ocr_carea' id='block_1_113' title="bbox 2211 5472 3802 5546">
    <p class='ocr_par' dir='ltr' id='par_1_113' title="bbox 2211 5472 3802 5546">
     <span class='ocr_line' id='line_1_113' title="bbox 2211 5472 3802 5546; baseline 0 -19"><span class='ocrx_word' id='word_1_793' title='bbox 2211 5475 2463 5546; x_wconf 85' lang='grc' dir='ltr'>χιλιάδων</span> <span class='ocrx_word' id='word_1_794' title='bbox 2525 5474 2621 5544; x_wconf 86' lang='grc' dir='ltr'>τῆς</span> <span class='ocrx_word' id='word_1_795' title='bbox 2674 5474 2934 5545; x_wconf 83' lang='grc' dir='ltr'>τοιαύτης</span> <span class='ocrx_word' id='word_1_796' title='bbox 2983 5474 3462 5545; x_wconf 84' lang='grc' dir='ltr'>κεκοινωνηκότων</span> <span class='ocrx_word' id='word_1_797' title='bbox 3523 5472 3802 5542; x_wconf 77' lang='grc' dir='ltr'>αἱρέσεως</span> 
     </span>
    </p>
   </div>
   <div class='ocr_carea' id='block_1_114' title="bbox 2214 5565 3814 5639">
    <p class='ocr_par' dir='ltr' id='par_1_114' title="bbox 2214 5565 3814 5639">
     <span class='ocr_line' id='line_1_114' title="bbox 2214 5565 3814 5639; baseline -0.001 -17"><span class='ocrx_word' id='word_1_798' title='bbox 2214 5570 2349 5639; x_wconf 72' lang='grc' dir='ltr'>πρὸς</span> <span class='ocrx_word' id='word_1_799' title='bbox 2396 5570 2490 5621; x_wconf 82' lang='grc' dir='ltr'><strong>τὸν</strong></span> <span class='ocrx_word' id='word_1_800' title='bbox 2556 5568 2656 5638; x_wconf 82' lang='grc' dir='ltr'><strong>τῆς</strong></span> <span class='ocrx_word' id='word_1_801' title='bbox 2723 5568 3019 5639; x_wconf 81' lang='grc' dir='ltr'>Μελιτινῆς</span> <span class='ocrx_word' id='word_1_802' title='bbox 3078 5568 3387 5638; x_wconf 86' lang='grc' dir='ltr'>τηνικαῦτα</span> <span class='ocrx_word' id='word_1_803' title='bbox 3446 5565 3814 5635; x_wconf 66' lang='grc' dir='ltr'>κατάρχοντα.</span> 
     </span>
    </p>
   </div>
   <div class='ocr_carea' id='block_1_115' title="bbox 520 5663 2093 5733">
    <p class='ocr_par' dir='ltr' id='par_1_115' title="bbox 520 5663 2093 5733">
     <span class='ocr_line' id='line_1_115' title="bbox 520 5663 2093 5733; baseline -0.004 -13"><span class='ocrx_word' id='word_1_804' title='bbox 520 5663 787 5721; x_wconf 82' lang='lat' dir='ltr'><strong>ditionem</strong></span> <span class='ocrx_word' id='word_1_805' title='bbox 815 5664 1098 5730; x_wconf 86' lang='lat' dir='ltr'><strong>invadunt,</strong></span> <span class='ocrx_word' id='word_1_806' title='bbox 1131 5674 1185 5720; x_wconf 90' lang='lat' dir='ltr'><strong>et</strong></span> <span class='ocrx_word' id='word_1_807' title='bbox 1221 5676 1279 5720; x_wconf 89' lang='lat' dir='ltr'><strong>ut</strong></span> <span class='ocrx_word' id='word_1_808' title='bbox 1317 5681 1384 5719; x_wconf 77' lang='lat' dir='ltr'><strong>ex</strong></span> <span class='ocrx_word' id='word_1_809' title='bbox 1412 5680 1494 5727; x_wconf 86' lang='lat' dir='ltr'><strong>ea,</strong></span> <span class='ocrx_word' id='word_1_810' title='bbox 1530 5664 1673 5733; x_wconf 88' lang='lat' dir='ltr'><strong>quod</strong></span> <span class='ocrx_word' id='word_1_811' title='bbox 1710 5663 1760 5716; x_wconf 89' lang='lat' dir='ltr'><strong>in</strong></span> <span class='ocrx_word' id='word_1_812' title='bbox 1798 5663 2093 5716; x_wconf 79' lang='lat' dir='ltr'><strong>maximam</strong></span> 
     </span>
    </p>
   </div>
   <div class='ocr_carea' id='block_1_116' title="bbox 522 5755 2093 5834">
    <p class='ocr_par' dir='ltr' id='par_1_116' title="bbox 522 5755 2093 5834">
     <span class='ocr_line' id='line_1_116' title="bbox 522 5755 2093 5834; baseline -0.006 -20"><span class='ocrx_word' id='word_1_813' title='bbox 522 5757 632 5834; x_wconf 58' lang='lat' dir='ltr'><strong>jam</strong></span> <span class='ocrx_word' id='word_1_814' title='bbox 672 5756 1080 5812; x_wconf 87' lang='lat' dir='ltr'><strong>multitudinem</strong></span> <span class='ocrx_word' id='word_1_815' title='bbox 1108 5766 1490 5822; x_wconf 78' lang='lat' dir='ltr'><strong>excreveraut,</strong></span> <span class='ocrx_word' id='word_1_816' title='bbox 1545 5765 1743 5825; x_wconf 72' lang='lat' dir='ltr'><strong>tropaea</strong></span> <span class='ocrx_word' id='word_1_817' title='bbox 1782 5755 2093 5823; x_wconf 80' lang='lat' dir='ltr'><strong>erigerent;</strong></span> 
     </span>
    </p>
   </div>
   <div class='ocr_carea' id='block_1_117' title="bbox 526 5848 2101 5923">
    <p class='ocr_par' dir='ltr' id='par_1_117' title="bbox 526 5848 2101 5923">
     <span class='ocr_line' id='line_1_117' title="bbox 526 5848 2101 5923; baseline -0.003 -16"><span class='ocrx_word' id='word_1_818' title='bbox 526 5853 796 5923; x_wconf 79' lang='lat' dir='ltr'><strong>urbesque</strong></span> <span class='ocrx_word' id='word_1_819' title='bbox 827 5850 1061 5904; x_wconf 78' lang='lat' dir='ltr'><strong>condere</strong></span> <span class='ocrx_word' id='word_1_820' title='bbox 1111 5866 1271 5920; x_wconf 75' lang='lat' dir='ltr'><strong>aggrc</strong></span> <span class='ocrx_word' id='word_1_821' title='bbox 1297 5851 1524 5917; x_wconf 80' lang='lat' dir='ltr'><strong>iiuntur,</strong></span> <span class='ocrx_word' id='word_1_822' title='bbox 1581 5866 1743 5918; x_wconf 75' lang='lat' dir='ltr'><strong>quam</strong></span> <span class='ocrx_word' id='word_1_823' title='bbox 1779 5848 2101 5906; x_wconf 78' lang='lat' dir='ltr'><strong>vocantAr-</strong></span> 
     </span>
    </p>
   </div>
   <div class='ocr_carea' id='block_1_118' title="bbox 2218 5658 3849 5737">
    <p class='ocr_par' dir='ltr' id='par_1_118' title="bbox 2218 5658 3849 5737">
     <span class='ocr_line' id='line_1_118' title="bbox 2218 5658 3849 5737; baseline 0.001 -22"><span class='ocrx_word' id='word_1_824' title='bbox 2218 5662 2435 5731; x_wconf 78' lang='grc' dir='ltr'>’Δμερα</span> <span class='ocrx_word' id='word_1_825' title='bbox 2486 5658 2719 5729; x_wconf 86' lang='grc' dir='ltr'>γίνεται,</span> <span class='ocrx_word' id='word_1_826' title='bbox 2770 5660 3025 5714; x_wconf 87' lang='grc' dir='ltr'>κάκεῖθεν</span> <span class='ocrx_word' id='word_1_827' title='bbox 3083 5659 3221 5732; x_wconf 79' lang='grc' dir='ltr'>πρὸς</span> <span class='ocrx_word' id='word_1_828' title='bbox 3262 5659 3353 5712; x_wconf 72' lang='grc' dir='ltr'><strong>τὸν</strong></span> <span class='ocrx_word' id='word_1_829' title='bbox 3396 5660 3849 5737; x_wconf 60' lang='grc' dir='ltr'>ἁμεραμνουνῖι</span> 
     </span>
    </p>
   </div>
   <div class='ocr_carea' id='block_1_119' title="bbox 2212 5750 3825 5844">
    <p class='ocr_par' dir='ltr' id='par_1_119' title="bbox 2212 5750 3825 5844">
     <span class='ocr_line' id='line_1_119' title="bbox 2212 5750 3825 5844; baseline -0.003 -37"><span class='ocrx_word' id='word_1_830' title='bbox 2212 5754 2816 5844; x_wconf 39' lang='grc' dir='ltr'>παραγίνονται.θΜετά</span> <span class='ocrx_word' id='word_1_831' title='bbox 2844 5754 2899 5807; x_wconf 81' lang='grc' dir='ltr'><strong>δέ</strong></span> <span class='ocrx_word' id='word_1_832' title='bbox 2930 5754 3131 5823; x_wconf 74' lang='grc' dir='ltr'>πολλῆς</span> <span class='ocrx_word' id='word_1_833' title='bbox 3161 5750 3557 5820; x_wconf 80' lang='grc' dir='ltr'>ἀποδεχθέντες</span> <span class='ocrx_word' id='word_1_834' title='bbox 3598 5755 3825 5824; x_wconf 64' lang='grc' dir='ltr'><strong>τιμῆς,ν</strong></span> 
     </span>
    </p>
   </div>
   <div class='ocr_carea' id='block_1_120' title="bbox 2216 5844 3811 5917">
    <p class='ocr_par' dir='ltr' id='par_1_120' title="bbox 2216 5844 3811 5917">
     <span class='ocr_line' id='line_1_120' title="bbox 2216 5844 3811 5917; baseline -0.004 -12"><span class='ocrx_word' id='word_1_835' title='bbox 2216 5850 2308 5905; x_wconf 64' lang='grc' dir='ltr'><strong>καὶ</strong></span> <span class='ocrx_word' id='word_1_836' title='bbox 2334 5849 2492 5917; x_wconf 87' lang='grc' dir='ltr'>λόγον</span> <span class='ocrx_word' id='word_1_837' title='bbox 2528 5844 2829 5917; x_wconf 77' lang='grc' dir='ltr'>ἀσφαλείας</span> <span class='ocrx_word' id='word_1_838' title='bbox 2854 5846 3037 5911; x_wconf 85' lang='grc' dir='ltr'>δόντες</span> <span class='ocrx_word' id='word_1_839' title='bbox 3067 5862 3124 5899; x_wconf 80' lang='grc' dir='ltr'><strong>τε</strong></span> <span class='ocrx_word' id='word_1_840' title='bbox 3153 5845 3244 5900; x_wconf 69' lang='grc' dir='ltr'>καὶ</span> <span class='ocrx_word' id='word_1_841' title='bbox 3277 5844 3535 5907; x_wconf 77' lang='grc' dir='ltr'>λαϐόντες</span> <span class='ocrx_word' id='word_1_842' title='bbox 3565 5844 3811 5914; x_wconf 79' lang='grc' dir='ltr'>ὁμοίως,</span> 
     </span>
    </p>
   </div>
  </div>
