4038 6214
255 316 354 383 Ῑὸὶ

1140 320 1291 381 LIB.
1317 320 1416 380 IV.
1459 342 1525 354 -
1561 320 1902 380 MICHAEL
1930 318 2352 380 THEOPHILI
2394 319 2675 383 FILIUS.

3414 296 3515 383 182

247 392 568 502 δειργονται
617 431 737 501 μετ’
772 430 834 484 ού
885 430 1020 483 πολὺ
1058 431 1199 484 κατὰ
1238 431 1340 498 τῆς
1374 431 1663 502 Ῥωμαίων
1708 433 1831 501 γῆς,

1941 446 2101 500 gaum
2138 441 2191 484 et
2226 446 2389 499 quam
2425 432 2719 495 Amaram;
2748 448 2811 489 ac
2839 450 3034 491 rursus
3060 434 3246 489 multis
3288 449 3351 487 eo
3384 451 3514 491 con-

247 530 336 581 tui
365 523 484 579 τῶν
529 523 808 595 τροπαίων
856 524 1064 588 ἕνεκεν,
1106 526 1230 577 ἐπεὶ
1264 526 1401 595 πρὸς
1454 524 1834 595 πολυπληθίαν

244 618 557 673 ινςδίδοσαν
581 617 651 681 ⁸⁷,
675 616 864 680 πόλεις
891 634 950 670 τε
975 617 1183 681 κτίζειν
1215 618 1593 688 ἐπιχειροῦσιν
1622 619 1832 681 αὐτοῖς,

246 712 345 777 τὴν
370 708 524 762 οὕτω
570 708 919 777 καλουμένην
962 706 1230 777 Ἀργαοῦν
1285 709 1380 761 καὶ
1421 709 1522 778 τὴν
1552 708 1831 780 ”Αμάραν,

247 800 344 855 καὶ
364 797 532 864 αὖθις
554 799 768 853 πολλῶν
795 801 974 852 ἐκεῖσε
1000 800 1368 871 ἐπιρρεόντων
1396 803 1461 869 τῇ
1491 800 1627 870 αὐτῇ
1663 801 1836 870 κακία

248 892 630 961 ὲνισχημένων
662 891 759 944 καὶ
780 892 973 961 ἑτέραν
1006 892 1217 955 κτίζειν
1237 891 1595 963 κατάρχουσι,
1628 892 1835 961 Τεφρι-

248 990 353 1056 κῆν
382 984 597 1053 ταύτην
625 986 1100 1054 κατονομάσαντες
1121 1000 1135 1015 ·
1163 985 1259 1052 ἀφ’
1286 978 1365 1037 ὧν
1390 983 1670 1054 ὁρμῶντες
1707 984 1836 1036 πολ-

247 1080 328 1132 λοὶ
357 1078 482 1132 κατ’
514 1076 649 1130 αὐτὸ
678 1077 979 1145 γινόμενοι,
1010 1077 1038 1130 ὃ
1062 1094 1122 1130 τε
1159 1078 1258 1146 τῆς
1302 1078 1597 1147 Μελιτινῆς
1635 1078 1835 1146 Ἀμερ,

250 1174 307 1224 ὃν
348 1168 500 1223 οὕτω
554 1186 673 1231 πως
715 1168 1149 1240 συμφθείροντες
1194 1169 1264 1222 τὰ
1314 1172 1552 1239 στοιχεῖα
1591 1170 1839 1240 Ἀμδρον

250 1261 521 1315 tum”
570 1261 619 1312 ol
677 1259 888 1324 πολλοὶ,
915 1260 1011 1313 καὶ
1059 1262 1088 1313 6
1129 1260 1230 1330 τῆς
1270 1261 1487 1331 Ταρσοῦ
1535 1261 1698 1330 Ἀλῆς
1745 1262 1841 1315 ml.

254 1352 415 1416 αὐτὸς
442 1347 603 1417 οὗτος
632 1354 660 1406 ό
702 1352 961 1421 Καρϐέας
999 1354 1027 1405 ό
1074 1352 1327 1416 δείλαιος,
1374 1355 1473 1406 οὐκ
1516 1353 1712 1424 ἔληγον
1741 1354 1841 1406 αύ-

255 1445 430 1507 θαδῶς
468 1446 539 1514 τῇ
572 1444 682 1497 τῶν
718 1443 1006 1514 Ῥωμαίων
1046 1448 1118 1515 γῇ
1165 1444 1576 1516 λυμαινόμενοι.
1639 1446 1784 1499 Ἀλλ’
1811 1448 1842 1499 ό

256 1538 356 1607 μὲν
405 1536 574 1605 Ἀλῆς
602 1536 661 1588 ἐν
689 1554 797 1590 τινι
819 1535 928 1589 τῶν
967 1538 1272 1608 Ἀρμενίων
1301 1537 1455 1609 χώρᾳ.
1489 1537 1679 1608 ἄρχειν
1704 1541 1840 1593 ἀπο-

255 1627 476 1692 σταλεὶς
527 1628 706 1681 ὶκεῖσε
737 1628 934 1682 θᾶττον
975 1630 1007 1697 ἢ
1055 1630 1250 1701 βουλῆς
1284 1625 1400 1701 εἶχε
1430 1629 1524 1683 τὸν
1562 1629 1676 1699 βίον
1707 1648 1842 1684 κατ-

1936 522 2234 577 ﬂuentibus
2289 522 2477 577 eadem
2539 524 2731 579 haeresi
2812 518 3229 591 laborantibus,
3298 528 3514 582 tertiam

1937 630 2158 685 quoque
2186 615 2457 671 aediﬁcare
2505 617 2792 686 incipiunt,
2836 635 3003 689 quam
3057 620 3382 690 Tephricem
3415 636 3515 674 vo-

1936 718 2094 774 cant;
2128 712 2270 765 unde
2306 711 2467 764 tnulti
2504 728 2615 765 uno
2646 714 2804 782 quasi
2877 715 3092 783 agmine
3125 716 3351 785 acieque
3379 729 3516 770 con-

1935 802 2109 872 juncti
2143 805 2497 871 prodeuntes,
2532 805 2793 860 nimirum
2839 806 3108 862 Melitines
3136 810 3302 863 Amer
3331 809 3515 877 (quem

1938 893 2101 963 vulgo
2156 896 2437 963 corruptis
2487 895 2778 951 elementis
2825 897 3096 952 Ambrttm
3146 898 3514 969 appellarunt)

1939 985 2210 1057 Tarsique
2252 987 2543 1058 praefectus
2572 988 2697 1043 Ales
2725 996 2893 1059 atque
2923 991 3011 1044 hic
3057 992 3227 1046 miser
3255 991 3515 1058 Carheas,

1940 1082 2267 1150 populantia:
2303 1080 2561 1135 ferociter
2586 1084 2976 1151 t'astandteque
2998 1081 3258 1138 Romanae
3292 1083 3519 1138 ditionis

1941 1171 2151 1224 nullum
2180 1170 2339 1225 ﬁnem
2373 1169 2876 1225 faciebanLVerum
2902 1172 3028 1226 Ales
3051 1173 3103 1226 in
3133 1174 3519 1228 Armeniorum

1941 1259 2234 1329 quamdam
2269 1259 2609 1328 provinciam
2660 1276 2784 1314 cum
2842 1260 3074 1326 imperio
3115 1260 3320 1316 missus
3356 1263 3521 1316 citius

1943 1351 2055 1405 illic
2087 1352 2249 1419 periit
2278 1366 2446 1419 quam
2470 1361 2597 1406 vota
2632 1351 2899 1419 ferebant,
2922 1368 3031 1407 una
3062 1368 3185 1408 cum
3208 1353 3523 1422 importuno
3604 1358 3614 1366 ’

1941 1439 2185 1493 exercitu
2218 1454 2339 1492 suo.
2374 1440 2541 1492 Amer
2564 1450 2744 1494 autem
2772 1458 2897 1498 cum
2933 1443 3160 1514 collega,
3182 1444 3268 1497 cui
3301 1444 3522 1498 Sclerns

1944 1544 2142 1584 nomen
2174 1530 2344 1596 (velut
2382 1531 2580 1585 durum
2618 1532 2813 1596 dicas),
2848 1533 2995 1588 civili
3054 1535 3196 1589 bello
3241 1543 3520 1602 suscepto,

1944 1639 2041 1678 sua
2074 1622 2128 1676 in
2158 1639 2285 1678 eum
2320 1625 2676 1679 contentione
2705 1640 2791 1680 res
2822 1641 2954 1681 suas
2993 1626 3350 1690 labefactans,
3395 1642 3519 1681 cum

257 1721 493 1790 έστρεψε
526 1721 625 1774 σὺν
667 1719 748 1789 τῷ
774 1722 970 1775 ἑαυτοῦ
999 1722 1218 1792 ἀκαίρῳ
1248 1725 1465 1794 στρατῷ
1486 1740 1501 1753 ο
1529 1724 1558 1776 ό
1576 1723 1635 1776 δὲ
1661 1725 1841 1795 Ἀμερ

1944 1732 2057 1771 uno
2105 1716 2221 1781 illo,
2257 1732 2365 1770 non
2403 1732 2525 1771 cum
2557 1718 2682 1771 aliis
2714 1733 2894 1787 pugna
2923 1718 3328 1773 decernendum
3364 1718 3519 1789 167

257 1811 399 1882 μετὰ
427 1810 527 1865 τοῦ
583 1814 950 1882 συνάρχοντος
1004 1812 1171 1865 αὐτοῦ
1206 1793 1326 1866 τοῦδ
1354 1793 1598 1886 Σκληροῦ
1644 1793 1841 1885 (οὕτως

1944 1810 2191 1880 putabat.
2244 1809 2395 1865 Adeo
2426 1820 2609 1865 autem
2671 1827 2861 1865 eorum
2903 1824 3063 1866 aucta
3121 1812 3402 1867 contentio
3440 1822 3523 1865 est

253 1903 499 1973 ιλὲγετο)
529 1904 611 1967 είς
648 1904 915 1975 ἐμφύλιον
945 1906 1077 1969 στὰς
1119 1906 1354 1977 πόλεμον
1385 1909 1449 1962 ὲκ
1503 1909 1843 1978 φιλονεικίας

254 1993 341 2065 [Ρ.
374 1992 531 2065 £04.]
566 1995 856 2067 ἐφθείρετό
882 2013 943 2049 τε
981 1998 1078 2049 καὶ
1130 1997 1345 2068 ἐκείνῳ,
1392 1998 1508 2052 ἀλλ’
1531 2000 1633 2053 οὐκ
1658 1999 1840 2063 ἄλλοις

256 2084 519 2155 πολεμεῖν
550 2084 690 2157 ᾤετο
732 2086 867 2141 δεῖν.
906 2088 1005 2152 Είς
1040 2089 1297 2142 τοσοῦτον
1325 2089 1381 2142 δὲ
1419 2090 1633 2155 τούτοις
1662 2094 1694 2163 ἡ
1724 2092 1841 2162 ἔρις

251 2178 537 2248 ἐπηύξητο
588 2180 685 2233 καὶ
726 2180 977 2251 ἀλλήλοις
1032 2184 1531 2252 ἀντεστρατὴγουν.
1565 2185 1725 2255 ἄχρις
1772 2185 1840 2240 ἂν

250 2272 333 2329 εἰς
357 2270 493 2322 δέκα
548 2269 703 2340 μόλις
733 2270 931 2342 ἔληγεν
974 2272 1284 2343 χιλιάδαςή
1323 2274 1529 2328 τούτων
1583 2275 1735 2345 ἰσχὺς
1777 2278 1841 2329 ὲκ

254 2362 607 2430 πεντήκοντὰ
659 2380 767 2415 που
819 2363 916 2416 καὶ
968 2364 1165 2434 μικρόν
1204 2382 1256 2417 τι
1303 2364 1461 2434 πρός.
1513 2364 1666 2417 Ἐπεὶ
1709 2365 1840 2433 γοῦν

246 2445 407 2511 οὗτος
436 2450 546 2501 τῶν
577 2451 793 2522 ἐχθρῶν
825 2455 1215 2524 ὑπερίσχυσεν,
1254 2453 1397 2522 ἔγνω
1430 2451 1591 2518 αὖθις
1631 2454 1838 2525 θρασύ-

246 2556 373 2609 τητι
406 2544 1037 2614 καταστρατηγούμενος
1072 2544 1213 2598 κατά
1242 2544 1341 2614 τὴν
1383 2544 1670 2615 Ῥωμαίων
1698 2546 1840 2600 ὅπλα

245 2636 447 2697 κινεῖν,
491 2634 572 2704 τῷ
608 2635 839 2707 Καρϐέᾳ
880 2636 1195 2706 ἑνούμενος.
1247 2640 1738 2711 Ἀντεστρατεύετο
1779 2640 1839 2692 δὲ

244 2726 436 2789 αὐτοῖς
471 2728 788 2796 Πετρωνᾶς,
825 2732 922 2798 τὴν
975 2730 1069 2782 τοῦ
1117 2731 1446 2800 δομεστίκου
1492 2733 1614 2784 τότε
1664 2732 1840 2802 ἀρχὴν

241 2816 505 2871 διοικῶν
538 2817 683 2889 λόγῳ
719 2820 819 2890 μὲν
862 2822 971 2890 γὰρ
1004 2822 1186 2891 Βάρδα
1221 2823 1428 2894 ταύτην
1472 2823 1680 2877 διέπειν
1723 2823 1841 2876 ἑδέ-

242 2910 389 2973 δοτο,
414 2910 534 2963 ἀλλ’
565 2913 690 2965 ἐπεὶ
724 2912 1008 2982 σχολάζειν
1035 2910 1192 2977 οὗτος
1234 2917 1580 2985 ἠναγκάζετο
1616 2916 1692 2980 ὡς
1718 2917 1842 2971 ἐπί·

242 3020 473 3071 τροπος,
538 3006 632 3059 τὸν
676 3005 909 3075 ἀδελφὸν
961 3005 1134 3076 ἠξίου,
1192 3011 1496 3081 στρατηγὸν
1546 3011 1676 3063 ὅντα
1730 3011 1841 3065 τῶν

243 3097 605 3167 θρᾳκησίων,
650 3098 938 3168 πράγματι
968 3098 1176 3170 ταύτην
1218 3099 1428 3153 διέπειν
1459 3102 1553 3155 καὶ
1590 3104 1836 3158 διοικεῖν.

1945 1902 2138 1971 sicque
2178 1902 2389 1958 mutuis
2447 1918 2506 1958 se
2553 1903 2801 1958 cladibus
2848 1904 3223 1967 confecerunt,
3280 1914 3339 1958 ut
3398 1920 3522 1958 cum

1941 1994 2337 2064 quinquaginta
2369 1995 2538 2049 millia
2569 2007 2661 2050 aut
2690 1997 2850 2066 paulo
2882 1997 3067 2067 plures
3092 2006 3295 2061 essent,
3330 1995 3396 2049 ad
3434 1997 3524 2051 dea

1940 2100 2059 2141 cem
2096 2085 2186 2140 vix
2218 2087 2388 2141 millia
2409 2089 2686 2143 exercitus
2713 2090 2896 2143 omnis
2937 2091 3191 2144 redactus
3224 2088 3315 2145 sit.
3356 2089 3524 2142 Amer

1942 2180 2121 2248 itaque
2156 2180 2393 2236 hostium
2444 2181 2620 2236 victor
2669 2196 2825 2237 arma
2878 2182 3076 2237 iterum
3115 2183 3383 2238 adversus
3415 2181 3525 2234 Ro.

1941 2283 2156 2334 manos,
2187 2267 2393 2323 Carbea
2423 2269 2549 2324 belli
2583 2272 2757 2331 socio.
2785 2287 3009 2325 movere
3039 2271 3197 2327 ducis
3236 2270 3523 2325 ferocitate

1941 2357 2208 2412 decernit.
2241 2356 2443 2411 Contra
2472 2358 2570 2414 hos
2592 2358 2997 2429 expeditionem
3046 2358 3178 2415 facit
3231 2359 3518 2425 Petronas,

1941 2449 2231 2505 domestici
2269 2461 2380 2504 tum
2431 2467 2634 2507 munus
2666 2453 3084 2508 administrans.
3114 2452 3248 2518 Quae
3282 2452 3522 2523 dignitas

1942 2546 2169 2599 nomine
2197 2545 2418 2614 quidem
2478 2559 2544 2600 ac
2594 2545 2754 2601 titulo
2806 2546 2875 2600 ad
2912 2544 3145 2600 Bardam
3196 2544 3517 2613 spectabat;

1941 2638 2070 2707 quia
2117 2647 2297 2692 tamen
2357 2638 2467 2699 ille,
2505 2639 2707 2709 quippe
2757 2640 3109 2708 imperatoris
3142 2647 3327 2700 tutor,
3362 2640 3430 2692 ab
3456 2654 3520 2693 ea

1942 2744 2158 2783 cessare
2200 2728 2483 2784 iunctione
2514 2746 2737 2787 necesse
2770 2730 3027 2794 habebat,
3085 2745 3116 2785 a
3149 2729 3381 2786 Petrona
3408 2730 3521 2784 fra-

1945 2830 2050 2884 tre,
2080 2818 2478 2877 Thracensium
2502 2823 2664 2887 duce,
2699 2824 2841 2880 hanc
2866 2823 2969 2880 sibi
2998 2823 3259 2879 vicariam
3294 2837 3517 2894 operam

1944 2914 2309 2983 praestandam
2338 2924 2644 2985 rogaverat.

323 3148 605 3258 ιέοίιιλὴςέ
651 3148 1685 3263 5:65.115.;;t"'..i,;."t.g...,t..e.
1742 3148 1837 3246 καί

2018 3172 2105 3228 17.
2160 3174 2426 3231 Caeterum
2484 3176 2717 3233 Michael
2770 3180 2889 3248 ipse
2918 3180 3220 3252 imperator
3258 3184 3524 3242 adversus

240 3280 636 3346 ἀντεπεξιέναι
674 3283 769 3335 καὶ
805 3283 1028 3356 Μιχαὴλ
1063 3285 1091 3336 ό
1134 3284 1389 3353 βασιλεὺς
1427 3287 1572 3356 (ἄρτι
1607 3287 1717 3356 γὰρ
1740 3286 1840 3356 τὴν

246 3370 515 3443 ¹κιιιδικὴν
550 3373 769 3443 ἠλικίαν
791 3376 1147 3446 παραμείψας
1179 3376 1316 3447 πρὸς
1348 3376 1449 3445 τὴν
1476 3376 1585 3429 τῶν
1629 3376 1840 3447 ἀνδρῶν

241 3464 538 3533 ἠπείγετο)
574 3464 825 3519 ἐϐούλετό
858 3484 918 3520 τε
965 3469 1062 3521 καὶ
1095 3469 1162 3521 δι’
1207 3468 1504 3537 ἐπιθυμίας
1532 3466 1682 3539 εἶχεν
1728 3469 1836 3524 ἀεί.

248 3555 441 3625 Ἔγνω
468 3556 528 3609 δέ
563 3573 680 3621 πως
722 3556 898 3611 ταῦτα
930 3558 1318 3630 βουλευόμενος
1370 3559 1478 3612 ἀπὸ
1507 3560 1618 3614 τῶν
1657 3563 1840 3630 ἐμφύς

242 3650 383 3704 λίων
405 3649 703 3721 πρότερον,
733 3651 809 3715 ὡς
846 3651 1230 3721 ούτῶφειλεν,
1277 3650 1707 3725 ἐναπάρξασθαι,
1742 3655 1841 3708 ούκ

241 3738 463 3793 οἴκοθεν
496 3740 609 3793 οὐδ’
639 3741 734 3809 ἀφ’
781 3741 1001 3807 ἑαυτοῦ,
1043 3745 1110 3814 τῇ
1155 3743 1212 3796 δὲ
1251 3742 1346 3795 τοῦ
1387 3742 1840 3813 ἐπιτροπεύοντος

245 3833 437 3905 sapae
468 3832 667 3906 γνώμῃ
698 3851 758 3887 τε
782 3836 879 3889 καὶ
912 3833 1098 3906 βουλῇ.
1141 3836 1303 3889 Ὅθεν
1331 3834 1387 3888 δὲ
1430 3836 1523 3889 καὶ
1548 3837 1719 3901 ὅπως,
1745 3835 1842 3905 δη-

244 3926 415 3981 λώσει
445 3927 546 3980 καὶ
568 3927 745 3980 ταῦτα
767 3929 800 3998 ή
833 3929 1046 3997 ἱστορία
1073 3944 1087 3959 ο
1129 3928 1313 3996 κωφὸν
1340 3929 1450 3999 γὰρ
1470 3928 1548 3998 τῷ
1580 3928 1695 3982 δντι
1721 3944 1842 3990 πως

246 4016 349 4072 καὶ
370 4017 628 4071 διάκενον
654 4017 717 4071 τὸ
748 4017 909 4087 σῶμα
937 4016 1040 4085 τῆς
1079 4017 1343 4088 ἱστορίας,
1371 4018 1504 4070 όταν
1536 4016 1843 4087 ἐστερημέ-

243 4130 346 4177 νας
376 4113 499 4183 ἔχει
529 4114 633 4176 τὰς
681 4113 863 4177 αίτίας
908 4113 1020 4165 τῶν
1063 4112 1337 4183 πράξεων.
1385 4111 1528 4165 Ἀλλ’
1577 4110 1706 4165 ἔνθα
1742 4111 1845 4182 μὲν

240 4210 343 4262 καὶ
374 4210 516 4280 ἡμῖν
555 4206 662 4262 ὑπὸ
689 4207 783 4261 τοῦ
808 4206 1003 4279 χρόνου
1030 4207 1215 4270 καλῶς
1236 4207 1296 4259 οὐ
1331 4206 1681 4274 διέγνωσται,
1708 4221 1843 4273 συγ-

235 4299 483 4370 γνώμην
522 4300 743 4363 πάντως
795 4302 844 4353 οἱ
881 4298 1203 4370 φιλομαθεῖς
1257 4297 1587 4369 ἀπονέμοιεν
1634 4300 1748 4361 τοῖς
1796 4298 1842 4331 ⁸⁸

234 4392 500 4463 ἀληθεῖς,
538 4392 737 4446 ἀλλὀὐ
782 4391 1206 4461 πλασματὼδεις
1242 4392 1478 4462 γράφειν
1537 4390 1838 4455 ἐθέλουσιν,

1943 3264 2248 3322 lsmaelitas
2301 3269 2575 3338 proﬁcisci
2636 3272 3153 3343 expeditionemque
3217 3279 3522 3349 suscipere,

1943 3357 2145 3426 quippe
2196 3360 2288 3428 qui
2341 3360 2577 3429 pueritia
2631 3377 2889 3432 egressus
2926 3364 3108 3420 viriles
3145 3383 3313 3437 prope
3347 3385 3523 3424 annos

1941 3447 2217 3518 attigerat,
2242 3451 2714 3520 omninovolebat,
2739 3455 2929 3525 reique
2946 3456 3107 3527 hujus
3123 3458 3524 3529 jttgidesiderio

1942 3544 2226 3615 ﬂagrabat.
2253 3545 2304 3599 ls
2334 3560 2464 3601 vero
2492 3561 2616 3601 eum
2643 3546 2822 3616 primo
2854 3548 3073 3605 animus
3096 3550 3322 3607 incessit
3356 3553 3523 3623 inquit

1942 3652 2061 3692 eam
2115 3649 2353 3693 mentem
2385 3637 2643 3695 inductus
2678 3647 2763 3695 est
2802 3656 2910 3721 non
2954 3656 2985 3697 a
3037 3657 3098 3697 se
3145 3659 3358 3715 suoque
3409 3647 3526 3717 ipse

1943 3732 2125 3801 genio,
2156 3733 2252 3788 sed
2283 3741 2668 3804 cognatorum,
2700 3736 2847 3805 quod
2892 3752 2962 3792 ne
3009 3754 3250 3810 unquam
3306 3740 3522 3806 fuisset,

1944 3823 2137 3880 Bardae
2162 3825 2373 3881 scilicet
2395 3828 2673 3883 curatoris
2696 3830 2967 3885 sententia
2983 3846 3046 3885 ac
3064 3834 3321 3890 consilio.
3345 3833 3523 3890 Unde-

1943 3931 2069 3970 nam
2102 3932 2232 3971 vero
2276 3931 2341 3972 ac
2387 3918 2665 3987 quomodo
2694 3935 2780 3976 res
2812 3922 3107 3991 contigerit
3129 3966 3143 3987 ,
3175 3925 3278 3979 hoc
3305 3941 3523 3995 quoque

1943 4007 2188 4077 subjecta
2245 4024 2431 4064 rerum
2482 4011 2788 4067 declarabit
2832 4015 3097 4070 narratio.
3151 4014 3320 4073 Plane
3375 4020 3523 4072 enim

1945 4113 2160 4155 mutum
2204 4103 2602 4171 propemodum
2656 4116 2821 4176 atque
2863 4107 3024 4162 inane
3055 4107 3300 4163 historiae
3324 4123 3525 4179 corpus

1943 4190 2212 4256 videatur,
2242 4206 2409 4263 quam
2440 4192 2699 4249 deﬁciant
2729 4195 2974 4253 rationes
3012 4212 3077 4253 ac
3120 4212 3302 4252 causae
3330 4212 3524 4252 eorum

1942 4298 2066 4353 quae
2108 4293 2260 4353 gesta
2299 4285 2751 4341 conscribuntur.
2784 4287 2920 4343 Cum
2952 4299 3133 4344 autem
3170 4303 3237 4343 ne
3270 4304 3372 4345 nos
3402 4292 3524 4356 qui-

1944 4375 2067 4430 dem
2099 4378 2169 4430 ob
2202 4377 2480 4446 longiores
2513 4379 2776 4448 temporis
2812 4394 2997 4436 moras
3028 4389 3364 4450 perspectam
3390 4382 3527 4436 satis

230 4478 323 4540 ὧν
345 4485 474 4539 οὐδὲ
497 4484 577 4554 τῷ
601 4484 819 4555 τυχόντι
845 4484 1050 4555 ἀπορία
1071 4483 1412 4553 καθέστηκεν
1428 4499 1439 4513 ⁸
1457 4485 1592 4537 ὅπου
1618 4483 1673 4537 δὲ
1701 4482 1840 4551 γνὼ-

1945 4482 2131 4522 rerum
2182 4483 2404 4524 causam
2455 4470 2799 4535 habebimus,
2859 4473 3074 4528 veniam
3139 4487 3367 4541 prorsus
3421 4474 3525 4527 tri-

236 4593 434 4649 ριμος,
468 4575 666 4645 δηλοῦν
691 4575 773 4629 δεῖ
806 4575 850 4608 ⁶⁹
882 4574 1086 4645 ταύτην
1115 4573 1211 4627 καὶ
1241 4574 1387 4643 σαφῆ
1419 4573 1685 4644 καθιστᾷν
1718 4576 1837 4635 τοῖς

1944 4560 2113 4615 buant
2145 4560 2376 4616 studiosi
2419 4560 2670 4626 lectores,
2706 4561 2907 4630 quibus
2942 4561 3127 4616 animo
3156 4562 3521 4617 constitutum

231 4666 739 4735 ἀναγινώσκουσιν,
771 4666 845 4729 ὡς
876 4666 977 4719 οὐκ
999 4664 1223 4719 ἄλλοθεν
1246 4665 1464 4726 πάντως
1487 4664 1520 4734 ἢ
1545 4666 1610 4717 ὲκ
1629 4662 1836 4717 τούτων

1944 4653 2016 4707 sit
2051 4663 2110 4708 ut
2146 4668 2303 4708 veras
2334 4653 2625 4718 duntaxat,
2676 4668 2782 4706 non
2820 4668 2944 4723 quae
2976 4652 3184 4708 ﬂctltiae
3216 4653 3328 4709 sint
3362 4654 3526 4725 168

228 4759 667 4829 χορηγουμένης
692 4758 792 4828 τῆς
820 4755 1090 4826 ὠφελείας
1121 4755 1331 4818 αὐτοῖς.

1941 4750 2198 4821 (quarum
2235 4748 2400 4802 etiam
2458 4747 2632 4802 cuivis
2677 4763 2706 4799 e
2751 4746 2916 4818 vulgo
2964 4747 3018 4800 in
3072 4756 3328 4817 promptu
3368 4747 3526 4801 facile

226 4851 407 4922 copia
433 4850 552 4915 sit),
610 4850 852 4904 rationes
885 4848 1216 4904 scribamus.
1258 4845 1359 4901 Ubi
1392 4854 1577 4901 autem
1618 4846 1827 4916 liquido
1864 4860 1928 4900 ea
1963 4840 2282 4904 occurrerit,
2356 4854 2538 4909 operae
2590 4837 2828 4908 pretium
2902 4839 3199 4895 lectoribus
3244 4839 3526 4895 declararc

225 4965 308 5005 ac
341 4948 525 5018 palam
559 4945 760 5006 facere.
807 4944 952 5015 quod
988 4960 1260 5014 nusquam
1287 4943 1532 5008 aliunde,
1575 4943 1671 4997 sed
1707 4942 1835 4997 inde
1872 4940 2055 4996 omnis
2082 4939 2165 4994 eis
2192 4936 2398 4992 utilitas
2426 4934 2695 5004 captanda
2729 4934 2820 4989 sit.

312 5037 416 5111 ιη’.
456 5038 713 5108 Ἐγίνετο
749 5039 808 5092 δὲ
845 5039 1023 5109 τούτῳ
1049 5038 1130 5108 τῷ
1160 5038 1336 5109 Βάρδᾳ
1367 5038 1508 5107 ἔρως
1546 5039 1649 5109 τῆς
1682 5036 1839 5107 βασι-

2019 5035 2104 5090 l8.
2160 5032 2369 5104 Ingenti
2421 5030 2625 5085 Bardas
2665 5030 2970 5100 imperandi
3004 5031 3278 5085 desiderio
3328 5032 3525 5101 ﬂagra-

223 5131 401 5193 λείας
435 5132 541 5186 οὐκ
589 5130 846 5200 ἀγεννὴς,
878 5130 974 5183 καὶ
1019 5129 1159 5200 ἔρως
1186 5131 1248 5183 οὐ
1281 5132 1421 5183 κατὰ
1452 5131 1579 5193 τοὺς
1617 5130 1835 5193 ἄλλους,

1943 5128 2055 5183 bat.
2089 5127 2217 5181 Erat
2274 5125 2328 5179 in
2360 5139 2426 5179 eo
2460 5121 2506 5179 is
2543 5137 2718 5189 amor,
2767 5136 2877 5178 non
2937 5137 3038 5193 pro
3074 5123 3309 5176 aliorum
3345 5134 3521 5181 more,

221 5222 346 5274 νῦν
379 5219 477 5289 μὲν
515 5217 910 5287 αὐξανόμενος,
937 5216 1033 5270 νῦν
1065 5218 1121 5271 δὲ
1150 5221 1272 5281 ταῖς
1298 5218 1392 5270 τοῦ
1426 5218 1691 5286 λογισμοῦ
1740 5223 1835 5288 6p-

1945 5220 2035 5292 qni
2068 5219 2232 5275 modo
2256 5219 2656 5288 inaugesceret,
2684 5216 2849 5271 modo
2865 5231 2994 5270 vero
3017 5214 3185 5269 animi
3210 5211 3523 5266 rationibus

222 5314 384 5382 μαίς
409 5312 1011 5382 προσεπικοπτόμενος,
1048 5310 1181 5364 ἀλλὰ
1202 5309 1445 5381 δύσερώς
1466 5328 1553 5375 τις
1587 5312 1684 5366 καὶ
1711 5313 1837 5366 δυσ-

1945 5322 2387 5385 compesceretur
2429 5327 2495 5367 ac
2555 5312 2819 5379 tantisper
2879 5306 3355 5377 interquiesceret,
3426 5305 3522 5359 sed

217 5401 627 5467 απάὶλακτος.
685 5403 905 5457 Μᾶλλον
933 5403 1010 5467 δὲ,
1055 5404 1144 5456 ἵνα
1170 5403 1261 5455 τὸν
1293 5403 1454 5471 λόγον
1499 5406 1838 5477 πορρωτέρω

1950 5423 2105 5462 amor
2133 5406 2341 5477 pcrdite
2362 5421 2554 5461 amans
2578 5416 2740 5475 atque
2767 5404 3058 5473 impotens.
3099 5400 3233 5465 imo,
3269 5408 3331 5455 nt
3364 5399 3526 5466 paulo

216 5496 580 5567 ἀγάγωμεν,
614 5497 833 5565 ἐγένετο
854 5496 919 5566 δὴ
941 5495 1017 5567 τῷ
1041 5497 1299 5566 Μανουὴλ
1323 5497 1459 5567 πρός
1489 5497 1585 5551 τὸν
1611 5499 1838 5552 Θεόκτι-

1949 5500 2113 5555 altius
2164 5513 2473 5555 sermonem
2508 5506 2841 5567 repetamus,
2888 5492 3288 5550 discordiarum
3318 5489 3524 5560 aliquid

216 5603 406 5654 οταν,
452 5568 792 5661 ἀμφοτέροις
853 5588 1309 5660 ἐπιτροπεύουσιν
1356 5591 1451 5643 καὶ
1511 5589 1681 5643 αὑτοῦ
1734 5607 1838 5643 που

1948 5589 2183 5645 Manueli
2223 5604 2348 5645 cum
2389 5587 2715 5645 Theoctisto
2761 5586 3169 5652 intercesserat,
3221 5584 3317 5656 qui
3364 5580 3527 5638 ambo

1565 5685 1800 5743 VARIJ‘.
1828 5686 2115 5745 ωηιοΝ
2127 5686 2227 5743 ES.

307 5774 373 5809 "
412 5777 766 5834 ιπιδίδοσανῖ
838 5780 881 5811 ⁸⁸
908 5776 1043 5849 τοίς]
1074 5780 1194 5844 τοὺς
1229 5780 1286 5835 Ρ.
1366 5782 1409 5816 θ’
1431 5781 1510 5835 δεῖ
1546 5796 1658 5837 om.
1706 5777 1765 5833 Ρ.
