4038 6214
480 245 585 312 183

1540 247 2047 321 TIIEOPHANES
2084 253 2362 315 CONTIN
2376 256 2523 315 UAT
2535 255 2646 316 US.

3622 254 3725 323 184

480 369 762 415 curatores
793 366 949 413 erant
982 358 1145 426 inque
1172 358 1296 412 aula
1321 356 1609 426 degebant.
1634 356 1708 411 Ex
1737 372 1801 411 ea
1832 357 2045 415 Manuel

2150 363 2294 417 κατά
2322 366 2391 421 τὰ
2416 365 2696 436 ἀνάκτορα
2738 365 3137 436 διαιτωμένοις,
3170 368 3410 439 διαφορά
3429 385 3533 433 τις,
3565 373 3598 442 ἢ
3628 371 3730 425 καὶ

479 439 783 521 maiestatis
820 452 1199 515 insimulatur;
1232 465 1331 506 nec
1381 449 1607 506 deerant
1632 450 1723 520 qui
1750 452 1859 506 cito
1890 452 1964 507 illi
1991 454 2044 510 in

478 560 666 601 aurem
698 545 1130 600 insusurrarent.
1168 541 1224 598 Id
1254 541 1470 598 Manuel
1493 542 1740 598 criminis
1772 553 2045 611 metuens,

479 638 699 705 vimque
750 636 962 690 invidia:
1002 634 1427 703 insuperabilem
1458 638 1720 709 nulloque
1769 640 1929 695 facile
1958 654 2050 695 co-

480 737 610 781 natu
670 726 1084 798 expugnandam
1125 727 1338 790 videns.
1384 743 1504 783 eam
1557 732 1948 801 amputandam
1983 746 2047 787 ac

478 820 838 872 amoliendam
874 817 1107 887 putavit,
1154 818 1199 872 si
1242 820 1401 875 modo
1432 835 1461 874 a
1496 822 1699 890 palatio
1729 822 1892 891 paulo
1926 823 2047 877 leno

479 910 599 975 gius
648 907 942 963 recederet.
997 908 1066 965 Se
1096 909 1281 979 itaque
1308 910 1531 966 domum
1580 914 1791 984 recipit.
1827 930 1950 984 qua:
1979 913 2047 969 ad

476 1002 701 1072 Asparis
730 1002 1026 1057 cisternam
1059 1002 1235 1073 posita
1265 1013 1412 1071 erat;
1441 1022 1606 1076 quam
1640 1017 1828 1076 postea
1873 1010 1924 1063 in
1958 1024 2047 1064 re-

476 1092 682 1162 ligiosa:
732 1091 930 1147 domus
988 1091 1221 1147 fortnam
1268 1094 1493 1166 redegit,
1554 1097 1737 1167 ibique
1770 1099 2046 1168 pulverem

477 1180 885 1251 (corpusculum
921 1181 1152 1251 scilicet)
1182 1183 1455 1253 deposuit.
1510 1184 1639 1241 inde
1686 1188 1925 1258 quotidie
1956 1203 2049 1243 ve-

370 1315 387 1329 .
478 1272 633 1327 niens
662 1272 727 1327 iis
757 1273 1019 1328 intererat
1040 1290 1161 1344 qua:
1185 1289 1215 1329 a
1250 1276 1521 1331 tutoribus
1554 1276 1607 1329 in
1638 1278 1838 1347 palatio
1868 1279 2046 1333 admi-

476 1364 873 1421 nistrabantur.
914 1365 1118 1421 Bardas
1139 1382 1289 1432 vero,
1313 1367 1407 1437 qui
1440 1383 1546 1424 non
1576 1386 1698 1437 sua,
1731 1374 1826 1428 sed
1867 1373 2048 1428 Theo-

477 1455 626 1510 ctisti
658 1471 821 1525 opera
853 1456 1159 1513 Manuelem
1206 1459 1284 1513 sic
1324 1461 1445 1514 aula
1474 1463 1843 1519 submovisset
1865 1474 1940 1530 et,
1991 1474 2049 1521 ut

476 1548 549 1602 ita
581 1549 780 1611 dicam,
816 1564 956 1604 onus
981 1551 1331 1613 excussisset,
1370 1552 1644 1610 arridente
1680 1556 1928 1627 votisque
1966 1557 2048 1611 fa-

480 1650 635 1694 vente
681 1640 919 1706 fortuna,
956 1656 1062 1696 non
1113 1642 1226 1712 jam
1262 1643 1485 1699 alterius
1514 1660 1636 1714 0pc,
1668 1649 1761 1702 sed
1790 1664 1885 1705 sna
1933 1650 2048 1718 ipse

479 1746 641 1797 opera
666 1741 860 1787 cuncta
890 1734 1155 1788 conficere
1184 1735 1397 1800 statuit,
1432 1713 1592 1808 169
1631 1746 1796 1808 atque
1828 1713 2042 1794 interim
2079 1713 2120 1769 Β

478 1820 874 1890 Theoctistum,
905 1840 971 1879 ne
1002 1841 1059 1881 se
1094 1826 1139 1881 is
1169 1829 1235 1879 ab
1262 1828 1520 1893 ulteriore
1550 1845 1838 1900 progressu
1873 1830 2047 1899 impe-

475 1912 639 1975 diret,
672 1928 948 1977 amovere,
978 1914 1253 1985 simulque
1279 1914 1470 1984 ingens
1501 1917 1762 1986 probrum
1788 1932 1853 1972 ex
1875 1933 2047 1971 nurus

476 2017 589 2056 suae
622 2007 1017 2060 consuetudine
1046 2006 1121 2075 (id
1155 2006 1298 2061 enim
1334 2007 1424 2063 ille
1466 2009 1728 2064 continue
1773 2009 1822 2063 ei
1848 2023 2047 2080 expro-

478 2094 689 2165 brabat)
723 2095 909 2166 procul
937 2095 1149 2151 amoliri
1176 2110 1240 2152 ac
1259 2097 1546 2167 depellere.

549 2316 634 2370 i9.
686 2314 892 2385 Nempe
928 2313 1242 2383 imperatori
1274 2312 1601 2383 paedagogus
1638 2320 1786 2375 erat,
1818 2312 1901 2365 vir
1932 2311 2046 2367 dis-

475 2409 668 2464 solutae
690 2408 834 2472 vitae,
885 2415 940 2462 et
989 2406 1082 2480 qui
1118 2405 1187 2460 ab
1217 2406 1367 2461 omni
1399 2405 1591 2475 procul
1623 2413 1869 2460 remotus
1900 2413 2047 2460 esset

476 2514 690 2555 morum
723 2500 1082 2570 ingenuitate.
1098 2496 1255 2553 llunc
1280 2497 1507 2553 Michael
1524 2514 1589 2553 ex
1608 2497 1781 2552 Barda
1803 2506 1857 2550 et
1869 2496 2045 2550 Theo-

474 2591 638 2647 ctisto
669 2598 952 2660 matreque
985 2588 1291 2659 majoribus
1325 2588 1381 2642 in
1429 2588 1555 2642 aula
1613 2588 1911 2641 honoribus
1943 2586 2046 2641 do-

476 2682 597 2739 nari
627 2698 694 2738 ac
721 2681 912 2737 olIiciis
955 2680 1232 2750 poscebat.
1264 2679 1381 2735 Non
1423 2682 1646 2749 parebat
1679 2678 2043 2741 Theoctistus,

477 2789 576 2831 nec
607 2783 667 2831 ut
697 2774 805 2829 illis
830 2774 952 2842 ejus
985 2772 1130 2828 votis
1162 2785 1371 2827 morem
1414 2782 1626 2842 gereret
1656 2772 1849 2826 adduci
1879 2788 1937 2826 se
1966 2773 2043 2826 si-

475 2865 661 2920 nebat.
695 2864 889 2919 Aiebat
935 2863 1101 2927 enim,
1154 2878 1271 2930 qua:
1302 2862 1409 2915 sint
1456 2862 1667 2929 imperii
1706 2878 1946 2925 munera,
1981 2876 2048 2914 ea:

477 2958 786 3011 meritorum
816 2956 1043 3020 ratione,
1104 2972 1209 3008 non
1259 2954 1490 3024 indignis
1536 2970 1648 3008 esse
1704 2954 2041 3023 conferenda.

2149 457 2477 513 καθοσιωσιν
2516 460 2776 513 ἐπεκάλει
2809 458 2904 512 καὶ
2953 459 3129 530 λάθρα
3161 462 3372 531 ταχέως
3414 458 3563 532 εἶχεν
3591 463 3729 517 ὑπ’...

2149 548 2454 619 λαλούμενα
2500 549 2672 619 αὐτῷ.
2724 550 2811 621 ιι).
2863 548 2991 621 105]
3041 550 3261 619 Ταύτην
3293 551 3357 622 δὴ
3390 554 3429 605 ὁ
3467 554 3728 623 Μανουὴλ

2148 639 2562 708 εὐλαϐούμενος,
2584 641 2791 695 καὶτὸν
2820 642 3017 711 φθόνον
3064 642 3276 712 ἄμαχόν
3302 660 3426 696 τινα
3470 644 3565 696 καὶ
3594 645 3726 698 δυσ-

2149 732 2557 800 καταγώνιστον
2598 733 2824 804 ἐνορῶν,
2865 734 3020 804 ᾠήθη
3071 734 3184 786 δεῖν
3238 734 3427 788 τοῦτον
3471 736 3696 805 ἀκρωτη

2149 825 2339 895 ριάσαι
2390 824 2485 879 καὶ
2520 825 2789 891 καθελεῖν,
2825 826 2876 880 ει
2923 826 3084 895 μόνον
3133 825 3344 894 γένοιτο
3388 827 3731 897 πορρωτέρω

2147 913 2244 969 τοῦ
2280 915 2564 969 παλατίου,
2598 917 2707 969 Καὶ
2748 917 2811 986 δὴ
2838 915 3085 969 κάτεισιν
3115 918 3197 979 εἰς
3226 916 3319 969 τὸν
3354 912 3503 972 οἷκον
3533 916 3729 979 αὐτοῦ,

2150 1008 2290 1059 κατά
2335 1006 2435 1077 τὴν
2491 1009 2813 1078 κινστὲρναν
2859 1006 2954 1061 τοῦ
3007 1009 3288 1077 Ἀσπαρος
3329 1008 3475 1074 ὄντα,
3534 1008 3595 1062 ὃν
3644 1012 3729 1074 εις

2149 1099 2401 1167 σεμνείου
2447 1099 2619 1153 τύπον
2656 1099 2882 1170 ὕστερον
2918 1100 3220 1170 ὲνηγάγετο
3243 1101 3288 1133 ⁷⁸³
3331 1100 3426 1154 καὶ⁸
3472 1100 3563 1153 τὸν
3595 1099 3726 1170 χοῦι

2150 1190 2329 1243 ἐκεῖσε
2377 1191 2655 1244 κατέθετο.
2698 1191 2939 1244 Ἐκεῖθεν
2987 1190 3119 1260 γοῦν
3153 1192 3415 1246 ἑκάστοτε
3464 1192 3733 1261 ἀφικνούο

2151 1298 2312 1351 μενος
2343 1281 2598 1345 κοινωνὸς
2629 1282 2840 1349 ἐγίνετο
2878 1282 2986 1336 τῶν
3014 1282 3160 1336 κατά
3187 1282 3258 1335 τὰ
3290 1283 3567 1354 ἀνάκτορα
3594 1284 3731 1337 διοιο

2149 1375 2383 1445 κήσεων.
2418 1374 2618 1428 Τοῦτον
2660 1372 2834 1437 οὕτως
2872 1373 2930 1426 οὐ
2986 1373 3057 1427 δι’
3094 1373 3313 1439 ἑαυτοῦ,
3343 1374 3477 1428 ἀλλά
3501 1374 3588 1431 διὰ
3627 1374 3731 1429 τοῦ

2148 1467 2472 1520 Θεοκτίστου
2521 1466 2957 1534 ἀποσεισάμενος
2984 1466 3013 1518 ὁ
3061 1466 3293 1536 mpm,
3324 1467 3533 1521 ταυτὸν
3552 1466 3610 1520 δὲ
3640 1468 3730 1520 εἰ-

2149 1564 2272 1617 πεῖν
2326 1561 2421 1614 καὶ
2468 1560 3000 1629 ἀποφορτισάμενος,
3049 1560 3144 1612 καὶ
3182 1559 3281 1629 τὴν
3327 1562 3497 1630 τύχην
3545 1560 3730 1625 λαϐὼν

2150 1650 2286 1720 πρὸς
2309 1650 2370 1701 τὸ
2393 1648 2586 1704 ἑαυτοῦ
2619 1648 3061 1719 σπουδαζόμενον
3092 1650 3373 1711 κοινωνὸν.
3407 1652 3731 1707 ἐϐουλεύετο

2150 1745 2244 1797 καὶ
2277 1743 2437 1805 αὐτὸς
2470 1741 2656 1795 οὐκέτι
2708 1742 2774 1795 δι’
2810 1744 3021 1811 ἐτέρου,
3059 1743 3126 1796 δι’
3161 1744 3358 1797 ἑαυτοῦ
3384 1746 3442 1799 δὲ
3470 1747 3729 1803 διανῦσαι

2149 1836 2209 1890 τὸ
2238 1838 2367 1898 πᾶν,
2399 1836 2494 1889 καὶ
2523 1836 2661 1897 τέως
2705 1835 2797 1889 τὸν
2839 1836 3164 1890 Θεόκτιστον
3217 1838 3491 1899 καθελεῖν,
3526 1840 3615 1893 ἵνα
3648 1842 3730 1910 μὴ

2148 1928 2245 1996 τῆς
2274 1929 2368 1982 ἐπὶ
2412 1929 2479 1981 τὰ
2513 1929 2701 1998 πρόσω
2742 1929 2917 1998 φορᾶς
2962 1927 3156 1981 τοῦτον
3201 1929 3314 1998 ἔχοι
3345 1930 3597 1999 ἐμπόδιον
3629 1931 3731 1985 καὶ

2148 2018 2265 2088 ἅμα
2289 2019 2378 2072 τὸν
2405 2019 2573 2072 πολὺν
2603 2019 2806 2072 ὅνειδον
2834 2020 2924 2073 τὸν
2950 2021 3042 2073 ἐπὶ
3070 2024 3137 2092 τῇ
3175 2021 3361 2093 νύμφῃ
3410 2023 3578 2076 αὐτοῦ
3608 2022 3724 2092 (καὶ

2148 2110 2257 2180 γάρ
2316 2110 2559 2174 ὠνείδιζε
2611 2110 2800 2163 τοῦτον
2850 2110 3134 2181 διηνεκῶς)
3198 2113 3571 2184 ἀπορῤαπίσοι
3629 2114 3726 2167 καὶ

2149 2207 2483 2276 πορρωτέρω
2512 2206 2638 2275 ποιή
2648 2221 2822 2257 σεται.

2219 2298 2305 2351 ιϐ’.
2333 2297 2473 2367 Ὑπῆ
2482 2312 2576 2366 ρχε
2591 2296 2721 2365 γοῦν
2735 2296 2809 2365 τῷ
2828 2296 3036 2366 βασιλεῖ
3050 2298 3269 2368 Μιχαὴλ
3283 2298 3627 2368 παιδαγωγὸς
3642 2300 3727 2353 ἀνι

2147 2390 2362 2460 ἀγωγός
2382 2407 2438 2443 τε
2470 2389 2564 2443 καὶ
2576 2390 2857 2460 πόρρωθεν
2877 2390 3095 2460 τρόπων
3117 2391 3227 2444 τῶν
3243 2392 3498 2460 εὐγενῶν.
3520 2391 3726 2446 Τοῦτον

2146 2482 2297 2552 ἠξίου
2315 2485 2342 2535 ὁ
2367 2480 2619 2551 βασιλεὺς
2644 2481 2806 2534 αὐτόν
2834 2499 2891 2534 τε
2915 2483 3009 2535 καὶ
3030 2482 3351 2537 Θεόκτιστον
3368 2487 3462 2537 καὶ
3488 2484 3582 2553 τὴν
3616 2500 3697 2553 μη

2146 2576 2281 2646 τέρα
2300 2575 2554 2645 ἀνωτέρω
2590 2575 2699 2628 τῶν
2731 2573 3024 2643 βασιλικῶν
3059 2574 3388 2644 ἀξιωμάτων
3424 2576 3727 2643 ἀναγαγεῖν

2146 2668 2241 2720 καὶ
2269 2667 2491 2735 μείζονα
2516 2664 2690 2735 τούτῳ
2713 2665 3108 2737 ἑπιϐραϐιῦσαι
3134 2667 3320 2738 τιμήν.
3339 2668 3454 2721 Ούκ
3476 2666 3729 2720 ἐπείθετο

2147 2758 2277 2826 γοῦν
2307 2758 2479 2827 τούτῳ
2505 2759 2533 2811 ὁ
2562 2757 2913 2823 Θεόκτιστος,
2965 2759 3085 2812 οὐδὲ
3126 2762 3245 2823 ταῖς
3276 2759 3438 2812 αὑτοῦ
3470 2760 3725 2830 ἀρέσκειπ⁵

2145 2850 2463 2918 ἀρεσκείαις
2520 2850 2803 2920 ἠδούλετο.
2858 2852 3153 2918 ἐπαξίως,
3205 2852 3400 2919 λέγων,
3454 2853 3551 2906 καὶ
3609 2853 3728 2906 οὐκ

2146 2941 2408 3007 ἀναξίως
2433 2942 2505 2995 τὰ
2533 2940 2641 3009 τῆς
2676 2942 3004 3008 ,βασιλείας
3052 2943 3182 2997 δεῖν
3221 2943 3489 2998 διοικεῖν.
3519 2943 3728 2997 Τοῦτον

477 3047 635 3102 nunc
676 3062 805 3118 ergo
851 3046 1056 3101 Bardas
1084 3046 1481 3115 nequissimum
1512 3055 1704 3101 nactus
1755 3062 2042 3117 organum,

2149 3035 2379 3103 ὄργανον
2424 3035 2514 3089 τὸν
2549 3036 2898 3105 παιδαγωγὸν
2925 3038 2955 3090 ὁ
3002 3038 3214 3109 Βάρδας
3257 3036 3440 3091 λαϐὼν
3484 3037 3724 3107 πονηρδκ

477 3138 687 3195 zizania
717 3138 965 3208 quaedam
1000 3138 1067 3192 de
1100 3138 1420 3193 Theoctisto
1454 3137 1508 3191 in
1534 3152 1633 3191 suo
1666 3137 1781 3206 ipse
1811 3136 2047 3205 impera-

478 3232 724 3300 torisque
760 3230 945 3284 animo
974 3229 1282 3285 seminandi
1316 3229 1526 3284 nullum
1572 3229 1734 3283 linem
1782 3227 2044 3293 faciebat;

475 3321 693 3389 aliaque
742 3320 1025 3391 complura
1074 3321 1327 3389 praesenti
1380 3320 1690 3390 reipublicae
1735 3321 1899 3373 statui
1953 3319 2049 3373 de-

476 3406 728 3462 trahebat
762 3425 774 3460 :
806 3423 912 3461 non
954 3409 1075 3461 bene
1105 3424 1186 3462 res
1216 3409 1630 3471 administrari;
1672 3409 1913 3462 relictum
1947 3410 2049 3462 im-

474 3500 609 3568 perii
628 3498 888 3553 hwredem
923 3497 1234 3552 Nichaelem
1254 3498 1539 3553 Theoctisti
1568 3515 1725 3566 opera
1758 3518 1789 3553 a
1820 3500 2047 3569 publicis

475 3592 626 3662 longe
649 3590 948 3646 muneribus
985 3592 1175 3645 arceri.
1224 3589 1453 3657 Nuptias
1498 3593 1739 3662 cogitare
1784 3608 1903 3645 cum
1933 3590 2047 3645 Mi-

473 3683 669 3738 chaelis
694 3693 863 3737 matre
884 3692 973 3736 aut
990 3698 1097 3736 una
1119 3682 1392 3750 ﬁliarum;
1414 3684 1586 3752 ipsum
1611 3699 1753 3747 cere,
1780 3686 1870 3753 qui
1902 3685 2047 3753 ﬁlius

475 3776 569 3845 sit,
603 3777 769 3830 eratis
794 3774 961 3829 oculis
996 3776 1183 3843 procul
1220 3774 1537 3843 ejiciendum
1577 3790 1708 3829 esse.
1742 3773 1837 3829 llis
1866 3775 2048 3845 itaque

474 3867 622 3923 velut
670 3868 895 3937 spiculis
943 3867 1050 3922 alte
1097 3866 1443 3936 imperatoris
1474 3867 1660 3921 animo
1692 3866 1888 3922 deﬁxis
1920 3881 2047 3922 eum

476 3959 800 4029 proritabat,
848 3974 917 4013 ac
946 3974 1014 4013 ne
1041 3958 1173 4028 quid
1204 3959 1471 4027 ejusmodi
1503 3959 1766 4024 eveniret,
1793 3959 2046 4029 prudenti

474 4050 996 4120 promptissimoque
1014 4050 1248 4107 consilio
1274 4065 1386 4105 rem
1418 4051 1811 4120 expediendam
1839 4052 2044 4106 aiebat.

477 4141 695 4210 Saepius
722 4157 844 4197 eam
896 4142 949 4195 in
982 4157 1093 4196 rem
1127 4156 1254 4197 cum
1301 4143 1703 4206 convenissent,
1736 4158 1798 4197 ea
1828 4144 2045 4198 demum

477 4234 586 4290 illis
614 4241 732 4289 rata
756 4235 1044 4296 sententia,
1066 4248 1129 4289 ac
1152 4234 1430 4289 decretum
1452 4245 1534 4289 est
1563 4243 1623 4287 ut
1645 4233 1835 4289 fraude
1861 4237 2047 4304 aliqua

474 4325 708 4396 doloque
737 4340 770 4383 e
801 4324 982 4381 medio
1023 4325 1323 4381 tollendum
1349 4324 1722 4381 Theoctistum
1770 4334 1864 4380 aut
1897 4335 2047 4380 certe

474 4419 669 4474 exsilio
738 4418 1085 4491 relegandum
1136 4428 1413 4473 curarent.
1475 4417 1565 4473 Sic
1627 4420 1812 4486 itaque
1867 4418 2045 4474 visum

477 4509 731 4574 consilio,
781 4511 1117 4582 urgebalque
1172 4509 1400 4575 Bardas,
1468 4519 1526 4562 ut
1569 4508 1712 4579 quod
1744 4509 1815 4563 ita
1848 4510 2048 4566 animis

475 4601 693 4658 sederat
718 4611 969 4673 prompte
992 4610 1406 4672 exsequeretur.
1446 4602 1608 4671 170
1643 4600 1716 4654 Ea
1750 4601 1901 4656 necis
1929 4603 2047 4655 viro

475 4696 771 4752 inferendae
830 4696 1126 4752 constituta
1159 4696 1322 4759 ratio,
1373 4701 1435 4749 ut
1475 4691 1851 4747 Theoctistum
1903 4694 2047 4749 refe-

476 4789 630 4844 rendi
666 4800 891 4845 munere
918 4787 1294 4858 perfunctum,
1329 4786 1505 4859 iisque
1533 4801 1653 4857 quae
1680 4786 1861 4841 aerarii
1890 4796 2053 4842 erant

478 4877 745 4948 expeditis
799 4879 866 4931 ad
935 4880 1254 4937 Lausiacum
1303 4887 1616 4944 exeuntem,
1673 4879 1821 4935 brevi
1871 4881 2051 4949 spatio

478 4972 776 5042 imperator
803 4980 1156 5039 sequeretur;
1194 4980 1417 5040 tumque
1446 4971 1531 5027 his
1557 4972 1649 5042 qui
1682 4987 1712 5026 a
1753 4987 1911 5027 sacro
1954 4988 2051 5026 eu-

477 5063 658 5119 biculo
687 5070 818 5120 sunt
852 5061 1142 5117 tollendum
1167 5061 1429 5116 hominem
1460 5064 1799 5119 inclamaret.
1847 5063 2050 5119 Consi-

479 5156 643 5212 debat
695 5167 822 5213 tunc
880 5152 1086 5210 Bardas
1116 5154 1169 5208 in
1220 5152 1509 5210 Lausiaco.
1560 5154 1907 5213 Theoctistus
1957 5157 2049 5212 vix

478 5250 669 5317 pedem
719 5251 1030 5316 extulerat,
1076 5263 1199 5305 cum
1258 5248 1540 5305 Michaelis
1574 5250 1790 5320 signum
1833 5250 1909 5304 illi
1945 5250 2050 5319 ipsi

480 5339 674 5410 praeire
724 5342 1012 5413 ipsumque
1066 5340 1389 5397 antecedere
1446 5340 1638 5397 videns
1690 5342 1851 5396 saluti
1918 5342 2045 5412 fuga

480 5433 766 5497 consulere
797 5446 1041 5492 conatur.
1080 5433 1229 5506 Fuga
1266 5433 1340 5489 illi
1380 5433 1447 5488 ad
1480 5432 1699 5489 Circum
1723 5474 1738 5500 ,
1762 5450 1866 5504 qua
1897 5445 2049 5504 pattc

479 5536 666 5591 eorum
695 5522 789 5597 qui
819 5533 978 5593 erant
1003 5541 1032 5583 a
1062 5524 1320 5593 secretis,
1354 5523 1510 5581 locus
1534 5531 1650 5588 erat
1684 5540 1698 5579 :
1737 5532 1870 5580 tunc
1896 5526 2044 5580 enim

2148 3132 2248 3182 οὐκ
2278 3129 2510 3183 ἐπαύετο
2538 3129 2757 3192 ζιζάνιά
2784 3147 2906 3183 τινα
2934 3131 3061 3199 περὶ
3090 3129 3185 3183 τοῦ
3218 3130 3409 3199 ἀνδρὸς
3435 3133 3500 3200 τῇ
3529 3127 3727 3182 ἑαυτοῦ

2150 3222 2449 3292 ἑνσπείρων
2472 3222 2566 3274 καὶ
2591 3224 2657 3293 τῇ
2686 3222 2779 3275 τοῦ
2816 3222 3083 3293 βασιλέως
3112 3223 3279 3292 ψυχῇ,
3308 3222 3444 3275 ἄλλα
3465 3240 3523 3276 τε
3554 3222 3729 3276 πολλὰ

2148 3317 2278 3385 περὶ
2309 3315 2419 3367 τῶν
2462 3314 2659 3369 κοινῶν
2690 3315 3013 3384 διοικήσεων
3059 3316 3254 3384 λέγων,
3287 3315 3365 3378 ὼς
3395 3318 3477 3369 Οὐ
3522 3313 3729 3380 καλῶς

2149 3408 2623 3476 οὶκονομοῦνται,
2671 3407 2769 3460 καὶ
2808 3407 2897 3460 ὅτι
2950 3407 3048 3461 σοι
3097 3407 3598 3476 καταλειφθείσης
3641 3404 3728 3473 ὡς

2148 3500 2550 3568 κληρονομίας
2597 3499 2704 3567 τῆς
2731 3500 3060 3566 βασιλείας
3095 3500 3291 3568 πόρῤω
3329 3508 3444 3553 σου
3498 3498 3719 3564 ταύτην

2147 3586 2324 3655 οὗτος
2348 3589 2521 3653 ποιεῖ,
2555 3589 2747 3660 γάμον
2773 3592 2955 3659 μητρί
2982 3607 3099 3645 σου
3131 3589 3165 3658 ἢ
3204 3590 3326 3643 τῶν
3356 3591 3575 3658 ταύτης
3615 3594 3730 3646 θυ-

2150 3681 2409 3751 γατέρων
2432 3679 2541 3751 μιᾷ
2565 3681 2928 3751 ἐμμελετῶν,
2954 3682 3052 3734 καὶ
3085 3681 3203 3735 σοῦ
3224 3681 3330 3735 τοῦ
3346 3682 3568 3747 ταύτης
3589 3678 3729 3735 υἱοῦ

2148 3773 2345 3839 πῆρῤω
2373 3788 2490 3825 που
2523 3770 2773 3841 ποιῆσαι
2811 3774 2953 3839 τοὺς
2979 3772 3343 3842 ὀφθαλμούς.
3386 3770 3571 3825 Ταῦτα
3594 3770 3725 3839 γοῦι

2149 3863 2223 3923 ὡς
2252 3862 2378 3934 βέλη
2415 3864 2595 3933 πήξας
2628 3866 2684 3916 ἐν
2720 3865 2918 3935 καρδίᾳ
2952 3862 3046 3916 τοῦ
3076 3863 3341 3931 βασιλέως
3373 3863 3615 3934 διήγειρέ
3640 3880 3728 3928 τε,

2149 3956 2246 4010 καὶ
2266 3956 2413 4019 ὅπως
2442 3956 2516 4027 μὴ
2541 3954 2715 4008 ταῦτα
2745 3956 2976 4024 γένοιτο,
3008 3956 3235 4025 συνετῆς
3261 3955 3469 4023 ἔφασκε
3494 3953 3607 4006 δεῖν
3627 3954 3731 4007 καὶ

2149 4047 2413 4118 ταχίστης
2445 4047 2659 4118 βουλῆς.
2703 4049 2792 4110 Ὠς
2812 4048 2869 4100 δὲ
2906 4047 3168 4111 πολλάκις
3202 4046 3332 4118 περὶ
3371 4046 3563 4101 τούτου
3597 4063 3733 4099 συν.

2148 4142 2378 4212 ήρχοντο
2430 4140 2526 4194 τοῦ
2569 4141 2924 4213 πράγματος.
2959 4141 3091 4210 μίαν
3124 4140 3329 4211 ταύτην
3368 4139 3600 4212 ὲκύρουν
3630 4140 3733 4193 καὶ

2150 4235 2377 4304 γνώμην
2414 4234 2713 4302 ἀπέφαινον
2745 4233 2837 4286 τοῦ
2889 4235 2953 4284 ἐκ
2984 4234 3025 4264 ⁷⁸
3066 4234 3231 4302 μέσου
3276 4234 3368 4286 τὸν
3402 4233 3733 4288 Θεόκτιστον

2151 4324 2377 4393 ποιῆσαι
2422 4323 2705 4395 δολοφονίᾳ
2734 4324 2840 4376 τινὶ
2884 4324 2917 4395 ἢ
2972 4325 3259 4395 ὑπερορίᾳ.
3305 4324 3583 4377 Ἐδέδοκτο
3632 4323 3733 4375 οὖν

2155 4414 2349 4480 ταῦτα,
2384 4415 2478 4468 καὶ
2516 4416 2692 4484 πέρας
2733 4415 2961 4469 ἔσπευδε
3003 4420 3114 4479 τοῖς
3172 4415 3512 4485 βουληθεῖσιν
3540 4417 3584 4447 "
3625 4417 3733 4467 ἑπ-

2156 4507 2340 4574 άγειν*
2382 4506 2466 4581 [Ρ.
2500 4506 2620 4578 I06]
2666 4506 2727 4560 τὸ
2754 4507 2811 4560 δὲ
2840 4503 2908 4578 ἦν
2936 4509 2995 4561 ὲν
3021 4507 3097 4577 τῷ
3126 4507 3311 4559 τοῦτον
3349 4507 3561 4576 μέλλειν
3592 4507 3733 4575 πρὸς

2155 4602 2247 4656 τὸν
2273 4601 2584 4655 Λαυσιακὸν
2635 4600 2948 4670 ἐξέρχεσθαι
2994 4603 3134 4670 μετὰ
3162 4599 3260 4671 τὴν
3284 4598 3394 4652 τῶν
3437 4588 3734 4669 ἀναφορῶν

2155 4694 2425 4765 διοίκησιν
2473 4694 2909 4762 ἐπακολουθῆσαι
2968 4693 3164 4763 μικρὸν
3209 4694 3301 4747 τὸν
3353 4692 3596 4762 βασιλέα,
3632 4693 3734 4747 καὶ

2147 4787 2307 4840 τοῦτο
2362 4787 2521 4856 μόνον
2567 4788 2902 4855 ἀνακραγεῖν
2928 4786 3012 4849 τὸ,
3039 4786 3327 4853 Ἑπάρατε
3359 4784 3569 4847 αὑτὸν,
3611 4788 3734 4849 τοῖς

2149 4880 2549 4953 πραιποσίτοις.
2581 4880 2715 4933 Τότε
2737 4881 2766 4932 ὁ
2797 4879 3013 4949 Βάρὸας
3048 4880 3107 4930 ὲν
3156 4878 3234 4947 τῷ
3266 4878 3565 4948 Δαυσιακῷ
3602 4895 3737 4929 συν-

2150 4973 2414 5044 εδρίαζεν.
2450 4973 2539 5036 Ὠς
2559 4968 2651 5026 οὖν
2684 4974 2712 5027 6
2736 4972 3056 5034 Θεόκτιστος
3083 4971 3423 5040 προέκυπτεν
3450 4970 3631 5035 ἐξιὼν,
3664 4970 3734 5023 τὸ

2149 5065 2243 5119 τοῦ
2276 5063 2492 5134 Μιχαὴλ
2522 5062 2774 5134 σύνθημα
2808 5062 3106 5132 προτρέχον
3136 5060 3253 5130 ἅμα
3281 5061 3376 5113 καὶ
3407 5058 3733 5129 προφθάνον

2153 5156 2339 5210 τοῦτον
2371 5154 2513 5226 ὁρῶν
2543 5154 2688 5223 ἔγνω
2727 5158 2874 5224 φυγῇ
2913 5155 3012 5225 τὴν
3052 5152 3329 5222 σωτηρίαν
3368 5152 3734 5224 πραγματεύ-

2155 5249 2371 5303 σασθαι.
2414 5249 2478 5321 ᾞ
2517 5248 2663 5318 φυγὴ
2694 5248 2750 5300 δὲ
2796 5247 2933 5318 πρὸς
2971 5247 3061 5301 τὸν
3108 5246 3447 5317 ἱππόδρομον
3479 5245 3622 5298 κατά
3658 5244 3737 5299 σιὰ

2153 5343 2492 5412 ἁσηκρητεῖα
2515 5356 2527 5370 ·
2572 5340 2666 5393 καὶ
2686 5340 2796 5410 γὰρ
2823 5342 3002 5392 ἐκεῖσε
3025 5339 3148 5392 τότε
3173 5337 3234 5391 τὺ
3261 5338 3369 5391 τῶν
3394 5337 3735 5407 ἀσηκρήτων

2153 5434 2363 5506 ὑπῆρχε
2409 5431 2778 5501 καταγώγιον.
2819 5431 2958 5485 Ἀλλ’
3013 5430 3119 5485 ὑπὸ
3172 5430 3385 5483 πολλῶν
3415 5430 3444 5482 ὁ
3489 5424 3571 5491 εἷς
3603 5427 3739 5480 συλ-

2152 5526 2380 5599 ληφθεὶς
2414 5525 2751 5597 μένειν,ἀλλ’
2781 5524 2843 5578 οὖ
2873 5524 3095 5595 φεύγειν
3117 5522 3565 5595 κατηναγκάζετο
3584 5536 3597 5551 ο
3632 5520 3739 5576 καὶ

1775 5623 2006 5683 VARUS
2046 5622 2451 5683 LECTIONES.

551 5702 597 5736 ”
624 5706 963 5777 ἀνηγάγετοῖ
1034 5710 1322 5783 ⁷¹ὲκύρουν
1351 5712 1572 5787 γνώμην
1603 5717 1692 5772 καὶ
1716 5717 2075 5787 ἀπεφαίνοντο
2101 5718 2160 5771 ἐκ
2184 5716 2207 5768 ?
2280 5718 2324 5749 ⁷¹
2357 5714 2766 5773 ϐουλευθεῖσινῖ
