  <div class='ocr_page' id='page_1' title='image "/cluster/home/n/w/nwhite01/storage/ocr_20150623/109/hvd.32044073502312/098.png"; bbox 0 0 4038 6214; ppageno 0'>
   <div class='ocr_carea' id='block_1_1' title="bbox 234 309 3457 379">
    <p class='ocr_par' dir='ltr' id='par_1_1' title="bbox 234 309 3457 379">
     <span class='ocr_line' id='line_1_1' title="bbox 234 309 3457 379; baseline 0.001 -3"><span class='ocrx_word' id='word_1_1' title='bbox 234 314 321 378; x_wconf 72' lang='lat'><strong>185</strong></span> <span class='ocrx_word' id='word_1_2' title='bbox 1086 313 1232 373; x_wconf 87' lang='lat' dir='ltr'><strong>LIB.</strong></span> <span class='ocrx_word' id='word_1_3' title='bbox 1266 313 1368 374; x_wconf 84' lang='lat' dir='ltr'><strong>IV.</strong></span> <span class='ocrx_word' id='word_1_4' title='bbox 1406 336 1477 351; x_wconf 74' lang='grc'><strong><em>-</em></strong></span> <span class='ocrx_word' id='word_1_5' title='bbox 1519 310 1869 371; x_wconf 70' lang='lat' dir='ltr'><strong>MICHAEL‘</strong></span> <span class='ocrx_word' id='word_1_6' title='bbox 1897 309 2316 374; x_wconf 81' lang='lat' dir='ltr'><strong>&#39;I‘HEUPHILI</strong></span> <span class='ocrx_word' id='word_1_7' title='bbox 2361 313 2640 374; x_wconf 86' lang='lat' dir='ltr'><strong>FILIUS.</strong></span> <span class='ocrx_word' id='word_1_8' title='bbox 3356 314 3457 379; x_wconf 72' lang='grc'><strong>186</strong></span> 
     </span>
    </p>
   </div>
   <div class='ocr_carea' id='block_1_2' title="bbox 232 411 1827 497">
    <p class='ocr_par' dir='ltr' id='par_1_2' title="bbox 232 411 1827 497">
     <span class='ocr_line' id='line_1_2' title="bbox 232 411 1827 497; baseline 0.004 -23"><span class='ocrx_word' id='word_1_9' title='bbox 232 426 360 492; x_wconf 72' lang='grc' dir='ltr'>ξίφος</span> <span class='ocrx_word' id='word_1_10' title='bbox 406 424 434 475; x_wconf 80' lang='grc' dir='ltr'><em>ὁ</em></span> <span class='ocrx_word' id='word_1_11' title='bbox 460 422 676 494; x_wconf 76' lang='grc' dir='ltr'>Βάρδας</span> <span class='ocrx_word' id='word_1_12' title='bbox 708 421 1003 493; x_wconf 78' lang='grc' dir='ltr'><strong>γυμνώσας</strong></span> <span class='ocrx_word' id='word_1_13' title='bbox 1050 422 1369 497; x_wconf 78' lang='grc' dir='ltr'><strong>αὐτοχειρίᾳ</strong></span> <span class='ocrx_word' id='word_1_14' title='bbox 1418 423 1542 488; x_wconf 75' lang='grc' dir='ltr'>τοὺς</span> <span class='ocrx_word' id='word_1_15' title='bbox 1582 411 1827 484; x_wconf 58' lang='grc' dir='ltr'><strong>οἵτινεςί</strong></span> 
     </span>
    </p>
   </div>
   <div class='ocr_carea' id='block_1_3' title="bbox 1863 411 3458 497">
    <p class='ocr_par' dir='ltr' id='par_1_3' title="bbox 1884 422 3458 486">
     <span class='ocr_line' id='line_1_3' title="bbox 1884 422 3458 486; baseline 0.007 -11"><span class='ocrx_word' id='word_1_16' title='bbox 1884 422 2103 479; x_wconf 70' lang='lat' dir='ltr'><strong>illorum</strong></span> <span class='ocrx_word' id='word_1_17' title='bbox 2146 426 2219 480; x_wconf 86' lang='lat' dir='ltr'><strong>ibi</strong></span> <span class='ocrx_word' id='word_1_18' title='bbox 2244 425 2605 482; x_wconf 81' lang='lat' dir='ltr'><strong>diversorium</strong></span> <span class='ocrx_word' id='word_1_19' title='bbox 2639 434 2778 482; x_wconf 89' lang='lat' dir='ltr'><strong>erat.</strong></span> <span class='ocrx_word' id='word_1_20' title='bbox 2810 425 3011 483; x_wconf 86' lang='lat' dir='ltr'><strong>Verum</strong></span> <span class='ocrx_word' id='word_1_21' title='bbox 3043 444 3184 483; x_wconf 87' lang='lat' dir='ltr'><strong>unus</strong></span> <span class='ocrx_word' id='word_1_22' title='bbox 3217 446 3244 482; x_wconf 87' lang='lat' dir='ltr'><strong>a</strong></span> <span class='ocrx_word' id='word_1_23' title='bbox 3272 432 3458 486; x_wconf 79' lang='lat' dir='ltr'><strong>multis</strong></span> 
     </span>
    </p>
   </div>
   <div class='ocr_carea' id='block_1_4' title="bbox 229 510 1824 592">
    <p class='ocr_par' dir='ltr' id='par_1_4' title="bbox 229 510 1783 587">
     <span class='ocr_line' id='line_1_4' title="bbox 229 510 1783 587; baseline -0.001 -20"><span class='ocrx_word' id='word_1_24' title='bbox 229 510 322 567; x_wconf 81' lang='grc' dir='ltr'><strong>εἷεν</strong></span> <span class='ocrx_word' id='word_1_25' title='bbox 339 512 765 578; x_wconf 81' lang='grc' dir='ltr'>διακωλύσοντες</span> <span class='ocrx_word' id='word_1_26' title='bbox 793 514 1139 585; x_wconf 73' lang='grc' dir='ltr'><strong>ἀμυνόμενος</strong></span> <span class='ocrx_word' id='word_1_27' title='bbox 1169 515 1405 587; x_wconf 74' lang='grc' dir='ltr'><strong>ἠπείλει,</strong></span> <span class='ocrx_word' id='word_1_28' title='bbox 1448 514 1584 586; x_wconf 82' lang='grc' dir='ltr'>πρὸς</span> <span class='ocrx_word' id='word_1_29' title='bbox 1619 514 1709 568; x_wconf 82' lang='grc' dir='ltr'><strong>τὸν</strong></span> <span class='ocrx_word' id='word_1_30' title='bbox 1738 516 1783 547; x_wconf 89' lang='grc'><strong>⁷³</strong></span> 
     </span>
    </p>
   </div>
   <div class='ocr_carea' id='block_1_5' title="bbox 1862 510 3457 592">
    <p class='ocr_par' dir='ltr' id='par_1_5' title="bbox 1889 519 3457 592">
     <span class='ocr_line' id='line_1_5' title="bbox 1889 519 3457 592; baseline 0.004 -19"><span class='ocrx_word' id='word_1_31' title='bbox 1889 519 2316 587; x_wconf 81' lang='lat' dir='ltr'><strong>comprehensus</strong></span> <span class='ocrx_word' id='word_1_32' title='bbox 2341 520 2566 589; x_wconf 82' lang='lat' dir='ltr'><strong>gradum</strong></span> <span class='ocrx_word' id='word_1_33' title='bbox 2595 520 2792 576; x_wconf 85' lang='lat' dir='ltr'><strong>sistere</strong></span> <span class='ocrx_word' id='word_1_34' title='bbox 2820 522 3032 592; x_wconf 75' lang='lat' dir='ltr'><strong>cogitur</strong></span> <span class='ocrx_word' id='word_1_35' title='bbox 3063 537 3127 577; x_wconf 88' lang='lat' dir='ltr'><strong>ac</strong></span> <span class='ocrx_word' id='word_1_36' title='bbox 3158 522 3339 592; x_wconf 74' lang='lat' dir='ltr'><strong>fugam</strong></span> <span class='ocrx_word' id='word_1_37' title='bbox 3372 523 3457 579; x_wconf 91' lang='lat' dir='ltr'><strong>in-</strong></span> 
     </span>
    </p>
   </div>
   <div class='ocr_carea' id='block_1_6' title="bbox 230 606 1825 683">
    <p class='ocr_par' dir='ltr' id='par_1_6' title="bbox 230 606 1785 679">
     <span class='ocr_line' id='line_1_6' title="bbox 230 606 1785 679; baseline 0.001 -19"><span class='ocrx_word' id='word_1_38' title='bbox 230 609 367 676; x_wconf 73' lang='grc' dir='ltr'><strong>φόνον</strong></span> <span class='ocrx_word' id='word_1_39' title='bbox 394 606 505 661; x_wconf 83' lang='grc' dir='ltr'><strong>τῶν</strong></span> <span class='ocrx_word' id='word_1_40' title='bbox 554 606 658 661; x_wconf 76' lang='grc' dir='ltr'><strong>ὑπὸ</strong></span> <span class='ocrx_word' id='word_1_41' title='bbox 688 606 851 679; x_wconf 78' lang='grc' dir='ltr'>χεῖρά</span> <span class='ocrx_word' id='word_1_42' title='bbox 880 625 1009 663; x_wconf 77' lang='grc' dir='ltr'><strong>τινι.</strong></span> <span class='ocrx_word' id='word_1_43' title='bbox 1047 608 1210 662; x_wconf 78' lang='grc' dir='ltr'><strong>’Δλλὰ</strong></span> <span class='ocrx_word' id='word_1_44' title='bbox 1256 608 1463 679; x_wconf 78' lang='grc' dir='ltr'>ψαῦσαι</span> <span class='ocrx_word' id='word_1_45' title='bbox 1501 607 1601 678; x_wconf 74' lang='grc' dir='ltr'><strong>μὲν</strong></span> <span class='ocrx_word' id='word_1_46' title='bbox 1628 610 1785 661; x_wconf 82' lang='grc' dir='ltr'><strong>ἐτόλ-</strong></span> 
     </span>
    </p>
   </div>
   <div class='ocr_carea' id='block_1_7' title="bbox 1863 606 3458 683">
    <p class='ocr_par' dir='ltr' id='par_1_7' title="bbox 1890 610 3458 683">
     <span class='ocr_line' id='line_1_7' title="bbox 1890 610 3458 683; baseline 0.004 -20"><span class='ocrx_word' id='word_1_47' title='bbox 1890 610 2099 665; x_wconf 79' lang='lat' dir='ltr'><strong>biltere.</strong></span> <span class='ocrx_word' id='word_1_48' title='bbox 2156 610 2361 665; x_wconf 87' lang='lat' dir='ltr'><strong>Bardas</strong></span> <span class='ocrx_word' id='word_1_49' title='bbox 2404 612 2594 666; x_wconf 85' lang='lat' dir='ltr'><strong>stricto</strong></span> <span class='ocrx_word' id='word_1_50' title='bbox 2634 612 2815 682; x_wconf 76' lang='lat' dir='ltr'><strong>gladio</strong></span> <span class='ocrx_word' id='word_1_51' title='bbox 2845 613 2963 683; x_wconf 86' lang='lat' dir='ltr'><strong>ipse</strong></span> <span class='ocrx_word' id='word_1_52' title='bbox 3020 629 3119 669; x_wconf 84' lang='lat' dir='ltr'><strong>sua</strong></span> <span class='ocrx_word' id='word_1_53' title='bbox 3164 629 3328 669; x_wconf 83' lang='lat' dir='ltr'><strong>manu</strong></span> <span class='ocrx_word' id='word_1_54' title='bbox 3367 617 3458 669; x_wconf 85' lang='lat' dir='ltr'><strong>ad-</strong></span> 
     </span>
    </p>
   </div>
   <div class='ocr_carea' id='block_1_8' title="bbox 231 700 1826 773">
    <p class='ocr_par' dir='ltr' id='par_1_8' title="bbox 231 700 1785 773">
     <span class='ocr_line' id='line_1_8' title="bbox 231 700 1785 773; baseline -0.001 -18"><span class='ocrx_word' id='word_1_55' title='bbox 231 718 355 772; x_wconf 80' lang='grc' dir='ltr'><strong>μησε</strong></span> <span class='ocrx_word' id='word_1_56' title='bbox 379 700 575 755; x_wconf 82' lang='grc' dir='ltr'>τούτου</span> <span class='ocrx_word' id='word_1_57' title='bbox 598 701 720 754; x_wconf 79' lang='grc' dir='ltr'><strong>τότε</strong></span> <span class='ocrx_word' id='word_1_58' title='bbox 745 702 941 766; x_wconf 76' lang='grc' dir='ltr'>οὐδεὶς,</span> <span class='ocrx_word' id='word_1_59' title='bbox 968 702 1213 772; x_wconf 75' lang='grc' dir='ltr'><strong>ἀπήγετο</strong></span> <span class='ocrx_word' id='word_1_60' title='bbox 1237 702 1295 756; x_wconf 78' lang='grc' dir='ltr'><strong>δέ</strong></span> <span class='ocrx_word' id='word_1_61' title='bbox 1322 702 1458 773; x_wconf 76' lang='grc' dir='ltr'>πρὸς</span> <span class='ocrx_word' id='word_1_62' title='bbox 1482 703 1550 756; x_wconf 79' lang='grc' dir='ltr'><strong>τὰ</strong></span> <span class='ocrx_word' id='word_1_63' title='bbox 1580 701 1785 766; x_wconf 80' lang='grc' dir='ltr'>Σκῦλα,</span> 
     </span>
    </p>
   </div>
   <div class='ocr_carea' id='block_1_9' title="bbox 1865 700 3460 773">
    <p class='ocr_par' dir='ltr' id='par_1_9' title="bbox 1889 703 3460 773">
     <span class='ocr_line' id='line_1_9' title="bbox 1889 703 3460 773; baseline 0.003 -17"><span class='ocrx_word' id='word_1_64' title='bbox 1889 711 2138 757; x_wconf 86' lang='lat' dir='ltr'><strong>acturum</strong></span> <span class='ocrx_word' id='word_1_65' title='bbox 2169 703 2427 769; x_wconf 84' lang='lat' dir='ltr'><strong>minatur,</strong></span> <span class='ocrx_word' id='word_1_66' title='bbox 2469 703 2515 757; x_wconf 92' lang='lat' dir='ltr'><strong>si</strong></span> <span class='ocrx_word' id='word_1_67' title='bbox 2548 705 2669 773; x_wconf 86' lang='lat' dir='ltr'><strong>quis</strong></span> <span class='ocrx_word' id='word_1_68' title='bbox 2693 720 2851 773; x_wconf 90' lang='lat' dir='ltr'><strong>opem</strong></span> <span class='ocrx_word' id='word_1_69' title='bbox 2901 704 3041 759; x_wconf 80' lang='lat' dir='ltr'><strong>ferre</strong></span> <span class='ocrx_word' id='word_1_70' title='bbox 3072 705 3199 759; x_wconf 86' lang='lat' dir='ltr'><strong>velit</strong></span> <span class='ocrx_word' id='word_1_71' title='bbox 3227 723 3241 771; x_wconf 92' lang='lat'><strong>;</strong></span> <span class='ocrx_word' id='word_1_72' title='bbox 3272 706 3460 761; x_wconf 80' lang='lat' dir='ltr'><strong>simul-</strong></span> 
     </span>
    </p>
   </div>
   <div class='ocr_carea' id='block_1_10' title="bbox 230 788 1825 864">
    <p class='ocr_par' dir='ltr' id='par_1_10' title="bbox 230 788 1787 864">
     <span class='ocr_line' id='line_1_10' title="bbox 230 788 1787 864; baseline -0.001 -19"><span class='ocrx_word' id='word_1_73' title='bbox 230 793 423 863; x_wconf 76' lang='grc' dir='ltr'>φρουρᾷ</span> <span class='ocrx_word' id='word_1_74' title='bbox 456 791 599 854; x_wconf 84' lang='grc' dir='ltr'><strong>τέως</strong></span> <span class='ocrx_word' id='word_1_75' title='bbox 646 792 1177 864; x_wconf 60' lang='grc' dir='ltr'>παραδοθησόμενος,</span> <span class='ocrx_word' id='word_1_76' title='bbox 1226 791 1419 863; x_wconf 78' lang='grc' dir='ltr'>μέχρις</span> <span class='ocrx_word' id='word_1_77' title='bbox 1459 792 1527 845; x_wconf 78' lang='grc' dir='ltr'><strong>ἂν</strong></span> <span class='ocrx_word' id='word_1_78' title='bbox 1548 792 1617 846; x_wconf 84' lang='grc' dir='ltr'><strong>τὰ</strong></span> <span class='ocrx_word' id='word_1_79' title='bbox 1668 788 1787 845; x_wconf 82' lang='grc' dir='ltr'>κατ’</span> 
     </span>
    </p>
   </div>
   <div class='ocr_carea' id='block_1_11' title="bbox 1865 788 3460 864">
    <p class='ocr_par' dir='ltr' id='par_1_11' title="bbox 1890 795 3460 863">
     <span class='ocr_line' id='line_1_11' title="bbox 1890 795 3460 863; baseline 0.004 -18"><span class='ocrx_word' id='word_1_80' title='bbox 1890 808 1997 863; x_wconf 87' lang='lat' dir='ltr'><strong>que</strong></span> <span class='ocrx_word' id='word_1_81' title='bbox 2054 810 2084 847; x_wconf 90' lang='lat' dir='ltr'><strong>a</strong></span> <span class='ocrx_word' id='word_1_82' title='bbox 2132 795 2368 861; x_wconf 86' lang='lat' dir='ltr'><strong>quodam</strong></span> <span class='ocrx_word' id='word_1_83' title='bbox 2418 810 2641 849; x_wconf 86' lang='lat' dir='ltr'><strong>suorum</strong></span> <span class='ocrx_word' id='word_1_84' title='bbox 2693 796 2987 851; x_wconf 75' lang='lat' dir='ltr'><strong>satellitum</strong></span> <span class='ocrx_word' id='word_1_85' title='bbox 3050 811 3174 851; x_wconf 91' lang='lat' dir='ltr'><strong>eum</strong></span> <span class='ocrx_word' id='word_1_86' title='bbox 3231 797 3460 853; x_wconf 80' lang='lat' dir='ltr'><strong>interﬁci</strong></span> 
     </span>
    </p>
   </div>
   <div class='ocr_carea' id='block_1_12' title="bbox 232 880 1827 955">
    <p class='ocr_par' dir='ltr' id='par_1_12' title="bbox 232 880 1790 952">
     <span class='ocr_line' id='line_1_12' title="bbox 232 880 1790 952; baseline 0.001 -19"><span class='ocrx_word' id='word_1_87' title='bbox 232 881 375 933; x_wconf 81' lang='grc' dir='ltr'>αὑτοῦ</span> <span class='ocrx_word' id='word_1_88' title='bbox 405 881 801 950; x_wconf 72' lang='grc' dir='ltr'><strong>ἀποφήναιντο.</strong></span> <span class='ocrx_word' id='word_1_89' title='bbox 844 880 933 944; x_wconf 84' lang='grc' dir='ltr'>Ὧς</span> <span class='ocrx_word' id='word_1_90' title='bbox 976 882 1021 933; x_wconf 80' lang='grc' dir='ltr'><strong>δ’</strong></span> <span class='ocrx_word' id='word_1_91' title='bbox 1052 882 1113 935; x_wconf 80' lang='grc' dir='ltr'><strong>οὐ</strong></span> <span class='ocrx_word' id='word_1_92' title='bbox 1152 881 1251 951; x_wconf 81' lang='grc' dir='ltr'><strong>ζῇν</strong></span> <span class='ocrx_word' id='word_1_93' title='bbox 1294 882 1403 935; x_wconf 83' lang='grc' dir='ltr'><strong>δέει</strong></span> <span class='ocrx_word' id='word_1_94' title='bbox 1435 882 1533 952; x_wconf 81' lang='grc' dir='ltr'><strong>τῆς</strong></span> <span class='ocrx_word' id='word_1_95' title='bbox 1580 880 1790 949; x_wconf 75' lang='grc' dir='ltr'><strong>Αὐγού-</strong></span> 
     </span>
    </p>
   </div>
   <div class='ocr_carea' id='block_1_13' title="bbox 1869 880 3464 955">
    <p class='ocr_par' dir='ltr' id='par_1_13' title="bbox 1885 882 3464 955">
     <span class='ocr_line' id='line_1_13' title="bbox 1885 882 3464 955; baseline 0.003 -18"><span class='ocrx_word' id='word_1_96' title='bbox 1885 884 2070 955; x_wconf 86' lang='lat' dir='ltr'><strong>jussit.</strong></span> <span class='ocrx_word' id='word_1_97' title='bbox 2099 882 2269 939; x_wconf 83' lang='lat' dir='ltr'><strong>Nemo</strong></span> <span class='ocrx_word' id='word_1_98' title='bbox 2300 893 2480 939; x_wconf 88' lang='lat' dir='ltr'><strong>tamen</strong></span> <span class='ocrx_word' id='word_1_99' title='bbox 2514 897 2647 939; x_wconf 88' lang='lat' dir='ltr'><strong>tunc</strong></span> <span class='ocrx_word' id='word_1_100' title='bbox 2682 901 2850 940; x_wconf 88' lang='lat' dir='ltr'><strong>ausus</strong></span> <span class='ocrx_word' id='word_1_101' title='bbox 2900 894 2986 940; x_wconf 88' lang='lat' dir='ltr'><strong>est</strong></span> <span class='ocrx_word' id='word_1_102' title='bbox 3020 886 3070 939; x_wconf 88' lang='lat' dir='ltr'><strong>ei</strong></span> <span class='ocrx_word' id='word_1_103' title='bbox 3128 902 3349 941; x_wconf 87' lang='lat' dir='ltr'><strong>manum</strong></span> <span class='ocrx_word' id='word_1_104' title='bbox 3381 888 3464 941; x_wconf 92' lang='lat' dir='ltr'><strong>in-</strong></span> 
     </span>
    </p>
   </div>
   <div class='ocr_carea' id='block_1_14' title="bbox 235 971 1830 1046">
    <p class='ocr_par' dir='ltr' id='par_1_14' title="bbox 235 971 1789 1044">
     <span class='ocr_line' id='line_1_14' title="bbox 235 971 1789 1044; baseline 0 -18"><span class='ocrx_word' id='word_1_105' title='bbox 235 990 350 1039; x_wconf 82' lang='grc' dir='ltr'><strong>στης</strong></span> <span class='ocrx_word' id='word_1_106' title='bbox 378 972 540 1029; x_wconf 75' lang='grc' dir='ltr'><strong>αὑτὸν</strong></span> <span class='ocrx_word' id='word_1_107' title='bbox 580 971 995 1036; x_wconf 71' lang='grc' dir='ltr'><strong>ἐϐουλεύσαντο.</strong></span> <span class='ocrx_word' id='word_1_108' title='bbox 1029 973 1115 1027; x_wconf 83' lang='grc' dir='ltr'><strong>ἵνα</strong></span> <span class='ocrx_word' id='word_1_109' title='bbox 1166 975 1262 1026; x_wconf 72' lang='grc' dir='ltr'>καὶ</span> <span class='ocrx_word' id='word_1_110' title='bbox 1303 974 1378 1044; x_wconf 77' lang='grc' dir='ltr'><strong>μὴ</strong></span> <span class='ocrx_word' id='word_1_111' title='bbox 1418 972 1613 1027; x_wconf 80' lang='grc' dir='ltr'><strong>θᾶττον</strong></span> <span class='ocrx_word' id='word_1_112' title='bbox 1650 975 1789 1027; x_wconf 82' lang='grc' dir='ltr'><strong>ἀπο-</strong></span> 
     </span>
    </p>
   </div>
   <div class='ocr_carea' id='block_1_15' title="bbox 1869 971 3464 1046">
    <p class='ocr_par' dir='ltr' id='par_1_15' title="bbox 1887 975 3464 1046">
     <span class='ocr_line' id='line_1_15' title="bbox 1887 975 3464 1046; baseline 0.003 -17"><span class='ocrx_word' id='word_1_113' title='bbox 1887 978 2079 1045; x_wconf 84' lang='lat' dir='ltr'><strong>jicere.</strong></span> <span class='ocrx_word' id='word_1_114' title='bbox 2117 976 2333 1031; x_wconf 83' lang='lat' dir='ltr'><strong>[nterim</strong></span> <span class='ocrx_word' id='word_1_115' title='bbox 2364 978 2429 1031; x_wconf 87' lang='lat' dir='ltr'><strong>ad</strong></span> <span class='ocrx_word' id='word_1_116' title='bbox 2463 975 2623 1046; x_wconf 86' lang='lat' dir='ltr'><strong>Scyla</strong></span> <span class='ocrx_word' id='word_1_117' title='bbox 2656 978 2897 1035; x_wconf 84' lang='lat' dir='ltr'><strong>ducitur.</strong></span> <span class='ocrx_word' id='word_1_118' title='bbox 2928 978 3032 1031; x_wconf 92' lang='lat' dir='ltr'><strong>sub</strong></span> <span class='ocrx_word' id='word_1_119' title='bbox 3056 978 3308 1031; x_wconf 85' lang='lat' dir='ltr'><strong>custodia</strong></span> <span class='ocrx_word' id='word_1_120' title='bbox 3344 994 3464 1033; x_wconf 84' lang='lat' dir='ltr'><strong>ser-</strong></span> 
     </span>
    </p>
   </div>
   <div class='ocr_carea' id='block_1_16' title="bbox 233 1063 1828 1136">
    <p class='ocr_par' dir='ltr' id='par_1_16' title="bbox 233 1063 1790 1136">
     <span class='ocr_line' id='line_1_16' title="bbox 233 1063 1790 1136; baseline 0.003 -21"><span class='ocrx_word' id='word_1_121' title='bbox 233 1063 368 1135; x_wconf 68' lang='grc' dir='ltr'>λυθῇ,</span> <span class='ocrx_word' id='word_1_122' title='bbox 393 1063 503 1117; x_wconf 80' lang='grc' dir='ltr'><strong>τῶν</strong></span> <span class='ocrx_word' id='word_1_123' title='bbox 536 1063 659 1118; x_wconf 80' lang='grc' dir='ltr'>καθ’</span> <span class='ocrx_word' id='word_1_124' title='bbox 700 1064 975 1133; x_wconf 79' lang='grc' dir='ltr'><strong>ἑταιρείαν</strong></span> <span class='ocrx_word' id='word_1_125' title='bbox 1005 1064 1128 1118; x_wconf 76' lang='grc' dir='ltr'><strong>τινὰ</strong></span> <span class='ocrx_word' id='word_1_126' title='bbox 1171 1064 1556 1131; x_wconf 80' lang='grc' dir='ltr'><strong>ἐξαπέστειλαν</strong></span> <span class='ocrx_word' id='word_1_127' title='bbox 1580 1066 1790 1136; x_wconf 84' lang='grc' dir='ltr'><strong>γυμνὸν</strong></span> 
     </span>
    </p>
   </div>
   <div class='ocr_carea' id='block_1_17' title="bbox 1867 1063 3462 1136">
    <p class='ocr_par' dir='ltr' id='par_1_17' title="bbox 1893 1066 3462 1130">
     <span class='ocr_line' id='line_1_17' title="bbox 1893 1066 3462 1130; baseline 0.004 -11"><span class='ocrx_word' id='word_1_128' title='bbox 1893 1067 2122 1130; x_wconf 84' lang='lat' dir='ltr'><strong>vandns,</strong></span> <span class='ocrx_word' id='word_1_129' title='bbox 2179 1067 2310 1121; x_wconf 88' lang='lat' dir='ltr'><strong>dum</strong></span> <span class='ocrx_word' id='word_1_130' title='bbox 2358 1067 2411 1121; x_wconf 89' lang='lat' dir='ltr'><strong>in</strong></span> <span class='ocrx_word' id='word_1_131' title='bbox 2464 1067 2614 1121; x_wconf 90' lang='lat' dir='ltr'><strong>illum</strong></span> <span class='ocrx_word' id='word_1_132' title='bbox 2676 1067 2943 1122; x_wconf 72' lang='lat' dir='ltr'><strong>sententia</strong></span> <span class='ocrx_word' id='word_1_133' title='bbox 3002 1066 3256 1123; x_wconf 85' lang='lat' dir='ltr'><strong>ferretur.</strong></span> <span class='ocrx_word' id='word_1_134' title='bbox 3328 1070 3462 1125; x_wconf 81' lang='lat' dir='ltr'><strong>Cum</strong></span> 
     </span>
    </p>
   </div>
   <div class='ocr_carea' id='block_1_18' title="bbox 233 1152 1828 1229">
    <p class='ocr_par' dir='ltr' id='par_1_18' title="bbox 233 1152 1789 1229">
     <span class='ocr_line' id='line_1_18' title="bbox 233 1152 1789 1229; baseline 0 -20"><span class='ocrx_word' id='word_1_135' title='bbox 233 1155 527 1210; x_wconf 79' lang='grc' dir='ltr'><strong>ἐπισείοντα</strong></span> <span class='ocrx_word' id='word_1_136' title='bbox 579 1155 733 1224; x_wconf 76' lang='grc' dir='ltr'>ξίφος</span> <span class='ocrx_word' id='word_1_137' title='bbox 776 1156 948 1225; x_wconf 83' lang='grc' dir='ltr'><strong>αὐτῷ.</strong></span> <span class='ocrx_word' id='word_1_138' title='bbox 998 1156 1086 1219; x_wconf 87' lang='grc' dir='ltr'>Ὠς</span> <span class='ocrx_word' id='word_1_139' title='bbox 1113 1156 1157 1209; x_wconf 87' lang='grc' dir='ltr'><strong>δ’</strong></span> <span class='ocrx_word' id='word_1_140' title='bbox 1190 1156 1283 1211; x_wconf 76' lang='grc' dir='ltr'>οὖν</span> <span class='ocrx_word' id='word_1_141' title='bbox 1314 1152 1421 1210; x_wconf 74' lang='grc' dir='ltr'><strong>εἶδε</strong></span> <span class='ocrx_word' id='word_1_142' title='bbox 1463 1156 1669 1229; x_wconf 79' lang='grc' dir='ltr'><strong>ξιφήρη</strong></span> <span class='ocrx_word' id='word_1_143' title='bbox 1699 1159 1789 1212; x_wconf 72' lang='grc' dir='ltr'><strong>τὸν</strong></span> 
     </span>
    </p>
   </div>
   <div class='ocr_carea' id='block_1_19' title="bbox 1870 1152 3465 1229">
    <p class='ocr_par' dir='ltr' id='par_1_19' title="bbox 1896 1158 3465 1227">
     <span class='ocr_line' id='line_1_19' title="bbox 1896 1158 3465 1227; baseline 0 -13"><span class='ocrx_word' id='word_1_144' title='bbox 1896 1169 2073 1214; x_wconf 89' lang='lat' dir='ltr'><strong>tamen</strong></span> <span class='ocrx_word' id='word_1_145' title='bbox 2110 1159 2253 1213; x_wconf 85' lang='lat' dir='ltr'><strong>haud</strong></span> <span class='ocrx_word' id='word_1_146' title='bbox 2286 1158 2598 1212; x_wconf 85' lang='lat' dir='ltr'><strong>consultum</strong></span> <span class='ocrx_word' id='word_1_147' title='bbox 2659 1166 2940 1226; x_wconf 72' lang='lat' dir='ltr'><strong>putassent</strong></span> <span class='ocrx_word' id='word_1_148' title='bbox 2988 1158 3243 1227; x_wconf 66' lang='lat' dir='ltr'><strong>Augustae</strong></span> <span class='ocrx_word' id='word_1_149' title='bbox 3292 1168 3465 1225; x_wconf 85' lang='lat' dir='ltr'><strong>metu,</strong></span> 
     </span>
    </p>
   </div>
   <div class='ocr_carea' id='block_1_20' title="bbox 234 1244 1829 1321">
    <p class='ocr_par' dir='ltr' id='par_1_20' title="bbox 234 1244 1788 1320">
     <span class='ocr_line' id='line_1_20' title="bbox 234 1244 1788 1320; baseline -0.001 -17"><span class='ocrx_word' id='word_1_150' title='bbox 234 1248 497 1319; x_wconf 78' lang='grc' dir='ltr'><strong>ἄνθρωπον</strong></span> <span class='ocrx_word' id='word_1_151' title='bbox 546 1248 792 1315; x_wconf 79' lang='grc' dir='ltr'><strong>ἐπιόντα,</strong></span> <span class='ocrx_word' id='word_1_152' title='bbox 820 1249 960 1303; x_wconf 81' lang='grc' dir='ltr'><strong>κατὰ</strong></span> <span class='ocrx_word' id='word_1_153' title='bbox 989 1248 1085 1303; x_wconf 82' lang='grc' dir='ltr'><strong>τοῦ</strong></span> <span class='ocrx_word' id='word_1_154' title='bbox 1118 1250 1361 1320; x_wconf 81' lang='grc' dir='ltr'>σκάμνου</span> <span class='ocrx_word' id='word_1_155' title='bbox 1399 1244 1556 1313; x_wconf 64' lang='grc' dir='ltr'>οὗτος</span> <span class='ocrx_word' id='word_1_156' title='bbox 1596 1250 1788 1314; x_wconf 78' lang='grc' dir='ltr'>ὑπέδυ,</span> 
     </span>
    </p>
   </div>
   <div class='ocr_carea' id='block_1_21' title="bbox 1873 1244 3468 1321">
    <p class='ocr_par' dir='ltr' id='par_1_21' title="bbox 1895 1249 3468 1321">
     <span class='ocr_line' id='line_1_21' title="bbox 1895 1249 3468 1321; baseline 0.002 -18"><span class='ocrx_word' id='word_1_157' title='bbox 1895 1266 1957 1304; x_wconf 89' lang='lat' dir='ltr'><strong>ac</strong></span> <span class='ocrx_word' id='word_1_158' title='bbox 1983 1265 2046 1304; x_wconf 90' lang='lat' dir='ltr'><strong>ne</strong></span> <span class='ocrx_word' id='word_1_159' title='bbox 2073 1250 2235 1307; x_wconf 86' lang='lat' dir='ltr'><strong>citius</strong></span> <span class='ocrx_word' id='word_1_160' title='bbox 2260 1250 2605 1310; x_wconf 82' lang='lat' dir='ltr'><strong>liberaretur,</strong></span> <span class='ocrx_word' id='word_1_161' title='bbox 2659 1259 2719 1303; x_wconf 90' lang='lat' dir='ltr'><strong>ut</strong></span> <span class='ocrx_word' id='word_1_162' title='bbox 2750 1249 2957 1305; x_wconf 88' lang='lat' dir='ltr'><strong>diutius</strong></span> <span class='ocrx_word' id='word_1_163' title='bbox 2999 1250 3183 1305; x_wconf 83' lang='lat' dir='ltr'><strong>vivere</strong></span> <span class='ocrx_word' id='word_1_164' title='bbox 3212 1266 3334 1306; x_wconf 89' lang='lat' dir='ltr'><strong>eum</strong></span> <span class='ocrx_word' id='word_1_165' title='bbox 3375 1266 3468 1321; x_wconf 81' lang='lat' dir='ltr'><strong>pa-</strong></span> 
     </span>
    </p>
   </div>
   <div class='ocr_carea' id='block_1_22' title="bbox 234 1340 1829 1414">
    <p class='ocr_par' dir='ltr' id='par_1_22' title="bbox 234 1340 1793 1413">
     <span class='ocr_line' id='line_1_22' title="bbox 234 1340 1793 1413; baseline 0.002 -19"><span class='ocrx_word' id='word_1_166' title='bbox 234 1343 310 1405; x_wconf 70' lang='grc' dir='ltr'><strong>τὰς</strong></span> <span class='ocrx_word' id='word_1_167' title='bbox 352 1341 526 1405; x_wconf 77' lang='grc' dir='ltr'><strong>λαϐὰς</strong></span> <span class='ocrx_word' id='word_1_168' title='bbox 562 1340 891 1413; x_wconf 78' lang='grc' dir='ltr'>βουλόμενος</span> <span class='ocrx_word' id='word_1_169' title='bbox 937 1342 1234 1411; x_wconf 75' lang='grc' dir='ltr'><strong>ἐκφυγετνο</strong></span> <span class='ocrx_word' id='word_1_170' title='bbox 1275 1343 1391 1396; x_wconf 82' lang='grc' dir='ltr'>ἀλλ’</span> <span class='ocrx_word' id='word_1_171' title='bbox 1438 1343 1597 1398; x_wconf 78' lang='grc' dir='ltr'><strong>ἔλαθε</strong></span> <span class='ocrx_word' id='word_1_172' title='bbox 1649 1344 1793 1397; x_wconf 86' lang='grc' dir='ltr'>κατὰ</span> 
     </span>
    </p>
   </div>
   <div class='ocr_carea' id='block_1_23' title="bbox 1873 1340 3468 1414">
    <p class='ocr_par' dir='ltr' id='par_1_23' title="bbox 1892 1342 3468 1414">
     <span class='ocr_line' id='line_1_23' title="bbox 1892 1342 3468 1414; baseline 0.001 -17"><span class='ocrx_word' id='word_1_173' title='bbox 1892 1350 2182 1407; x_wconf 84' lang='lat' dir='ltr'><strong>terentur,</strong></span> <span class='ocrx_word' id='word_1_174' title='bbox 2245 1342 2632 1397; x_wconf 69' lang='lat' dir='ltr'><strong>fmderatorum</strong></span> <span class='ocrx_word' id='word_1_175' title='bbox 2703 1342 2950 1398; x_wconf 84' lang='lat' dir='ltr'><strong>cohortis</strong></span> <span class='ocrx_word' id='word_1_176' title='bbox 3000 1359 3171 1397; x_wconf 82' lang='lat' dir='ltr'><strong>unum</strong></span> <span class='ocrx_word' id='word_1_177' title='bbox 3230 1344 3468 1414; x_wconf 80' lang='lat' dir='ltr'><strong>aliquem</strong></span> 
     </span>
    </p>
   </div>
   <div class='ocr_carea' id='block_1_24' title="bbox 234 1434 1829 1506">
    <p class='ocr_par' dir='ltr' id='par_1_24' title="bbox 234 1434 1792 1506">
     <span class='ocr_line' id='line_1_24' title="bbox 234 1434 1792 1506; baseline 0.001 -16"><span class='ocrx_word' id='word_1_178' title='bbox 234 1435 450 1505; x_wconf 78' lang='grc' dir='ltr'>γαστέρα</span> <span class='ocrx_word' id='word_1_179' title='bbox 476 1434 709 1503; x_wconf 76' lang='grc' dir='ltr'><strong>πληγεὶς</strong></span> <span class='ocrx_word' id='word_1_180' title='bbox 734 1435 831 1487; x_wconf 77' lang='grc' dir='ltr'><strong>καὶ</strong></span> <span class='ocrx_word' id='word_1_181' title='bbox 851 1434 1065 1506; x_wconf 79' lang='grc' dir='ltr'><strong>Θανάτῳ</strong></span> <span class='ocrx_word' id='word_1_182' title='bbox 1102 1435 1453 1505; x_wconf 74' lang='grc' dir='ltr'><strong>παραδοθεὶς,</strong></span> <span class='ocrx_word' id='word_1_183' title='bbox 1486 1436 1595 1490; x_wconf 85' lang='grc' dir='ltr'><strong>τῶν</strong></span> <span class='ocrx_word' id='word_1_184' title='bbox 1623 1438 1792 1505; x_wconf 77' lang='grc' dir='ltr'><strong>ἐγκά-</strong></span> 
     </span>
    </p>
   </div>
   <div class='ocr_carea' id='block_1_25' title="bbox 1873 1434 3468 1506">
    <p class='ocr_par' dir='ltr' id='par_1_25' title="bbox 1895 1434 3468 1496">
     <span class='ocr_line' id='line_1_25' title="bbox 1895 1434 3468 1496; baseline 0 -6"><span class='ocrx_word' id='word_1_185' title='bbox 1895 1436 2138 1496; x_wconf 90' lang='lat' dir='ltr'><strong>mittunt,</strong></span> <span class='ocrx_word' id='word_1_186' title='bbox 2171 1434 2420 1491; x_wconf 87' lang='lat' dir='ltr'><strong>strictum</strong></span> <span class='ocrx_word' id='word_1_187' title='bbox 2454 1449 2640 1489; x_wconf 85' lang='lat' dir='ltr'><strong>ensem</strong></span> <span class='ocrx_word' id='word_1_188' title='bbox 2678 1435 2756 1489; x_wconf 91' lang='lat' dir='ltr'><strong>illi</strong></span> <span class='ocrx_word' id='word_1_189' title='bbox 2802 1434 3148 1490; x_wconf 76' lang='lat' dir='ltr'><strong>adacturum.</strong></span> <span class='ocrx_word' id='word_1_190' title='bbox 3184 1434 3255 1490; x_wconf 89' lang='lat' dir='ltr'><strong>Ut</strong></span> <span class='ocrx_word' id='word_1_191' title='bbox 3286 1443 3468 1490; x_wconf 89' lang='lat' dir='ltr'><strong>autem</strong></span> 
     </span>
    </p>
   </div>
   <div class='ocr_carea' id='block_1_26' title="bbox 229 1525 1824 1601">
    <p class='ocr_par' dir='ltr' id='par_1_26' title="bbox 229 1526 1793 1601">
     <span class='ocr_line' id='line_1_26' title="bbox 229 1526 1793 1601; baseline 0.001 -20"><span class='ocrx_word' id='word_1_192' title='bbox 229 1543 322 1581; x_wconf 73' lang='grc' dir='ltr'><strong>των</strong></span> <span class='ocrx_word' id='word_1_193' title='bbox 374 1526 721 1598; x_wconf 76' lang='grc' dir='ltr'><strong>ἐκχυθέντων</strong></span> <span class='ocrx_word' id='word_1_194' title='bbox 772 1526 963 1582; x_wconf 80' lang='grc' dir='ltr'>αὐτοῦ.</span> <span class='ocrx_word' id='word_1_195' title='bbox 1003 1527 1134 1581; x_wconf 84' lang='grc' dir='ltr'><strong>Ὅτε</strong></span> <span class='ocrx_word' id='word_1_196' title='bbox 1194 1527 1259 1599; x_wconf 78' lang='grc' dir='ltr'><strong>δὴ</strong></span> <span class='ocrx_word' id='word_1_197' title='bbox 1307 1528 1400 1581; x_wconf 73' lang='grc' dir='ltr'><strong>καὶ</strong></span> <span class='ocrx_word' id='word_1_198' title='bbox 1452 1530 1483 1583; x_wconf 82' lang='grc' dir='ltr'><strong><em>ὁ</em></strong></span> <span class='ocrx_word' id='word_1_199' title='bbox 1532 1530 1793 1601; x_wconf 79' lang='grc' dir='ltr'>Μανουὴλ</span> 
     </span>
    </p>
   </div>
   <div class='ocr_carea' id='block_1_27' title="bbox 1875 1525 3470 1601">
    <p class='ocr_par' dir='ltr' id='par_1_27' title="bbox 1892 1525 3470 1598">
     <span class='ocr_line' id='line_1_27' title="bbox 1892 1525 3470 1598; baseline 0.001 -14"><span class='ocrx_word' id='word_1_200' title='bbox 1892 1528 1975 1584; x_wconf 87' lang='lat' dir='ltr'><strong>sic</strong></span> <span class='ocrx_word' id='word_1_201' title='bbox 2004 1527 2196 1583; x_wconf 89' lang='lat' dir='ltr'><strong>stricto</strong></span> <span class='ocrx_word' id='word_1_202' title='bbox 2242 1527 2421 1598; x_wconf 79' lang='lat' dir='ltr'><strong>gladio</strong></span> <span class='ocrx_word' id='word_1_203' title='bbox 2458 1526 2805 1583; x_wconf 86' lang='lat' dir='ltr'><strong>invadentem</strong></span> <span class='ocrx_word' id='word_1_204' title='bbox 2837 1525 3189 1584; x_wconf 82' lang='lat' dir='ltr'><strong>Theoctistus</strong></span> <span class='ocrx_word' id='word_1_205' title='bbox 3219 1528 3470 1596; x_wconf 75' lang='lat' dir='ltr'><strong>advertit,</strong></span> 
     </span>
    </p>
   </div>
   <div class='ocr_carea' id='block_1_28' title="bbox 229 1616 1824 1693">
    <p class='ocr_par' dir='ltr' id='par_1_28' title="bbox 229 1617 1792 1693">
     <span class='ocr_line' id='line_1_28' title="bbox 229 1617 1792 1693; baseline 0.003 -22"><span class='ocrx_word' id='word_1_206' title='bbox 229 1620 577 1689; x_wconf 75' lang='grc' dir='ltr'><strong>φοιϐόληπτος</strong></span> <span class='ocrx_word' id='word_1_207' title='bbox 621 1617 813 1690; x_wconf 82' lang='grc' dir='ltr'>ὥσπερ</span> <span class='ocrx_word' id='word_1_208' title='bbox 848 1620 1141 1690; x_wconf 83' lang='grc' dir='ltr'><strong>γενόμενος</strong></span> <span class='ocrx_word' id='word_1_209' title='bbox 1177 1620 1257 1692; x_wconf 79' lang='grc' dir='ltr'><strong>τῷ</strong></span> <span class='ocrx_word' id='word_1_210' title='bbox 1305 1621 1486 1693; x_wconf 71' lang='grc' dir='ltr'><strong>Βάρδᾳ</strong></span> <span class='ocrx_word' id='word_1_211' title='bbox 1534 1623 1792 1692; x_wconf 79' lang='grc' dir='ltr'><strong>καθαρῶς</strong></span> 
     </span>
    </p>
   </div>
   <div class='ocr_carea' id='block_1_29' title="bbox 1878 1616 3473 1693">
    <p class='ocr_par' dir='ltr' id='par_1_29' title="bbox 1896 1616 3473 1687">
     <span class='ocr_line' id='line_1_29' title="bbox 1896 1616 3473 1687; baseline -0.002 -12"><span class='ocrx_word' id='word_1_212' title='bbox 1896 1620 2041 1675; x_wconf 87' lang='lat' dir='ltr'><strong>ictus</strong></span> <span class='ocrx_word' id='word_1_213' title='bbox 2067 1618 2373 1674; x_wconf 81' lang='lat' dir='ltr'><strong>declinandi</strong></span> <span class='ocrx_word' id='word_1_214' title='bbox 2401 1633 2563 1673; x_wconf 87' lang='lat' dir='ltr'><strong>causa</strong></span> <span class='ocrx_word' id='word_1_215' title='bbox 2598 1633 2883 1675; x_wconf 84' lang='lat' dir='ltr'><strong>scamnum</strong></span> <span class='ocrx_word' id='word_1_216' title='bbox 2917 1616 3103 1673; x_wconf 84' lang='lat' dir='ltr'><strong>subiit.</strong></span> <span class='ocrx_word' id='word_1_217' title='bbox 3152 1618 3473 1687; x_wconf 76' lang='lat' dir='ltr'><strong>Imprudens</strong></span> 
     </span>
    </p>
   </div>
   <div class='ocr_carea' id='block_1_30' title="bbox 227 1706 1822 1779">
    <p class='ocr_par' dir='ltr' id='par_1_30' title="bbox 227 1710 724 1779">
     <span class='ocr_line' id='line_1_30' title="bbox 227 1710 724 1779; baseline -0.004 -14"><span class='ocrx_word' id='word_1_218' title='bbox 227 1710 426 1779; x_wconf 73' lang='grc' dir='ltr'><strong>λέγεται</strong></span> <span class='ocrx_word' id='word_1_219' title='bbox 455 1711 724 1765; x_wconf 84' lang='grc' dir='ltr'><strong>ἀνειπεῖν·</strong></span> 
     </span>
    </p>
   </div>
   <div class='ocr_carea' id='block_1_31' title="bbox 1878 1706 3473 1779">
    <p class='ocr_par' dir='ltr' id='par_1_31' title="bbox 1899 1706 3473 1779">
     <span class='ocr_line' id='line_1_31' title="bbox 1899 1706 3473 1779; baseline -0.003 -14"><span class='ocrx_word' id='word_1_220' title='bbox 1899 1720 2101 1774; x_wconf 82' lang='lat' dir='ltr'><strong>tamen,</strong></span> <span class='ocrx_word' id='word_1_221' title='bbox 2162 1710 2396 1779; x_wconf 88' lang='lat' dir='ltr'><strong>impacto</strong></span> <span class='ocrx_word' id='word_1_222' title='bbox 2457 1711 2512 1767; x_wconf 86' lang='lat' dir='ltr'><strong>in</strong></span> <span class='ocrx_word' id='word_1_223' title='bbox 2571 1709 2660 1763; x_wconf 88' lang='lat' dir='ltr'><strong>ilia</strong></span> <span class='ocrx_word' id='word_1_224' title='bbox 2699 1709 2902 1775; x_wconf 78' lang='lat' dir='ltr'><strong>gladio,</strong></span> <span class='ocrx_word' id='word_1_225' title='bbox 2956 1708 3146 1763; x_wconf 78' lang='lat' dir='ltr'><strong>eﬂ&#39;usis</strong></span> <span class='ocrx_word' id='word_1_226' title='bbox 3202 1706 3473 1762; x_wconf 81' lang='lat' dir='ltr'><strong>intestinis</strong></span> 
     </span>
    </p>
   </div>
   <div class='ocr_carea' id='block_1_32' title="bbox 1821 1770 3551 1869">
    <p class='ocr_par' dir='ltr' id='par_1_32' title="bbox 1821 1770 3551 1869">
     <span class='ocr_line' id='line_1_32' title="bbox 1821 1770 3551 1869; baseline -0.004 -13"><span class='ocrx_word' id='word_1_227' title='bbox 1821 1770 1865 1828; x_wconf 70' lang='grc' dir='ltr'><strong>Β</strong></span> <span class='ocrx_word' id='word_1_228' title='bbox 1894 1770 2175 1857; x_wconf 83' lang='lat' dir='ltr'><strong>occubuit.</strong></span> <span class='ocrx_word' id='word_1_229' title='bbox 2228 1770 2364 1854; x_wconf 68' lang='lat' dir='ltr'><strong>ri‘um</strong></span> <span class='ocrx_word' id='word_1_230' title='bbox 2411 1815 2630 1869; x_wconf 83' lang='lat' dir='ltr'><strong>quoque</strong></span> <span class='ocrx_word' id='word_1_231' title='bbox 2690 1770 2988 1855; x_wconf 54' lang='lat' dir='ltr'><strong>iianuelem</strong></span> <span class='ocrx_word' id='word_1_232' title='bbox 3046 1798 3193 1852; x_wconf 88' lang='lat' dir='ltr'><strong>velut</strong></span> <span class='ocrx_word' id='word_1_233' title='bbox 3249 1797 3474 1852; x_wconf 87' lang='lat' dir='ltr'><strong>numine</strong></span> <span class='ocrx_word' id='word_1_234' title='bbox 3550 1826 3551 1829; x_wconf 60' lang='grc' dir='ltr'><strong>η</strong></span> 
     </span>
    </p>
   </div>
   <div class='ocr_carea' id='block_1_33' title="bbox 1892 1887 3204 1946">
    <p class='ocr_par' dir='ltr' id='par_1_33' title="bbox 1892 1887 3204 1946">
     <span class='ocr_line' id='line_1_33' title="bbox 1892 1887 3204 1946; baseline -0.005 0"><span class='ocrx_word' id='word_1_235' title='bbox 1892 1900 2073 1946; x_wconf 89' lang='lat' dir='ltr'><strong>actum</strong></span> <span class='ocrx_word' id='word_1_236' title='bbox 2108 1893 2186 1945; x_wconf 88' lang='lat' dir='ltr'><strong>sic</strong></span> <span class='ocrx_word' id='word_1_237' title='bbox 2206 1891 2351 1946; x_wconf 90' lang='lat' dir='ltr'><strong>clare</strong></span> <span class='ocrx_word' id='word_1_238' title='bbox 2379 1889 2567 1945; x_wconf 60' lang='lat' dir='ltr'><strong>Bardaa</strong></span> <span class='ocrx_word' id='word_1_239' title='bbox 2593 1889 2947 1945; x_wconf 81' lang='lat' dir='ltr'><strong>denuntiasse</strong></span> <span class='ocrx_word' id='word_1_240' title='bbox 2980 1887 3161 1945; x_wconf 78' lang='lat' dir='ltr'><strong>ferunt</strong></span> <span class='ocrx_word' id='word_1_241' title='bbox 3192 1904 3204 1940; x_wconf 95' lang='lat'><strong>:</strong></span> 
     </span>
    </p>
   </div>
   <div class='ocr_carea' id='block_1_34' title="bbox 350 1973 1945 2055">
    <p class='ocr_par' dir='ltr' id='par_1_34' title="bbox 350 1973 1942 2055">
     <span class='ocr_line' id='line_1_34' title="bbox 350 1973 1942 2055; baseline 0.001 -27"><span class='ocrx_word' id='word_1_242' title='bbox 350 1973 893 2055; x_wconf 38' lang='grc' dir='ltr'>ξίφος-,γυμνώσας</span> <span class='ocrx_word' id='word_1_243' title='bbox 909 1976 1005 2055; x_wconf 38' lang='grc' dir='ltr'>,εἰς</span> <span class='ocrx_word' id='word_1_244' title='bbox 1043 1978 1411 2055; x_wconf 63' lang='grc' dir='ltr'><strong>Θεοῖςτίστου</strong></span> <span class='ocrx_word' id='word_1_245' title='bbox 1432 1981 1647 2055; x_wconf 64' lang='grc' dir='ltr'>εξόνον,</span> <span class='ocrx_word' id='word_1_246' title='bbox 1897 1985 1942 2055; x_wconf 75' lang='grc' dir='ltr'><strong>ι</strong></span> 
     </span>
    </p>
   </div>
   <div class='ocr_carea' id='block_1_35' title="bbox 1664 1973 3259 2055">
    <p class='ocr_par' dir='ltr' id='par_1_35' title="bbox 1897 1978 3259 2055">
     <span class='ocr_line' id='line_1_35' title="bbox 1897 1978 3259 2055; baseline -0.007 -14"><span class='ocrx_word' id='word_1_247' title='bbox 1897 1985 2051 2055; x_wconf 71' lang='grc'><strong>17],</strong></span> <span class='ocrx_word' id='word_1_248' title='bbox 2078 1982 2382 2055; x_wconf 79' lang='lat' dir='ltr'><strong>Semelense</strong></span> <span class='ocrx_word' id='word_1_249' title='bbox 2405 1982 2649 2035; x_wconf 83' lang='lat' dir='ltr'><strong>districto</strong></span> <span class='ocrx_word' id='word_1_250' title='bbox 2675 1982 2730 2034; x_wconf 89' lang='lat' dir='ltr'><strong>in</strong></span> <span class='ocrx_word' id='word_1_251' title='bbox 2754 1978 3048 2055; x_wconf 68' lang='lat' dir='ltr'><strong>Theoctisti</strong></span> <span class='ocrx_word' id='word_1_252' title='bbox 3059 1996 3259 2045; x_wconf 82' lang='lat' dir='ltr'><strong>necem,</strong></span> 
     </span>
    </p>
   </div>
   <div class='ocr_carea' id='block_1_36' title="bbox 351 2046 1946 2121">
    <p class='ocr_par' dir='ltr' id='par_1_36' title="bbox 351 2046 1942 2117">
     <span class='ocr_line' id='line_1_36' title="bbox 351 2046 1942 2117; baseline 0.001 -17"><span class='ocrx_word' id='word_1_253' title='bbox 351 2046 587 2106; x_wconf 69' lang='grc' dir='ltr'><strong>ὀπλεζε</strong></span> <span class='ocrx_word' id='word_1_254' title='bbox 611 2048 847 2100; x_wconf 85' lang='grc' dir='ltr'>σαυτὸν</span> <span class='ocrx_word' id='word_1_255' title='bbox 873 2049 959 2113; x_wconf 78' lang='grc' dir='ltr'><strong>εὶς</strong></span> <span class='ocrx_word' id='word_1_256' title='bbox 996 2046 1244 2116; x_wconf 73' lang='grc' dir='ltr'>σφαγήν</span> <span class='ocrx_word' id='word_1_257' title='bbox 1284 2050 1412 2101; x_wconf 77' lang='grc' dir='ltr'>καθ’</span> <span class='ocrx_word' id='word_1_258' title='bbox 1433 2048 1683 2117; x_wconf 74' lang='grc' dir='ltr'><strong>ἡμέραν.</strong></span> <span class='ocrx_word' id='word_1_259' title='bbox 1897 2046 1942 2055; x_wconf 63' lang='lat'><strong>&#39;—</strong></span> 
     </span>
    </p>
   </div>
   <div class='ocr_carea' id='block_1_37' title="bbox 1688 2046 3283 2121">
    <p class='ocr_par' dir='ltr' id='par_1_37' title="bbox 1897 2046 3283 2121">
     <span class='ocr_line' id='line_1_37' title="bbox 1897 2046 3283 2121; baseline -0.004 -13"><span class='ocrx_word' id='word_1_260' title='bbox 1897 2046 1983 2055; x_wconf 68' lang='grc'><strong>””</strong></span> <span class='ocrx_word' id='word_1_261' title='bbox 2008 2046 2447 2118; x_wconf 68' lang='grc' dir='ltr'><strong>’ραοιὶάὶαηοηι</strong></span> <span class='ocrx_word' id='word_1_262' title='bbox 2477 2067 2633 2120; x_wconf 89' lang='lat' dir='ltr'><strong>porro</strong></span> <span class='ocrx_word' id='word_1_263' title='bbox 2670 2051 2941 2121; x_wconf 81' lang='lat' dir='ltr'><strong>accingere</strong></span> <span class='ocrx_word' id='word_1_264' title='bbox 2978 2052 3048 2104; x_wconf 89' lang='lat' dir='ltr'><strong>ad</strong></span> <span class='ocrx_word' id='word_1_265' title='bbox 3088 2066 3283 2105; x_wconf 81' lang='lat' dir='ltr'><strong>necem.</strong></span> 
     </span>
    </p>
   </div>
   <div class='ocr_carea' id='block_1_38' title="bbox 286 2138 1881 2214">
    <p class='ocr_par' dir='ltr' id='par_1_38' title="bbox 286 2138 1793 2210">
     <span class='ocr_line' id='line_1_38' title="bbox 286 2138 1793 2210; baseline -0.001 -17"><span class='ocrx_word' id='word_1_266' title='bbox 286 2147 355 2194; x_wconf 81' lang='grc' dir='ltr'>κ’.</span> <span class='ocrx_word' id='word_1_267' title='bbox 397 2141 539 2193; x_wconf 74' lang='grc' dir='ltr'><strong>Ἀλλ’</strong></span> <span class='ocrx_word' id='word_1_268' title='bbox 568 2141 595 2192; x_wconf 78' lang='grc'>6</span> <span class='ocrx_word' id='word_1_269' title='bbox 626 2138 727 2210; x_wconf 78' lang='grc' dir='ltr'><strong>μὲν</strong></span> <span class='ocrx_word' id='word_1_270' title='bbox 754 2138 1078 2203; x_wconf 84' lang='grc' dir='ltr'>Θεόκτιστος</span> <span class='ocrx_word' id='word_1_271' title='bbox 1106 2138 1249 2192; x_wconf 71' lang='grc' dir='ltr'><strong>οὕτω</strong></span> <span class='ocrx_word' id='word_1_272' title='bbox 1271 2140 1329 2192; x_wconf 77' lang='grc' dir='ltr'><strong>τὸ</strong></span> <span class='ocrx_word' id='word_1_273' title='bbox 1352 2139 1446 2192; x_wconf 77' lang='grc' dir='ltr'><strong>τοῦ</strong></span> <span class='ocrx_word' id='word_1_274' title='bbox 1473 2140 1589 2209; x_wconf 78' lang='grc' dir='ltr'>βίου</span> <span class='ocrx_word' id='word_1_275' title='bbox 1623 2139 1793 2206; x_wconf 78' lang='grc' dir='ltr'>πέρας</span> 
     </span>
    </p>
   </div>
   <div class='ocr_carea' id='block_1_39' title="bbox 1878 2138 3473 2214">
    <p class='ocr_par' dir='ltr' id='par_1_39' title="bbox 1962 2143 3473 2214">
     <span class='ocr_line' id='line_1_39' title="bbox 1962 2143 3473 2214; baseline -0.003 -12"><span class='ocrx_word' id='word_1_276' title='bbox 1962 2147 2053 2204; x_wconf 79' lang='lat'><strong>‘20.</strong></span> <span class='ocrx_word' id='word_1_277' title='bbox 2084 2145 2285 2201; x_wconf 86' lang='lat' dir='ltr'><strong>Verum</strong></span> <span class='ocrx_word' id='word_1_278' title='bbox 2320 2145 2467 2200; x_wconf 90' lang='lat' dir='ltr'><strong>hunc</strong></span> <span class='ocrx_word' id='word_1_279' title='bbox 2514 2144 2733 2214; x_wconf 85' lang='lat' dir='ltr'><strong>quidem</strong></span> <span class='ocrx_word' id='word_1_280' title='bbox 2765 2143 3119 2200; x_wconf 88' lang='lat' dir='ltr'><strong>Tlteoctistus</strong></span> <span class='ocrx_word' id='word_1_281' title='bbox 3160 2143 3286 2198; x_wconf 66' lang='lat' dir='ltr'><strong>vitae</strong></span> <span class='ocrx_word' id='word_1_282' title='bbox 3312 2145 3473 2199; x_wconf 84' lang='lat' dir='ltr'><strong>linem</strong></span> 
     </span>
    </p>
   </div>
   <div class='ocr_carea' id='block_1_40' title="bbox 222 2231 1817 2311">
    <p class='ocr_par' dir='ltr' id='par_1_40' title="bbox 222 2231 1795 2303">
     <span class='ocr_line' id='line_1_40' title="bbox 222 2231 1795 2303; baseline -0.001 -16"><span class='ocrx_word' id='word_1_283' title='bbox 222 2231 543 2303; x_wconf 72' lang='grc' dir='ltr'><strong>ἀπείληφεν,</strong></span> <span class='ocrx_word' id='word_1_284' title='bbox 588 2233 683 2285; x_wconf 71' lang='grc' dir='ltr'>καὶ</span> <span class='ocrx_word' id='word_1_285' title='bbox 716 2232 856 2301; x_wconf 83' lang='grc' dir='ltr'><strong>μετὰ</strong></span> <span class='ocrx_word' id='word_1_286' title='bbox 905 2231 1005 2301; x_wconf 81' lang='grc' dir='ltr'><strong>τὴν</strong></span> <span class='ocrx_word' id='word_1_287' title='bbox 1040 2231 1206 2285; x_wconf 80' lang='grc' dir='ltr'>αὐτοῦ</span> <span class='ocrx_word' id='word_1_288' title='bbox 1267 2231 1534 2302; x_wconf 78' lang='grc' dir='ltr'><strong>σφαγὴνὸ</strong></span> <span class='ocrx_word' id='word_1_289' title='bbox 1580 2232 1795 2302; x_wconf 75' lang='grc' dir='ltr'>Βάρδας</span> 
     </span>
    </p>
   </div>
   <div class='ocr_carea' id='block_1_41' title="bbox 1877 2231 3472 2311">
    <p class='ocr_par' dir='ltr' id='par_1_41' title="bbox 1895 2236 3472 2311">
     <span class='ocr_line' id='line_1_41' title="bbox 1895 2236 3472 2311; baseline -0.006 -14"><span class='ocrx_word' id='word_1_290' title='bbox 1895 2242 2123 2311; x_wconf 85' lang='lat' dir='ltr'><strong>accepit,</strong></span> <span class='ocrx_word' id='word_1_291' title='bbox 2161 2238 2367 2293; x_wconf 69' lang='lat' dir='ltr'><strong>Bartlas</strong></span> <span class='ocrx_word' id='word_1_292' title='bbox 2390 2252 2521 2292; x_wconf 90' lang='lat' dir='ltr'><strong>vero</strong></span> <span class='ocrx_word' id='word_1_293' title='bbox 2562 2236 2781 2293; x_wconf 85' lang='lat' dir='ltr'><strong>caniclii</strong></span> <span class='ocrx_word' id='word_1_294' title='bbox 2822 2251 3015 2291; x_wconf 88' lang='lat' dir='ltr'><strong>curam</strong></span> <span class='ocrx_word' id='word_1_295' title='bbox 3050 2251 3115 2291; x_wconf 90' lang='lat' dir='ltr'><strong>ac</strong></span> <span class='ocrx_word' id='word_1_296' title='bbox 3150 2236 3472 2308; x_wconf 75' lang='lat' dir='ltr'><strong>dignitatem</strong></span> 
     </span>
    </p>
   </div>
   <div class='ocr_carea' id='block_1_42' title="bbox 218 2322 1813 2396">
    <p class='ocr_par' dir='ltr' id='par_1_42' title="bbox 218 2322 1794 2396">
     <span class='ocr_line' id='line_1_42' title="bbox 218 2322 1794 2396; baseline 0 -19"><span class='ocrx_word' id='word_1_297' title='bbox 218 2324 317 2396; x_wconf 75' lang='grc' dir='ltr'><strong>τὴν</strong></span> <span class='ocrx_word' id='word_1_298' title='bbox 343 2330 437 2376; x_wconf 82' lang='grc' dir='ltr'><strong>τοῦ</strong></span> <span class='ocrx_word' id='word_1_299' title='bbox 491 2323 797 2377; x_wconf 77' lang='grc' dir='ltr'>κανικλείου</span> <span class='ocrx_word' id='word_1_300' title='bbox 832 2322 1089 2394; x_wconf 75' lang='grc' dir='ltr'><strong>φροντίδα</strong></span> <span class='ocrx_word' id='word_1_301' title='bbox 1124 2324 1219 2376; x_wconf 72' lang='grc' dir='ltr'><strong>καὶ</strong></span> <span class='ocrx_word' id='word_1_302' title='bbox 1262 2323 1427 2394; x_wconf 81' lang='grc' dir='ltr'><strong>τιμὴν</strong></span> <span class='ocrx_word' id='word_1_303' title='bbox 1475 2325 1553 2386; x_wconf 78' lang='grc' dir='ltr'><strong>εἰς</strong></span> <span class='ocrx_word' id='word_1_304' title='bbox 1602 2324 1794 2377; x_wconf 78' lang='grc' dir='ltr'><strong>ἐαυτὸν</strong></span> 
     </span>
    </p>
   </div>
   <div class='ocr_carea' id='block_1_43' title="bbox 1880 2322 3475 2396">
    <p class='ocr_par' dir='ltr' id='par_1_43' title="bbox 1895 2327 3475 2390">
     <span class='ocr_line' id='line_1_43' title="bbox 1895 2327 3475 2390; baseline -0.004 0"><span class='ocrx_word' id='word_1_305' title='bbox 1895 2335 1948 2390; x_wconf 90' lang='lat' dir='ltr'><strong>in</strong></span> <span class='ocrx_word' id='word_1_306' title='bbox 1987 2348 2047 2388; x_wconf 86' lang='lat' dir='ltr'><strong>se</strong></span> <span class='ocrx_word' id='word_1_307' title='bbox 2085 2332 2366 2386; x_wconf 85' lang='lat' dir='ltr'><strong>transulit.</strong></span> <span class='ocrx_word' id='word_1_308' title='bbox 2422 2329 2708 2384; x_wconf 88' lang='lat' dir='ltr'><strong>Theodora</strong></span> <span class='ocrx_word' id='word_1_309' title='bbox 2765 2343 2895 2387; x_wconf 87' lang='lat' dir='ltr'><strong>vero</strong></span> <span class='ocrx_word' id='word_1_310' title='bbox 2945 2327 3035 2383; x_wconf 91' lang='lat' dir='ltr'><strong>ubi</strong></span> <span class='ocrx_word' id='word_1_311' title='bbox 3070 2328 3309 2383; x_wconf 86' lang='lat' dir='ltr'><strong>immane</strong></span> <span class='ocrx_word' id='word_1_312' title='bbox 3343 2329 3475 2383; x_wconf 87' lang='lat' dir='ltr'><strong>illud</strong></span> 
     </span>
    </p>
   </div>
   <div class='ocr_carea' id='block_1_44' title="bbox 215 2414 1810 2494">
    <p class='ocr_par' dir='ltr' id='par_1_44' title="bbox 215 2414 1791 2489">
     <span class='ocr_line' id='line_1_44' title="bbox 215 2414 1791 2489; baseline -0.003 -16"><span class='ocrx_word' id='word_1_313' title='bbox 215 2417 622 2487; x_wconf 75' lang='grc' dir='ltr'><strong>ἀνελάμϐανεν·</strong></span> <span class='ocrx_word' id='word_1_314' title='bbox 652 2418 685 2489; x_wconf 75' lang='grc' dir='ltr'><strong>ἡ</strong></span> <span class='ocrx_word' id='word_1_315' title='bbox 715 2418 774 2470; x_wconf 74' lang='grc' dir='ltr'><strong>δὲ</strong></span> <span class='ocrx_word' id='word_1_316' title='bbox 811 2416 875 2488; x_wconf 78' lang='grc' dir='ltr'><strong>δὴ</strong></span> <span class='ocrx_word' id='word_1_317' title='bbox 929 2414 1181 2487; x_wconf 78' lang='grc' dir='ltr'>Θεοδώρα</span> <span class='ocrx_word' id='word_1_318' title='bbox 1220 2416 1430 2469; x_wconf 85' lang='grc' dir='ltr'><strong>τούτων</strong></span> <span class='ocrx_word' id='word_1_319' title='bbox 1469 2416 1543 2478; x_wconf 88' lang='grc' dir='ltr'>ὼς</span> <span class='ocrx_word' id='word_1_320' title='bbox 1575 2415 1791 2486; x_wconf 68' lang='grc' dir='ltr'>ᾔσθετο,</span> 
     </span>
    </p>
   </div>
   <div class='ocr_carea' id='block_1_45' title="bbox 1882 2414 3477 2494">
    <p class='ocr_par' dir='ltr' id='par_1_45' title="bbox 1895 2419 3477 2494">
     <span class='ocr_line' id='line_1_45' title="bbox 1895 2419 3477 2494; baseline -0.006 -14"><span class='ocrx_word' id='word_1_321' title='bbox 1895 2425 2075 2481; x_wconf 84' lang='lat' dir='ltr'><strong>scelus</strong></span> <span class='ocrx_word' id='word_1_322' title='bbox 2098 2422 2376 2494; x_wconf 79' lang='lat' dir='ltr'><strong>cognovit,</strong></span> <span class='ocrx_word' id='word_1_323' title='bbox 2404 2420 2584 2491; x_wconf 89' lang='lat' dir='ltr'><strong>passis</strong></span> <span class='ocrx_word' id='word_1_324' title='bbox 2616 2421 2790 2475; x_wconf 88' lang='lat' dir='ltr'><strong>comis</strong></span> <span class='ocrx_word' id='word_1_325' title='bbox 2817 2420 3148 2483; x_wconf 85' lang='lat' dir='ltr'><strong>discurrere,</strong></span> <span class='ocrx_word' id='word_1_326' title='bbox 3195 2419 3477 2488; x_wconf 83' lang='lat' dir='ltr'><strong>multoque</strong></span> 
     </span>
    </p>
   </div>
   <div class='ocr_carea' id='block_1_46' title="bbox 214 2507 1809 2585">
    <p class='ocr_par' dir='ltr' id='par_1_46' title="bbox 214 2507 1796 2581">
     <span class='ocr_line' id='line_1_46' title="bbox 214 2507 1796 2581; baseline -0.002 -16"><span class='ocrx_word' id='word_1_327' title='bbox 214 2512 511 2581; x_wconf 74' lang='grc' dir='ltr'>λυσίκομος</span> <span class='ocrx_word' id='word_1_328' title='bbox 568 2510 635 2581; x_wconf 78' lang='grc' dir='ltr'>δὴ</span> <span class='ocrx_word' id='word_1_329' title='bbox 684 2509 907 2573; x_wconf 82' lang='grc' dir='ltr'>θέουσα,</span> <span class='ocrx_word' id='word_1_330' title='bbox 956 2507 1125 2562; x_wconf 80' lang='grc' dir='ltr'>πολλὰ</span> <span class='ocrx_word' id='word_1_331' title='bbox 1176 2508 1656 2578; x_wconf 79' lang='grc' dir='ltr'>κατολοφυρομένη</span> <span class='ocrx_word' id='word_1_332' title='bbox 1703 2511 1796 2562; x_wconf 84' lang='grc' dir='ltr'><strong>ἁν-</strong></span> 
     </span>
    </p>
   </div>
   <div class='ocr_carea' id='block_1_47' title="bbox 1881 2507 3476 2585">
    <p class='ocr_par' dir='ltr' id='par_1_47' title="bbox 1895 2511 3476 2585">
     <span class='ocr_line' id='line_1_47' title="bbox 1895 2511 3476 2585; baseline -0.004 -16"><span class='ocrx_word' id='word_1_333' title='bbox 1895 2516 2100 2585; x_wconf 85' lang='lat' dir='ltr'><strong>ejulatu</strong></span> <span class='ocrx_word' id='word_1_334' title='bbox 2122 2530 2186 2569; x_wconf 88' lang='lat' dir='ltr'><strong>ac</strong></span> <span class='ocrx_word' id='word_1_335' title='bbox 2218 2513 2345 2568; x_wconf 81' lang='lat' dir='ltr'><strong>ﬂetu</strong></span> <span class='ocrx_word' id='word_1_336' title='bbox 2374 2512 2555 2567; x_wconf 88' lang='lat' dir='ltr'><strong>aulam</strong></span> <span class='ocrx_word' id='word_1_337' title='bbox 2592 2512 2836 2581; x_wconf 87' lang='lat' dir='ltr'><strong>implere,</strong></span> <span class='ocrx_word' id='word_1_338' title='bbox 2866 2512 3149 2580; x_wconf 73' lang='lat' dir='ltr'><strong>ﬁliumque</strong></span> <span class='ocrx_word' id='word_1_339' title='bbox 3179 2521 3229 2565; x_wconf 83' lang='lat' dir='ltr'><strong>et</strong></span> <span class='ocrx_word' id='word_1_340' title='bbox 3252 2511 3476 2563; x_wconf 79' lang='lat' dir='ltr'><strong>fratrem</strong></span> 
     </span>
    </p>
   </div>
   <div class='ocr_carea' id='block_1_48' title="bbox 213 2600 1808 2674">
    <p class='ocr_par' dir='ltr' id='par_1_48' title="bbox 213 2600 1794 2674">
     <span class='ocr_line' id='line_1_48' title="bbox 213 2600 1794 2674; baseline -0.003 -16"><span class='ocrx_word' id='word_1_341' title='bbox 213 2603 424 2658; x_wconf 69' lang='grc' dir='ltr'><strong>ἔκλαιεν</strong></span> <span class='ocrx_word' id='word_1_342' title='bbox 464 2602 565 2657; x_wconf 77' lang='grc' dir='ltr'>καὶ</span> <span class='ocrx_word' id='word_1_343' title='bbox 613 2601 871 2674; x_wconf 80' lang='grc' dir='ltr'><strong>ὀδυρμῶν</strong></span> <span class='ocrx_word' id='word_1_344' title='bbox 917 2600 985 2654; x_wconf 70' lang='grc' dir='ltr'><strong>τὰ</strong></span> <span class='ocrx_word' id='word_1_345' title='bbox 1016 2600 1266 2671; x_wconf 74' lang='grc' dir='ltr'>βασίλεια</span> <span class='ocrx_word' id='word_1_346' title='bbox 1310 2601 1581 2671; x_wconf 83' lang='grc' dir='ltr'><strong>ἐπλήρου,</strong></span> <span class='ocrx_word' id='word_1_347' title='bbox 1625 2603 1794 2668; x_wconf 82' lang='grc' dir='ltr'><strong>-ἁραῖς</strong></span> 
     </span>
    </p>
   </div>
   <div class='ocr_carea' id='block_1_49' title="bbox 1883 2600 3478 2674">
    <p class='ocr_par' dir='ltr' id='par_1_49' title="bbox 1896 2600 3478 2667">
     <span class='ocr_line' id='line_1_49' title="bbox 1896 2600 3478 2667; baseline -0.006 -4"><span class='ocrx_word' id='word_1_348' title='bbox 1896 2607 2030 2663; x_wconf 87' lang='lat' dir='ltr'><strong>diris</strong></span> <span class='ocrx_word' id='word_1_349' title='bbox 2058 2606 2341 2661; x_wconf 84' lang='lat' dir='ltr'><strong>devovere.</strong></span> <span class='ocrx_word' id='word_1_350' title='bbox 2380 2604 2444 2658; x_wconf 84' lang='lat' dir='ltr'><strong>Et</strong></span> <span class='ocrx_word' id='word_1_351' title='bbox 2486 2622 2499 2658; x_wconf 91' lang='lat'><strong>:</strong></span> <span class='ocrx_word' id='word_1_352' title='bbox 2544 2603 2587 2659; x_wconf 94' lang='lat'><em>0</em></span> <span class='ocrx_word' id='word_1_353' title='bbox 2614 2604 2891 2667; x_wconf 80' lang='lat' dir='ltr'><strong>immanes,</strong></span> <span class='ocrx_word' id='word_1_354' title='bbox 2917 2602 3117 2665; x_wconf 82' lang='lat' dir='ltr'><strong>aiebat,</strong></span> <span class='ocrx_word' id='word_1_355' title='bbox 3186 2600 3478 2667; x_wconf 82' lang='lat' dir='ltr'><strong>impurissi-</strong></span> 
     </span>
    </p>
   </div>
   <div class='ocr_carea' id='block_1_50' title="bbox 214 2687 1809 2768">
    <p class='ocr_par' dir='ltr' id='par_1_50' title="bbox 214 2687 1793 2766">
     <span class='ocr_line' id='line_1_50' title="bbox 214 2687 1793 2766; baseline -0.003 -16"><span class='ocrx_word' id='word_1_356' title='bbox 214 2697 562 2766; x_wconf 75' lang='grc' dir='ltr'><strong>ἀμφοτέρους</strong></span> <span class='ocrx_word' id='word_1_357' title='bbox 610 2692 1102 2749; x_wconf 78' lang='grc' dir='ltr'>καθυποσάλλουσα</span> <span class='ocrx_word' id='word_1_358' title='bbox 1147 2692 1261 2757; x_wconf 69' lang='grc' dir='ltr'>καὶ,</span> <span class='ocrx_word' id='word_1_359' title='bbox 1284 2687 1361 2747; x_wconf 67' lang='grc' dir='ltr'><strong><em>Ὠ</em></strong></span> <span class='ocrx_word' id='word_1_360' title='bbox 1387 2692 1656 2759; x_wconf 82' lang='grc' dir='ltr'><strong>ἀναιδεῖς</strong></span> <span class='ocrx_word' id='word_1_361' title='bbox 1696 2693 1793 2746; x_wconf 76' lang='grc' dir='ltr'>καὶ</span> 
     </span>
    </p>
   </div>
   <div class='ocr_carea' id='block_1_51' title="bbox 1886 2687 3481 2768">
    <p class='ocr_par' dir='ltr' id='par_1_51' title="bbox 1898 2688 3481 2768">
     <span class='ocr_line' id='line_1_51' title="bbox 1898 2688 3481 2768; baseline -0.006 -16"><span class='ocrx_word' id='word_1_362' title='bbox 1898 2714 2098 2768; x_wconf 65' lang='lat' dir='ltr'><strong>maeque</strong></span> <span class='ocrx_word' id='word_1_363' title='bbox 2147 2696 2366 2751; x_wconf 80' lang='lat' dir='ltr'><strong>bestite.’</strong></span> <span class='ocrx_word' id='word_1_364' title='bbox 2412 2694 2542 2766; x_wconf 86' lang='lat' dir='ltr'><strong>quid</strong></span> <span class='ocrx_word' id='word_1_365' title='bbox 2603 2704 2659 2747; x_wconf 90' lang='lat' dir='ltr'><strong>tu</strong></span> <span class='ocrx_word' id='word_1_366' title='bbox 2690 2693 2925 2763; x_wconf 79' lang='lat' dir='ltr'><strong>quidem,</strong></span> <span class='ocrx_word' id='word_1_367' title='bbox 2981 2691 3196 2762; x_wconf 88' lang='lat' dir='ltr'><strong>ingrata</strong></span> <span class='ocrx_word' id='word_1_368' title='bbox 3257 2688 3481 2753; x_wconf 82' lang='lat' dir='ltr'><strong>soboles,</strong></span> 
     </span>
    </p>
   </div>
   <div class='ocr_carea' id='block_1_52' title="bbox 213 2779 1808 2859">
    <p class='ocr_par' dir='ltr' id='par_1_52' title="bbox 213 2781 1798 2856">
     <span class='ocr_line' id='line_1_52' title="bbox 213 2781 1798 2856; baseline -0.001 -17"><span class='ocrx_word' id='word_1_369' title='bbox 213 2787 568 2856; x_wconf 73' lang='grc' dir='ltr'>παμμίαροι,</span> <span class='ocrx_word' id='word_1_370' title='bbox 593 2785 850 2852; x_wconf 62' lang='grc' dir='ltr'>λέγουσα,</span> <span class='ocrx_word' id='word_1_371' title='bbox 882 2781 1081 2852; x_wconf 79' lang='grc' dir='ltr'>θῆρες,</span> <span class='ocrx_word' id='word_1_372' title='bbox 1112 2784 1169 2837; x_wconf 82' lang='grc' dir='ltr'><strong>τι</strong></span> <span class='ocrx_word' id='word_1_373' title='bbox 1187 2783 1267 2837; x_wconf 88' lang='grc' dir='ltr'>σὺ</span> <span class='ocrx_word' id='word_1_374' title='bbox 1297 2782 1433 2852; x_wconf 84' lang='grc' dir='ltr'><strong>μὲν,</strong></span> <span class='ocrx_word' id='word_1_375' title='bbox 1467 2784 1798 2854; x_wconf 80' lang='grc' dir='ltr'><strong>ἀχάριστον</strong></span> 
     </span>
    </p>
   </div>
   <div class='ocr_carea' id='block_1_53' title="bbox 1883 2779 3478 2859">
    <p class='ocr_par' dir='ltr' id='par_1_53' title="bbox 1898 2779 3478 2859">
     <span class='ocr_line' id='line_1_53' title="bbox 1898 2779 3478 2859; baseline -0.006 -16"><span class='ocrx_word' id='word_1_376' title='bbox 1898 2788 2051 2845; x_wconf 84' lang='lat' dir='ltr'><strong>alteri</strong></span> <span class='ocrx_word' id='word_1_377' title='bbox 2084 2788 2294 2859; x_wconf 89' lang='lat' dir='ltr'><strong>parenti</strong></span> <span class='ocrx_word' id='word_1_378' title='bbox 2341 2795 2429 2841; x_wconf 86' lang='lat' dir='ltr'><strong>tuo</strong></span> <span class='ocrx_word' id='word_1_379' title='bbox 2478 2787 2732 2839; x_wconf 86' lang='lat' dir='ltr'><strong>bonorum</strong></span> <span class='ocrx_word' id='word_1_380' title='bbox 2772 2783 3069 2837; x_wconf 84' lang='lat' dir='ltr'><strong>mercedem</strong></span> <span class='ocrx_word' id='word_1_381' title='bbox 3123 2779 3265 2835; x_wconf 86' lang='lat' dir='ltr'><strong>mala</strong></span> <span class='ocrx_word' id='word_1_382' title='bbox 3300 2797 3478 2850; x_wconf 86' lang='lat' dir='ltr'><strong>repen-</strong></span> 
     </span>
    </p>
   </div>
   <div class='ocr_carea' id='block_1_54' title="bbox 214 2872 1809 2951">
    <p class='ocr_par' dir='ltr' id='par_1_54' title="bbox 214 2872 1798 2944">
     <span class='ocr_line' id='line_1_54' title="bbox 214 2872 1798 2944; baseline -0.001 -16"><span class='ocrx_word' id='word_1_383' title='bbox 214 2875 506 2944; x_wconf 74' lang='grc' dir='ltr'><strong>γέννημα,</strong></span> <span class='ocrx_word' id='word_1_384' title='bbox 549 2874 656 2929; x_wconf 80' lang='grc' dir='ltr'><strong>τὸν</strong></span> <span class='ocrx_word' id='word_1_385' title='bbox 681 2872 968 2940; x_wconf 77' lang='grc' dir='ltr'><strong>δεύτερόν</strong></span> <span class='ocrx_word' id='word_1_386' title='bbox 986 2888 1104 2927; x_wconf 89' lang='grc' dir='ltr'><strong>σου</strong></span> <span class='ocrx_word' id='word_1_387' title='bbox 1136 2872 1359 2939; x_wconf 73' lang='grc' dir='ltr'>πατέρα</span> <span class='ocrx_word' id='word_1_388' title='bbox 1389 2873 1625 2942; x_wconf 78' lang='grc' dir='ltr'>πονηρά</span> <span class='ocrx_word' id='word_1_389' title='bbox 1659 2875 1798 2928; x_wconf 77' lang='grc' dir='ltr'><strong>ἀντ-</strong></span> 
     </span>
    </p>
   </div>
   <div class='ocr_carea' id='block_1_55' title="bbox 1885 2872 3480 2951">
    <p class='ocr_par' dir='ltr' id='par_1_55' title="bbox 1898 2872 3480 2951">
     <span class='ocr_line' id='line_1_55' title="bbox 1898 2872 3480 2951; baseline -0.006 -17"><span class='ocrx_word' id='word_1_390' title='bbox 1898 2881 2068 2935; x_wconf 82' lang='lat' dir='ltr'><strong>disti?</strong></span> <span class='ocrx_word' id='word_1_391' title='bbox 2091 2878 2217 2951; x_wconf 86' lang='lat' dir='ltr'><strong>quid</strong></span> <span class='ocrx_word' id='word_1_392' title='bbox 2237 2894 2356 2934; x_wconf 86' lang='lat' dir='ltr'><strong>vero</strong></span> <span class='ocrx_word' id='word_1_393' title='bbox 2385 2892 2460 2943; x_wconf 88' lang='lat' dir='ltr'><strong>tu,</strong></span> <span class='ocrx_word' id='word_1_394' title='bbox 2496 2876 2669 2930; x_wconf 76' lang='lat' dir='ltr'><strong>invide</strong></span> <span class='ocrx_word' id='word_1_395' title='bbox 2688 2875 2895 2929; x_wconf 70' lang='lat' dir='ltr'><strong>daemon</strong></span> <span class='ocrx_word' id='word_1_396' title='bbox 2923 2890 2985 2927; x_wconf 90' lang='lat' dir='ltr'><strong>ac</strong></span> <span class='ocrx_word' id='word_1_397' title='bbox 3007 2873 3229 2942; x_wconf 76' lang='lat' dir='ltr'><strong>pessime</strong></span> <span class='ocrx_word' id='word_1_398' title='bbox 3258 2872 3480 2942; x_wconf 82' lang='lat' dir='ltr'><strong>(tragice</strong></span> 
     </span>
    </p>
   </div>
   <div class='ocr_carea' id='block_1_56' title="bbox 212 2963 1807 3041">
    <p class='ocr_par' dir='ltr' id='par_1_56' title="bbox 212 2963 1796 3035">
     <span class='ocr_line' id='line_1_56' title="bbox 212 2963 1796 3035; baseline -0.001 -14"><span class='ocrx_word' id='word_1_399' title='bbox 212 2967 437 3033; x_wconf 70' lang='grc' dir='ltr'><strong>ἔδωκας</strong></span> <span class='ocrx_word' id='word_1_400' title='bbox 491 2964 768 3035; x_wconf 60' lang='grc' dir='ltr'><strong>ἀγαθῶη</strong></span> <span class='ocrx_word' id='word_1_401' title='bbox 810 2965 907 3019; x_wconf 71' lang='grc' dir='ltr'>καὶ</span> <span class='ocrx_word' id='word_1_402' title='bbox 968 2964 1072 3028; x_wconf 82' lang='grc' dir='ltr'><strong>σὺ,</strong></span> <span class='ocrx_word' id='word_1_403' title='bbox 1104 2963 1386 3027; x_wconf 81' lang='grc' dir='ltr'>,ϐἀσκανε</span> <span class='ocrx_word' id='word_1_404' title='bbox 1432 2964 1649 3034; x_wconf 82' lang='grc' dir='ltr'>δαῖμον</span> <span class='ocrx_word' id='word_1_405' title='bbox 1698 2966 1796 3019; x_wconf 74' lang='grc' dir='ltr'>καὶ</span> 
     </span>
    </p>
   </div>
   <div class='ocr_carea' id='block_1_57' title="bbox 1887 2963 3482 3041">
    <p class='ocr_par' dir='ltr' id='par_1_57' title="bbox 1900 2963 3482 3041">
     <span class='ocr_line' id='line_1_57' title="bbox 1900 2963 3482 3041; baseline -0.008 -14"><span class='ocrx_word' id='word_1_406' title='bbox 1900 2972 1954 3027; x_wconf 83' lang='grc' dir='ltr'><strong>ἰη</strong></span> <span class='ocrx_word' id='word_1_407' title='bbox 1991 2972 2209 3026; x_wconf 75' lang='lat' dir='ltr'><strong>fratrem</strong></span> <span class='ocrx_word' id='word_1_408' title='bbox 2234 2969 2615 3041; x_wconf 76' lang='lat' dir='ltr'><strong>exaggerans),</strong></span> <span class='ocrx_word' id='word_1_409' title='bbox 2632 2968 2912 3036; x_wconf 85' lang='lat' dir='ltr'><strong>imperium</strong></span> <span class='ocrx_word' id='word_1_410' title='bbox 2930 2982 3121 3029; x_wconf 85' lang='lat' dir='ltr'><strong>meum,</strong></span> <span class='ocrx_word' id='word_1_411' title='bbox 3139 2963 3278 3036; x_wconf 86' lang='lat' dir='ltr'><strong>quod</strong></span> <span class='ocrx_word' id='word_1_412' title='bbox 3293 2977 3482 3029; x_wconf 84' lang='lat' dir='ltr'><strong>purum</strong></span> 
     </span>
    </p>
   </div>
   <div class='ocr_carea' id='block_1_58' title="bbox 213 3053 1808 3131">
    <p class='ocr_par' dir='ltr' id='par_1_58' title="bbox 213 3054 1798 3126">
     <span class='ocr_line' id='line_1_58' title="bbox 213 3054 1798 3126; baseline -0.001 -15"><span class='ocrx_word' id='word_1_413' title='bbox 213 3057 463 3126; x_wconf 72' lang='grc' dir='ltr'>πονηρὲ,</span> <span class='ocrx_word' id='word_1_414' title='bbox 519 3056 615 3110; x_wconf 75' lang='grc' dir='ltr'><strong>τὸν</strong></span> <span class='ocrx_word' id='word_1_415' title='bbox 678 3055 904 3122; x_wconf 76' lang='grc' dir='ltr'><strong>ἀδελφὸν</strong></span> <span class='ocrx_word' id='word_1_416' title='bbox 961 3054 1432 3125; x_wconf 77' lang='grc' dir='ltr'>ἐπιτραγῳδοῢσα,</span> <span class='ocrx_word' id='word_1_417' title='bbox 1479 3055 1595 3122; x_wconf 83' lang='grc' dir='ltr'><strong>τὴν</strong></span> <span class='ocrx_word' id='word_1_418' title='bbox 1645 3055 1798 3124; x_wconf 77' lang='grc' dir='ltr'><strong>ἐμὴν</strong></span> 
     </span>
    </p>
   </div>
   <div class='ocr_carea' id='block_1_59' title="bbox 1886 3053 3481 3131">
    <p class='ocr_par' dir='ltr' id='par_1_59' title="bbox 1902 3053 3481 3131">
     <span class='ocr_line' id='line_1_59' title="bbox 1902 3053 3481 3131; baseline -0.007 -14"><span class='ocrx_word' id='word_1_419' title='bbox 1902 3065 2372 3131; x_wconf 87' lang='lat' dir='ltr'><strong>intemeratumque</strong></span> <span class='ocrx_word' id='word_1_420' title='bbox 2396 3064 2732 3123; x_wconf 87' lang='lat' dir='ltr'><strong>constiterat,</strong></span> <span class='ocrx_word' id='word_1_421' title='bbox 2762 3058 3006 3129; x_wconf 83' lang='lat' dir='ltr'><strong>polluisti</strong></span> <span class='ocrx_word' id='word_1_422' title='bbox 3039 3064 3061 3111; x_wconf 73' lang='grc' dir='ltr'><strong>ἒν</strong></span> <span class='ocrx_word' id='word_1_423' title='bbox 3087 3066 3163 3110; x_wconf 86' lang='lat' dir='ltr'><strong>est</strong></span> <span class='ocrx_word' id='word_1_424' title='bbox 3202 3054 3339 3108; x_wconf 84' lang='lat' dir='ltr'><strong>Deus</strong></span> <span class='ocrx_word' id='word_1_425' title='bbox 3376 3053 3481 3107; x_wconf 81' lang='lat' dir='ltr'><strong>hu-</strong></span> 
     </span>
    </p>
   </div>
   <div class='ocr_carea' id='block_1_60' title="bbox 212 3147 1807 3226">
    <p class='ocr_par' dir='ltr' id='par_1_60' title="bbox 212 3148 1803 3219">
     <span class='ocr_line' id='line_1_60' title="bbox 212 3148 1803 3219; baseline -0.001 -16"><span class='ocrx_word' id='word_1_426' title='bbox 212 3150 461 3219; x_wconf 75' lang='grc' dir='ltr'>ἐμΙανας</span> <span class='ocrx_word' id='word_1_427' title='bbox 482 3148 709 3215; x_wconf 80' lang='grc' dir='ltr'><strong>ἀρχὴν,</strong></span> <span class='ocrx_word' id='word_1_428' title='bbox 733 3148 1001 3217; x_wconf 77' lang='grc' dir='ltr'>καθαρὰν</span> <span class='ocrx_word' id='word_1_429' title='bbox 1023 3148 1444 3216; x_wconf 72' lang='grc' dir='ltr'><strong>φυλαχθεῖσαν</strong></span> <span class='ocrx_word' id='word_1_430' title='bbox 1466 3148 1562 3201; x_wconf 77' lang='grc' dir='ltr'>καὶ</span> <span class='ocrx_word' id='word_1_431' title='bbox 1589 3148 1803 3217; x_wconf 82' lang='grc' dir='ltr'>ἄχραν-</span> 
     </span>
    </p>
   </div>
   <div class='ocr_carea' id='block_1_61' title="bbox 1887 3147 3482 3226">
    <p class='ocr_par' dir='ltr' id='par_1_61' title="bbox 1895 3147 3482 3226">
     <span class='ocr_line' id='line_1_61' title="bbox 1895 3147 3482 3226; baseline -0.007 -17"><span class='ocrx_word' id='word_1_432' title='bbox 1895 3156 1987 3226; x_wconf 86' lang='lat' dir='ltr'><strong>jus</strong></span> <span class='ocrx_word' id='word_1_433' title='bbox 2018 3158 2153 3208; x_wconf 85' lang='lat' dir='ltr'><strong>tanti</strong></span> <span class='ocrx_word' id='word_1_434' title='bbox 2191 3156 2451 3223; x_wconf 84' lang='lat' dir='ltr'><strong>inspector</strong></span> <span class='ocrx_word' id='word_1_435' title='bbox 2481 3154 2715 3217; x_wconf 85' lang='lat' dir='ltr'><strong>sceleris,</strong></span> <span class='ocrx_word' id='word_1_436' title='bbox 2764 3154 2854 3220; x_wconf 86' lang='lat' dir='ltr'><strong>qui</strong></span> <span class='ocrx_word' id='word_1_437' title='bbox 2882 3151 3063 3204; x_wconf 86' lang='lat' dir='ltr'><strong>ambos</strong></span> <span class='ocrx_word' id='word_1_438' title='bbox 3102 3166 3203 3202; x_wconf 86' lang='lat' dir='ltr'><strong>non</strong></span> <span class='ocrx_word' id='word_1_439' title='bbox 3236 3147 3482 3202; x_wconf 82' lang='lat' dir='ltr'><strong>dissimilt</strong></span> 
     </span>
    </p>
   </div>
   <div class='ocr_carea' id='block_1_62' title="bbox 211 3236 1806 3314">
    <p class='ocr_par' dir='ltr' id='par_1_62' title="bbox 211 3237 1802 3308">
     <span class='ocr_line' id='line_1_62' title="bbox 211 3237 1802 3308; baseline -0.002 -12"><span class='ocrx_word' id='word_1_440' title='bbox 211 3258 353 3307; x_wconf 75' lang='lat' dir='ltr'><strong>tor;</strong></span> <span class='ocrx_word' id='word_1_441' title='bbox 384 3241 524 3294; x_wconf 76' lang='grc' dir='ltr'><strong>ἔστι</strong></span> <span class='ocrx_word' id='word_1_442' title='bbox 546 3240 691 3304; x_wconf 83' lang='grc' dir='ltr'><strong>Θεὸς</strong></span> <span class='ocrx_word' id='word_1_443' title='bbox 710 3237 829 3292; x_wconf 82' lang='grc' dir='ltr'><strong>τῶν</strong></span> <span class='ocrx_word' id='word_1_444' title='bbox 846 3239 1240 3308; x_wconf 79' lang='grc' dir='ltr'><strong>τολμωμένων</strong></span> <span class='ocrx_word' id='word_1_445' title='bbox 1260 3238 1498 3307; x_wconf 71' lang='grc' dir='ltr'>ἔφορος,</span> <span class='ocrx_word' id='word_1_446' title='bbox 1518 3239 1586 3304; x_wconf 79' lang='grc' dir='ltr'><strong>ὃς</strong></span> <span class='ocrx_word' id='word_1_447' title='bbox 1611 3240 1802 3308; x_wconf 70' lang='grc' dir='ltr'><strong>ἀμφο-</strong></span> 
     </span>
    </p>
   </div>
   <div class='ocr_carea' id='block_1_63' title="bbox 1887 3236 3482 3314">
    <p class='ocr_par' dir='ltr' id='par_1_63' title="bbox 1904 3236 3482 3314">
     <span class='ocr_line' id='line_1_63' title="bbox 1904 3236 3482 3314; baseline -0.008 -14"><span class='ocrx_word' id='word_1_448' title='bbox 1904 3247 2069 3310; x_wconf 74' lang='lat' dir='ltr'><strong>exitu,</strong></span> <span class='ocrx_word' id='word_1_449' title='bbox 2116 3247 2207 3298; x_wconf 85' lang='lat' dir='ltr'><strong>sed</strong></span> <span class='ocrx_word' id='word_1_450' title='bbox 2233 3246 2350 3314; x_wconf 86' lang='lat' dir='ltr'><strong>pari</strong></span> <span class='ocrx_word' id='word_1_451' title='bbox 2391 3242 2603 3296; x_wconf 86' lang='lat' dir='ltr'><strong>tandem</strong></span> <span class='ocrx_word' id='word_1_452' title='bbox 2630 3244 2743 3295; x_wconf 89' lang='lat' dir='ltr'><strong>neci</strong></span> <span class='ocrx_word' id='word_1_453' title='bbox 2766 3239 2960 3293; x_wconf 87' lang='lat' dir='ltr'><strong>tradet.</strong></span> <span class='ocrx_word' id='word_1_454' title='bbox 2983 3240 3275 3307; x_wconf 75' lang='lat' dir='ltr'><strong>Simulque</strong></span> <span class='ocrx_word' id='word_1_455' title='bbox 3300 3236 3482 3291; x_wconf 79' lang='lat' dir='ltr'><strong>divino</strong></span> 
     </span>
    </p>
   </div>
   <div class='ocr_carea' id='block_1_64' title="bbox 208 3326 1803 3405">
    <p class='ocr_par' dir='ltr' id='par_1_64' title="bbox 208 3330 1802 3404">
     <span class='ocr_line' id='line_1_64' title="bbox 208 3330 1802 3404; baseline -0.001 -16"><span class='ocrx_word' id='word_1_456' title='bbox 208 3335 425 3404; x_wconf 77' lang='grc' dir='ltr'>τέρους</span> <span class='ocrx_word' id='word_1_457' title='bbox 442 3334 561 3386; x_wconf 79' lang='grc' dir='ltr'>οὐκ</span> <span class='ocrx_word' id='word_1_458' title='bbox 577 3332 861 3397; x_wconf 74' lang='grc' dir='ltr'><strong>ἀλλοίως,</strong></span> <span class='ocrx_word' id='word_1_459' title='bbox 876 3331 1013 3385; x_wconf 75' lang='grc' dir='ltr'><em>ἀλλ’</em></span> <span class='ocrx_word' id='word_1_460' title='bbox 1028 3333 1207 3402; x_wconf 78' lang='grc' dir='ltr'><strong>ὁμοίῳ</strong></span> <span class='ocrx_word' id='word_1_461' title='bbox 1219 3330 1450 3397; x_wconf 79' lang='grc' dir='ltr'><strong>θανάτῳ</strong></span> <span class='ocrx_word' id='word_1_462' title='bbox 1462 3331 1802 3401; x_wconf 82' lang='grc' dir='ltr'><strong>παραδώσει</strong></span> 
     </span>
    </p>
   </div>
   <div class='ocr_carea' id='block_1_65' title="bbox 1888 3326 3483 3405">
    <p class='ocr_par' dir='ltr' id='par_1_65' title="bbox 1904 3326 3483 3405">
     <span class='ocr_line' id='line_1_65' title="bbox 1904 3326 3483 3405; baseline -0.008 -13"><span class='ocrx_word' id='word_1_463' title='bbox 1904 3336 2090 3392; x_wconf 80' lang='lat' dir='ltr'><strong>furore</strong></span> <span class='ocrx_word' id='word_1_464' title='bbox 2105 3344 2371 3405; x_wconf 87' lang='lat' dir='ltr'><strong>correpta,</strong></span> <span class='ocrx_word' id='word_1_465' title='bbox 2399 3334 2573 3404; x_wconf 86' lang='lat' dir='ltr'><strong>passis</strong></span> <span class='ocrx_word' id='word_1_466' title='bbox 2604 3334 2657 3385; x_wconf 93' lang='lat' dir='ltr'><strong>in</strong></span> <span class='ocrx_word' id='word_1_467' title='bbox 2682 3332 2879 3386; x_wconf 87' lang='lat' dir='ltr'><strong>coelum</strong></span> <span class='ocrx_word' id='word_1_468' title='bbox 2914 3330 3169 3383; x_wconf 89' lang='lat' dir='ltr'><strong>manibus</strong></span> <span class='ocrx_word' id='word_1_469' title='bbox 3196 3347 3208 3381; x_wconf 89' lang='lat'>:</span> <span class='ocrx_word' id='word_1_470' title='bbox 3243 3326 3483 3389; x_wconf 82' lang='lat' dir='ltr'><strong>Videam,</strong></span> 
     </span>
    </p>
   </div>
   <div class='ocr_carea' id='block_1_66' title="bbox 212 3420 1807 3494">
    <p class='ocr_par' dir='ltr' id='par_1_66' title="bbox 212 3420 1804 3494">
     <span class='ocr_line' id='line_1_66' title="bbox 212 3420 1804 3494; baseline -0.002 -15"><span class='ocrx_word' id='word_1_471' title='bbox 212 3425 415 3491; x_wconf 77' lang='grc' dir='ltr'>δήπου</span> <span class='ocrx_word' id='word_1_472' title='bbox 452 3424 557 3477; x_wconf 70' lang='grc' dir='ltr'>καὶ</span> <span class='ocrx_word' id='word_1_473' title='bbox 598 3421 848 3492; x_wconf 68' lang='grc' dir='ltr'>φονικῷ.</span> <span class='ocrx_word' id='word_1_474' title='bbox 892 3424 1004 3477; x_wconf 73' lang='grc' dir='ltr'><strong>Καὶ</strong></span> <span class='ocrx_word' id='word_1_475' title='bbox 1051 3423 1168 3494; x_wconf 74' lang='grc' dir='ltr'><strong>ἅμα</strong></span> <span class='ocrx_word' id='word_1_476' title='bbox 1206 3420 1490 3475; x_wconf 80' lang='grc' dir='ltr'><strong>ἐπεθείασέ</strong></span> <span class='ocrx_word' id='word_1_477' title='bbox 1541 3439 1678 3486; x_wconf 85' lang='grc' dir='ltr'>πως,</span> <span class='ocrx_word' id='word_1_478' title='bbox 1705 3425 1804 3487; x_wconf 81' lang='grc' dir='ltr'><strong>τὰς</strong></span> 
     </span>
    </p>
   </div>
   <div class='ocr_carea' id='block_1_67' title="bbox 1878 3420 3473 3494">
    <p class='ocr_par' dir='ltr' id='par_1_67' title="bbox 1904 3420 3473 3494">
     <span class='ocr_line' id='line_1_67' title="bbox 1904 3420 3473 3494; baseline -0.006 -13"><span class='ocrx_word' id='word_1_479' title='bbox 1904 3427 2148 3494; x_wconf 86' lang='lat' dir='ltr'><strong>Domine,</strong></span> <span class='ocrx_word' id='word_1_480' title='bbox 2178 3428 2381 3480; x_wconf 87' lang='lat' dir='ltr'><strong>videam</strong></span> <span class='ocrx_word' id='word_1_481' title='bbox 2417 3428 2470 3478; x_wconf 89' lang='lat' dir='ltr'><strong>in</strong></span> <span class='ocrx_word' id='word_1_482' title='bbox 2510 3426 2610 3479; x_wconf 87' lang='lat' dir='ltr'><strong>viri</strong></span> <span class='ocrx_word' id='word_1_483' title='bbox 2645 3422 2801 3491; x_wconf 82' lang='lat' dir='ltr'><strong>hujus</strong></span> <span class='ocrx_word' id='word_1_484' title='bbox 2850 3433 3006 3491; x_wconf 86' lang='lat' dir='ltr'><strong>caput</strong></span> <span class='ocrx_word' id='word_1_485' title='bbox 3046 3422 3331 3474; x_wconf 86' lang='lat' dir='ltr'><strong>irruentem</strong></span> <span class='ocrx_word' id='word_1_486' title='bbox 3368 3420 3473 3472; x_wconf 83' lang='lat' dir='ltr'><strong>uin-</strong></span> 
     </span>
    </p>
   </div>
   <div class='ocr_carea' id='block_1_68' title="bbox 213 3511 1808 3588">
    <p class='ocr_par' dir='ltr' id='par_1_68' title="bbox 213 3511 1800 3588">
     <span class='ocr_line' id='line_1_68' title="bbox 213 3511 1800 3588; baseline -0.002 -18"><span class='ocrx_word' id='word_1_487' title='bbox 213 3520 406 3588; x_wconf 79' lang='grc' dir='ltr'>χεῖρας</span> <span class='ocrx_word' id='word_1_488' title='bbox 468 3516 784 3580; x_wconf 80' lang='grc' dir='ltr'><strong>πετάσασα,</strong></span> <span class='ocrx_word' id='word_1_489' title='bbox 840 3514 1056 3584; x_wconf 77' lang='grc' dir='ltr'><strong>Ἰδοιμι</strong></span> <span class='ocrx_word' id='word_1_490' title='bbox 1101 3511 1548 3577; x_wconf 76' lang='grc' dir='ltr'>ἐπιπεσοῦσαν,</span> <span class='ocrx_word' id='word_1_491' title='bbox 1601 3514 1800 3581; x_wconf 78' lang='grc' dir='ltr'><strong>Κύριε,</strong></span> 
     </span>
    </p>
   </div>
   <div class='ocr_carea' id='block_1_69' title="bbox 1889 3511 3484 3588">
    <p class='ocr_par' dir='ltr' id='par_1_69' title="bbox 1904 3511 3484 3588">
     <span class='ocr_line' id='line_1_69' title="bbox 1904 3511 3484 3588; baseline -0.006 -14"><span class='ocrx_word' id='word_1_492' title='bbox 1904 3522 2123 3575; x_wconf 87' lang='lat' dir='ltr'><strong>dictam.</strong></span> <span class='ocrx_word' id='word_1_493' title='bbox 2177 3517 2308 3588; x_wconf 86' lang='lat' dir='ltr'><strong>Ejus</strong></span> <span class='ocrx_word' id='word_1_494' title='bbox 2353 3519 2538 3588; x_wconf 84' lang='lat' dir='ltr'><strong>itaque</strong></span> <span class='ocrx_word' id='word_1_495' title='bbox 2589 3526 2793 3571; x_wconf 85' lang='lat' dir='ltr'><strong>extunc</strong></span> <span class='ocrx_word' id='word_1_496' title='bbox 2858 3514 3081 3569; x_wconf 84' lang='lat' dir='ltr'><strong>crebras</strong></span> <span class='ocrx_word' id='word_1_497' title='bbox 3152 3511 3302 3567; x_wconf 85' lang='lat' dir='ltr'><strong>diras</strong></span> <span class='ocrx_word' id='word_1_498' title='bbox 3355 3527 3484 3580; x_wconf 91' lang='lat' dir='ltr'><strong>pro-</strong></span> 
     </span>
    </p>
   </div>
   <div class='ocr_carea' id='block_1_70' title="bbox 214 3602 1809 3683">
    <p class='ocr_par' dir='ltr' id='par_1_70' title="bbox 214 3602 1806 3680">
     <span class='ocr_line' id='line_1_70' title="bbox 214 3602 1806 3680; baseline -0.004 -17"><span class='ocrx_word' id='word_1_499' title='bbox 214 3611 395 3680; x_wconf 78' lang='grc' dir='ltr'><strong>ιδοιμι</strong></span> <span class='ocrx_word' id='word_1_500' title='bbox 425 3609 548 3677; x_wconf 78' lang='grc' dir='ltr'><strong>τὴν</strong></span> <span class='ocrx_word' id='word_1_501' title='bbox 577 3606 684 3661; x_wconf 85' lang='grc' dir='ltr'><strong>τοῦ</strong></span> <span class='ocrx_word' id='word_1_502' title='bbox 713 3606 1028 3676; x_wconf 82' lang='grc' dir='ltr'>ἀνθρώπου</span> <span class='ocrx_word' id='word_1_503' title='bbox 1049 3607 1268 3660; x_wconf 85' lang='grc' dir='ltr'>τούτου</span> <span class='ocrx_word' id='word_1_504' title='bbox 1290 3604 1628 3672; x_wconf 80' lang='grc' dir='ltr'><strong>ἐκδίκησιν.</strong></span> <span class='ocrx_word' id='word_1_505' title='bbox 1661 3602 1806 3657; x_wconf 83' lang='grc' dir='ltr'>Ταύ-</span> 
     </span>
    </p>
   </div>
   <div class='ocr_carea' id='block_1_71' title="bbox 1887 3602 3482 3683">
    <p class='ocr_par' dir='ltr' id='par_1_71' title="bbox 1906 3605 3482 3683">
     <span class='ocr_line' id='line_1_71' title="bbox 1906 3605 3482 3683; baseline -0.008 -15"><span class='ocrx_word' id='word_1_506' title='bbox 1906 3614 2115 3683; x_wconf 85' lang='lat' dir='ltr'><strong>braque</strong></span> <span class='ocrx_word' id='word_1_507' title='bbox 2137 3625 2243 3666; x_wconf 90' lang='lat' dir='ltr'><strong>non</strong></span> <span class='ocrx_word' id='word_1_508' title='bbox 2272 3612 2528 3671; x_wconf 78' lang='lat' dir='ltr'><strong>ferentes.</strong></span> <span class='ocrx_word' id='word_1_509' title='bbox 2557 3625 2623 3663; x_wconf 91' lang='lat' dir='ltr'><strong>ac</strong></span> <span class='ocrx_word' id='word_1_510' title='bbox 2648 3624 2773 3665; x_wconf 89' lang='lat' dir='ltr'><strong>cum</strong></span> <span class='ocrx_word' id='word_1_511' title='bbox 2808 3607 2972 3664; x_wconf 90' lang='lat' dir='ltr'><strong>simul</strong></span> <span class='ocrx_word' id='word_1_512' title='bbox 3021 3605 3227 3661; x_wconf 86' lang='lat' dir='ltr'><strong>Bardas</strong></span> <span class='ocrx_word' id='word_1_513' title='bbox 3270 3619 3482 3674; x_wconf 75' lang='lat' dir='ltr'><strong>occoep-</strong></span> 
     </span>
    </p>
   </div>
   <div class='ocr_carea' id='block_1_72' title="bbox 216 3696 1811 3775">
    <p class='ocr_par' dir='ltr' id='par_1_72' title="bbox 216 3696 1806 3775">
     <span class='ocr_line' id='line_1_72' title="bbox 216 3696 1806 3775; baseline -0.006 -18"><span class='ocrx_word' id='word_1_514' title='bbox 216 3722 313 3775; x_wconf 83' lang='grc' dir='ltr'><strong>της</strong></span> <span class='ocrx_word' id='word_1_515' title='bbox 346 3704 449 3757; x_wconf 76' lang='grc' dir='ltr'>οὖν</span> <span class='ocrx_word' id='word_1_516' title='bbox 494 3703 683 3755; x_wconf 69' lang='grc' dir='ltr'><strong>ἔκτοτε</strong></span> <span class='ocrx_word' id='word_1_517' title='bbox 730 3702 828 3763; x_wconf 82' lang='grc' dir='ltr'><strong>τὰς</strong></span> <span class='ocrx_word' id='word_1_518' title='bbox 872 3700 1075 3763; x_wconf 78' lang='grc' dir='ltr'>πυκνὰς</span> <span class='ocrx_word' id='word_1_519' title='bbox 1098 3698 1239 3769; x_wconf 73' lang='grc' dir='ltr'>ἀρὰς</span> <span class='ocrx_word' id='word_1_520' title='bbox 1281 3698 1357 3769; x_wconf 76' lang='grc' dir='ltr'><strong>μὴ</strong></span> <span class='ocrx_word' id='word_1_521' title='bbox 1407 3698 1665 3768; x_wconf 80' lang='grc' dir='ltr'><strong>φέροντες</strong></span> <span class='ocrx_word' id='word_1_522' title='bbox 1710 3696 1806 3750; x_wconf 73' lang='grc' dir='ltr'>καὶ</span> 
     </span>
    </p>
   </div>
   <div class='ocr_carea' id='block_1_73' title="bbox 1897 3696 3492 3775">
    <p class='ocr_par' dir='ltr' id='par_1_73' title="bbox 1910 3699 3484 3774">
     <span class='ocr_line' id='line_1_73' title="bbox 1910 3699 3484 3774; baseline -0.006 -14"><span class='ocrx_word' id='word_1_523' title='bbox 1910 3714 2019 3760; x_wconf 90' lang='lat' dir='ltr'><strong>tam</strong></span> <span class='ocrx_word' id='word_1_524' title='bbox 2047 3706 2190 3760; x_wconf 91' lang='lat' dir='ltr'><strong>viam</strong></span> <span class='ocrx_word' id='word_1_525' title='bbox 2225 3703 2442 3774; x_wconf 88' lang='lat' dir='ltr'><strong>insequi</strong></span> <span class='ocrx_word' id='word_1_526' title='bbox 2472 3703 2656 3767; x_wconf 86' lang='lat' dir='ltr'><strong>vellet,</strong></span> <span class='ocrx_word' id='word_1_527' title='bbox 2698 3717 2821 3756; x_wconf 84' lang='lat' dir='ltr'><strong>eam</strong></span> <span class='ocrx_word' id='word_1_528' title='bbox 2854 3715 3077 3771; x_wconf 88' lang='lat' dir='ltr'><strong>quoque</strong></span> <span class='ocrx_word' id='word_1_529' title='bbox 3115 3699 3237 3753; x_wconf 89' lang='lat' dir='ltr'><strong>aula</strong></span> <span class='ocrx_word' id='word_1_530' title='bbox 3264 3712 3484 3751; x_wconf 87' lang='lat' dir='ltr'><strong>moven-</strong></span> 
     </span>
    </p>
   </div>
   <div class='ocr_carea' id='block_1_74' title="bbox 214 3785 1809 3866">
    <p class='ocr_par' dir='ltr' id='par_1_74' title="bbox 214 3785 1807 3861">
     <span class='ocr_line' id='line_1_74' title="bbox 214 3785 1807 3861; baseline -0.004 -15"><span class='ocrx_word' id='word_1_531' title='bbox 214 3793 586 3861; x_wconf 64' lang='grc' dir='ltr'><strong>ὀνειδωμοὺς,</strong></span> <span class='ocrx_word' id='word_1_532' title='bbox 616 3792 712 3844; x_wconf 78' lang='grc' dir='ltr'><strong>καὶ</strong></span> <span class='ocrx_word' id='word_1_533' title='bbox 768 3791 886 3861; x_wconf 72' lang='grc' dir='ltr'>ἅμα</span> <span class='ocrx_word' id='word_1_534' title='bbox 918 3787 1015 3859; x_wconf 80' lang='grc' dir='ltr'><strong>τὴν</strong></span> <span class='ocrx_word' id='word_1_535' title='bbox 1054 3788 1175 3841; x_wconf 82' lang='grc' dir='ltr'>κατ’</span> <span class='ocrx_word' id='word_1_536' title='bbox 1220 3787 1381 3841; x_wconf 79' lang='grc' dir='ltr'><strong>αὐτὸν</strong></span> <span class='ocrx_word' id='word_1_537' title='bbox 1420 3785 1659 3839; x_wconf 79' lang='grc' dir='ltr'><strong>ἐλαύνων</strong></span> <span class='ocrx_word' id='word_1_538' title='bbox 1692 3786 1741 3818; x_wconf 65' lang='grc'><strong><em>⁷⁵</em></strong></span> <span class='ocrx_word' id='word_1_539' title='bbox 1778 3787 1807 3839; x_wconf 85' lang='grc' dir='ltr'>ὀ</span> 
     </span>
    </p>
   </div>
   <div class='ocr_carea' id='block_1_75' title="bbox 1891 3785 3486 3866">
    <p class='ocr_par' dir='ltr' id='par_1_75' title="bbox 1908 3787 3486 3866">
     <span class='ocr_line' id='line_1_75' title="bbox 1908 3787 3486 3866; baseline -0.008 -14"><span class='ocrx_word' id='word_1_540' title='bbox 1908 3798 2030 3853; x_wconf 76' lang='lat' dir='ltr'><strong>dam</strong></span> <span class='ocrx_word' id='word_1_541' title='bbox 2052 3806 2312 3858; x_wconf 89' lang='lat' dir='ltr'><strong>statuere,</strong></span> <span class='ocrx_word' id='word_1_542' title='bbox 2343 3797 2601 3865; x_wconf 88' lang='lat' dir='ltr'><strong>nudoque</strong></span> <span class='ocrx_word' id='word_1_543' title='bbox 2632 3794 2800 3866; x_wconf 88' lang='lat' dir='ltr'><strong>(quod</strong></span> <span class='ocrx_word' id='word_1_544' title='bbox 2826 3794 3001 3862; x_wconf 85' lang='lat' dir='ltr'><strong>aiunt)</strong></span> <span class='ocrx_word' id='word_1_545' title='bbox 3028 3792 3205 3862; x_wconf 88' lang='lat' dir='ltr'><strong>capite</strong></span> <span class='ocrx_word' id='word_1_546' title='bbox 3223 3787 3486 3861; x_wconf 90' lang='lat' dir='ltr'><strong>quidquid</strong></span> 
     </span>
    </p>
   </div>
   <div class='ocr_carea' id='block_1_76' title="bbox 214 3874 1809 3959">
    <p class='ocr_par' dir='ltr' id='par_1_76' title="bbox 214 3874 1808 3953">
     <span class='ocr_line' id='line_1_76' title="bbox 214 3874 1808 3953; baseline -0.006 -16"><span class='ocrx_word' id='word_1_547' title='bbox 214 3884 438 3953; x_wconf 69' lang='grc' dir='ltr'>Βάρδας</span> <span class='ocrx_word' id='word_1_548' title='bbox 484 3882 629 3943; x_wconf 71' lang='grc' dir='ltr'><strong>ὁδὸν,</strong></span> <span class='ocrx_word' id='word_1_549' title='bbox 670 3882 915 3948; x_wconf 78' lang='grc' dir='ltr'><strong>ἔγνωσαν</strong></span> <span class='ocrx_word' id='word_1_550' title='bbox 945 3879 1039 3930; x_wconf 71' lang='grc' dir='ltr'><strong>καὶ</strong></span> <span class='ocrx_word' id='word_1_551' title='bbox 1076 3876 1283 3946; x_wconf 79' lang='grc' dir='ltr'><strong>ταύτην</strong></span> <span class='ocrx_word' id='word_1_552' title='bbox 1334 3874 1543 3929; x_wconf 76' lang='grc' dir='ltr'><strong>ἐκεῖθεν</strong></span> <span class='ocrx_word' id='word_1_553' title='bbox 1579 3874 1808 3928; x_wconf 81' lang='grc' dir='ltr'><strong>ἀπώσα-</strong></span> 
     </span>
    </p>
   </div>
   <div class='ocr_carea' id='block_1_77' title="bbox 1891 3874 3486 3959">
    <p class='ocr_par' dir='ltr' id='par_1_77' title="bbox 1908 3887 3486 3959">
     <span class='ocr_line' id='line_1_77' title="bbox 1908 3887 3486 3959; baseline -0.006 -15"><span class='ocrx_word' id='word_1_554' title='bbox 1908 3890 2165 3945; x_wconf 83' lang='lat' dir='ltr'><strong>libuisset</strong></span> <span class='ocrx_word' id='word_1_555' title='bbox 2204 3898 2442 3959; x_wconf 85' lang='lat' dir='ltr'><strong>patrare.</strong></span> <span class='ocrx_word' id='word_1_556' title='bbox 2509 3888 2630 3953; x_wconf 86' lang='lat' dir='ltr'><strong>Quo</strong></span> <span class='ocrx_word' id='word_1_557' title='bbox 2688 3888 2779 3942; x_wconf 87' lang='lat' dir='ltr'><strong>illa</strong></span> <span class='ocrx_word' id='word_1_558' title='bbox 2833 3887 3200 3954; x_wconf 89' lang='lat' dir='ltr'><strong>deprehenso,</strong></span> <span class='ocrx_word' id='word_1_559' title='bbox 3257 3893 3318 3939; x_wconf 92' lang='lat' dir='ltr'><strong>ut</strong></span> <span class='ocrx_word' id='word_1_560' title='bbox 3368 3892 3486 3937; x_wconf 90' lang='lat' dir='ltr'><strong>erat</strong></span> 
     </span>
    </p>
   </div>
   <div class='ocr_carea' id='block_1_78' title="bbox 215 3966 1810 4053">
    <p class='ocr_par' dir='ltr' id='par_1_78' title="bbox 215 3966 1807 4042">
     <span class='ocr_line' id='line_1_78' title="bbox 215 3966 1807 4042; baseline -0.006 -14"><span class='ocrx_word' id='word_1_561' title='bbox 215 3975 341 4028; x_wconf 74' lang='grc' dir='ltr'>σθαι</span> <span class='ocrx_word' id='word_1_562' title='bbox 381 3974 482 4027; x_wconf 73' lang='grc' dir='ltr'><strong>καὶ</strong></span> <span class='ocrx_word' id='word_1_563' title='bbox 514 3973 696 4042; x_wconf 77' lang='grc' dir='ltr'>γυμνῇ</span> <span class='ocrx_word' id='word_1_564' title='bbox 733 3972 933 4040; x_wconf 79' lang='grc' dir='ltr'><strong>χωρεῖν</strong></span> <span class='ocrx_word' id='word_1_565' title='bbox 963 3968 1099 4038; x_wconf 83' lang='grc' dir='ltr'>πρὸς</span> <span class='ocrx_word' id='word_1_566' title='bbox 1134 3969 1284 4023; x_wconf 73' lang='grc' dir='ltr'>ἅπαν</span> <span class='ocrx_word' id='word_1_567' title='bbox 1316 3968 1499 4029; x_wconf 73' lang='grc' dir='ltr'>αὐτοῖς</span> <span class='ocrx_word' id='word_1_568' title='bbox 1527 3966 1587 4019; x_wconf 83' lang='grc' dir='ltr'><strong>τδ</strong></span> <span class='ocrx_word' id='word_1_569' title='bbox 1616 3966 1807 4031; x_wconf 73' lang='grc' dir='ltr'>δοκοῦν</span> 
     </span>
    </p>
   </div>
   <div class='ocr_carea' id='block_1_79' title="bbox 1891 3966 3486 4053">
    <p class='ocr_par' dir='ltr' id='par_1_79' title="bbox 1910 3977 3486 4053">
     <span class='ocr_line' id='line_1_79' title="bbox 1910 3977 3486 4053; baseline -0.005 -17"><span class='ocrx_word' id='word_1_570' title='bbox 1910 3983 2109 4037; x_wconf 89' lang='lat' dir='ltr'><strong>mulier</strong></span> <span class='ocrx_word' id='word_1_571' title='bbox 2141 3980 2322 4053; x_wconf 79' lang='lat' dir='ltr'><strong>sagaci</strong></span> <span class='ocrx_word' id='word_1_572' title='bbox 2367 3981 2606 4051; x_wconf 80' lang='lat' dir='ltr'><strong>ingenio,</strong></span> <span class='ocrx_word' id='word_1_573' title='bbox 2636 3978 2782 4033; x_wconf 87' lang='lat' dir='ltr'><strong>haud</strong></span> <span class='ocrx_word' id='word_1_574' title='bbox 2836 3985 2953 4033; x_wconf 88' lang='lat' dir='ltr'><strong>rata</strong></span> <span class='ocrx_word' id='word_1_575' title='bbox 3005 3977 3396 4038; x_wconf 82' lang='lat' dir='ltr'><strong>resistendum,</strong></span> <span class='ocrx_word' id='word_1_576' title='bbox 3426 3990 3486 4028; x_wconf 89' lang='lat' dir='ltr'><strong>eu</strong></span> 
     </span>
    </p>
   </div>
   <div class='ocr_carea' id='block_1_80' title="bbox 213 4059 1808 4144">
    <p class='ocr_par' dir='ltr' id='par_1_80' title="bbox 213 4059 1807 4139">
     <span class='ocr_line' id='line_1_80' title="bbox 213 4059 1807 4139; baseline -0.006 -18"><span class='ocrx_word' id='word_1_577' title='bbox 213 4066 460 4137; x_wconf 76' lang='grc' dir='ltr'><strong>κεφαλῇ.</strong></span> <span class='ocrx_word' id='word_1_578' title='bbox 489 4065 581 4139; x_wconf 73' lang='grc' dir='ltr'><strong>[Ρ.</strong></span> <span class='ocrx_word' id='word_1_579' title='bbox 607 4063 733 4136; x_wconf 79' lang='grc'><strong>107]</strong></span> <span class='ocrx_word' id='word_1_580' title='bbox 770 4064 948 4132; x_wconf 85' lang='grc' dir='ltr'>Ὅπερ</span> <span class='ocrx_word' id='word_1_581' title='bbox 976 4062 1161 4130; x_wconf 76' lang='grc' dir='ltr'><strong>ἐκείνη</strong></span> <span class='ocrx_word' id='word_1_582' title='bbox 1210 4059 1660 4130; x_wconf 77' lang='grc' dir='ltr'>καταφωράσασα</span> <span class='ocrx_word' id='word_1_583' title='bbox 1689 4060 1807 4130; x_wconf 73' lang='grc' dir='ltr'>(καὶ</span> 
     </span>
    </p>
   </div>
   <div class='ocr_carea' id='block_1_81' title="bbox 1881 4059 3476 4144">
    <p class='ocr_par' dir='ltr' id='par_1_81' title="bbox 1910 4065 3476 4144">
     <span class='ocr_line' id='line_1_81' title="bbox 1910 4065 3476 4144; baseline -0.006 -18"><span class='ocrx_word' id='word_1_584' title='bbox 1910 4075 2054 4144; x_wconf 85' lang='lat' dir='ltr'><strong>quod</strong></span> <span class='ocrx_word' id='word_1_585' title='bbox 2090 4073 2378 4126; x_wconf 87' lang='lat' dir='ltr'><strong>hominum</strong></span> <span class='ocrx_word' id='word_1_586' title='bbox 2415 4071 2589 4126; x_wconf 60' lang='lat' dir='ltr'><strong>cades</strong></span> <span class='ocrx_word' id='word_1_587' title='bbox 2620 4071 2934 4141; x_wconf 84' lang='lat' dir='ltr'><strong>civiumque</strong></span> <span class='ocrx_word' id='word_1_588' title='bbox 2982 4070 3182 4123; x_wconf 85' lang='lat' dir='ltr'><strong>damna</strong></span> <span class='ocrx_word' id='word_1_589' title='bbox 3227 4065 3476 4121; x_wconf 48' lang='lat' dir='ltr'><strong>formida.</strong></span> 
     </span>
    </p>
   </div>
   <div class='ocr_carea' id='block_1_82' title="bbox 211 4152 1806 4235">
    <p class='ocr_par' dir='ltr' id='par_1_82' title="bbox 211 4152 1806 4231">
     <span class='ocr_line' id='line_1_82' title="bbox 211 4152 1806 4231; baseline -0.007 -18"><span class='ocrx_word' id='word_1_590' title='bbox 211 4161 328 4231; x_wconf 68' lang='grc' dir='ltr'><strong>γὰρ</strong></span> <span class='ocrx_word' id='word_1_591' title='bbox 355 4156 432 4230; x_wconf 71' lang='grc' dir='ltr'><strong>ἢν</strong></span> <span class='ocrx_word' id='word_1_592' title='bbox 462 4160 592 4211; x_wconf 78' lang='grc' dir='ltr'><strong>ἰδεῖν</strong></span> <span class='ocrx_word' id='word_1_593' title='bbox 624 4159 720 4209; x_wconf 78' lang='grc' dir='ltr'><strong>καὶ</strong></span> <span class='ocrx_word' id='word_1_594' title='bbox 751 4154 1117 4225; x_wconf 81' lang='grc' dir='ltr'><strong>στοχάσασθαι</strong></span> <span class='ocrx_word' id='word_1_595' title='bbox 1163 4153 1385 4221; x_wconf 87' lang='grc' dir='ltr'><strong>δυνατὴ)</strong></span> <span class='ocrx_word' id='word_1_596' title='bbox 1420 4152 1806 4222; x_wconf 77' lang='grc' dir='ltr'><strong>ἀντιπράττειν</strong></span> 
     </span>
    </p>
   </div>
   <div class='ocr_carea' id='block_1_83' title="bbox 1891 4152 3486 4235">
    <p class='ocr_par' dir='ltr' id='par_1_83' title="bbox 1911 4160 3486 4235">
     <span class='ocr_line' id='line_1_83' title="bbox 1911 4160 3486 4235; baseline -0.007 -14"><span class='ocrx_word' id='word_1_597' title='bbox 1911 4174 2015 4232; x_wconf 86' lang='lat' dir='ltr'><strong>ret,</strong></span> <span class='ocrx_word' id='word_1_598' title='bbox 2073 4174 2455 4235; x_wconf 75' lang='lat' dir='ltr'><strong>congestarum</strong></span> <span class='ocrx_word' id='word_1_599' title='bbox 2501 4164 2769 4218; x_wconf 89' lang='lat' dir='ltr'><strong>hactenus</strong></span> <span class='ocrx_word' id='word_1_600' title='bbox 2830 4162 2882 4216; x_wconf 89' lang='lat' dir='ltr'><strong>in</strong></span> <span class='ocrx_word' id='word_1_601' title='bbox 2936 4162 3087 4231; x_wconf 74' lang='lat' dir='ltr'><strong>regia</strong></span> <span class='ocrx_word' id='word_1_602' title='bbox 3126 4160 3486 4228; x_wconf 89' lang='lat' dir='ltr'><strong>pecuniarum</strong></span> 
     </span>
    </p>
   </div>
   <div class='ocr_carea' id='block_1_84' title="bbox 210 4242 1805 4324">
    <p class='ocr_par' dir='ltr' id='par_1_84' title="bbox 210 4242 1805 4322">
     <span class='ocr_line' id='line_1_84' title="bbox 210 4242 1805 4322; baseline -0.007 -17"><span class='ocrx_word' id='word_1_603' title='bbox 210 4255 321 4306; x_wconf 71' lang='grc' dir='ltr'>οὐκ</span> <span class='ocrx_word' id='word_1_604' title='bbox 347 4252 493 4322; x_wconf 78' lang='grc' dir='ltr'><strong>ᾤετο</strong></span> <span class='ocrx_word' id='word_1_605' title='bbox 519 4252 652 4315; x_wconf 76' lang='grc' dir='ltr'><strong>δεῖν,</strong></span> <span class='ocrx_word' id='word_1_606' title='bbox 687 4250 881 4318; x_wconf 80' lang='grc' dir='ltr'><strong>φόνους</strong></span> <span class='ocrx_word' id='word_1_607' title='bbox 911 4246 1019 4300; x_wconf 84' lang='grc' dir='ltr'><strong>τῶν</strong></span> <span class='ocrx_word' id='word_1_608' title='bbox 1052 4245 1353 4317; x_wconf 81' lang='grc' dir='ltr'><strong>ἀνθρώπων</strong></span> <span class='ocrx_word' id='word_1_609' title='bbox 1394 4245 1489 4297; x_wconf 81' lang='grc' dir='ltr'><strong>καὶ</strong></span> <span class='ocrx_word' id='word_1_610' title='bbox 1521 4242 1805 4313; x_wconf 72' lang='grc' dir='ltr'><strong>ὁμοφύλων</strong></span> 
     </span>
    </p>
   </div>
   <div class='ocr_carea' id='block_1_85' title="bbox 1893 4242 3488 4324">
    <p class='ocr_par' dir='ltr' id='par_1_85' title="bbox 1910 4245 3488 4324">
     <span class='ocr_line' id='line_1_85' title="bbox 1910 4245 3488 4324; baseline -0.01 -12"><span class='ocrx_word' id='word_1_611' title='bbox 1910 4258 2020 4311; x_wconf 93' lang='lat' dir='ltr'><strong>vim</strong></span> <span class='ocrx_word' id='word_1_612' title='bbox 2056 4255 2266 4312; x_wconf 85' lang='lat' dir='ltr'><strong>senatui</strong></span> <span class='ocrx_word' id='word_1_613' title='bbox 2320 4253 2700 4324; x_wconf 85' lang='lat' dir='ltr'><strong>exponendam</strong></span> <span class='ocrx_word' id='word_1_614' title='bbox 2754 4251 2935 4316; x_wconf 75' lang='lat' dir='ltr'><strong>duxit,</strong></span> <span class='ocrx_word' id='word_1_615' title='bbox 2974 4250 3132 4320; x_wconf 78' lang='lat'><strong>172</strong></span> <span class='ocrx_word' id='word_1_616' title='bbox 3187 4257 3245 4301; x_wconf 92' lang='lat' dir='ltr'><strong>ut</strong></span> <span class='ocrx_word' id='word_1_617' title='bbox 3286 4257 3341 4301; x_wconf 90' lang='lat' dir='ltr'><strong>et</strong></span> <span class='ocrx_word' id='word_1_618' title='bbox 3398 4245 3488 4298; x_wconf 89' lang='lat' dir='ltr'><strong>lilii</strong></span> 
     </span>
    </p>
   </div>
   <div class='ocr_carea' id='block_1_86' title="bbox 215 4335 1810 4418">
    <p class='ocr_par' dir='ltr' id='par_1_86' title="bbox 215 4335 1810 4415">
     <span class='ocr_line' id='line_1_86' title="bbox 215 4335 1810 4415; baseline -0.005 -22"><span class='ocrx_word' id='word_1_619' title='bbox 215 4344 435 4415; x_wconf 70' lang='grc' dir='ltr'><strong>βλάΰας</strong></span> <span class='ocrx_word' id='word_1_620' title='bbox 461 4342 809 4411; x_wconf 74' lang='grc' dir='ltr'>ἐκφεύγουσα</span> <span class='ocrx_word' id='word_1_621' title='bbox 829 4359 842 4373; x_wconf 94' lang='grc'><strong>·</strong></span> <span class='ocrx_word' id='word_1_622' title='bbox 874 4340 963 4393; x_wconf 81' lang='grc' dir='ltr'><strong>τὸν</strong></span> <span class='ocrx_word' id='word_1_623' title='bbox 984 4339 1040 4391; x_wconf 85' lang='grc' dir='ltr'><strong>δέ</strong></span> <span class='ocrx_word' id='word_1_624' title='bbox 1072 4338 1209 4400; x_wconf 85' lang='grc' dir='ltr'><strong>τέως</strong></span> <span class='ocrx_word' id='word_1_625' title='bbox 1237 4335 1489 4397; x_wconf 80' lang='grc' dir='ltr'><strong>πλοῦτον,</strong></span> <span class='ocrx_word' id='word_1_626' title='bbox 1520 4335 1613 4388; x_wconf 77' lang='grc' dir='ltr'><strong>τὸν</strong></span> <span class='ocrx_word' id='word_1_627' title='bbox 1642 4336 1810 4406; x_wconf 75' lang='grc' dir='ltr'><strong>σήμε-</strong></span> 
     </span>
    </p>
   </div>
   <div class='ocr_carea' id='block_1_87' title="bbox 1894 4335 3489 4418">
    <p class='ocr_par' dir='ltr' id='par_1_87' title="bbox 1914 4340 3489 4418">
     <span class='ocr_line' id='line_1_87' title="bbox 1914 4340 3489 4418; baseline -0.011 -15"><span class='ocrx_word' id='word_1_628' title='bbox 1914 4348 2326 4418; x_wconf 82' lang='lat' dir='ltr'><strong>profnsionibus</strong></span> <span class='ocrx_word' id='word_1_629' title='bbox 2362 4347 2608 4401; x_wconf 87' lang='lat' dir='ltr'><strong>obstaret</strong></span> <span class='ocrx_word' id='word_1_630' title='bbox 2659 4342 2713 4399; x_wconf 89' lang='lat' dir='ltr'><strong>et</strong></span> <span class='ocrx_word' id='word_1_631' title='bbox 2759 4359 2916 4399; x_wconf 90' lang='lat' dir='ltr'><strong>suam</strong></span> <span class='ocrx_word' id='word_1_632' title='bbox 2958 4340 3489 4396; x_wconf 85' lang='lat' dir='ltr'><strong>administrationem</strong></span> 
     </span>
    </p>
   </div>
   <div class='ocr_carea' id='block_1_88' title="bbox 218 4428 1813 4513">
    <p class='ocr_par' dir='ltr' id='par_1_88' title="bbox 218 4428 1809 4505">
     <span class='ocr_line' id='line_1_88' title="bbox 218 4428 1809 4505; baseline -0.003 -21"><span class='ocrx_word' id='word_1_633' title='bbox 218 4450 320 4505; x_wconf 83' lang='grc' dir='ltr'>ρον</span> <span class='ocrx_word' id='word_1_634' title='bbox 346 4436 414 4485; x_wconf 80' lang='grc' dir='ltr'><strong>ἐν</strong></span> <span class='ocrx_word' id='word_1_635' title='bbox 441 4435 555 4495; x_wconf 82' lang='grc' dir='ltr'>τοῖς</span> <span class='ocrx_word' id='word_1_636' title='bbox 584 4432 907 4501; x_wconf 80' lang='grc' dir='ltr'><strong>ἀνακτόροις</strong></span> <span class='ocrx_word' id='word_1_637' title='bbox 955 4429 1549 4501; x_wconf 81' lang='grc' dir='ltr'>ἀποθησαυριζὸμενον,</span> <span class='ocrx_word' id='word_1_638' title='bbox 1581 4430 1721 4497; x_wconf 77' lang='grc' dir='ltr'><strong>ἔγνω</strong></span> <span class='ocrx_word' id='word_1_639' title='bbox 1744 4428 1809 4497; x_wconf 84' lang='grc' dir='ltr'><strong>τῇ</strong></span> 
     </span>
    </p>
   </div>
   <div class='ocr_carea' id='block_1_89' title="bbox 1893 4428 3488 4513">
    <p class='ocr_par' dir='ltr' id='par_1_89' title="bbox 1916 4431 3488 4513">
     <span class='ocr_line' id='line_1_89' title="bbox 1916 4431 3488 4513; baseline -0.011 -16"><span class='ocrx_word' id='word_1_640' title='bbox 1916 4443 2194 4513; x_wconf 89' lang='lat' dir='ltr'><strong>probaret.</strong></span> <span class='ocrx_word' id='word_1_641' title='bbox 2217 4438 2419 4493; x_wconf 83' lang='lat' dir='ltr'><strong>Vocato</strong></span> <span class='ocrx_word' id='word_1_642' title='bbox 2445 4452 2576 4507; x_wconf 80' lang='lat' dir='ltr'><strong>ergo</strong></span> <span class='ocrx_word' id='word_1_643' title='bbox 2609 4437 2661 4490; x_wconf 92' lang='lat' dir='ltr'><strong>in</strong></span> <span class='ocrx_word' id='word_1_644' title='bbox 2687 4437 3004 4492; x_wconf 88' lang='lat' dir='ltr'><strong>concionem</strong></span> <span class='ocrx_word' id='word_1_645' title='bbox 3040 4439 3255 4496; x_wconf 89' lang='lat' dir='ltr'><strong>senatu,</strong></span> <span class='ocrx_word' id='word_1_646' title='bbox 3289 4431 3341 4482; x_wconf 90' lang='lat' dir='ltr'><strong>in</strong></span> <span class='ocrx_word' id='word_1_647' title='bbox 3375 4443 3488 4482; x_wconf 85' lang='lat' dir='ltr'><strong>om-</strong></span> 
     </span>
    </p>
   </div>
   <div class='ocr_carea' id='block_1_90' title="bbox 221 4520 1816 4594">
    <p class='ocr_par' dir='ltr' id='par_1_90' title="bbox 221 4520 1809 4594">
     <span class='ocr_line' id='line_1_90' title="bbox 221 4520 1809 4594; baseline -0.002 -18"><span class='ocrx_word' id='word_1_648' title='bbox 221 4524 531 4594; x_wconf 76' lang='grc' dir='ltr'><strong>συγκλήτῳ</strong></span> <span class='ocrx_word' id='word_1_649' title='bbox 563 4526 735 4576; x_wconf 82' lang='grc' dir='ltr'><strong>ποιεῖν</strong></span> <span class='ocrx_word' id='word_1_650' title='bbox 782 4523 1035 4594; x_wconf 76' lang='grc' dir='ltr'><strong>φανερὸν,</strong></span> <span class='ocrx_word' id='word_1_651' title='bbox 1065 4522 1158 4575; x_wconf 81' lang='grc' dir='ltr'><strong>τὸν</strong></span> <span class='ocrx_word' id='word_1_652' title='bbox 1201 4522 1314 4574; x_wconf 81' lang='grc' dir='ltr'><strong>υἱόν</strong></span> <span class='ocrx_word' id='word_1_653' title='bbox 1341 4521 1525 4591; x_wconf 51' lang='lat' dir='ltr'><strong>tua;</strong></span> <span class='ocrx_word' id='word_1_654' title='bbox 1556 4520 1809 4591; x_wconf 77' lang='grc' dir='ltr'>ἀφειδοῦς</span> 
     </span>
    </p>
   </div>
   <div class='ocr_carea' id='block_1_91' title="bbox 1896 4520 3491 4594">
    <p class='ocr_par' dir='ltr' id='par_1_91' title="bbox 1916 4521 3491 4589">
     <span class='ocr_line' id='line_1_91' title="bbox 1916 4521 3491 4589; baseline -0.013 0"><span class='ocrx_word' id='word_1_655' title='bbox 1916 4536 2067 4589; x_wconf 88' lang='lat' dir='ltr'><strong>nium</strong></span> <span class='ocrx_word' id='word_1_656' title='bbox 2096 4534 2320 4588; x_wconf 88' lang='lat' dir='ltr'><strong>auribus</strong></span> <span class='ocrx_word' id='word_1_657' title='bbox 2351 4532 2432 4587; x_wconf 92' lang='lat' dir='ltr'><strong>sic</strong></span> <span class='ocrx_word' id='word_1_658' title='bbox 2460 4531 2607 4586; x_wconf 90' lang='lat' dir='ltr'><strong>clare</strong></span> <span class='ocrx_word' id='word_1_659' title='bbox 2639 4538 2791 4583; x_wconf 89' lang='lat' dir='ltr'><strong>stans</strong></span> <span class='ocrx_word' id='word_1_660' title='bbox 2816 4527 2953 4581; x_wconf 83' lang='lat' dir='ltr'><strong>dixit</strong></span> <span class='ocrx_word' id='word_1_661' title='bbox 2988 4544 3001 4579; x_wconf 89' lang='lat'>:</span> <span class='ocrx_word' id='word_1_662' title='bbox 3035 4524 3167 4578; x_wconf 83' lang='lat' dir='ltr'><strong>Auri</strong></span> <span class='ocrx_word' id='word_1_663' title='bbox 3193 4521 3491 4576; x_wconf 84' lang='lat' dir='ltr'><strong>centenario</strong></span> 
     </span>
    </p>
   </div>
   <div class='ocr_carea' id='block_1_92' title="bbox 214 4609 1809 4694">
    <p class='ocr_par' dir='ltr' id='par_1_92' title="bbox 214 4611 1809 4686">
     <span class='ocr_line' id='line_1_92' title="bbox 214 4611 1809 4686; baseline -0.001 -18"><span class='ocrx_word' id='word_1_664' title='bbox 214 4615 485 4686; x_wconf 71' lang='grc' dir='ltr'><strong>δαπάνης</strong></span> <span class='ocrx_word' id='word_1_665' title='bbox 514 4616 799 4670; x_wconf 76' lang='grc' dir='ltr'>κωλύουσα</span> <span class='ocrx_word' id='word_1_666' title='bbox 829 4618 922 4669; x_wconf 78' lang='grc' dir='ltr'><strong>καὶ</strong></span> <span class='ocrx_word' id='word_1_667' title='bbox 951 4616 1052 4686; x_wconf 75' lang='grc' dir='ltr'><strong>τὴν</strong></span> <span class='ocrx_word' id='word_1_668' title='bbox 1080 4613 1281 4684; x_wconf 78' lang='grc' dir='ltr'>ἑαυτῆς</span> <span class='ocrx_word' id='word_1_669' title='bbox 1311 4611 1655 4682; x_wconf 81' lang='grc' dir='ltr'>κηρύττουσα</span> <span class='ocrx_word' id='word_1_670' title='bbox 1682 4615 1809 4683; x_wconf 83' lang='grc' dir='ltr'><strong>ἀρε-</strong></span> 
     </span>
    </p>
   </div>
   <div class='ocr_carea' id='block_1_93' title="bbox 1897 4609 3492 4694">
    <p class='ocr_par' dir='ltr' id='par_1_93' title="bbox 1916 4609 3492 4694">
     <span class='ocr_line' id='line_1_93' title="bbox 1916 4609 3492 4694; baseline -0.012 -16"><span class='ocrx_word' id='word_1_671' title='bbox 1916 4624 2062 4679; x_wconf 79' lang='lat' dir='ltr'><strong>mille</strong></span> <span class='ocrx_word' id='word_1_672' title='bbox 2097 4624 2412 4694; x_wconf 82' lang='lat' dir='ltr'><strong>nonaginta,</strong></span> <span class='ocrx_word' id='word_1_673' title='bbox 2464 4620 2669 4689; x_wconf 86' lang='lat' dir='ltr'><strong>argenti</strong></span> <span class='ocrx_word' id='word_1_674' title='bbox 2712 4619 2780 4671; x_wconf 85' lang='lat' dir='ltr'><strong>ad</strong></span> <span class='ocrx_word' id='word_1_675' title='bbox 2816 4617 2923 4669; x_wconf 89' lang='lat' dir='ltr'><strong>tria</strong></span> <span class='ocrx_word' id='word_1_676' title='bbox 2970 4614 3158 4678; x_wconf 87' lang='lat' dir='ltr'><strong>milia,</strong></span> <span class='ocrx_word' id='word_1_677' title='bbox 3200 4612 3255 4665; x_wconf 89' lang='lat' dir='ltr'><strong>in</strong></span> <span class='ocrx_word' id='word_1_678' title='bbox 3299 4609 3492 4664; x_wconf 67' lang='lat' dir='ltr'><strong>terat-io</strong></span> 
     </span>
    </p>
   </div>
   <div class='ocr_carea' id='block_1_94' title="bbox 212 4699 1807 4783">
    <p class='ocr_par' dir='ltr' id='par_1_94' title="bbox 212 4702 1807 4779">
     <span class='ocr_line' id='line_1_94' title="bbox 212 4702 1807 4779; baseline -0.004 -19"><span class='ocrx_word' id='word_1_679' title='bbox 212 4710 349 4779; x_wconf 74' lang='grc' dir='ltr'><strong>τήν.</strong></span> <span class='ocrx_word' id='word_1_680' title='bbox 392 4707 507 4761; x_wconf 74' lang='grc' dir='ltr'><strong>Καὶ</strong></span> <span class='ocrx_word' id='word_1_681' title='bbox 537 4708 600 4778; x_wconf 84' lang='grc' dir='ltr'><strong>δὴ</strong></span> <span class='ocrx_word' id='word_1_682' title='bbox 632 4710 712 4771; x_wconf 75' lang='grc' dir='ltr'>εις</span> <span class='ocrx_word' id='word_1_683' title='bbox 736 4709 973 4778; x_wconf 84' lang='grc' dir='ltr'>ἐπήκοον</span> <span class='ocrx_word' id='word_1_684' title='bbox 1000 4707 1174 4759; x_wconf 78' lang='grc' dir='ltr'>στᾶσα</span> <span class='ocrx_word' id='word_1_685' title='bbox 1207 4702 1517 4772; x_wconf 76' lang='grc' dir='ltr'><strong>ἐξεϐόησεν,</strong></span> <span class='ocrx_word' id='word_1_686' title='bbox 1551 4702 1625 4765; x_wconf 85' lang='grc' dir='ltr'>ὡς</span> <span class='ocrx_word' id='word_1_687' title='bbox 1656 4704 1807 4770; x_wconf 78' lang='grc' dir='ltr'><strong>Πρὸς</strong></span> 
     </span>
    </p>
   </div>
   <div class='ocr_carea' id='block_1_95' title="bbox 1897 4699 3492 4783">
    <p class='ocr_par' dir='ltr' id='par_1_95' title="bbox 1918 4699 3492 4783">
     <span class='ocr_line' id='line_1_95' title="bbox 1918 4699 3492 4783; baseline -0.011 -16"><span class='ocrx_word' id='word_1_688' title='bbox 1918 4714 2143 4783; x_wconf 81' lang='lat' dir='ltr'><strong>ﬁscoque</strong></span> <span class='ocrx_word' id='word_1_689' title='bbox 2179 4715 2317 4783; x_wconf 88' lang='lat' dir='ltr'><strong>regio</strong></span> <span class='ocrx_word' id='word_1_690' title='bbox 2350 4711 2585 4781; x_wconf 83' lang='lat' dir='ltr'><strong>reposita</strong></span> <span class='ocrx_word' id='word_1_691' title='bbox 2631 4718 2775 4761; x_wconf 84' lang='lat' dir='ltr'><strong>sunt.</strong></span> <span class='ocrx_word' id='word_1_692' title='bbox 2817 4705 2947 4759; x_wconf 65' lang='grc' dir='ltr'>Ηαιο</span> <span class='ocrx_word' id='word_1_693' title='bbox 2973 4704 3171 4775; x_wconf 86' lang='lat' dir='ltr'><strong>partim</strong></span> <span class='ocrx_word' id='word_1_694' title='bbox 3214 4719 3245 4755; x_wconf 89' lang='lat' dir='ltr'><strong>a</strong></span> <span class='ocrx_word' id='word_1_695' title='bbox 3277 4699 3492 4757; x_wconf 83' lang='lat' dir='ltr'><strong>marito.</strong></span> 
     </span>
    </p>
   </div>
   <div class='ocr_carea' id='block_1_96' title="bbox 214 4792 1809 4874">
    <p class='ocr_par' dir='ltr' id='par_1_96' title="bbox 214 4792 1809 4869">
     <span class='ocr_line' id='line_1_96' title="bbox 214 4792 1809 4869; baseline -0.003 -17"><span class='ocrx_word' id='word_1_696' title='bbox 214 4800 352 4867; x_wconf 78' lang='grc' dir='ltr'>τοῖς</span> <span class='ocrx_word' id='word_1_697' title='bbox 376 4801 754 4867; x_wconf 69' lang='grc' dir='ltr'>ἐνενήκοντα</span> <span class='ocrx_word' id='word_1_698' title='bbox 781 4801 946 4869; x_wconf 79' lang='grc' dir='ltr'><strong>χίλια</strong></span> <span class='ocrx_word' id='word_1_699' title='bbox 977 4797 1094 4867; x_wconf 82' lang='grc' dir='ltr'><strong>μὲν</strong></span> <span class='ocrx_word' id='word_1_700' title='bbox 1126 4796 1359 4865; x_wconf 84' lang='grc' dir='ltr'>χρυσοῦ</span> <span class='ocrx_word' id='word_1_701' title='bbox 1390 4794 1470 4859; x_wconf 84' lang='grc' dir='ltr'><strong>τῷ</strong></span> <span class='ocrx_word' id='word_1_702' title='bbox 1510 4792 1809 4860; x_wconf 76' lang='grc' dir='ltr'><strong>βασιλικῷ</strong></span> 
     </span>
    </p>
   </div>
   <div class='ocr_carea' id='block_1_97' title="bbox 1897 4792 3492 4874">
    <p class='ocr_par' dir='ltr' id='par_1_97' title="bbox 1917 4793 3492 4874">
     <span class='ocr_line' id='line_1_97' title="bbox 1917 4793 3492 4874; baseline -0.009 -17"><span class='ocrx_word' id='word_1_703' title='bbox 1917 4806 2114 4874; x_wconf 87' lang='lat' dir='ltr'><strong>partim</strong></span> <span class='ocrx_word' id='word_1_704' title='bbox 2155 4805 2316 4857; x_wconf 84' lang='lat' dir='ltr'><strong>etiam</strong></span> <span class='ocrx_word' id='word_1_705' title='bbox 2366 4819 2397 4857; x_wconf 86' lang='lat' dir='ltr'><strong>a</strong></span> <span class='ocrx_word' id='word_1_706' title='bbox 2443 4817 2522 4855; x_wconf 87' lang='lat' dir='ltr'><strong>me</strong></span> <span class='ocrx_word' id='word_1_707' title='bbox 2573 4808 2687 4870; x_wconf 88' lang='lat' dir='ltr'><strong>post</strong></span> <span class='ocrx_word' id='word_1_708' title='bbox 2742 4799 2855 4867; x_wconf 87' lang='lat' dir='ltr'><strong>ejus</strong></span> <span class='ocrx_word' id='word_1_709' title='bbox 2898 4796 3096 4851; x_wconf 89' lang='lat' dir='ltr'><strong>obitum</strong></span> <span class='ocrx_word' id='word_1_710' title='bbox 3146 4795 3284 4866; x_wconf 79' lang='lat' dir='ltr'><strong>(qua:</strong></span> <span class='ocrx_word' id='word_1_711' title='bbox 3311 4793 3492 4846; x_wconf 81' lang='lat' dir='ltr'><strong>inanes</strong></span> 
     </span>
    </p>
   </div>
   <div class='ocr_carea' id='block_1_98' title="bbox 218 4888 1813 4965">
    <p class='ocr_par' dir='ltr' id='par_1_98' title="bbox 218 4888 1813 4965">
     <span class='ocr_line' id='line_1_98' title="bbox 218 4888 1813 4965; baseline -0.003 -19"><span class='ocrx_word' id='word_1_712' title='bbox 218 4898 480 4965; x_wconf 75' lang='grc' dir='ltr'><strong>ταμιείῳ</strong></span> <span class='ocrx_word' id='word_1_713' title='bbox 534 4896 894 4964; x_wconf 72' lang='grc' dir='ltr'><strong>κεηηνὰρια</strong></span> <span class='ocrx_word' id='word_1_714' title='bbox 934 4894 1370 4965; x_wconf 78' lang='grc' dir='ltr'>ὲναπόκεινται,</span> <span class='ocrx_word' id='word_1_715' title='bbox 1410 4889 1697 4958; x_wconf 75' lang='grc' dir='ltr'>ἀργυρίου</span> <span class='ocrx_word' id='word_1_716' title='bbox 1747 4888 1813 4942; x_wconf 80' lang='grc' dir='ltr'><strong>δὲ</strong></span> 
     </span>
    </p>
   </div>
   <div class='ocr_carea' id='block_1_99' title="bbox 1871 4888 3466 4965">
    <p class='ocr_par' dir='ltr' id='par_1_99' title="bbox 1921 4890 3466 4964">
     <span class='ocr_line' id='line_1_99' title="bbox 1921 4890 3466 4964; baseline -0.008 -15"><span class='ocrx_word' id='word_1_717' title='bbox 1921 4908 2161 4964; x_wconf 85' lang='lat' dir='ltr'><strong>sumptus</strong></span> <span class='ocrx_word' id='word_1_718' title='bbox 2191 4895 2392 4949; x_wconf 88' lang='lat' dir='ltr'><strong>oderim</strong></span> <span class='ocrx_word' id='word_1_719' title='bbox 2420 4909 2483 4946; x_wconf 89' lang='lat' dir='ltr'><strong>ac</strong></span> <span class='ocrx_word' id='word_1_720' title='bbox 2517 4890 2811 4960; x_wconf 75' lang='lat' dir='ltr'><strong>luxuriam)</strong></span> <span class='ocrx_word' id='word_1_721' title='bbox 2842 4898 3085 4959; x_wconf 88' lang='lat' dir='ltr'><strong>congesta</strong></span> <span class='ocrx_word' id='word_1_722' title='bbox 3110 4897 3391 4958; x_wconf 82' lang='lat' dir='ltr'><strong>partoque.</strong></span> <span class='ocrx_word' id='word_1_723' title='bbox 3464 4958 3466 4962; x_wconf 20' lang='grc' dir='ltr'>ι</span> 
     </span>
    </p>
   </div>
   <div class='ocr_carea' id='block_1_100' title="bbox 214 4964 3496 5061">
    <p class='ocr_par' dir='ltr' id='par_1_100' title="bbox 214 4964 3496 5061">
     <span class='ocr_line' id='line_1_100' title="bbox 214 4964 3496 5061; baseline -0.01 2"><span class='ocrx_word' id='word_1_724' title='bbox 214 4989 373 5047; x_wconf 62' lang='grc' dir='ltr'><strong>ὡσεὶ</strong></span> <span class='ocrx_word' id='word_1_725' title='bbox 422 4991 617 5061; x_wconf 64' lang='grc' dir='ltr'><strong>τριῶν,</strong></span> <span class='ocrx_word' id='word_1_726' title='bbox 643 4991 741 5045; x_wconf 69' lang='grc' dir='ltr'><strong>καὶ</strong></span> <span class='ocrx_word' id='word_1_727' title='bbox 770 4987 889 5044; x_wconf 76' lang='grc' dir='ltr'><em>τῶν</em></span> <span class='ocrx_word' id='word_1_728' title='bbox 912 4988 1030 5058; x_wconf 82' lang='grc' dir='ltr'><strong>μὲν</strong></span> <span class='ocrx_word' id='word_1_729' title='bbox 1057 4984 1207 5041; x_wconf 71' lang='grc' dir='ltr'><strong>εἶναι</strong></span> <span class='ocrx_word' id='word_1_730' title='bbox 1238 4964 1337 5039; x_wconf 56' lang='grc' dir='ltr'><em>τόν</em></span> <span class='ocrx_word' id='word_1_731' title='bbox 1370 4986 1586 5050; x_wconf 78' lang='grc' dir='ltr'><strong>ταύτης</strong></span> <span class='ocrx_word' id='word_1_732' title='bbox 1614 4983 1804 5052; x_wconf 73' lang='grc' dir='ltr'>ἄνδρα</span> <span class='ocrx_word' id='word_1_733' title='bbox 1843 4990 2260 5059; x_wconf 80' lang='grc' dir='ltr'>θησιιυριστήν</span> <span class='ocrx_word' id='word_1_734' title='bbox 2298 5006 2361 5043; x_wconf 84' lang='grc' dir='ltr'><strong>τε</strong></span> <span class='ocrx_word' id='word_1_735' title='bbox 2393 4987 2493 5042; x_wconf 83' lang='grc' dir='ltr'>καὶ</span> <span class='ocrx_word' id='word_1_736' title='bbox 2524 4985 2843 5055; x_wconf 77' lang='grc' dir='ltr'><strong>ποριστὴν,</strong></span> <span class='ocrx_word' id='word_1_737' title='bbox 2871 4983 2991 5037; x_wconf 84' lang='grc' dir='ltr'><strong>τῶν</strong></span> <span class='ocrx_word' id='word_1_738' title='bbox 3053 4981 3121 5035; x_wconf 79' lang='grc' dir='ltr'><strong>δὲ</strong></span> <span class='ocrx_word' id='word_1_739' title='bbox 3150 4982 3346 5047; x_wconf 76' lang='grc' dir='ltr'>αὐτὴν</span> <span class='ocrx_word' id='word_1_740' title='bbox 3406 4975 3496 5045; x_wconf 79' lang='grc' dir='ltr'><strong>μὴ</strong></span> 
     </span>
    </p>
   </div>
   <div class='ocr_carea' id='block_1_101' title="bbox 216 5075 1899 5152">
    <p class='ocr_par' dir='ltr' id='par_1_101' title="bbox 216 5075 1899 5152">
     <span class='ocr_line' id='line_1_101' title="bbox 216 5075 1899 5152; baseline -0.007 -10"><span class='ocrx_word' id='word_1_741' title='bbox 216 5087 717 5142; x_wconf 63' lang='grc' dir='ltr'>καταναλίσκειν</span> <span class='ocrx_word' id='word_1_742' title='bbox 745 5082 1049 5152; x_wconf 68' lang='grc' dir='ltr'><strong>φιλούσης</strong></span> <span class='ocrx_word' id='word_1_743' title='bbox 1078 5079 1177 5132; x_wconf 77' lang='grc' dir='ltr'>καὶ</span> <span class='ocrx_word' id='word_1_744' title='bbox 1218 5075 1711 5144; x_wconf 78' lang='grc' dir='ltr'>κατασπαταλᾷν.</span> <span class='ocrx_word' id='word_1_745' title='bbox 1890 5090 1899 5093; x_wconf 67' lang='lat'><strong>‘</strong></span> 
     </span>
    </p>
   </div>
   <div class='ocr_carea' id='block_1_102' title="bbox 300 5161 1895 5245">
    <p class='ocr_par' dir='ltr' id='par_1_102' title="bbox 300 5172 1821 5245">
     <span class='ocr_line' id='line_1_102' title="bbox 300 5172 1821 5245; baseline -0.007 -8"><span class='ocrx_word' id='word_1_746' title='bbox 300 5191 425 5239; x_wconf 68' lang='grc' dir='ltr'>καθ.</span> <span class='ocrx_word' id='word_1_747' title='bbox 476 5182 637 5236; x_wconf 59' lang='grc' dir='ltr'><strong>Ἀλλὰ</strong></span> <span class='ocrx_word' id='word_1_748' title='bbox 671 5180 848 5232; x_wconf 80' lang='grc' dir='ltr'>καίτοι</span> <span class='ocrx_word' id='word_1_749' title='bbox 873 5178 1122 5239; x_wconf 80' lang='grc' dir='ltr'>τοσοῦτος</span> <span class='ocrx_word' id='word_1_750' title='bbox 1147 5178 1174 5228; x_wconf 74' lang='grc' dir='ltr'>ὁ</span> <span class='ocrx_word' id='word_1_751' title='bbox 1208 5174 1483 5245; x_wconf 77' lang='grc' dir='ltr'>βασιλικὸς</span> <span class='ocrx_word' id='word_1_752' title='bbox 1518 5172 1592 5225; x_wconf 81' lang='grc' dir='ltr'><strong>ὢν</strong></span> <span class='ocrx_word' id='word_1_753' title='bbox 1618 5172 1821 5242; x_wconf 82' lang='grc' dir='ltr'>θησαυ·</span> 
     </span>
    </p>
   </div>
   <div class='ocr_carea' id='block_1_103' title="bbox 1905 5161 3500 5245">
    <p class='ocr_par' dir='ltr' id='par_1_103' title="bbox 1988 5161 3500 5241">
     <span class='ocr_line' id='line_1_103' title="bbox 1988 5161 3500 5241; baseline -0.011 -10"><span class='ocrx_word' id='word_1_754' title='bbox 1988 5177 2079 5231; x_wconf 73' lang='lat'><strong>2|.</strong></span> <span class='ocrx_word' id='word_1_755' title='bbox 2107 5174 2367 5241; x_wconf 88' lang='lat' dir='ltr'><strong>Quamvis</strong></span> <span class='ocrx_word' id='word_1_756' title='bbox 2418 5182 2598 5229; x_wconf 89' lang='lat' dir='ltr'><strong>autem</strong></span> <span class='ocrx_word' id='word_1_757' title='bbox 2645 5180 2809 5226; x_wconf 65' lang='lat' dir='ltr'><strong>tanta:</strong></span> <span class='ocrx_word' id='word_1_758' title='bbox 2865 5176 3021 5224; x_wconf 89' lang='lat' dir='ltr'><strong>erant</strong></span> <span class='ocrx_word' id='word_1_759' title='bbox 3048 5181 3179 5234; x_wconf 92' lang='lat' dir='ltr'><strong>opes</strong></span> <span class='ocrx_word' id='word_1_760' title='bbox 3210 5163 3372 5231; x_wconf 70' lang='lat' dir='ltr'><strong>regia:</strong></span> <span class='ocrx_word' id='word_1_761' title='bbox 3408 5161 3500 5215; x_wconf 85' lang='lat' dir='ltr'><strong>iu-</strong></span> 
     </span>
    </p>
   </div>
   <div class='ocr_carea' id='block_1_104' title="bbox 218 5254 1813 5345">
    <p class='ocr_par' dir='ltr' id='par_1_104' title="bbox 218 5262 1813 5345">
     <span class='ocr_line' id='line_1_104' title="bbox 218 5262 1813 5345; baseline -0.006 -17"><span class='ocrx_word' id='word_1_762' title='bbox 218 5276 327 5345; x_wconf 66' lang='grc' dir='ltr'>ρὸς</span> <span class='ocrx_word' id='word_1_763' title='bbox 364 5277 450 5337; x_wconf 73' lang='grc' dir='ltr'><strong>εἰς</strong></span> <span class='ocrx_word' id='word_1_764' title='bbox 478 5275 631 5327; x_wconf 74' lang='grc' dir='ltr'><strong>οὐδὲν</strong></span> <span class='ocrx_word' id='word_1_765' title='bbox 656 5270 904 5343; x_wconf 85' lang='grc' dir='ltr'><strong>ἐχώρησε</strong></span> <span class='ocrx_word' id='word_1_766' title='bbox 931 5267 1209 5330; x_wconf 82' lang='grc' dir='ltr'><strong>παντελῶς</strong></span> <span class='ocrx_word' id='word_1_767' title='bbox 1234 5268 1301 5337; x_wconf 82' lang='grc' dir='ltr'><strong>τῇ</strong></span> <span class='ocrx_word' id='word_1_768' title='bbox 1327 5262 1559 5334; x_wconf 66' lang='grc' dir='ltr'>ἀπονοία</span> <span class='ocrx_word' id='word_1_769' title='bbox 1586 5263 1681 5315; x_wconf 75' lang='grc' dir='ltr'>τοῦ</span> <span class='ocrx_word' id='word_1_770' title='bbox 1712 5266 1813 5318; x_wconf 86' lang='grc' dir='ltr'><strong>Μι-</strong></span> 
     </span>
    </p>
   </div>
   <div class='ocr_carea' id='block_1_105' title="bbox 1896 5254 3491 5345">
    <p class='ocr_par' dir='ltr' id='par_1_105' title="bbox 1922 5254 3491 5341">
     <span class='ocr_line' id='line_1_105' title="bbox 1922 5254 3491 5341; baseline -0.013 -15"><span class='ocrx_word' id='word_1_771' title='bbox 1922 5269 2174 5341; x_wconf 80' lang='lat' dir='ltr'><strong>gentique</strong></span> <span class='ocrx_word' id='word_1_772' title='bbox 2221 5267 2355 5321; x_wconf 88' lang='lat' dir='ltr'><strong>adeo</strong></span> <span class='ocrx_word' id='word_1_773' title='bbox 2405 5267 2667 5320; x_wconf 88' lang='lat' dir='ltr'><strong>thesauro</strong></span> <span class='ocrx_word' id='word_1_774' title='bbox 2726 5260 2983 5332; x_wconf 71' lang='lat' dir='ltr'><strong>repositae</strong></span> <span class='ocrx_word' id='word_1_775' title='bbox 3056 5271 3121 5310; x_wconf 85' lang='lat' dir='ltr'><strong>ac</strong></span> <span class='ocrx_word' id='word_1_776' title='bbox 3176 5254 3491 5315; x_wconf 67' lang='lat' dir='ltr'><strong>cumulatae,</strong></span> 
     </span>
    </p>
   </div>
   <div class='ocr_carea' id='block_1_106' title="bbox 216 5342 1811 5443">
    <p class='ocr_par' dir='ltr' id='par_1_106' title="bbox 216 5342 1811 5443">
     <span class='ocr_line' id='line_1_106' title="bbox 216 5342 1811 5443; baseline -0.008 -17"><span class='ocrx_word' id='word_1_777' title='bbox 216 5342 381 5443; x_wconf 45' lang='lat' dir='ltr'><strong>ﬁt).</strong></span> <span class='ocrx_word' id='word_1_778' title='bbox 422 5372 516 5426; x_wconf 79' lang='grc' dir='ltr'><strong>καὶ</strong></span> <span class='ocrx_word' id='word_1_779' title='bbox 562 5370 780 5439; x_wconf 76' lang='grc' dir='ltr'>ἀκαίρῳ</span> <span class='ocrx_word' id='word_1_780' title='bbox 829 5365 1134 5435; x_wconf 66' lang='grc' dir='ltr'><strong>φιλοτιμίᾳ.</strong></span> <span class='ocrx_word' id='word_1_781' title='bbox 1177 5364 1309 5426; x_wconf 82' lang='grc' dir='ltr'>Ταῖς</span> <span class='ocrx_word' id='word_1_782' title='bbox 1346 5362 1453 5431; x_wconf 83' lang='grc' dir='ltr'><strong>γὰρ</strong></span> <span class='ocrx_word' id='word_1_783' title='bbox 1492 5359 1600 5412; x_wconf 85' lang='grc' dir='ltr'><strong>τῶν</strong></span> <span class='ocrx_word' id='word_1_784' title='bbox 1637 5360 1811 5414; x_wconf 57' lang='grc' dir='ltr'><strong>ἵππων</strong></span> 
     </span>
    </p>
   </div>
   <div class='ocr_carea' id='block_1_107' title="bbox 1905 5342 3500 5443">
    <p class='ocr_par' dir='ltr' id='par_1_107' title="bbox 1920 5342 3500 5417">
     <span class='ocr_line' id='line_1_107' title="bbox 1920 5342 3500 5417; baseline -0.011 -4"><span class='ocrx_word' id='word_1_785' title='bbox 1920 5357 2199 5414; x_wconf 84' lang='lat' dir='ltr'><strong>Michaelis</strong></span> <span class='ocrx_word' id='word_1_786' title='bbox 2225 5368 2401 5411; x_wconf 91' lang='lat' dir='ltr'><strong>tamen</strong></span> <span class='ocrx_word' id='word_1_787' title='bbox 2426 5355 2690 5411; x_wconf 88' lang='lat' dir='ltr'><strong>dementia</strong></span> <span class='ocrx_word' id='word_1_788' title='bbox 2722 5350 3085 5417; x_wconf 88' lang='lat' dir='ltr'><strong>absurdisque</strong></span> <span class='ocrx_word' id='word_1_789' title='bbox 3108 5354 3162 5399; x_wconf 91' lang='lat' dir='ltr'><strong>et</strong></span> <span class='ocrx_word' id='word_1_790' title='bbox 3187 5342 3500 5397; x_wconf 83' lang='lat' dir='ltr'><strong>immodicis</strong></span> 
     </span>
    </p>
   </div>
   <div class='ocr_carea' id='block_1_108' title="bbox 218 5435 1813 5530">
    <p class='ocr_par' dir='ltr' id='par_1_108' title="bbox 218 5435 1813 5530">
     <span class='ocr_line' id='line_1_108' title="bbox 218 5435 1813 5530; baseline -0.008 -14"><span class='ocrx_word' id='word_1_791' title='bbox 218 5435 527 5530; x_wconf 48' lang='grc' dir='ltr'><strong>ἐμέλλαις,</strong></span> <span class='ocrx_word' id='word_1_792' title='bbox 564 5435 725 5530; x_wconf 75' lang='grc' dir='ltr'><strong>εἴπερ</strong></span> <span class='ocrx_word' id='word_1_793' title='bbox 750 5435 833 5521; x_wconf 74' lang='grc' dir='ltr'><strong>τις</strong></span> <span class='ocrx_word' id='word_1_794' title='bbox 862 5458 1071 5527; x_wconf 78' lang='grc' dir='ltr'>ἕτερος,</span> <span class='ocrx_word' id='word_1_795' title='bbox 1105 5453 1493 5523; x_wconf 79' lang='grc' dir='ltr'><strong>ἀγαλλόμενος,</strong></span> <span class='ocrx_word' id='word_1_796' title='bbox 1530 5450 1622 5505; x_wconf 75' lang='grc' dir='ltr'>καὶ</span> <span class='ocrx_word' id='word_1_797' title='bbox 1661 5452 1813 5515; x_wconf 76' lang='grc' dir='ltr'><strong>αὐτὸς</strong></span> 
     </span>
    </p>
   </div>
   <div class='ocr_carea' id='block_1_109' title="bbox 1895 5435 3490 5530">
    <p class='ocr_par' dir='ltr' id='par_1_109' title="bbox 1922 5435 3490 5523">
     <span class='ocr_line' id='line_1_109' title="bbox 1922 5435 3490 5523; baseline -0.013 -15"><span class='ocrx_word' id='word_1_798' title='bbox 1922 5450 2303 5523; x_wconf 81' lang='lat' dir='ltr'><strong>largitionibus</strong></span> <span class='ocrx_word' id='word_1_799' title='bbox 2358 5448 2413 5502; x_wconf 89' lang='lat' dir='ltr'><strong>in</strong></span> <span class='ocrx_word' id='word_1_800' title='bbox 2480 5447 2710 5501; x_wconf 89' lang='lat' dir='ltr'><strong>nihilum</strong></span> <span class='ocrx_word' id='word_1_801' title='bbox 2770 5456 2997 5513; x_wconf 79' lang='lat' dir='ltr'><strong>prorsus</strong></span> <span class='ocrx_word' id='word_1_802' title='bbox 3069 5450 3302 5493; x_wconf 81' lang='lat' dir='ltr'><strong>cessere.</strong></span> <span class='ocrx_word' id='word_1_803' title='bbox 3353 5435 3490 5489; x_wconf 87' lang='lat' dir='ltr'><strong>Cum</strong></span> 
     </span>
    </p>
   </div>
   <div class='ocr_carea' id='block_1_110' title="bbox 212 5523 1807 5628">
    <p class='ocr_par' dir='ltr' id='par_1_110' title="bbox 212 5546 1807 5628">
     <span class='ocr_line' id='line_1_110' title="bbox 212 5546 1807 5628; baseline -0.007 -18"><span class='ocrx_word' id='word_1_804' title='bbox 212 5558 453 5621; x_wconf 69' lang='grc' dir='ltr'><strong>ἐκεῖνος</strong></span> <span class='ocrx_word' id='word_1_805' title='bbox 502 5559 740 5628; x_wconf 72' lang='grc' dir='ltr'><strong>ἡνιοχεῖν</strong></span> <span class='ocrx_word' id='word_1_806' title='bbox 796 5553 861 5626; x_wconf 83' lang='grc' dir='ltr'><strong>(ὣ</strong></span> <span class='ocrx_word' id='word_1_807' title='bbox 913 5552 1010 5619; x_wconf 79' lang='grc' dir='ltr'><strong>τῆς</strong></span> <span class='ocrx_word' id='word_1_808' title='bbox 1056 5551 1175 5603; x_wconf 78' lang='grc' dir='ltr'><strong>τότε</strong></span> <span class='ocrx_word' id='word_1_809' title='bbox 1237 5546 1670 5617; x_wconf 78' lang='grc' dir='ltr'><strong>ταπεινωθείσης</strong></span> <span class='ocrx_word' id='word_1_810' title='bbox 1717 5547 1807 5600; x_wconf 50' lang='grc' dir='ltr'><strong>τῶι</strong></span> 
     </span>
    </p>
   </div>
   <div class='ocr_carea' id='block_1_111' title="bbox 1899 5523 3494 5628">
    <p class='ocr_par' dir='ltr' id='par_1_111' title="bbox 1923 5530 3494 5615">
     <span class='ocr_line' id='line_1_111' title="bbox 1923 5530 3494 5615; baseline -0.015 -14"><span class='ocrx_word' id='word_1_811' title='bbox 1923 5546 2066 5601; x_wconf 88' lang='lat' dir='ltr'><strong>enim</strong></span> <span class='ocrx_word' id='word_1_812' title='bbox 2096 5542 2550 5613; x_wconf 77' lang='lat' dir='ltr'><strong>aurigationibus,</strong></span> <span class='ocrx_word' id='word_1_813' title='bbox 2582 5539 2629 5595; x_wconf 88' lang='lat' dir='ltr'><strong>si</strong></span> <span class='ocrx_word' id='word_1_814' title='bbox 2662 5538 2787 5609; x_wconf 86' lang='lat' dir='ltr'><strong>quis</strong></span> <span class='ocrx_word' id='word_1_815' title='bbox 2818 5536 2977 5602; x_wconf 85' lang='lat' dir='ltr'><strong>alius,</strong></span> <span class='ocrx_word' id='word_1_816' title='bbox 2996 5530 3372 5591; x_wconf 79' lang='lat' dir='ltr'><strong>delectaretur,</strong></span> <span class='ocrx_word' id='word_1_817' title='bbox 3398 5540 3494 5615; x_wconf 80' lang='lat' dir='ltr'><strong>nec</strong></span> 
     </span>
    </p>
   </div>
   <div class='ocr_carea' id='block_1_112' title="bbox 1535 5639 2214 5700">
    <p class='ocr_par' dir='ltr' id='par_1_112' title="bbox 1535 5639 2214 5700">
     <span class='ocr_line' id='line_1_112' title="bbox 1535 5639 2214 5700; baseline 0.003 -7"><span class='ocrx_word' id='word_1_818' title='bbox 1535 5643 1770 5700; x_wconf 65' lang='lat' dir='ltr'><strong>VARUS</strong></span> <span class='ocrx_word' id='word_1_819' title='bbox 1811 5639 2214 5700; x_wconf 78' lang='lat' dir='ltr'><strong>LECTIONES.</strong></span> 
     </span>
    </p>
   </div>
   <div class='ocr_carea' id='block_1_113' title="bbox 302 5735 1594 5817">
    <p class='ocr_par' dir='ltr' id='par_1_113' title="bbox 302 5735 1594 5817">
     <span class='ocr_line' id='line_1_113' title="bbox 302 5735 1594 5817; baseline -0.006 -19"><span class='ocrx_word' id='word_1_820' title='bbox 302 5747 353 5778; x_wconf 84' lang='grc'><strong>’³</strong></span> <span class='ocrx_word' id='word_1_821' title='bbox 395 5746 751 5817; x_wconf 77' lang='grc' dir='ltr'><strong>-τροστὰττων</strong></span> <span class='ocrx_word' id='word_1_822' title='bbox 775 5745 863 5798; x_wconf 76' lang='grc' dir='ltr'><strong>τὸν</strong></span> <span class='ocrx_word' id='word_1_823' title='bbox 884 5740 1127 5798; x_wconf 78' lang='lat' dir='ltr'><strong>Combcf.</strong></span> <span class='ocrx_word' id='word_1_824' title='bbox 1205 5738 1249 5771; x_wconf 66' lang='grc'>⁷⁸</span> <span class='ocrx_word' id='word_1_825' title='bbox 1278 5738 1502 5800; x_wconf 78' lang='grc' dir='ltr'><strong>ἐλαύνας</strong></span> <span class='ocrx_word' id='word_1_826' title='bbox 1535 5735 1594 5791; x_wconf 83' lang='grc' dir='ltr'><strong>Ρ.</strong></span> 
     </span>
    </p>
   </div>
  </div>
