4038 6214
565 309 666 374 187

1657 315 2167 378 THEOPHANES
2188 314 2476 383 'GONTIN
2489 322 2753 384 UATUS.

3707 324 3808 389 188

554 437 733 494 equos
765 424 884 494 ipse
914 440 1074 496 agere
1102 427 1156 481 in
1182 426 1344 483 Circo
1371 443 1401 482 a
1428 440 1489 481 se
1516 427 1754 483 alienum
1803 439 2039 499 putaret,
2062 431 2117 501 (ο

2236 427 2522 502 Ῥωμαίων
2546 434 2881 505 βασιλείαςί)
2915 434 2976 487 ού
3012 432 3471 506 παραιτούμενος,
3506 437 3609 489 τῶν
3658 455 3803 510 συμ-

555 529 723 582 quam
774 516 1007 584 protrita
1050 527 1163 571 tum
1213 517 1531 587 sbjectaque
1567 520 1777 588 imperii
1832 520 2123 591 dignitas!)

555 622 749 662 eorum
778 609 874 678 qui
907 623 1092 664 secum
1126 608 1313 663 ludere
1338 625 1404 664 ac
1436 610 1649 665 ludicro
1678 612 1779 666 hoc
1804 624 2014 668 certare
2040 630 2128 669 so-

560 700 763 767 lebant,
794 716 824 755 e
856 717 1014 756 sacro
1054 702 1378 772 baptismate
1402 705 1769 775 suscipiendis
1804 707 1992 762 liberis
2029 710 2125 763 lis-

559 810 687 850 cum
720 795 1111 861 exhauriebat;
1161 795 1256 866 qui
1311 796 1562 851 videlicet
1621 798 2014 868 quinquaginta
2062 815 2125 855 ac

555 889 916 960 quadraginta
949 889 1279 959 trigintaque
1310 899 1368 941 ut
1400 890 1685 943 minimum
1718 891 1835 944 auri
1874 892 2039 947 libras
2070 892 2122 946 in

556 978 799 1047 singulos
825 994 1017 1033 eorum
1050 979 1349 1034 conferret.
1406 982 1711 1050 Aliquando
1743 981 1985 1039 Himerio
2009 986 2126 1040 cui-

554 1070 677 1123 dam
715 1069 945 1137 patricio
975 1071 1176 1139 (dictus
1206 1072 1294 1125 hic
1334 1070 1590 1135 Charus,
1623 1075 1767 1142 quod
1801 1085 1885 1130 est
1910 1092 2121 1145 porcus,

553 1160 627 1215 ab
655 1161 769 1216 oris
798 1162 1093 1233 vultusque
1127 1165 1474 1234 rusticitate),
1511 1182 1635 1221 cum
1687 1168 1828 1223 inter
1876 1172 2122 1225 convivia

554 1254 809 1323 turpibus
864 1257 1042 1310 verbis
1084 1259 1396 1312 scurriliter
1441 1260 1650 1314 luderet
1687 1276 1749 1316 ac
1780 1263 2125 1331 impudenter

558 1347 613 1401 in
640 1347 830 1402 faciem
884 1348 1229 1418 imperatoris
1254 1360 1540 1421 coetusque
1585 1355 1994 1411 convivantium
2049 1374 2123 1413 ex

556 1440 773 1509 impuro
802 1451 992 1495 ventre
1018 1458 1119 1496 suo
1144 1443 1380 1511 pederet,
1424 1445 1496 1499 ita
1555 1453 1615 1500 ut
1667 1448 1874 1502 ventris
1914 1451 2121 1519 crepitu

555 1533 932 1603 prolucentem
970 1535 1144 1604 ipsam
1184 1536 1355 1590 facem
1390 1539 1733 1603 exstinxerit,
1764 1539 1846 1596 sic
1868 1540 2126 1597 inauditae

558 1624 940 1693 reinriraculo
972 1635 1191 1681 centum
1230 1630 1348 1683 auri
1397 1629 1567 1685 libras
1621 1632 1913 1686 concessit.
1976 1634 2126 1688 Alias

553 1730 774 1787 quoque
828 1716 1034 1773 Cheilaa
1078 1720 1240 1775 unius
1290 1737 1321 1775 e
1378 1722 1543 1776 sociis
1583 1723 1811 1794 aurigis,
1869 1737 2124 1794 suscepto

552 1811 793 1878 quodam
852 1827 919 1866 ex
966 1827 1125 1867 sacro
1176 1814 1500 1882 baptismate
1558 1814 1687 1879 filio,
1741 1816 1859 1871 auri
1900 1818 2120 1873 totidem

558 1901 725 1956 libras
756 1902 911 1972 173
948 1902 1140 1958 tribuit
1171 1922 1185 1959 :
1231 1906 1311 1959 sic
1350 1905 1437 1960 ille
1471 1906 1621 1960 nulla
1667 1906 1821 1975 fruge
1858 1910 2124 1979 pecunias

556 1994 808 2063 publicas
832 1995 1164 2051 insumebat.
1201 1995 1451 2067 Cumque
1490 1999 1639 2054 brevi
1679 2011 1922 2072 tempore
1950 2006 2127 2059 sceni-

558 2084 639 2138 cis
672 2084 786 2139 illis
843 2101 905 2140 ac
958 2088 1313 2156 aequissimis
1360 2091 1574 2147 actibus
1630 2104 1808 2147 tantas
1845 2094 1967 2148 illas
1994 2110 2126 2164 opes

558 2164 918 2244 prodegisset,
945 2175 1283 2234 Circensium
1308 2191 1520 2236 amator
1540 2184 1961 2253 perditissimus,
1986 2185 2129 2242 dies-

557 2282 668 2336 que
707 2268 871 2338 regiis
924 2269 1304 2341 largitionibus
1338 2275 1671 2331 constitutus
1723 2288 2023 2348 appeteret,
2064 2295 2128 2334 ac

556 2359 809 2428 paranda:
831 2361 1074 2429 pecunia:
1114 2363 1252 2417 ratio
1302 2363 1539 2431 deesset,
1579 2368 1780 2437 quibus
1813 2370 1996 2423 donati
2025 2372 2129 2423 mi-

558 2452 680 2506 lites
712 2452 975 2509 adversus
1008 2455 1243 2509 hostium
1270 2456 1447 2511 valide
1484 2458 1629 2513 acies
1657 2460 1954 2515 'decertant
1986 2478 2127 2517 rem-

557 2559 905 2616 quetuentur
956 2548 1297 2615 Romanam,
1352 2556 1620 2607 famosam
1690 2552 1841 2607 illam
1901 2571 2124 2611 auream

556 2641 833 2709 platanum
859 2642 1103 2712 duosque
1123 2657 1321 2697 aureos
1344 2643 1531 2699 leones
1552 2660 1615 2699 ac
1632 2645 2126 2717 totidem'gryphes,

561 2734 710 2800 ipsos
748 2750 966 2803 quoque
993 2749 1057 2788 ex
1095 2750 1231 2789 auro
1257 2735 1433 2790 solido
1463 2736 1716 2803 ductiles,
1751 2754 2128 2810 organumque

556 2839 694 2878 auro
734 2825 909 2879 solido
960 2825 1342 2889 fabrefactum,
1384 2843 1485 2883 nec
1521 2845 1629 2883 non
1662 2831 1927 2900 reliquam
1968 2833 2128 2902 regia:

560 2914 973 2983 magnificentia:
1034 2917 1443 2985 supellectilem,
1487 2920 1607 2972 auri
1664 2923 1843 2989 pondo
1874 2938 1978 2976 non
2022 2922 2125 2977 mi-

556 3022 662 3060 nus
692 3022 853 3075 quam
887 3009 1199 3063 centenaria
1224 3010 1468 3069 ducenta
1493 3011 1758 3078 conflatis,
1797 3029 1861 3067 ex
1899 3014 2009 3069 illis
2034 3030 2127 3085 pe—

2230 523 2536 587 παιζόντων
2583 524 2734 595 αὐτῷ
2779 524 2873 579 καὶ
2911 524 3374 597 συνηνιοχούντων
3416 527 3481 579 ἐκ
3521 527 3613 580 τοῦ
3657 529 3806 583 θείου

2230 613 2606 684 βαπτίσματος
2645 616 2715 669 τά
2743 616 2913 670 τέκνα
2949 615 3362 686 υίοθετούμενος
3404 617 3499 670 τὸν
3531 616 3806 688 βασίλειον

2227 707 2475 773 ἑξεκένου
2516 708 2768 773 πλοῦτον,
2804 709 3141 779 πεντήκοντα
3172 707 3237 778 δὴ
3270 708 3363 761 καὶ
3390 709 3805 781 τεσσαράκοντα

2228 798 2322 850 καὶ
2360 796 2421 850 τὸ
2448 797 2728 866 ἐλάχιστον
2768 799 2984 868 ἑκάστῳ
3011 798 3308 869 τριάκοντα
3343 801 3567 869 χρυσίου
3616 798 3807 871 λίτρας

2226 890 2592 961 ἐπιχορηγῶν.
2631 890 2766 943 [fore
2800 891 2856 943 δέ
2890 907 2996 943 τινι
3034 890 3311 962 πατρικίῳ
3342 892 3619 962 (Ἱμέριος
3652 888 3807 955 οὗτος

2226 981 2475 1035 ἐκαλεῖτο
2501 981 2530 1033 ὁ
2555 982 2770 1052 Χοϊρος,
2798 981 2888 1034 διὰ
2915 981 3015 1050 τὴν
3044 979 3140 1033 τοῦ
3173 981 3468 1051 προσώπου
3495 981 3640 1035 οὕτω
3668 999 3807 1035 κατ-

2224 1072 2627 1143 ονομαζόμενος
2703 1069 3045 1143 ἀγριότητα)
3122 1071 3302 1135 ἄλλως
3363 1071 3809 1143 αἰσχρολογοῦντι

2225 1164 2369 1216 κατὰ
2390 1168 2488 1233 τὴν
2517 1161 2795 1233 τράπεζαν
2822 1163 2914 1215 καὶ
2948 1163 3121 1232 ψόφον
3155 1164 3218 1216 ἐκ
3238 1162 3339 1232 τῆς
3371 1162 3598 1233 βεϐήλου
3635 1164 3809 1217 αὐτοῦ

2224 1255 2462 1327 γαστρὸς
2493 1255 2635 1309 κατά
2664 1256 2954 1325 πρόσωπον
2979 1253 3073 1307 τοῦ
3112 1253 3379 1325 βασιλέως
3409 1255 3503 1307 καὶ
3531 1255 3640 1308 τῶν
3677 1272 3813 1307 συνο

2223 1349 2585 1404 δειπνούντων
2631 1347 2865 1416 ἀφιέντι,
2900 1347 2975 1411 ὡς
3017 1348 3193 1400 καὶτὸ
3226 1346 3448 1416 φατλίον
3475 1348 3536 1400 τὸ
3579 1347 3812 1411 τούτους

2227 1438 2599 1508 φωταγωγοῦν
2638 1440 2701 1491 ὲκ
2729 1437 2823 1491 τοῦ
2870 1438 3193 1509 τηλικούτου
3218 1438 3397 1509 ψόφου
3444 1434 3808 1501 κατασϐέσαι,

2224 1533 2302 1603 τῷ
2342 1532 2630 1603 παραδόξῳ
2661 1531 2754 1585 τοῦ
2786 1531 3026 1585 τοιούτου
3055 1532 3334 1603 θαύματος
3363 1532 3590 1602 χρυσίου
3617 1532 3811 1602 λίτρας

2225 1626 2425 1693 ἔδωκεν
2470 1626 2684 1679 ἑκατόν.
2718 1624 2826 1678 Καὶ
2871 1625 3040 1678 Χειλᾶ
3069 1625 3126 1677 δὲ
3156 1623 3347 1679 ἄλλοτε
3400 1623 3494 1676 τοῦ
3528 1625 3625 1677 σὺν
3657 1625 3811 1693 αὐτῷ

2225 1721 2567 1793 ἡνιοχοῦντος
2592 1724 2683 1774 τὸν
2715 1723 2827 1775 υίὸν
2872 1722 2938 1775 ὲκ
2966 1721 3060 1776 τοῦ
3102 1720 3248 1774 θείου
3280 1718 3509 1790 λουτροῦ
3544 1720 3810 1785 ἀναδεξά-

2232 1832 2389 1887 μενος
2415 1816 2616 1886 ὁμοίως
2644 1815 2868 1885 χρυσίου
2893 1813 3087 1885 λίτρας
3118 1813 3349 1867 δέδωκεν
3377 1812 3589 1866 ἑκατόν.
3618 1812 3810 1874 Οῦτως

2227 1910 2437 1969 ἐκεῖνος
2466 1908 2546 1970 είς
2602 1908 2752 1960 οὐδὲν
2804 1906 2922 1960 δέον
2975 1908 3044 1960 τὰ
3088 1905 3324 1976 δημόσια
3384 1906 3807 1959 κατανάλισκεν.

2239 1999 2392 2051 Ἐπεὶ
2422 1997 2477 2051 δὲ
2527 1996 2677 2061 ἐντὸς
2707 1997 2889 2065 ὀλίγου
2923 1996 3119 2067 καιροῦ
3149 1998 3242 2049 τὸν
3290 1996 3546 2049 τοσοῦτον
3576 1995 3814 2049 πλοῦτον

2227 2093 2347 2154 ταῖς
2387 2088 2666 2153 τοιαύταις
2706 2091 2993 2159 σκηνικαῖς
3028 2090 3123 2142 καὶ
3152 2089 3415 2157 ἀθέσμοις
3451 2089 3808 2143 κατανάλωσε

2229 2184 2485 2256 πράξεσι,
2522 2183 2697 2247 δεινὸς
2748 2181 2983 2253 ἐραστὴς
3010 2181 3086 2235 ὢν
3135 2183 3522 2253 ἱπποδρομίας,
3560 2179 3725 2254 ἦλθεν
3754 2184 3811 2235 δὲ

2228 2279 2256 2331 ὁ
2286 2276 2384 2347 τῆς
2433 2276 2694 2346 διανομῆς
2722 2275 2831 2328 τῶν
2865 2274 3162 2345 βασιλικῶν
3202 2276 3423 2344 δωρεῶν
3469 2276 3681 2346 καιρὸς,
3714 2277 3811 2330 καὶ

2228 2370 2526 2440 Χρημάτων
2556 2368 2719 2438 πόρος
2750 2368 2848 2421 οὐκ
2878 2363 2944 2439 ἦν
2984 2368 3050 2420 δι’
3090 2360 3164 2419 ὧν
3195 2370 3265 2421 τὰ
3308 2368 3699 2437 στρατεύματα
3724 2387 3813 2436 φι-

2227 2458 2594 2531 λοτιμούμενα
2620 2460 2718 2523 τάς
2750 2458 2859 2513 τῶν
2888 2458 3098 2528 ἐχθρῶν
3123 2459 3455 2530 παρατάξεις
3484 2460 3811 2529 ἀμύνονται.

2230 2553 2327 2621 τήν
2365 2567 2423 2603 τε
2464 2552 2672 2621 χρυσῆν
2700 2551 2915 2621 ἐκείνην
2951 2549 3046 2603 καὶ
3085 2549 3492 2620 πολυθρύλητον
3538 2550 3815 2604 πλάτανον

2229 2641 2324 2695 καὶ
2358 2642 2482 2704 τοὺς
2516 2640 2610 2695 δύο
2638 2640 2874 2711 χρυσοῦς
2902 2642 3148 2705 λέοντας,
3182 2642 3318 2710 πρὸς
3360 2642 3414 2695 δὲ
3443 2644 3537 2695 καὶ
3564 2643 3693 2705 τοὺς
3719 2642 3815 2696 δύο

2229 2734 2442 2804 γρῦπας
2474 2731 2803 2802 ὁλοχρύσους
2834 2732 2995 2797 ὄντας
3037 2733 3133 2786 καὶ
3177 2732 3573 2802 σφυρηλάτους,
3626 2734 3723 2786 καὶ
3751 2735 3814 2787 τὸ

2226 2824 2514 2895 ὁλόχρυσον
2534 2824 2782 2895 ὄργανον,
2814 2824 2947 2879 ἀλλά
2967 2812 3245 2895 καὶὲτερκ
3284 2825 3421 2896 ἔργα
3454 2827 3553 2895 τῆς
3586 2826 3808 2896 βασιλι-

2229 2920 2332 2989 κῆς
2350 2916 2638 2979 ἐκθέσεως,
2659 2915 2825 2988 ὁλκὴν
2853 2916 3049 2987 ἔχοντα
3069 2918 3180 2971 τῶν
3205 2918 3496 2972 διακοσίων
3526 2919 3627 2972 οὐκ
3655 2918 3815 2971 ἔλατ-

2229 3028 2320 3065 τον
2348 3010 2744 3081 κεντηναρίων,
2789 3009 3069 3082 χωνεύσας
3102 3012 3337 3083 χαράξαι
3366 3011 3602 3065 δέδωκεν
3645 3013 3704 3064 ὲν
3732 3011 3814 3083 τῷ

559 3099 776 3153 cuniam
835 3098 1337 3157 liscoinferendam
1396 3104 1522 3159 cudi
1560 3107 1837 3176 praecepit.
1892 3106 2035 3173 Quin
2077 3118 2123 3163 et

2231 3102 2495 3174 βασιλικῷ
2527 3104 2780 3175 ταμιείῳ.
2814 3102 2894 3177 [Ρ.
2934 3104 3060 3177 108]
3088 3107 3200 3158 Καὶ
3230 3106 3421 3167 στολὰς
3451 3105 3508 3158 δέ
3537 3123 3686 3168 τινας
3715 3104 3813 3175 βα-

556 3192 733 3261 regias
755 3193 1018 3261 quasdam
1048 3202 1152 3246 tam
1180 3196 1563 3263 imperatorum
1581 3214 1743 3267 quam
1764 3198 2129 3268 Augustarum

2235 3193 2447 3257 σιλικάς
2477 3194 2572 3249 καὶ
2601 3195 3028 3263 αύγουστιακάς,
3068 3195 3205 3249 ἀλλά
3244 3196 3338 3249 καὶ
3369 3196 3469 3266 τῆς
3500 3198 3812 3268 συγκλήτου

555 3293 757 3348 vestes,
782 3286 1027 3355 adeoque
1057 3288 1221 3342 etiam
1241 3290 1569 3355 senatorias,
1604 3290 1740 3346 alias
1758 3305 1821 3346 ex
1842 3307 1979 3345 auro
1998 3293 2123 3347 soli-

2236 3287 2452 3357 βουλῆς,
2482 3288 2581 3350 τὰς
2631 3290 2729 3357 μὲν
2762 3287 3109 3358 ὁλοχρύσους,
3135 3288 3231 3351 τὰς
3278 3288 3333 3341 δὲ
3365 3289 3815 3358 χρυσοῦφάντους

554 3376 655 3430 das
688 3377 931 3449 aliasque
962 3394 1098 3434 auro
1134 3381 1387 3445 intextas,
1422 3384 1474 3436 in
1515 3383 1663 3453 regio
1696 3385 1890 3438 aerario
1920 3386 2123 3455 privato

2231 3378 2399 3443 οῦσας
2424 3382 2480 3433 ὲν
2513 3378 2591 3448 τῷ
2619 3380 2823 3450 είδικῷ,
2858 3379 2993 3451 πρὸς
3032 3378 3111 3449 τῷ
3154 3379 3321 3445 τέλει,
3362 3379 3661 3433 ἐκδέδωκεν
3721 3379 3814 3444 ἐξ-

556 3466 783 3532 positas.
801 3468 1026 3535 penuria
1048 3468 1263 3521 tandem
1284 3483 1505 3536 pressus
1522 3468 1836 3526 conflandas
1853 3474 2127 3541 exposuit.

553 3557 875 3626 Quanquam
898 3556 1248 3612 illisnecdum
1267 3558 2131 3619 conflatisMichaelevivisexem-

552 3656 678 3715 ptns
691 3655 796 3699 est.
817 3646 1052 3717 lnclytus
1066 3654 1246 3701 autem
1262 3647 1517 3714 Basilius,
1534 3652 1887 3722 ipseimperio
1902 3648 2126 3726 potitus,

553 3753 678 3792 cum
704 3738 940 3808 integras
960 3740 1137 3794 adhuc
1156 3739 1531 3798 acincolumes
1551 3746 1863 3814 reperisset.
1882 3750 2026 3818 ipsas
2044 3768 2129 3807 re-

2234 3472 2478 3543 απορῶν,
2508 3472 2582 3534 ὡς
2604 3472 2668 3524 ἂν
2686 3471 3024 3542 χαραχθῶσι.
3051 3472 3197 3541 Πλὴν
3222 3472 3320 3524 οὐκ
3345 3470 3587 3541 ἔφθασαν
3607 3491 3818 3545 χωνευ-

2235 3563 2412 3632 θῆναι,
2442 3564 2535 3615 καὶ
2564 3565 2770 3626 ἐκεῖνος
2794 3563 2893 3631 μὲν
2916 3562 2976 3627 ἐξ
3002 3563 3304 3635 ἀνθρώπων
3331 3564 3567 3631 ἐγένετο,
3607 3565 3820 3629 ταύτας

2230 3654 2286 3708 δὲ
2342 3652 2624 3715 Βασίλειος
2668 3653 2696 3705 ὁ
2731 3653 2973 3723 ἀοίδιμος
3021 3652 3119 3724 τὴν
3163 3652 3438 3723 βασιλείαν
3484 3651 3664 3709 λαϐὼν
3716 3656 3818 3709 καὶ

2232 3744 2557 3799 καταλαὸὼν
2596 3745 2675 3797 ἔτι
2713 3744 3054 3814 ἀλυμάντους
3081 3746 3470 3808 ἀνεκαλέσατο,
3500 3746 3594 3800 καὶ¹
3606 3746 3689 3831 ’τὸ
3716 3746 3819 3801 νῦν

554 3827 715 3896 cepit,
733 3843 967 3897 aequam
985 3846 1127 3885 nunc
1146 3846 1403 3887 vocamus
1423 3844 1703 3888 senzatuin
1720 3850 1987 3894 monetam
2004 3842 2123 3896 cudi

2234 3837 2489 3901 σενζάτον
2522 3837 2858 3905 καλούμενον
2895 3836 3241 3907 χαραχθῆναι
3286 3827 3619 3892 ἐκελεύσατο
3642 3839 3713 3903 ’⁸,
3746 3840 3818 3892 ἐκ

548 3918 738 3989 jussit,
771 3937 800 3975 e
849 3923 1013 3979 tantis
1085 3923 1289 3987 divitiis
1325 3926 1455 3979 nihil
1479 3926 1755 3982 inveniens
1785 3943 1977 3999 praeter
2010 3935 2123 3988 auri

2230 3930 2486 3985 τοσούτου
2517 3930 2749 3983 πλούτου
2789 3931 2957 4001 μηδὲν
2990 3929 3179 4001 ἕτερον
3214 3928 3469 3999 εὑρηκὼς
3516 3930 3549 4000 ἢ
3578 3931 3816 4001 χρυσίου

557 4013 873 4068 ‹·εηιειιοι·ῑο
902 4015 1003 4069 tria
1058 4024 1111 4070 et
1152 4017 1567 4073 milliarensinm
1606 4024 1856 4078 sacculos
1898 4042 2125 4093 novem;

559 4106 759 4173 quibus
783 4107 970 4173 ‘,etiam
1031 4108 1086 4163 in
1123 4110 1442 4165 concionem
1479 4112 1658 4169 allatis
1690 4114 1853 4184 inque
1880 4119 2125 4174 omnium

551 4200 726 4255 oculis
746 4201 1044 4271 productis,
1060 4202 1555 4273 deploravitcoram
1574 4219 1787 4271 senatu.
1810 4212 2127 4269 undetantis

554 4289 661 4344 illis
709 4293 974 4361 angustiis
1005 4296 1345 4363 procuranda
1380 4297 1477 4367 ipsi
1508 4314 1594 4352 res
1630 4300 1846 4370 publica
1889 4303 2054 4357 foret.

626 4379 790 4453 174
816 4381 906 4436 22.
942 4381 1144 4438 Verum
1188 4386 1303 4441 haec
1343 4399 1526 4456 postea
1560 4390 1928 4460 contigerunt.
1967 4392 2123 4450 Tunc

2230 4023 2564 4093 κεντηνάρια
2593 4026 2738 4095 τρία,
2776 4022 3080 4093 μιλιαρίσια
3118 4022 3173 4075 δὲ
3209 4023 3413 4078 σακκία
3443 4022 3623 4084 ἐννέα,
3654 4023 3693 4079 ἃ
3717 4025 3817 4079 καὶ

2228 4114 2593 4185 δημοσιεύσας
2622 4116 2716 4168 καὶ
2747 4116 2880 4168 πᾶσι
2910 4113 3048 4183 δῆλα
3098 4115 3334 4186 ποιήσας
3366 4115 3686 4185 ἀπωδύρετο
3713 4118 3817 4187 τῆς

2231 4208 2537 4278 συγκλήτου
2568 4206 2798 4260 ἐνώπιον
2833 4206 2931 4278 τὴν
2958 4206 3083 4262 ὅθεν
3127 4206 3320 4277 ἔμελλε
3359 4208 3683 4279 ποιήσεσθαι
3713 4210 3819 4274 τῆς

2232 4299 2507 4363 πολιτείας
2541 4299 2829 4368 διοίκησιν.

2299 4393 2404 4464 κβ’.
2448 4392 2605 4447 Ἀλλὰ
2635 4393 2809 4447 ταῦτα
2842 4392 2940 4463 μὲν
2965 4392 3248 4463 προϊόντος
3275 4391 3368 4445 τοῦ
3414 4392 3609 4463 χρόνου
3646 4393 3823 4459 γεγό-

551 4481 730 4525 autem
759 4473 927 4528 moris
952 4473 1408 4543 eratTheodorae,
1440 4489 1495 4534 ut
1521 4496 1734 4535 sacram
1760 4482 2122 4540 Blachernen-

2229 4452 2412 4538 νασιν·
2437 4485 2559 4538 τότε
2590 4484 2645 4537 δὲ
2670 4452 2871 4538 εἴθιστο
2896 4452 3150 4553 Θεοδώρα
3182 4452 3326 4537 κατά
3355 4452 3535 4538 τδῦιέν
3560 4452 3816 4553 Βλαχέρ-

552 4580 665 4618 scm
697 4566 865 4620 aedem
919 4567 1175 4641 frequens
1214 4571 1407 4637 adiret,
1453 4584 1564 4628 tum
1599 4584 1657 4629 ut
1708 4585 1831 4630 vota
1865 4579 2117 4648 quaedam

554 4654 666 4712 Deo
707 4658 992 4721 redderet,
1033 4671 1145 4715 tum
1189 4678 1321 4717 vero
1360 4664 1523 4718 etiam
1573 4674 1632 4719 ut
1675 4667 1901 4723 lavaret.
1978 4668 2118 4725 Cum

553 4752 734 4819 itaque
790 4768 853 4806 ex
899 4767 1052 4807 more
1108 4754 1439 4826 quandoque
1496 4773 1561 4811 eo
1645 4774 1704 4814 se
1771 4763 2119 4828 contulisset,

551 4837 779 4892 Michael
810 4852 861 4894 et
886 4840 1091 4899 Bardas
1122 4844 1292 4900 misso
1319 4844 1549 4901 Pelrona
1572 4847 1717 4902 illius
1746 4848 1912 4905 fratre
1946 4852 2116 4919 ipsam

548 4946 675 4984 cum
715 4930 927 4987 filiabus
958 4944 1225 4989 attonsam
1273 4937 1338 4990 ad
1379 4936 1595 4993 Cariani
1647 4939 1864 4995 interim
1918 4944 2116 5010 palatia

542 5024 835 5093 relegant:
893 5035 1079 5091 postea
1120 5043 1248 5082 vero
1296 5045 1404 5085 non
1450 5033 1877 5101 semeltantum,
1916 5038 2009 5091 sed
2064 5047 2119 5093 et

552 5115 747 5169 iterum
771 5114 953 5170 missis
977 5115 1262 5181 ministris,
1300 5120 1786 5191 illarumquelisco
1819 5126 1964 5181 illata
1990 5128 2120 5182 sub-

502 5236 505 5249 ι
554 5210 778 5271 stantia,
815 5210 1078 5279 privatas,
1102 5225 1165 5265 ac
1193 5212 1335 5267 velut
1362 5214 1571 5284 evulgo
1609 5216 1864 5282 feminas,
1900 5236 2006 5273 non
2041 5237 2117 5277 re-

549 5298 643 5365 gio
676 5301 824 5354 cultu
862 5301 1046 5355 vivere
1079 5317 1172 5357 eas
1212 5303 1477 5359 siverunt.
1544 5307 1737 5361 Verum
1771 5310 1911 5365 haud
1947 5314 2118 5368 multo

554 5397 680 5457 post
701 5388 988 5449 Theodora
1021 5410 1051 5450 e
1078 5396 1214 5451 vivis
1246 5398 1502 5452 excessit.
1552 5399 1790 5472 lnclytus
1813 5419 1940 5457 vero
1962 5404 2120 5460 Basi-

549 5480 658 5536 lius
698 5498 953 5556 suscepto
982 5489 1232 5558 imperio,
1272 5507 1394 5547 cum
1424 5491 1541 5559 ejus
1576 5494 1810 5549 cadaver
1838 5505 1949 5551 tum
1984 5499 2122 5552 tilias

548 5573 749 5629 inavia:
768 5582 1158 5637 monasterium
1183 5585 1478 5655 transtulit,
1504 5586 1642 5657 quod
1663 5587 1877 5643 Gastria
1903 5601 2121 5657 vocant,

2228 4596 2347 4644 ναις
2401 4576 2541 4630 θεῖον
2595 4576 2803 4646 συχνῶς
2855 4594 2971 4637 πως
3017 4577 3308 4644 ὲπιφοιτᾷν
3360 4576 3510 4640 ναὸν,
3540 4577 3679 4645 ὁμοῦ
3712 4577 3819 4643 μὲν

2227 4671 2391 4741 εύχάς
2409 4687 2557 4732 τινας
2591 4667 2915 4722 ἀποδιδοῦσα
2930 4666 3068 4736 Θεῷ,
3092 4667 3228 4735 ὁμοῦ
3248 4666 3304 4721 δὲ
3334 4668 3429 4720 καὶ
3453 4666 3549 4720 τοῦ
3576 4667 3820 4737 λουτροῦ

2230 4764 2550 4836 μετέχουσα.
2602 4763 2687 4823 Ὠς
2730 4758 2860 4827 γοῦν
2900 4758 2996 4827 ὀψέ
3023 4776 3152 4811 ποτε
3184 4759 3435 4827 ἀφίκετο,
3468 4759 3559 4811 τὸν
3591 4759 3823 4829 Πετρω-

2226 4856 2323 4908 νᾶν
2351 4852 2575 4921 ἀδελφὸν
2605 4850 2771 4918 αὐτῆς
2796 4848 2926 4901 ὄντα
2963 4847 3280 4917 πέμψαντες
3310 4850 3337 4900 ὁ
3374 4847 3595 4918 Μιχαήλ
3619 4864 3681 4900 τε
3718 4849 3822 4901 καὶ

2221 4943 2432 5014 Βάρδας
2475 4936 2826 5007 ἁποκείρουσί
2865 4953 2925 4989 τε
2951 4935 3154 5004 ταύτην
3194 4937 3331 5005 μετά
3364 4939 3459 4998 τὰς
3500 4937 3822 5008 θυγατέρας

2218 5031 2378 5100 ὁμοῦ,
2412 5030 2507 5084 καὶ
2548 5030 2661 5090 τοῖς
2721 5025 2863 5079 κατά
2898 5025 2966 5078 τά
3006 5026 3281 5095 Καριανοῦ
3322 5028 3651 5097 ἀνακτόροις
3687 5030 3822 5082 τότε

2226 5125 2324 5194 μὲν
2360 5120 2764 5193 περιορίζουσιν
2788 5137 2801 5151 ο
2824 5119 3051 5188 ὕστερον
3073 5118 3130 5170 δὲ
3155 5120 3253 5189 οὐχ
3281 5118 3429 5186 ἅπαξ
3459 5119 3645 5188 μόνον,
3673 5122 3824 5175 ἀλλά

2222 5217 2318 5271 καὶ
2339 5218 2419 5279 δὶς
2458 5213 2877 5274 ἀποστείλαντες
2906 5210 3261 5278 είσεκόμισαν
3287 5213 3378 5264 τὸν
3413 5214 3605 5265 ἐνόντα
3635 5213 3825 5267 πλοῦ-

2230 5329 2319 5363 τον
2342 5310 2551 5370 αὐταῖς,
2584 5308 2678 5359 καὶ
2721 5304 2913 5366 κοινῶς
2958 5320 3074 5366 πως
3125 5304 3219 5355 καὶ
3244 5303 3549 5371 ἰδιωτικῶς,
3583 5305 3705 5357 ἀλλ’
3750 5298 3845 5359 05'

2231 5401 2523 5475 βασιλικῶς
2550 5400 2738 5451 εἴασαν
2773 5396 2890 5467 ζῇν.
2933 5394 3073 5448 Ἀλλ’
3099 5397 3282 5468 ἐκείνη
3308 5400 3405 5467 μὲν
3436 5398 3554 5467 μετ’
3584 5402 3644 5451 ού
3674 5399 3827 5454 πολῦ

2228 5498 2335 5549 τῶν
2366 5494 2489 5563 τῇδε
2524 5489 2834 5561 μεθίστατο,
2887 5489 2980 5541 καὶ
3020 5488 3272 5558 βασιλεὺς
3297 5493 3324 5542 ὁ
3362 5490 3605 5561 ἀοίδιμος
3641 5490 3828 5544 Βασι-

2228 5593 2369 5649 λειος
2395 5584 2563 5653 αὐτῆς
2591 5600 2647 5635 τε
2679 5582 2768 5635 τὸν
2801 5582 2993 5651 νεκρὸν
3033 5582 3124 5636 καὶ
3148 5582 3249 5647 τὰς
3299 5584 3466 5652 αὐτῆς
3498 5584 3825 5655 θυγατέρας

1843 5684 2071 5741 VARle
2127 5681 2529 5743 LECTIONES.

622 5766 666 5798 ⁷⁸
696 5766 1080 5824 ἑνεκελεύσατο
1109 5771 1129 5823 ?
