4038 6214
253 357 357 422 189

1124 358 1273 419 LIB.
1316 357 1416 419 IV.
1458 354 1890 419 -MICHAEI.
1916 358 2341 419 THEOPHILI
2382 360 2665 421 FILIUS.

3427 360 3530 426 190

246 469 384 536 πρὸς
410 464 474 515 τδ
504 463 603 533 τῆς
630 464 864 534 μάμμης
904 462 1121 534 ἔπεμπε
1156 467 1527 537 μοναστήριον
1573 468 1845 522 ἐνδιαιτᾶ-

1948 478 2005 522 ιιι
2034 466 2146 523 illic
2173 479 2448 524 morantes
2481 477 2685 524 sanctae
2723 470 2799 537 fac
2843 469 3113 541 religiosae
3148 471 3273 527 vita:
3307 472 3527 529 institu-

247 557 397 619 σθαι,
453 553 598 609 οὕτω
646 553 754 607 τῶν
812 554 1099 625 Γαστρίων
1160 558 1691 629 κατονομαζόμενον,
1746 561 1842 613 καὶ

246 652 413 713 ὁσίως
478 648 579 720 ζῇν
644 664 701 701 τε
734 647 830 701 καὶ
886 648 1289 703 πολιτεύεσθαι.
1341 650 1521 719 Αὕτη-
1540 653 1640 723 μὲν
1669 651 1843 717 οὕτως

248 742 488 807 ἁπεὸίω,
523 741 695 811 ὄνομα
712 739 791 811 τῷ
814 740 935 811 υἱῷ,
963 741 1061 812 οὐχ
1079 742 1156 807 ὡς
1182 743 1403 811 ἐκεῖνοι,
1426 744 1686 815 πονηρὸν,
1724 746 1840 798 ἀλλ’

249 835 459 907 ἀγαθὸν
508 834 859 889 ἀπολιποῦσά
895 852 954 888 τε
988 836 1084 889 καὶ
1124 838 1345 907 σεμνόν.
1406 839 1624 907 Ἐδήλου
1658 838 1715 911 δε
1746 838 1842 893 καὶ

249 932 281 999 ή
314 928 422 999 πρὸ
477 927 687 997 ταύτης
750 928 932 998 βίϐλος
962 926 1085 981 ὅθεν
1123 945 1183 981 τε
1218 928 1333 982 κάκ
1363 929 1524 982 τίνων
1550 929 1711 997 ἐξέφυ
1747 931 1841 982 καὶ

249 1023 395 1086 ὅπως
447 1015 614 1092 ἦλθεν
645 1022 724 1081 εἰς
755 1021 825 1073 τὰ
874 1020 1144 1089 βασίλεια,
1199 1024 1293 1074 καὶ
1340 1022 1438 1085 τὰς
1467 1022 1602 1093 αὐτῇ
1631 1024 1752 1075 ὅσαι
1775 1022 1841 1094 δὴ

249 1115 550 1183 θυγατέρες
583 1115 648 1167 ἐκ
696 1114 905 1176 κοιλίας
928 1115 1287 1185 γεγέννηνται
1310 1131 1324 1145 ι
1354 1114 1584 1185 δηλώσει
1613 1114 1669 1168 δὲ
1698 1114 1837 1186 αῦτη

250 1208 575 1273 συγγένειαν
619 1207 791 1276 αὐτῆς
844 1207 942 1271 τὴν
996 1207 1211 1277 λοιπήν.
1243 1203 1425 1261 Ἦσαν
1453 1204 1545 1260 οῦν
1573 1208 1619 1260 oi
1660 1208 1839 1279 δηλω-

248 1300 427 1359 θέντες
450 1299 683 1369 ἄρρενες
709 1297 803 1349 δύο
826 1298 1066 1367 ἀδελφοὶ,
1092 1299 1119 1352 ὃ
1142 1316 1199 1350 τε
1220 1300 1509 1367 Πετρωνᾶς
1533 1303 1841 1371 στρατηγὸς

248 1393 382 1446 κατὰ
438 1392 503 1443 τὺ
540 1390 855 1461 Θρᾳκήσιον
906 1391 1000 1443 καὶ
1047 1391 1336 1457 πατρίκιος
1392 1393 1714 1460 τηνικαῦτα,
1744 1395 1839 1448 καὶ

246 1479 455 1549 Βίρδας
479 1480 506 1531 ὁ
522 1476 810 1548 δηλωθεὶς,
828 1476 887 1540 ὃς
912 1479 1006 1531 καὶ
1024 1479 1176 1548 παρὰ
1198 1478 1459 1548 Θεοφίλου
1484 1480 1561 1542 είς
1585 1499 1635 1534 τι
1654 1481 1760 1534 τῶν
1776 1483 1837 1535 οὐ

244 1572 474 1624 δεόντων
488 1569 992 1638 καταληφθεὶς,τῆς
1012 1571 1277 1640 συνήθους
1296 1571 1667 1641 προελεύσεως
1686 1575 1838 1626 ἱστα-

245 1663 433 1732 μένης,
456 1662 602 1713 κατὰ
623 1662 683 1713 τὸ
696 1659 1008 1730 Ὠρολδγιον
1032 1661 1239 1730 ἐτύφθη
1270 1661 1590 1730 μαγγλάδια
1616 1662 1839 1731 ἑξήκον-

247 1770 327 1805 τα.
369 1750 632 1820 Ἀδελιρα)⁵
663 1751 721 1803 δὲ
746 1753 917 1821 τρεῖς,
936 1752 970 1821 ἦ
1010 1767 1068 1803 τε
1095 1753 1328 1823 εὐφήμῳ
1350 1753 1492 1805 οὕτω
1528 1755 1834 1825 καλουμένη

241 1844 469 1911 ὀνόματι
504 1842 834 1913 Καλομαρία
858 1842 952 1893 καὶ
980 1842 1150 1911 Σοφία
1200 1843 1297 1895 καὶ
1344 1845 1377 1913 ή
1415 1845 1642 1915 mm”).
1690 1846 1834 1900 Ἀλλ.

239 1937 273 2005 ή
306 1936 409 2003 μὲν
442 1933 616 2001 Σοφία
671 1935 751 1996 είς
803 1933 991 2002 κοίτην
1044 1933 1246 1986 ἐδίδοτο
1309 1935 1707 2006 Κωνσταντίνῳ
1758 1936 1836 2007 τῷ

240 2028 386 2082 κατά
440 2027 533 2079 τὸν
572 2025 959 2091 Βαϐοῦτζικον,
997 2025 1080 2096 [Ρ.
1140 2024 1333 2097 109]ή
1389 2026 1446 2079 δὲ
1510 2028 1837 2099 Καλομαρία

250 2120 540 2191 Ἀρσαόὴρ
562 2119 641 2190 τῷ
659 2119 963 2189 τηνικαῦτα
996 2120 1095 2195 μὲν
1115 2120 1415 2189 πατρικίῳ,
1438 2120 1631 2173 ἔπειτα
1653 2122 1709 2174 δὲ
1742 2125 1836 2175 καὶ

244 2214 557 2285 μαγίστρῳ.
593 2211 647 2285 [ή
677 2212 735 2265 δὲ
766 2212 995 2284 Είρήνη]
1018 2213 1094 2283 τῷ
1122 2213 1359 2283 Εἰρήνης
1384 2218 1481 2283 τῆς
1514 2215 1718 2285 μητρὸς
1738 2216 1833 2269 τοῦ

238 2308 389 2379 μετά
416 2305 582 2359 ταῦτα
622 2306 714 2358 τὸν
744 2306 791 2337 ⁷⁸
824 2306 1224 2375 πατριαρχικὸν
1255 2306 1445 2375 θρόνον
1478 2306 1836 2372 ἁντιλαὸομέ-

238 2418 334 2454 νου
372 2400 579 2452 Φωτίου
638 2398 894 2469 ἀδελφῷο
956 2401 1076 2469 μεθ’
1116 2392 1177 2461 οὗ
1234 2401 1329 2452 καὶ
1376 2399 1469 2452 δύο
1514 2401 1835 2455 τεκνώσασα

236 2493 461 2556 παῖδας,
493 2494 767 2561 Στέφανόν
835 2510 896 2545 τε
931 2494 1022 2546 τὸν
1074 2494 1398 2565 μάγιστρον,
1471 2494 1566 2546 καὶ
1619 2494 1834 2561 Βάρδαν

233 2589 330 2642 τὸν
362 2585 561 2641 ἑαυτοῦ
595 2585 827 2656 ἀδελφὸν
877 2587 971 2639 καὶ
1013 2587 1319 2656 μάγιστρον
1370 2586 1461 2639 τὸν
1512 2586 1603 2639 τοῦ
1636 2603 1834 2655 πατρι-

235 2681 359 2734 κίου
379 2681 799 2733 Κωνσταντίνου
819 2680 913 2732 καὶ
933 2678 1236 2749 στρατηγοῦ
1258 2678 1534 2749 Σικελίας,
1560 2680 1650 2731 τὸν
1677 2677 1770 2730 τοῦ
1790 2679 1834 2709 ⁷⁷

234 2771 595 2843 Κοντομύτου
622 2770 875 2842 γαμϐρὸν
908 2769 1149 2842 (ἐκεῖθεν
1179 2771 1290 2841 γὰρ
1340 2770 1489 2838 αὐτῷ
1519 2773 1611 2823 καὶ
1658 2771 1689 2839 ή
1740 2769 1833 2822 τοῦ

152 2858 153 2861 “
233 2863 595 2933 Κοντομῦτου
624 2862 914 2932 ἐκληρώθη
941 2859 1331 2933 προσηγορία),
1373 2862 1475 2932 τὴν
1508 2862 1833 2929 συγγένειαν

234 2957 378 3027 πρὸς
410 2956 503 3008 τὸν
543 2957 892 3029 πατριάρχην
926 2953 1097 3017 ἔσωζε
1129 2953 1362 3007 Φώτιον·
1410 2953 1691 3022 ἐξάδελφοι
1726 2954 1834 3022 γὰρ

230 3050 283 3102 οἱ
315 3048 413 3101 δύο
465 3048 761 3118 μάγιστροι
826 3042 972 3101 οὗτοι
1001 3046 1194 3099 τούτου
1241 3040 1560 3115 ἐτύγχανον.
1595 3043 1745 3112 Αὕτη
1776 3043 1833 3097 δὲ

1947 564 2018 618 tis
2061 564 2704 633 :etatemtransigerent.
2767 562 2861 619 Sic
2910 566 3131 635 quidem
3170 566 3260 620 illa
3313 581 3381 621 ex
3429 567 3530 622 hac

1946 656 2067 711 luce
2101 655 2373 726 migravit,
2406 656 2609 711 bonum
2642 672 2837 711 nomen
2871 673 2935 712 ac
2954 658 3290 724 venerabile,
3326 674 3434 712 non
3470 668 3531 713 ut
3600 640 3607 647 ’

1944 748 2022 804 illi
2055 748 2257 802 malum
2294 758 2456 816 atque
2490 765 2740 812 exosum,
2780 750 2888 805 lilio
2912 750 3250 819 relinquens.
3277 749 3531 806 Ostendi-

1944 840 2226 895 muslihro
2255 841 2523 909 superiori
2552 841 2843 904 undenam,
2888 850 2941 895 et
2982 857 3045 895 ex
3091 842 3292 911 quibus
3343 840 3520 898 Theo-
3575 875 3587 911 ,-

1946 888 2221 895 --ην-η--
2255 888 2523 909 ,ηρ-η--
2891 888 2940 895 η-
2986 888 3045 895 -.-
3094 888 3291 911 -.κ-μ-
3354 888 3494 898 -.-η

1943 931 2079 986 dora
2108 940 2227 987 orta
2270 931 2609 1002 parentibus,
2646 934 2926 1001 quomodo
2970 934 3100 987 item
3135 936 3187 987 in
3212 935 3395 988 aulam
3431 950 3523 988 ve-
3575 888 3585 947 ἱ

1944 1025 2108 1087 nerit,
2132 1033 2373 1094 quotque
2396 1039 2459 1077 ex
2490 1033 2644 1076 utero
2700 1024 2880 1092 proles
2917 1024 3204 1078 muliebris
3243 1039 3407 1079 sexus
3440 1023 3526 1077 lu-
3576 1002 3583 1019 bl

1944 1116 2122 1172 derit:
2153 1118 2205 1170 in
2250 1118 2351 1171 hoc
2385 1132 2513 1169 vero
2541 1116 2661 1184 ejus
2705 1118 2975 1185 reliquum
3013 1133 3185 1185 genus
3233 1133 3295 1170 ac
3324 1132 3527 1185 cogna-
3572 1186 3575 1189 _

1944 1218 2028 1264 tos
2056 1211 2425 1265 ostendemus.
2498 1207 2743 1263 Fuerunt
2800 1208 3005 1277 itaque,
3071 1224 3211 1277 quos
3263 1209 3527 1272 diximus,
3578 1216 3579 1219 ‘

1943 1301 2054 1356 duo
2085 1301 2315 1355 masculi
2352 1300 2569 1362 fratres,
2600 1300 2867 1356 Petronas
2892 1300 3291 1355 Thracensium
3321 1300 3429 1354 dux
3460 1315 3526 1353 ac

1944 1404 2059 1449 tum
2094 1394 2380 1463 patricius,
2413 1393 2749 1463 Bardasque,
2794 1397 2857 1448 de
2905 1410 3016 1463 quo
3065 1394 3298 1463 egimus.
3357 1394 3526 1446 Porro

1940 1486 2211 1541 Petronas
2239 1488 2292 1540 in
2337 1488 2575 1557 quodam
2620 1488 2879 1549 facinore
2907 1503 2936 1540 a
2983 1486 3286 1556 Theophilo
3332 1484 3525 1555 depre-

1947 1578 2177 1638 hen5us,
2225 1593 2348 1631 cum
2377 1586 2644 1630 consueta
2683 1578 2966 1647 processio
3022 1576 3195 1639 ﬁeret,
3247 1576 3527 1645 sexaginta

1949 1670 2273 1723 Verberibus
2303 1668 2366 1721 ad
2396 1668 2749 1738 Horologium
2781 1668 2970 1734 jussus
3002 1675 3084 1721 est
3114 1666 3397 1736 vapulare.
3425 1664 3527 1719 So-

1944 1778 2095 1817 rores
2114 1771 2223 1815 tres
2251 1763 2533 1822 exstitere,
2572 1775 2709 1829 quas
2746 1759 2902 1829 175
2962 1760 3040 1813 sic
3082 1759 3385 1812 honoriﬁco
3427 1774 3527 1813 no-

1941 1854 2088 1907 mine
2128 1851 2490 1905 Calomariam
2538 1851 2824 1913 vocabant,
2882 1860 2934 1903 et
2976 1848 3178 1917 Sophia
3222 1864 3286 1903 ac
3346 1847 3523 1903 lrene.

1942 1944 2017 2000 Ex
2051 1945 2133 1999 his
2160 1944 2362 2016 Sophia
2402 1943 2586 2014 nupsit
2612 1941 2978 1997 Constantino
3020 1940 3362 1994 Babutzico:
3428 1940 3527 1994 Ca-

1938 2038 2224 2092 loma'riam
2270 2036 2426 2090 duxit
2474 2035 2712 2089 Arsabcr
2752 2044 2865 2088 tum
2922 2032 3185 2100 patricius
3220 2048 3283 2086 ac
3332 2032 3526 2085 deinde

1940 2129 2200 2198 magister
2235 2148 2248 2183 :
2279 2127 2460 2201 [lrene
2494 2125 2701 2200 autem]
2734 2126 2919 2180 lrenes
2949 2126 3142 2178 matris
3172 2125 3347 2179 Photii
3384 2122 3525 2196 (ejus

1939 2221 2030 2291 qui
2061 2231 2246 2292 postea
2289 2221 2597 2290 patriarcha
2662 2218 2783 2289 fuit)
2837 2217 2991 2271 fratri
3030 2226 3191 2285 nupta
3244 2216 3387 2281 fuit;
3453 2230 3517 2269 es

1938 2326 2047 2380 quo
2085 2311 2250 2366 etiam
2284 2310 2497 2365 duobus
2553 2310 2826 2379 susceptis
2879 2308 3030 2373 iiliis,
3087 2308 3370 2376 Stephano
3407 2323 3524 2360 ma-

1937 2403 2111 2473 gistro
2148 2413 2198 2456 et
2239 2403 2415 2456 Barda
2456 2403 2605 2457 illius
2660 2402 2827 2455 fratre
2877 2411 3039 2469 atque
3084 2400 3370 2470 magistro,
3427 2400 3519 2467 qui

1936 2494 2281 2549 Constantini
2313 2495 2525 2563 patricii
2559 2504 2612 2547 et
2638 2493 2839 2546 Siciliae
2874 2491 3125 2560 praetoris
3163 2491 3275 2559 (qui
3302 2499 3354 2543 et
3383 2489 3525 2541 Con-

1938 2584 2183 2657 tumites)
2233 2600 2396 2654 gener
2438 2583 2540 2637 fuit
2567 2585 2718 2655 (hinc
2762 2584 2908 2637 enim
2951 2584 3065 2637 haec
3104 2581 3179 2634 illi
3228 2580 3522 2651 appellatio

1939 2675 2140 2745 haesit),
2171 2690 2295 2730 cum
2328 2673 2523 2728 Photio
2560 2674 2875 2744 patriarcha
2907 2672 3222 2727 afﬁnitatem
3261 2672 3519 2725 servavit.

1936 2768 2113 2822 Ambo
2137 2768 2281 2823 enim
2313 2768 2367 2822 hi
2401 2767 2649 2838 magistri
2670 2768 2819 2822 illius
2850 2776 3079 2837 nepotes
3105 2782 3169 2821 ac
3201 2763 3520 2821 censobrini

1937 2862 2115 2919 fuere.
2170 2861 2377 2915 Horum
2414 2871 2608 2924 mater,
2639 2861 2821 2931 priore
2852 2860 2971 2929 viro
3005 2870 3179 2913 morte
3205 2860 3428 2922 amisso,
3464 2866 3524 2910 υι

1937 2957 2167 3011 alterum
2206 2968 2425 3024 quoque
2463 2951 2665 3006 frustra
2697 2954 3022 3006 morientem
3064 2951 3270 3004 videret
3317 2950 3368 3003 iu
3401 2950 3523 3003 ani-

1938 3065 2086 3103 mum
2124 3048 2382 3101 inducere
2423 3046 2618 3099 noluit.
2688 3043 2893 3098 Vivens
2918 3044 3099 3111 itaque
3135 3042 3297 3097 vidua
3322 3050 3520 3095 etcum

231 3139 333 3194 οὖν
362 3142 394 3209 ἡ
428 3142 615 3209 μήτηρ
644 3139 753 3191 τῶν
777 3138 1100 3210 εἰρημένων,
1142 3139 1265 3189 ἐπεὶ
1292 3138 1384 3190 τοῦ
1435 3138 1701 3207 προτέρου
1738 3138 1829 3187 ἀν-

1949 3158 2138 3199 sorore
2175 3140 2229 3194 in
2266 3140 2386 3192 aula
2417 3155 2606 3208 agens,
2648 3136 2893 3206 squalida
2936 3137 3172 3206 quadam
3208 3144 3370 3204 atque
3406 3133 3520 3186 hn-

230 3234 364 3303 δρὸς
396 3235 486 3286 διὰ
520 3233 753 3285 θανάτου
782 3232 1117 3302 ἡμάρτανεν,
1137 3231 1233 3299 οὐχ
1255 3230 1424 3283 εἵλετο
1450 3231 1540 3282 καὶ
1568 3229 1828 3298 δεύτερον

234 3329 371 3381 ἰδεῖν
394 3329 578 3397 μάτην
597 3326 949 3391 ἀποϐιοῦντα,
976 3326 1126 3391 ζῶσα
1154 3324 1210 3376 δὲ
1244 3324 1387 3395 χήρα
1412 3325 1505 3379 καὶ
1522 3325 1587 3394 τῇ
1625 3323 1828 3392 ἑαυτῆς

233 3420 476 3474 συνοῦσα
532 3420 734 3489 ἁδελφῇ
795 3420 935 3472 κατὰ
984 3418 1052 3471 τὰ
1083 3417 1351 3487 βασίλεια,
1385 3415 1679 3485 αὐχμηρὰν
1709 3431 1832 3466 τινα

234 3514 332 3567 καὶ
363 3512 633 3582 ταπεινὴν
664 3510 1018 3579 ἐστολισμένη
1053 3508 1268 3580 στολὴν,
1295 3506 1375 3559 ἔτι
1402 3508 1458 3559 δὲ
1478 3506 1582 3577 μὴν
1611 3506 1704 3559 καὶ
1733 3504 1832 3575 μὲ-

232 3605 449 3667 λαιναν,
479 3604 573 3656 τὸν
602 3602 851 3673 ὕπαρχον
882 3601 1349 3672 ἀπολαμϐάνουσα
1381 3599 1480 3667 τῆς
1518 3598 1722 3668 χειρὸς,
1765 3597 1827 3649 οὐ

236 3695 345 3768 μήν
374 3697 432 3749 δὲ
470 3696 567 3748 καὶ
614 3696 703 3747 τὸν
750 3694 1065 3765 τειχιὼτην,
1121 3692 1259 3746 ἀλλὰ
1290 3691 1381 3745 καὶ
1422 3691 1514 3755 τὸν
1557 3690 1827 3761 νούμερον

233 3786 685 3857 συνεπαγομένη,
720 3785 865 3839 κατὰ
882 3784 1182 3855 νουμηνίαν
1218 3784 1383 3854 ἀπῄει
1426 3781 1594 3852 βάδην
1620 3798 1681 3834 τε
1734 3782 1830 3834 καὶ

234 3881 376 3952 πεξῇ
399 3882 491 3934 διὰ
513 3880 624 3932 τῶν
646 3878 853 3950 σχολῶν
886 3877 1022 3949 πρὸς
1048 3878 1175 3939 τοὺς
1200 3879 1256 3931 ἐν
1285 3878 1400 3939 τοῖς
1430 3875 1830 3945 δεσμωτηρίοις

235 3973 645 4043 κατεχομένους
697 3972 797 4041 τῆς
851 3989 909 4024 τε
943 3970 1168 4039 Χαλκῆς
1220 3968 1436 4024 καὶτοῦ
1482 3966 1829 4037 Πραιτωρίου

1930 3236 2045 3291 mili
2075 3235 2259 3287 induta
2286 3242 2461 3293 veste,
2493 3230 2807 3299 praefectum
2857 3244 3022 3281 manu
3050 3237 3264 3291 tenens,
3298 3241 3519 3294 unaque

1930 3336 2213 3394 assumpto
2246 3326 2468 3379 tichiote
2499 3338 2565 3377 ac
2596 3321 2866 3376 cohortali
2894 3321 3052 3381 duce,
3090 3321 3297 3374 mensis
3331 3320 3521 3388 cujus-

1930 3434 2039 3490 que
2068 3418 2229 3471 initio
2258 3418 2403 3471 lento
2438 3416 2607 3486 gradu
2670 3416 2944 3486 pedesque
2975 3432 3070 3484 per
3120 3412 3341 3469 scholas
3380 3412 3514 3469 ibat.

1930 3511 1998 3567 ad
2025 3526 2122 3565 eos
2154 3512 2244 3578 qui
2304 3510 2471 3563 vincti
2532 3508 2586 3564 in
2631 3507 2833 3564 Chalce
2866 3518 2921 3563 et
2967 3509 3020 3563 in
3074 3506 3330 3577 pt‘a‘torin
3356 3515 3519 3573 atque

1928 3598 2189 3655 Numeris
2222 3608 2585 3665 tenerentur;
2621 3599 2983 3669 singulosque
3019 3613 3246 3653 causam
3280 3594 3518 3650 carceris

1928 3692 2296 3761 intermgans,
2356 3706 2421 3746 ae
2462 3704 2575 3746 tum
2638 3708 2736 3747 sua
2788 3693 2906 3762 ipsa
2951 3708 3140 3762 Opera,
3172 3702 3283 3743 tum
3322 3702 3519 3758 sugge-

1928 3785 2107 3840 Stione
2136 3784 2203 3838 ad
2249 3800 2493 3839 sororem
2548 3785 2614 3839 iis
2654 3786 3025 3854 prospiciens,
3072 3782 3216 3838 haud
3265 3781 3514 3849 exiguam

1927 3877 2131 3946 cuique
2155 3876 2595 3931 benedictionem
2652 3892 2717 3931 ac
2749 3876 3159 3943 elecmosynam
3218 3872 3513 3928 tribuebat.

1929 3963 2211 4021 Hactenus
2244 3983 2366 4035 quae
2400 3976 2651 4035 spectant
2671 3967 2741 4022 ad
2766 3968 3023 4022 feminas.

236 4067 333 4119 καὶ
370 4066 483 4117 τῶν
518 4064 839 4135 Νουμέρων,
891 4064 1038 4128 τίνος
1094 4081 1151 4117 τε
1199 4065 1363 4135 χάριν
1435 4060 1879 4116 ἀποκέκλεισται
1931 4060 2030 4113 ’ἐνα
2072 4061 2338 4131 ἐρωτῶοα
2397 4060 2520 4116 καθ’
2568 4062 2664 4113 ἕνα
2714 4063 2808 4114 καὶ
2859 4057 3140 4113 διοικοῦσα
3166 4057 3291 4120 τοὺς
3324 4055 3421 4125 μὲν
3449 4046 3515 4107 δι’

234 4162 462 4230 ἑαυτῆς,
495 4162 624 4222 τοὺς
653 4160 709 4212 δὲ
738 4160 826 4213 διὰ
855 4160 953 4229 τῆς
987 4158 1125 4230 πρὸς
1176 4157 1273 4229 τὴν
1319 4157 1555 4227 ἀδελφήν
1589 4154 1974 4226 ὑπομνήσεως,
2006 4152 2224 4223 ἑκάστῳ
2294 4152 2405 4207 τῶν
2471 4154 2897 4224 φρουρουμένων
2940 4151 3195 4220 εὐλογίαν
3252 4150 3513 4219 ἐπιχορη-

233 4257 414 4327 γοῦσα
445 4256 506 4308 οὗ
551 4253 751 4324 μικρὰν
781 4253 875 4307 καὶ
904 4252 1294 4323 ἐλεημοσύνην.
1325 4253 1433 4306 Καὶ
1462 4252 1529 4304 τὰ
1562 4251 1660 4321 μὲν
1688 4250 1825 4303 κατὰ
1860 4249 1958 4320 τὴν
1983 4250 2369 4315 γυναικωνῖτιν
2396 4246 2557 4301 οὕτω.

312 4349 423 4420 κγ’.
460 4350 518 4402 '0
544 4348 600 4401 δὲ
627 4348 835 4417 Βάρδας
859 4342 925 4419 ἦν
953 4348 1069 4406 ὅλος
1087 4348 1154 4401 τὰ
1174 4348 1272 4417 τῆς
1304 4346 1580 4415 βασιλείας
1608 4347 1829 4415 ἐπιτρο-

238 4444 426 4497 ¹ιτεὺων
454 4443 550 4494 καὶ
577 4442 819 4506 διοικῶν,
848 4442 943 4495 καὶ
970 4439 1077 4494 τῶν
1108 4441 1313 4493 λοιπῶν
1340 4440 1709 4510 διαφερόντως
1751 4438 1827 4500 ὡς

2008 4344 2170 4416 1⁷6
2196 4344 2284 4398 25.
2313 4342 2488 4398 Porro
2525 4342 2730 4397 Bardas
2794 4343 2847 4396 in
2894 4338 3245 4411 procurando
3288 4336 3519 4390 admini-

1934 4438 2268 4501 strandoque
2297 4437 2526 4504 imperio
2552 4445 2701 4489 totus
2734 4443 2887 4498 erat;
2924 4448 2988 4487 ac
3033 4431 3183 4485 velut
3216 4429 3307 4497 qui
3340 4428 3517 4496 impe-

242 4534 515 4605 συγγενής
537 4535 631 4585 τοῦ
668 4533 932 4602 βασιλέως
966 4533 1330 4602 ἀγαπώμενος
1350 4548 1363 4561 ·
1415 4533 1568 4586 ἐνθεν
1601 4535 1694 4586 καὶ
1725 4534 1824 4602 τὴν

1937 4539 2169 4586 ratorem
2206 4530 2461 4585 aﬂinitate
2498 4528 2820 4597 attingebat,
2853 4542 2964 4595 pne
2997 4522 3221 4592 reliquis
3279 4521 3357 4575 illi
3383 4520 3515 4574 cha-

241 4626 675 4695 κωροτταλάτου,
703 4619 814 4678 οἷον
846 4621 1007 4679 ἆθλον
1034 4626 1126 4678 ἐπὶ
1147 4628 1209 4695 τῇ
1245 4624 1472 4695 ἀδελφῇ,
1496 4625 1661 4693 τιμὴν
1692 4626 1826 4677 ἁνα-

237 4718 474 4788 δέχεται,
514 4719 608 4771 καὶ
651 4718 790 4770 κατὰ
820 4718 929 4771 τῶν
988 4716 1344 4788 Ἰσμαηλιτῶν
1366 4717 1461 4769 κα)⁵
1497 4716 1592 4768 τοῦ
1624 4717 1823 4785 Ἀμερ,

237 4812 432 4881 ὥσπερ
465 4813 703 4881 εἴρηται,
740 4809 1257 4881 ἀντιστρατεύονται
1292 4809 1429 4878 μετὰ
1452 4807 1547 4861 τοῦ
1581 4806 1822 4877 Μιχαὴλ,

241 4904 369 4973 ἄρτι
387 4902 672 4965 τελοῦντος
695 4902 861 4955 αὐτοῦ
888 4904 967 4965 είς
991 4901 1189 4971 ἄνδρας
1213 4900 1273 4964 ἐξ
1293 4901 1574 4967 ἀγενείων,
1594 4900 1825 4969 δυνάμει

241 4995 395 5064 πασῃ
422 5011 483 5047 τι
514 4994 610 5046 καὶ
640 4994 807 5063 χειρί.
849 4992 935 5055 Ὠς
962 4993 1007 5045 δ’
1042 4992 1134 5045 οὖν
1164 4992 1264 5061 τῆς
1303 4992 1411 5045 τῶν
1439 4991 1699 5044 ἐναντίων
1729 4992 1822 5044 ἐπ-

241 5086 449 5156 έδησαν
479 5089 607 5156 γῆς,
638 5087 781 5139 κατὰ
802 5086 957 5138 πόλιν
980 5084 1272 5155 Σαμόσατα
1308 5085 1631 5155 λεγομένην,
1662 5085 1827 5138 δυνά-

242 5194 341 5248 μει
370 5195 448 5245 ,τε
500 5178 795 5249 βρίθουσαν
847 5177 941 5229 καὶ
1003 5177 1168 5245 ίσχύῖ,
1200 5177 1447 5243 ἄγονται,
1492 5176 1586 5228 καὶ
1619 5177 1827 5247 ταύτην

239 5272 564 5341 ἐπεχείρουν
620 5272 951 5340 πολιορκεῖν.
1003 5268 1144 5322 Ἀλλ’
1201 5268 1549 5334 ἐλελήθεισαν
1596 5269 1657 5322 οὐ
1685 5270 1828 5324 κατὰ

238 5361 530 5434 Θεοδὼρας
585 5365 833 5434 αίροντες
882 5364 1061 5433 χεῖρα,
1094 5361 1234 5415 κατὰ
1262 5362 1319 5414 δὲ
1349 5362 1704 5431 πολυτρόπων
1734 5364 1830 5415 ἀν-

236 5456 411 5525 δρῶν.
458 5456 547 5517 Ὠς
583 5458 683 5521 μὲν
709 5456 817 5525 γὰρ
844 5450 911 5526 ἦν
944 5453 1101 5525 τρίτη
1145 5452 1247 5521 τῆς
1276 5454 1562 5524 ἐφεδρείας
1616 5454 1828 5520 τούτοις

240 5550 451 5616 ἡμέρα,
482 5552 515 5619 ή
550 5548 741 5618 πρώτη
766 5548 822 5601 δὲ
857 5548 949 5601 καὶ
980 5546 1141 5617 κυρία
1177 5546 1286 5598 τῶν
1336 5547 1580 5615 ἡμερῶν,
1602 5548 1827 5617 ἔμελλον

235 5642 303 5693 δὲ
329 5641 427 5712 τὴν
471 5641 817 5711 ἀναίμακτον
858 5638 1248 5711 μυσταγωγίαν
1281 5636 1615 5710 ἐκπληροῦν,
1650 5642 1726 5705 ὡς
1758 5642 1825 5695 ἂν

1932 4640 2027 4679 rus
2056 4639 2119 4678 ac
2144 4624 2375 4679 dilectus
2403 4631 2541 4678 erat.
2612 4620 2823 4674 Idcirco
2870 4618 3036 4672 etiam
3073 4615 3220 4669 velut
3278 4614 3331 4667 in
3365 4628 3516 4668 sum-

1933 4726 2094 4771 mota:
2118 4717 2328 4771 sororis
2341 4711 2967 4785 praemiumcuropalata:
2984 4707 3246 4777 dignitate
3264 4716 3512 4768 ornatur,

1935 4825 2150 4877 unaque
2176 4825 2299 4863 cum
2336 4808 2621 4867 Michaele,
2657 4806 2751 4873 qui
2782 4804 3067 4859 elil‘irente
3096 4801 3210 4871 jam
3249 4800 3515 4869 lanugine

1933 4911 2106 4953 annos
2132 4898 2315 4952 viriles
2342 4897 2535 4953 inibat.
2557 4911 2680 4949 cum
2708 4896 2909 4964 ingenti
2938 4908 3219 4947 armorum
3248 4900 3513 4961 apparatu
3559 4959 3567 4968 ‘

1937 5006 2000 5045 ac
2042 4991 2282 5045 exercitu
2324 4990 2587 5043 adversus
2642 4987 2950 5042 Ismaelitas
2998 4995 3054 5039 et
3109 4984 3385 5046 Amerem,
3458 4991 3517 5035 ut

1937 5098 2099 5148 supra
2130 5082 2466 5145 dicebamus,
2510 5079 2899 5149 proﬁciscitur.
2964 5078 3264 5148 Postquam
3331 5077 3518 5143 itaque

1937 5176 1990 5231 in
2027 5175 2294 5230 hosticum
2334 5174 2609 5244 progressi
2660 5174 2951 5228 Samosata
2996 5178 3286 5229 venerunt,
3324 5170 3515 5220 urbem

1936 5269 2144 5325 scilicet
2189 5268 2387 5323 civium
2448 5267 2797 5322 multitudine
2842 5280 2909 5317 ac
2962 5264 3158 5315 robore
3205 5266 3512 5328 potentem,

1927 5365 2047 5433 ejus
2068 5362 2410 5417 obsidionem
2429 5360 2845 5430 aggrediuntur.
2864 5353 3135 5409 Nimirum
3165 5366 3273 5405 non
3303 5351 3516 5405 iutelle~

1928 5466 2118 5511 xerant
2148 5472 2257 5510 non
2292 5472 2351 5511 se
2384 5454 2651 5509 adversus
2692 5449 3040 5504 Theodoram
3073 5448 3257 5500 levare
3287 5460 3509 5503 manus.

1927 5550 2019 5604 sed
2054 5550 2319 5604 adversus
2358 5546 2713 5602 vul‘errirnum
2768 5540 3054 5597 hominum
3080 5554 3274 5609 genus.
3330 5536 3510 5591 Tertia

1929 5644 2110 5713 itaque
2140 5642 2445 5698 obsidionis
2478 5640 2587 5707 die,
2644 5653 2767 5710 qua:
2805 5636 2977 5706 prima
3012 5632 3225 5691 dierum
3268 5631 3499 5701 ipsaque

1558 5738 1793 5800 ῩΑΙΗᾸΞ
1850 5740 2141 5799 LECTIUN
2154 5740 2254 5795 ES.

321 5828 366 5861 τέ’
402 5830 490 5884 τὸν
511 5845 621 5885 om.
656 5830 716 5885 Ρ.
793 5830 836 5862 ⁷⁷
866 5826 1093 5899 τδντοῦῙ
1136 5825 1225 5881 τοῦ
1267 5826 1399 5882 καὶῖ
