4038 6214
467 242 562 308 191

1491 245 2005 309 THEOPHANES
2033 243 2594 311 CONTINUATUS.

3626 242 3734 307 192

461 360 689 415 domina
721 359 844 426 fuit,
875 361 1090 432 expleto
1119 359 1233 430 jam
1270 358 1388 413 fere
1416 358 1703 414 incruento
1740 357 2037 422 sacriﬁcio,

2161 357 2254 411 τῶν
2291 357 2463 425 ἁγίων
2518 356 2835 428 μυστηρίων
2886 354 3238 427 μετάσχοιεν,
3295 351 3574 423 ἐξαίφνης,
3628 355 3734 410 εἴτ’

462 461 523 504 ut
557 450 731 507 sacris
760 450 1037 523 mysteriis
1072 450 1510 522 impartirentur,
1535 459 1759 518 repente
1784 449 1924 520 (sive
1953 448 2041 504 in-

462 551 621 596 caute
656 542 745 596 illa
777 542 1124 613 peragebant,
1158 540 1274 597 sive
1299 541 1463 596 etiam
1511 541 1586 596 rei
1628 540 1835 595 bellica:
1871 541 2042 611 impe-

464 633 587 685 ritia
622 634 810 687 urbem
875 634 1174 702 hostesque
1204 633 1649 699 contemnebant,
1718 633 2044 703 nullumque

464 723 578 779 fore
630 724 1032 778 arbitrabantur
1082 725 1178 794 qui
1232 725 1415 779 levare
1476 740 1697 779 manum
1732 728 1752 781 Ξ
1782 725 2045 780 adversus

466 814 772 868 Romanum
828 814 1218 884 imperatorem
1274 816 1518 885 auderet)
1572 817 1692 887 ipsa
1750 817 1886 870 hora
1938 832 2046 886 qua

472 905 754 975 mysteriis
781 904 1132 974 itnpartiendi
1164 916 1342 974 erant,
1390 906 1635 977 undique
1682 922 1749 961 ex
1784 908 1917 961 urbe
1953 924 2044 962 ar-

466 995 597 1048 mati
635 996 914 1049 irruentes
944 1005 1157 1049 tantum
1195 998 1276 1049 eis
1297 1005 1559 1051 terrorem
1595 996 1961 1062 incusserunt,
1990 1006 2049 1052 ut

388 1106 404 1121 -
461 1104 622 1142 nemo
654 1087 920 1157 impetum
959 1089 1255 1154 sustinere,
1287 1104 1449 1142 neruo
1488 1104 1594 1142 non
1637 1087 1762 1158 fuga
1811 1089 2042 1144 salutem

461 1183 718 1253 expedire
742 1182 1173 1252 conspiceretur.
1202 1181 1319 1251 Ipse
1364 1181 1595 1235 Michael
1639 1182 1725 1236 vix
1765 1182 1816 1235 in
1844 1197 2043 1250 equum

462 1274 697 1327 evadens
722 1270 983 1341 fugientis
1017 1272 1321 1342 specimen,
1362 1286 1468 1326 non
1502 1271 1605 1325 viri
1634 1270 1789 1327 fortis
1810 1272 2046 1342 ejusque

463 1366 556 1434 qui
593 1365 741 1435 prior
772 1365 828 1419 in
864 1364 984 1420 acie
1013 1372 1202 1429 staret,
1269 1363 1440 1419 dedit.
1492 1364 1583 1419 Sic
1629 1380 1770 1435 aegre
1824 1366 2046 1420 tandem

466 1466 711 1512 servatus
738 1466 844 1519 est.
890 1456 1005 1513 suis
1035 1455 1295 1512 omnibus
1336 1465 1770 1525 castrorumque
1816 1457 2048 1528 impedi-

467 1549 661 1604 mentis
692 1546 745 1601 in
779 1548 1019 1602 hostium
1060 1557 1328 1617 potestate
1378 1548 1607 1603 relictis.
1676 1547 1794 1604 Illic
1827 1548 2051 1604 Carbete

468 1638 647 1708 (cujus
677 1654 839 1709 supra
886 1639 1261 1703 meminimus,
1288 1638 1380 1710 qui
1410 1648 1463 1694 et
1478 1639 1773 1710 'l‘ephrices
1797 1641 2050 1696 conditor

471 1699 628 1800 17.7
665 1699 787 1798 fuit)
819 1730 1034 1801 egregie
1063 1729 1216 1783 aiunt
1244 1699 1500 1784 virtutem
1532 1699 1820 1797 enituisse,
1856 1740 1915 1785 ut
1940 1747 2046 1787 non
2079 1699 2124 1759 Β

467 1824 642 1879 solum
679 1823 953 1893 gregarios
977 1822 1177 1877 multos
1212 1832 1374 1893 atque
1402 1824 1669 1879 obscuros
1692 1824 2048 1889 interfecerit,

469 1931 657 1970 verum
699 1930 925 1985 magnos
960 1930 1178 1984 quoque
1209 1914 1378 1970 duces
1405 1917 1634 1987 ceperit,
1660 1933 1851 1987 nempe
1874 1916 2051 1974 Tzan-

471 2005 735 2076 gotubum
756 2004 1147 2059 Abessalonem
1165 2012 1217 2059 et
1245 2002 1481 2059 Seonem
1530 2005 1862 2073 Palatinum,
1891 2006 2053 2061 alios-

470 2110 575 2165 que
604 2095 809 2166 legatos
841 2104 1006 2165 atque
1038 2094 1287 2151 tribunos
1317 2094 1462 2149 haud
1491 2095 1779 2165 pauciores
1806 2104 2047 2152 centum.

474 2188 851 2244 Servabantur
891 2203 1022 2258 ergo
1069 2188 1151 2254 hi,
1185 2202 1325 2258 quos
1356 2187 1493 2254 dixi,
1542 2189 1708 2244 duces
1749 2190 1801 2243 in
1830 2204 2053 2245 carcere

476 2292 756 2337 transacto
784 2281 927 2335 bello
955 2298 969 2347 ;
1007 2296 1071 2335 ac
1096 2295 1258 2350 quam
1290 2279 1533 2335 Carbeas
1556 2291 1832 2352 exegerat,
1865 2282 2055 2353 ingen-

473 2386 579 2429 tem
605 2374 715 2428 virn
738 2374 857 2429 auri
888 2374 1051 2428 domo
1082 2373 1392 2438 advectam,
1451 2373 1847 2444 redemptionis
1880 2373 2054 2443 pretio

472 2468 875 2537 persolverunt.
904 2466 1142 2523 Carbeas
1174 2467 1350 2536 pretio
1378 2475 1599 2536 accepto
1623 2462 1854 2520 Seonem
1883 2465 2053 2519 inter-

477 2571 652 2631 rogat,
689 2576 815 2613 num
857 2575 1193 2614 venenorum
1229 2576 1408 2614 amore
1448 2558 1748 2629 afﬁciatur,
1782 2571 2054 2629 malusque

474 2652 787 2705 libidinosas
816 2650 870 2703 in
915 2666 1132 2718 corpore
1161 2652 1404 2707 sentiat?
1432 2648 1673 2719 Negante
1701 2648 1813 2713 illo,
1846 2664 1910 2703 ac
1962 2663 2053 2705 as-

482 2750 697 2796 serente
737 2740 871 2794 nihil
901 2756 955 2794 se
985 2741 1053 2793 iis
1092 2740 1279 2809 afﬁci,
1314 2738 1502 2793 eadem
1538 2739 1734 2793 iterum
1781 2754 1846 2794 ex
1878 2738 2053 2795 Abes-

474 2834 665 2888 salone
720 2840 1095 2902 percontatur.
1172 2829 1475 2886 Abessalon
1534 2840 1714 2885 autem
1772 2839 2050 2900 comperta

480 2924 717 2979 hominis
766 2922 1011 2991 nequitia
1057 2939 1119 2976 ac
1140 2921 1288 2988 dolo,
1335 2921 1451 2977 sive
1493 2921 1655 2975 etiam
1702 2922 1844 2991 quod
1884 2922 1964 2976 sic
1996 2937 2054 2977 re

479 3017 593 3085 ipsa
627 3015 961 3078 afﬁceretur,
985 3015 1062 3068 ita
1083 3030 1257 3068 secum
1292 3015 1380 3083 agi
1408 3015 1659 3067 accaruis
1691 3023 1862 3067 motus
1892 3012 2054 3067 mole-
2082 3047 2125 3106 ϐ

476 3119 582 3161 εισι
608 3107 765 3177 ferre,
792 3105 1095 3176 respondit.
1122 3105 1261 3159 Tum
1293 3104 1341 3158 ei
1366 3105 1604 3159 Carbeas
1627 3122 1641 3159 :
1680 3103 1756 3157 Tu
1777 3121 1809 3157 a
1835 3104 2055 3159 vinculis

476 3196 607 3251 liber
628 3208 757 3260 esto,
798 3195 1072 3263 simulque
1100 3194 1337 3259 dimisit;
1361 3192 1525 3248 Seoni
1549 3208 1681 3247 vero
1717 3190 1909 3248 :Certe
1954 3210 2056 3248 non

477 3288 585 3341 vult
622 3286 760 3340 Deus
779 3295 833 3340 ut
858 3304 889 3340 α
931 3302 1142 3341 carcere
1170 3286 1435 3350 libereris,
1472 3285 1747 3354 simulque
1777 3288 2054 3353 restituto,

477 3378 623 3449 quod
654 3387 957 3447 acceperat,
997 3378 1392 3447 redemptionis
1422 3377 1615 3446 pretio,
1651 3377 1825 3434 donec
1858 3379 2059 3433 efﬂavit

478 3469 717 3523 animam
743 3469 796 3521 in
837 3483 1059 3522 carcere
1090 3483 1216 3522 eum
1242 3466 1437 3521 tenuit.

547 3559 638 3615 24.
699 3560 839 3626 Quia
879 3574 1010 3613 vero
1038 3559 1175 3613 alter
1196 3557 1308 3628 jam
1337 3573 1515 3613 annus
1536 3572 1565 3613 a
1604 3559 1877 3628 superiori
1902 3558 2059 3617 clade

478 3651 778 3716 effluxerat,
820 3650 1048 3705 audiens
1082 3648 1313 3704 Michael
1344 3649 1567 3718 triginta
1594 3649 1822 3704 millium
1860 3650 1914 3704 in
1953 3652 2059 3705 Ro-

482 3758 699 3797 manam
727 3741 988 3795 ditionem
1016 3740 1214 3795 factam
1245 3740 1629 3810 irruptionem,
1656 3754 1720 3796 ac
1749 3742 1942 3813 iterum
1970 3758 2062 3797 ac-

480 3845 636 3904 cepta
663 3834 861 3888 damna
882 3849 948 3886 ex
982 3832 1210 3887 victoria
1241 3832 1469 3902 cupiens
1492 3833 1783 3899 resarcire,
1818 3832 2060 3891 collectis

477 3942 546 3981 ex
582 3925 994 3980 Thracensibus
1030 3940 1095 3979 ac
1126 3922 1516 3980 Macedonibus
1549 3925 1911 3997 quadraginta
1942 3928 2062 3982 mil-

482 4017 626 4072 libus
655 4016 836 4071 alacer
861 4016 943 4071 eis
980 4016 1195 4070 obviam
1221 4016 1388 4071 venit.
1421 4015 1521 4071 Ubi
1552 4026 1734 4072 autem
1773 4019 1840 4073 ad
1870 4020 2058 4075 locum

480 4108 770 4177 quemdam
812 4107 1033 4177 pascuis
1078 4106 1302 4163 uberem
1364 4107 1643 4164 Celarium
1691 4111 1899 4166 dictum
1953 4114 2059 4167 fixa

483 4200 716 4253 tentoria
766 4206 973 4261 essent,
1009 4198 1176 4252 Amer
1226 4198 1340 4267 jam
1389 4198 1609 4255 infeStis
1658 4200 1712 4254 in
1745 4216 1840 4257 eos
1886 4203 2060 4274 signis

481 4309 835 4363 procurrens,
869 4293 1086 4364 longius
1123 4294 1404 4365 digressus
1444 4295 1607 4366 178
1659 4296 1727 4350 ab
1769 4305 1940 4351 strata
1963 4312 2062 4366 pu-

2146 447 2474 518 ἀφυλάκτως
2496 444 2776 507 τελοῦντες
2792 444 3078 508 αὐτὰ,εῐτε
3111 440 3207 495 καὶ
3239 443 3733 510 καταφρονητικῶς

2143 540 2357 610 ἔχοντες
2397 538 2532 608 πρὸς
2594 537 2692 609 τὴν
2750 537 2905 592 πόλιν
2943 534 3011 588 δι’
3068 532 3328 603 ἀπειρίαν
3377 530 3455 595 ὡς
3492 532 3568 602 μὴ
3596 532 3735 602 πρὸς

2146 631 2366 703 βασιλέα
2401 631 2687 701 Ῥωμαίων
2718 626 2848 701 ἆραι
2874 626 3178 698 τολμῶντος
3208 625 3368 696 χεῖρά
3400 641 3567 687 τινος,
3590 629 3738 680 κατὰ

2144 724 2241 794 τὴν
2264 723 2414 795 ὥραν
2445 726 2503 776 ἐν
2604 722 2713 775 τῶν
2746 720 2906 775 θείων
2929 719 3154 790 ἔμελλον
3194 722 3491 790 μετασχεῖν
3526 737 3734 792 μυστη-

2148 812 2300 883 ρίων,
2340 810 2603 864 πάντοθεν
2636 810 2755 880 μεθ’
2783 810 2962 863 ὃπλων
2987 810 3445 879 ἐκπεπηδηκότες
3498 810 3600 878 τῆς
3632 812 3734 863 πό-

2146 904 2303 968 λεως,
2336 903 2435 955 οὐκ
2459 898 2526 973 ἦν
2555 903 2681 956 ἰδεῖν
2708 902 2796 955 τὸν
2829 903 2980 965 ὅστις
3033 902 3322 971 Ῥωμαίων
3364 901 3451 973 [Ρ.
3480 900 3605 969 ΗΟ]
3633 903 3735 955 ούκ

2148 997 2347 1066 ἐχρῆτο
2381 998 2550 1065 φυγῇ.
2590 995 2761 1047 Ἔνθα
2801 994 2896 1046 καὶ⁸
2943 995 2970 1047 ό
3025 992 3251 1064 Μιχαὴλ
3294 993 3447 1063 μόλις
3502 1011 3604 1045 που
3640 994 3737 1046 τὸν

2149 1089 2316 1141 ἵππον
2344 1087 2551 1149 άναὸὰς
2603 1086 2821 1156 φεύγων
2860 1085 3170 1157 καθωρᾶτο,
3202 1085 3317 1139 ἀλλ’
3345 1086 3408 1138 ού
3456 1087 3735 1153 προπολε-

2154 1179 2301 1249 μῶψ
2338 1178 2481 1232 οὕτω
2511 1196 2614 1231 που
2642 1180 2799 1248 μόγις
2831 1178 3163 1241 ἐκσέσωστο,
3212 1178 3415 1246 σκηνάς
3445 1178 3613 1241 αὑτὰς
3638 1177 3737 1231 καὶ

2150 1274 2250 1343 τὴν
2278 1272 2376 1343 ὅση
2399 1272 2609 1336 τούτοις
2635 1270 2906 1343 Θεραπεία
2926 1271 3138 1342 προσῆν
3164 1272 3280 1323 ἐκεῖ
3301 1269 3734 1343 καταλελοιπώς.

2153 1364 2324 1417 Ἔνθα
2364 1365 2457 1416 καὶ
2486 1364 2578 1416 τὸν
2628 1362 3187 1435 προμνημονευθέντα
3219 1362 3382 1430 φασὶν
3413 1361 3737 1431 άριστεῦσαι

2150 1457 2413 1527 Καρϐέαν
2462 1456 2552 1509 τὸν
2610 1457 2710 1524 τὴν
2740 1455 3019 1526 Τεφρικὴν
3071 1454 3599 1524 οἰκοδομησάμενον,
3640 1456 3736 1508 καὶ

2151 1549 2320 1603 πολὺν
2345 1549 2403 1601 ού
2440 1548 2601 1617 μόνον
2617 1547 2711 1601 τοῦ
2741 1546 2965 1618 χυδαίου
2998 1546 3196 1618 φθόρον
3223 1545 3354 1600 λαοῦ
3387 1547 3737 1615 κατεργάσαο

2153 1642 2299 1701 σθαι,
2331 1639 2466 1692 ἀλλὰ
2486 1640 2579 1693 καὶ
2608 1638 2714 1691 τῶν
2745 1640 2999 1709 μεγάλων
3026 1638 3091 1709 δὴ
3129 1637 3455 1708 στρατηγῶν
3493 1638 3741 1707 ζωγρείᾳ

2151 1731 2338 1787 λαϐεῖν
2360 1732 2449 1785 τόν
2474 1749 2533 1784 τε
2558 1730 2962 1799 τζαγγότουόον
2991 1729 3083 1783 τὸν
3116 1728 3445 1799 Ἀὁεσαλὼμ
3465 1730 3557 1782 καὶ
3579 1726 3738 1798 Σηὼν

2152 1823 2243 1877 τὸν
2284 1822 2602 1884 παλατῖνον,
2634 1808 2969 1892 καῖἐτέρους
2986 1822 3439 1892 ὑποστρατήγους
3465 1825 3557 1875 καὶ
3574 1840 3739 1894 τουρ-

2156 1914 2375 1985 μάρχας
2406 1914 2534 1985 ἄχρι
2560 1912 2669 1967 τῶν
2704 1914 2921 1969 ἐκατόν.
2995 1912 3324 1984 Ἐτηροῦντο
3361 1909 3455 1966 οὖν
3479 1913 3530 1965 oi
3560 1912 3741 1982 δηλωο

2155 2006 2339 2069 θέντες
2372 2004 2667 2077 στρατηγοὶ
2691 2004 2827 2074 μετά
2852 2002 2950 2073 τὴν
2979 2004 3074 2057 τοῦ
3107 2003 3347 2071 πολέμου
3379 2003 3738 2073 παραδρομὴν

2153 2100 2213 2154 ἐν
2247 2102 2314 2170 τῇ
2344 2098 2559 2168 φυλακῇ
2582 2114 2596 2129 ο
2652 2098 2749 2151 καὶ
2778 2096 2845 2169 δη
2889 2099 3153 2168 χρήματα
3206 2098 3364 2151 ίκανὰ
3408 2095 3487 2166 τῷ
3510 2096 3743 2169 Καρόἐα

2154 2192 2419 2258 ἐδίδοσαν,
2463 2190 2676 2244 οἴκοθεν
2716 2189 3230 2261 μεταπεμψάμενοι,
3260 2189 3361 2260 τὴν
3390 2190 3567 2244 αὐτῶν
3598 2191 3741 2244 ἁπο-

2155 2283 2423 2356 λύτρωσιν
2453 2282 2851 2351 ἐξαιτούμενοι.
2907 2281 2994 2347 Ὧς
3030 2281 3088 2335 δ’.
3124 2281 3316 2334 ἐλαϐεν
3366 2282 3463 2334 ἐπὶ
3494 2282 3683 2351 χεῖρας
3710 2282 3743 2333 δ

2154 2375 2435 2448 Καρσέας,
2466 2374 2656 2445 ἠρώτα
2690 2375 2784 2430 τὸν
2801 2374 2957 2444 Σηὼν
2977 2375 3161 2439 εὐθὺς,
3175 2376 3227 2429 ει
3249 2375 3398 2444 πρὸς
3415 2375 3743 2444 ἀφροδίσια

2154 2470 2282 2540 ἔχοι
2309 2466 2596 2537 ἐρωτικῶς
2628 2467 2727 2521 καί
2759 2467 2825 2521 τὸ
2862 2466 3080 2522 ἑαυτοῦ
3108 2466 3280 2536 σῶμα
3329 2468 3578 2534 κίνησιν
3607 2466 3743 2536 ἔχοι

2156 2559 2272 2628 τὴν
2298 2559 2533 2629 ἐμπαθῆ
2550 2575 2563 2587 ·
2591 2559 2666 2622 ὡς
2685 2559 2729 2612 δ’
2750 2558 3130 2629 ἀπηγόρευσεν
3158 2561 3185 2613 ὁ
3214 2558 3368 2629 Σηὼν
3392 2560 3487 2612 καὶ
3504 2557 3746 2631 πάσχειν

2155 2670 2209 2705 τι
2239 2650 2478 2704 τοιοῦτον
2524 2649 2830 2720 ἀπέφησεν,
2878 2649 3069 2720 ἠρώτα
3113 2650 3276 2704 πάλιν
3318 2650 3387 2704 τὰ
3430 2651 3594 2721 ὃμοια
3643 2651 3740 2704 τδν

2169 2740 2511 2812 ’Δὸεσαλὼμ.
2559 2742 2616 2794 '0
2669 2742 2727 2794 δέ
2755 2741 2855 2813 τὴν
2892 2742 3059 2797 αὐτοῦ
3108 2745 3371 2812 φωράσας
3400 2743 3602 2797 κακίαν
3643 2743 3741 2796 καὶ

2160 2833 2488 2904 μοχθηρίαν,
2546 2834 2655 2887 εἴτε
2694 2835 2791 2888 καὶ⁸
2820 2833 2999 2899 ἄλλως
3034 2835 3274 2908 ἀληθῶς,
3326 2835 3507 2891 τοῦτό
3540 2853 3603 2890 τε
3630 2834 3745 2891 κά·

2157 2940 2333 2994 σχειν
2380 2924 2480 2977 καὶ
2517 2925 2765 2991 κίνησιν
2801 2926 3146 2995 ὑπομένειν,
3181 2923 3369 2988 είπὼν,
3397 2927 3573 2995 τούτῳ
3618 2926 3746 2996 μὲν,

2159 3015 2522 3083 Λυτροῦσαι,
2553 3015 2680 3086 ἔφη,
2701 3015 2821 3068 τῶν
2847 3015 3107 3086 δεσμῶν,
3131 3016 3225 3069 καὶ
3256 3016 3373 3087 ἅμα
3396 3016 3745 3087 ἀπέλυεν,τῷ

2159 3108 2215 3162 δὲ
2237 3108 2409 3179 Σηὼν,
2437 3108 2822 3171 Οὺβούλειαί
2848 3123 2922 3162 σε
2947 3109 3014 3162 τὸ
3041 3108 3213 3164 Θεῖον
3242 3108 3503 3176 λυθῆναι
3530 3108 3607 3175 δὴ
3634 3108 3752 3177 τῆς

2158 3200 2444 3273 φρουρᾶς.
2469 3204 2562 3256 καί
2594 3199 2713 3270 ἅμα
2747 3200 2917 3253 ἐδίδου
2940 3201 3115 3272 τούτῳ
3144 3201 3213 3253 τὰ
3230 3200 3403 3272 λύτρα
3429 3204 3499 3254 τά
3520 3200 3749 3255 δοθέντα

2160 3294 2307 3364 αὐτῷ
2345 3293 2487 3364 ὑπὲρ
2514 3294 2701 3360 αὐτοῦ,
2728 3297 2822 3347 καὶ
2843 3295 2908 3363 τῇ
2935 3294 3151 3365 φρουρᾷ
3175 3292 3558 3361 ἐγκατέκλειεν
3586 3293 3749 3363 ἄχρις

2159 3380 2221 3440 οὗ
2255 3386 2352 3457 τὴν
2372 3385 2548 3456 ψυχὴν
2578 3385 2974 3450 ἁπεστάλαξεν.

2232 3561 2331 3618 κδ’.
2370 3561 2523 3615 Ἐπεὶ
2557 3562 2613 3616 δὲ
2652 3561 2907 3633 δεύτερος
2940 3563 3041 3634 ἤδη
3078 3561 3274 3633 χρόνος
3307 3561 3633 3633 παρέδραμε
3660 3562 3755 3616 καὶ

2165 3654 2432 3726 μυριάδας
2462 3657 2627 3726 ἡκουε
2664 3658 2808 3727 τρεῖς
2841 3657 2983 3709 κατὰ
3031 3655 3139 3708 τῶν
3172 3654 3465 3725 Ῥωμαίων
3512 3657 3756 3723 ἐκστρα-

2162 3748 2363 3809 τεύειν,
2397 3749 2497 3820 τὴν
2555 3744 2727 3820 ἧτταν
2780 3746 2937 3811 αὖθις
2982 3749 3009 3802 ὁ
3040 3746 3263 3818 Μιχαὴλ
3304 3746 3758 3799 ἀνακαλέσασθαι

2161 3835 2466 3908 ἐπιθυμῶν,
2504 3837 2726 3908 Θρᾷκάς
2754 3853 2814 3889 τε
2840 3837 2934 3891 καὶ
2956 3836 3276 3899 Μακεδόνας
3304 3837 3465 3906 μέχρι
3496 3836 3607 3888 τῶν
3636 3853 3758 3890 τεσ-

2164 3930 2345 4000 σάρων
2370 3928 2743 4000 συνηθροικὼς
2775 3928 3078 4002 μυριάδων,
3121 3927 3271 3999 ἐξῄει
3312 3928 3599 3999 πρόθυμος
3633 3924 3757 3981 κατ’

2162 4022 2350 4076 αὑτοῦ.
2397 4021 2485 4087 Ὠς
2511 4022 2566 4075 δέ
2600 4023 2740 4076 κατά
2780 4040 2833 4075 τι
2870 4020 3199 4092 χορτοφόρον
3249 4021 3435 4075 πεδίον
3484 4020 3758 4091 Κελάριον

2161 4113 2306 4166 οὓτω
2334 4113 2629 4184 λεγόμενον
2660 4113 3058 4183 κατεσκὴνητο,
3091 4114 3217 4182 ἄρτι
3259 4112 3324 4182 δὴ
3372 4112 3555 4182 Ἀμερ
3607 4109 3762 4179 αὐτῷ

2165 4205 2635 4275 καταστρατηγῶν
2702 4206 3042 4278 πορρωτέρω
3097 4205 3199 4274 τῆς
3255 4206 3630 4275 τετριμμένης
3668 4205 3761 4276 ᾔει

2163 4294 2309 4357 ὁδοῦ,
2351 4296 2487 4365 πρὸς
2534 4296 2596 4349 τδ
2646 4297 2930 4367 Χωνάριον
2961 4296 3329 4349 ἐπισπεύδων.
3372 4296 3460 4348 Ἐν
3486 4295 3541 4347 δὲ
3577 4296 3763 4364 τούτῳ

481 4388 641 4453 blica,
671 4387 1006 4441 Chonarinm
1034 4387 1314 4442 tendebat.
1353 4387 1431 4442 lbi
1483 4384 1813 4452 consistens,
1838 4388 2057 4458 acieque

2168 4386 2462 4457 ἐγγύτερόν
2493 4402 2552 4439 τε
2580 4387 2873 4457 γενόμενος
2892 4388 2987 4442 καὶ
3004 4390 3195 4458 χεῖρας
3222 4386 3286 4457 δὴ
3313 4386 3641 4458 πρυσΰαλὼν
3664 4386 3767 4440 καὶ

482 4482 537 4536 in
566 4495 803 4551 pugnam
833 4480 1058 4545 directa,
1114 4494 1178 4534 ac
1209 4480 1321 4535 acri
1367 4481 1665 4536 commisso
1704 4480 1914 4550 przelio,
1963 4480 2068 4535 im-

484 4584 791 4641 peratorem
843 4571 1196 4643 impressioni
1240 4572 1506 4653 imparem
1554 4572 1620 4626 ad
1670 4570 1849 4642 fugam
1894 4573 2062 4643 cogit.

483 4667 561 4720 Ac
597 4680 727 4721 vero
754 4666 945 4721 tandiu
967 4666 1057 4720 ille
1091 4664 1234 4735 fugae
1265 4666 1483 4731 institit,
1518 4666 1759 4736 quandiu
1795 4679 2062 4736 equorum

485 4758 668 4825 vigere
695 4774 917 4813 cursum
945 4768 1000 4813 et
1028 4773 1134 4813 non
1163 4758 1525 4813 intermittere
1547 4773 1611 4813 ac
1637 4758 1937 4814 lassescere
1958 4760 2065 4814 exi-

486 4848 747 4902 stimavit.
812 4848 929 4902 .Iam
965 4850 1151 4919 itaque
1194 4851 1369 4906 media
1398 4864 1702 4921 occupante
1756 4852 1864 4919 die,
1891 4867 2068 4921 exque

487 4941 621 4997 solis
648 4940 937 4995 ardoribus
972 4942 1299 5009 permolesto
1322 4952 1479 5007 cestu,
1521 4944 1725 4998 editum
1774 4945 2063 5013 quemdam

488 5033 666 5089 locum
704 5033 887 5087 Anzen
921 5032 1169 5095 nomine,
1205 5048 1430 5088 accessu
1471 5033 1740 5090 difficilem
1776 5051 1839 5090 ac
1868 5036 2067 5105 lapidi-

490 5125 593 5181 hus
633 5138 914 5195 asperum,
950 5131 1225 5193 coguntur
1250 5126 1571 5182 ascendere.
1620 5125 1733 5181 Illic
1775 5128 2069 5198 imperator

490 5233 554 5270 ex
596 5217 722 5287 fuga
775 5227 1027 5289 receptus
1068 5217 1484 5284 stabulabatur;
1540 5234 1569 5272 e
1611 5220 1841 5291 vestigio
1886 5230 2067 5275 autem

489 5317 707 5364 secutus
742 5312 904 5366 Amer
936 5312 1113 5367 locum
1137 5311 1327 5382 cingit,
1378 5311 1526 5365 velut
1561 5312 1773 5366 scilicet
1807 5314 2069 5384 indagine

491 5400 875 5470 imperatorem
908 5413 1189 5475 capturus.
1226 5406 1303 5460 Ac
1327 5412 1475 5460 certe
1502 5405 1774 5474 captivum
1806 5406 2061 5475 cepisset.

494 5492 600 5547 nisi
631 5492 891 5550 Palatina:
918 5498 1171 5554 cohortes
1202 5497 1420 5555 fortiter
1474 5498 1791 5553 dimicando
1848 5499 2062 5569 locique

496 5585 611 5653 ipsa
650 5586 920 5644 celsitudo
937 5599 991 5645 et
1024 5592 1269 5647 arduitas
1305 5592 1565 5647 momenti
1590 5590 1792 5661 aliquid
1818 5596 1883 5645 ad
1921 5592 2069 5645 saluo

499 5687 607 5733 tem
649 5679 697 5736 ei
733 5681 1112 5739 contulissent.
1189 5686 1464 5755 Agebatur
1504 5684 1805 5755 periculum
1850 5684 2065 5748 animae,

2173 4476 2408 4548 πόλεμον
2446 4478 2710 4549 συνάψας,
2743 4479 2989 4533 νεανικὸν
3022 4478 3267 4548 φεύγειν,
3305 4478 3420 4532 ἀλλ’
3448 4479 3508 4531 ού
3548 4478 3765 4547 μένειν,

2170 4569 2509 4640 τὸνβασιλέα
2536 4570 2866 4640 ἠνάγκαζεν.
2900 4570 3062 4624 ’Δλλὰ
3096 4570 3319 4639 φεύγειν
3353 4569 3451 4641 μὲν
3472 4571 3770 4640 ἐπειρᾶτο,

2170 4660 2276 4724 ἕως
2320 4661 2412 4715 τὸν
2434 4661 2544 4712 τῶν
2567 4661 2749 4713 ἵππων
2780 4660 3051 4730 ἀκμάζειν
3082 4660 3307 4730 δρόμον,
3344 4658 3459 4712 ἀλλ’
3488 4658 3549 4711 ού
3572 4659 3771 4713 διακόο

2174 4754 2406 4807 πτεσθαι
2438 4753 2842 4823 ὑπελάμϐανεν.
2876 4752 2985 4806 Καὶ
3016 4752 3079 4823 δὴ
3128 4752 3397 4823 σταθερᾶς
3427 4768 3485 4803 τε
3536 4769 3770 4821 μεσημ-

2174 4845 2332 4916 ϐρίας
2358 4845 2583 4914 ἐνούσης
2629 4845 2723 4897 καὶ
2768 4843 3049 4914 καύματος
3076 4844 3194 4910 {oux
3227 4842 3408 4909 όλίγου
3459 4841 3773 4907 θάλποντος

2174 4937 2239 4989 ἐκ
2261 4938 2357 5004 τῆς
2386 4936 2480 4989 τοῦ
2518 4936 2669 5005 ἡλίου
2703 4935 3048 5005 φλογὼσεως,
3079 4936 3224 4988 κατά
3240 4953 3361 4988 τινα
3389 4934 3600 5005 ὀρεινὸν
3631 4937 3774 4987 ἀνα-

2174 5028 2382 5081 ϐαίνειν
2419 5028 2584 5081 τόπον
2641 5028 2940 5099 βιάζονται,
2989 5026 3185 5096 Ἀνζῆν
3241 5026 3384 5079 οὕτω
3437 5026 3769 5095 λεγόμενον,

2172 5120 2540 5191 δυσπρόσοδὸν
2558 5137 2616 5173 τε
2646 5121 2741 5173 καὶ
2760 5121 2988 5191 τραχέσι
3004 5119 3173 5180 λίθοις
3195 5119 3295 5180 ούκ
3321 5119 3524 5172 εὖοδον.
3544 5119 3773 5172 Ἐκεῖσε

2172 5215 2234 5284 δὴ
2269 5214 2486 5283 φεύγων
2532 5216 2560 5268 ό
2590 5213 2846 5284 βασιλεὺς
2899 5212 3231 5281 ἐνηυλέζετο,
3272 5212 3383 5264 καὶ
3426 5212 3490 5263 ἐκ
3548 5210 3717 5274 ποδὸς
3744 5214 3776 5267 ὁ

2177 5309 2356 5381 Ἀμερ
2396 5306 2544 5378 αύτῷ
2590 5305 2972 5360 ἐπακολουθῶν
3006 5304 3090 5377 [Ρ.
3146 5303 3274 5376 HI]
3310 5303 3656 5375 περικυκλοί,
3688 5304 3777 5369 ὡς

2173 5405 2229 5455 ἐν
2266 5400 2465 5471 δικτύῳ
2490 5399 2662 5453 θέλων
2689 5398 2895 5452 λαϐεῖν.
2931 5398 3052 5451 Κᾶν
3086 5396 3275 5450 ἔλασεν
3306 5394 3776 5465 αὐτὸνδορυάλω-

2174 5510 2285 5556 τον,
2317 5490 2433 5546 ἀλλ’
2455 5492 2616 5560 ἡτῶν
2645 5489 2939 5561 βασιλικῶν
2968 5489 3264 5557 ταγμάτων
3298 5488 3449 5556 ἰσχὺς
3477 5487 3781 5555 καρτερῶς

2178 5584 2577 5654 ἀπομαχομένη
2624 5585 2719 5636 καὶ
2757 5582 2816 5635 τὸ
2868 5581 2961 5633 τοῦ
3013 5581 3179 5633 τόπου
3212 5576 3511 5647 ἁνεστηκός
3561 5591 3623 5629 τι
3670 5578 3783 5631 καὶ

2180 5676 2447 5747 ὑπερέχον
2478 5676 2671 5746 μικρόν
2700 5692 2749 5729 τι
2788 5673 3004 5737 τούτους
3040 5673 3315 5727 διέσωσεν.
3344 5668 3512 5723 Ἔνθα
3548 5671 3643 5721 καὶ
3676 5671 3787 5725 τὸν
