4038 6214
559 360 663 424 195

1570 345 2084 409 THEOPHANES
2124 344 2691 408 CONTINUATUS.

3692 338 3799 404 196

564 472 704 522 rium
736 465 1062 529 detrectans,
1096 462 1211 518 sive
1242 459 1558 515 utdlviuam
1586 474 1743 528 opem
1789 459 2127 528 imploraret.

2241 474 2409 528 χουσα
2443 457 2699 525 Ἰωάννην
2729 454 2934 508 ἐκεῖνον
2967 451 3217 524 μοναχόν’
3246 468 3305 505 τε
3332 454 3429 505 καὶ
3468 451 3810 523 περιϐόητον.

564 559 640 613 Eo
677 573 842 629 porro
866 558 975 611 illic
1006 562 1275 618 morante,
1308 566 1500 606 rumor
1527 553 1748 621 quidam
1791 565 2136 621 praecurrens

567 651 825 705 loannem
856 649 1003 703 illum
1033 646 1360 700 monachum
1390 644 1644 713 famaque
1699 644 2135 705 celeberrimum,

561 758 787 811 procera
818 742 996 795 virum
1020 747 1252 801 statura,
1279 738 1441 792 nudis
1467 752 1681 804 semper
1710 736 1955 806 pedibus
1992 738 2140 789 ince-

564 833 776 887 dentem
832 843 886 884 et
938 831 992 884 in
1033 828 1195 884 Latro
1235 830 1574 884 domicilium
1630 830 1942 893 habentem,
1990 828 2137 881 ultro

566 927 749 979 venire
799 926 1110 978 annuntiat.
1150 922 1339 977 Virum
1401 922 1706 976 solitarium
1748 936 1849 976 nec
1894 936 2136 991 unquam

562 1017 693 1071 cella
727 1025 1016 1070 exeuntem
1047 1016 1137 1069 illa
1172 1016 1475 1069 mirabatur
1503 1024 1654 1070 artas.
1680 1014 1925 1069 Audiens
1952 1014 2139 1083 itaque

562 1108 625 1163 de
654 1108 748 1163 illo
797 1110 1087 1179 patricius,
1140 1108 1286 1162 haud
1316 1109 1510 1177 procul
1571 1123 1695 1162 eum
1725 1108 1916 1161 abesse
1970 1107 2138 1162 asello

559 1205 855 1267 invectum,
889 1202 1121 1257 festinus
1154 1203 1231 1256 illi
1262 1204 1503 1257 occurrit
1536 1218 1599 1256 ac
1649 1202 1813 1270 pedes
1842 1203 1961 1272 ejus
1981 1216 2136 1256 como

561 1295 837 1363 plectitur.
868 1294 950 1349 Ad
1006 1310 1168 1365 quem
1202 1296 1386 1348 statim
1417 1292 1658 1347 Joannes
1687 1310 1700 1345 :
1732 1291 1897 1357 Vade,
1934 1294 2135 1363 inquit,

560 1396 748 1439 contra
776 1386 1093 1451 Saracenos,
1118 1387 1487 1455 imperialibus
1504 1402 1693 1455 parens
1712 1386 1927 1439 litteris.
1959 1384 2137 1439 Vade:

560 1478 727 1532 Deum
786 1480 923 1532 enim
960 1479 1296 1532 liberatorem
1330 1478 1526 1548 tibique
1561 1488 1877 1548 praeeuntem
1900 1479 2137 1544 habebis,

561 1573 605 1624 ai
636 1571 813 1632 modo,
837 1572 1008 1624 omnis
1040 1571 1264 1624 alterius
1292 1571 1448 1641 181
1480 1571 1703 1624 amuleti’
1730 1571 1863 1632 loco,
1886 1571 2137 1624 charissi-

560 1674 701 1711 atunt
730 1658 811 1710 illi
841 1657 1101 1713 Joannem
1136 1660 1191 1712 in
1218 1663 1453 1713 omnium
1471 1662 1635 1714 acutis
1666 1661 1932 1731 depictum
1957 1662 2139 1731 palam

561 1751 859 1821 gestaveris.
900 1751 1225 1821 Adiecitque
1269 1752 1411 1807 hanc
1468 1768 1633 1806 unam
1678 1768 1777 1808 nec
1806 1754 1967 1807 aliam
2017 1768 2139 1808 esse

559 1859 778 1899 causam
832 1860 935 1899 cur
964 1845 1067 1899 hoc
1117 1846 1220 1899 iter
1285 1847 1607 1915 susceperit.
1644 1845 1818 1916 Hujus
1868 1846 2135 1901 Petronas

560 1946 802 1991 armatus
847 1939 1103 2007 precibus
1152 1938 1206 1992 in
1247 1939 1367 1993 loco
1399 1940 1633 2008 quodam
1680 1941 1859 1995 Poson
1891 1942 2133 2005 nomine,

561 2041 625 2079 ex
649 2027 873 2095 rupibus
909 2026 1188 2095 patrisque
1210 2028 1499 2096 praeruptis
1527 2035 1722 2079 natura
1753 2035 1953 2091 tutum,
1976 2027 2139 2079 Amc-

561 2129 675 2168 rem
707 2116 1081 2169 considentem
1131 2117 1356 2170 invenit.
1401 2116 1557 2171 liutic
1582 2118 1762 2170 locum
1817 2115 2139 2186 praeterﬂuit

561 2206 760 2263 ﬂuvius
779 2210 847 2264 ab
873 2209 1130 2275 aquilone
1150 2209 1215 2263 ad
1239 2211 1523 2265 meridiem
1557 2211 1881 2274 decurrens,
1914 2210 2157 2264 nomine

562 2297 830 2354 Lalacaon
860 2312 1225 2371 ;pratumque
1274 2302 1511 2370 adjacet,
1542 2303 1690 2371 quod
1752 2301 1954 2356 rustica
2006 2315 2140 2354 voce

561 2389 749 2444 incola!
784 2388 953 2460 Gyrin
983 2392 1196 2447 dicunt.
1228 2392 1499 2463 Cognovit
1522 2410 1654 2464 ergo
1694 2396 1960 2451 Petronas
1986 2397 2137 2451 illum

561 2480 634 2533 ibi
676 2492 854 2536 castra
887 2483 1108 2547 habere,
1162 2484 1476 2555 nullamque
1529 2502 1637 2540 non
1667 2488 1891 2542 adhibet
1916 2504 2137 2559 operam

561 2582 622 2626 ut
646 2588 866 2628 omnem
901 2576 973 2628 illi
1000 2579 1233 2630 exeundi
1276 2593 1341 2631 ac
1398 2579 1631 2632 salutem
1660 2578 1787 2650 fuga
1814 2579 2139 2651 expediendi

562 2664 701 2717 viam
728 2665 1047 2733 praecludat.
1087 2665 1283 2721 Statim
1312 2683 1442 2739 ergo
1479 2670 1930 2726 Armeniacorum
1956 2681 2009 2726 et
2038 2674 2139 2727 bu-

560 2757 908 2811 cellariorum
943 2796 959 2822 ,
1027 2757 1380 2829 Coloniaque
1437 2776 1500 2815 ac
1548 2762 1927 2831 Paphlagonia:
1975 2764 2142 2819 duces

563 2849 754 2912 mittit,
788 2850 883 2919 qui
916 2852 983 2904 ad
1021 2852 1348 2920 Aquilonem
1408 2854 1646 2922 positum
1706 2856 1850 2911 latus
1899 2865 2140 2923 teneant,

562 2941 726 2994 duces
760 2950 940 2994 autem
993 2941 1349 2996 Orientalium
1394 2945 1707 3013 Obsiciique
1751 2956 1806 3001 et
1854 2945 2144 3017 Cappado-

560 3032 659 3086 cia:
677 3046 804 3086 cum
842 3031 1106 3088 Seleucia:
1136 3042 1192 3086 et
1219 3034 1509 3088 Charsiani
1538 3034 1895 3091 clusurarum
1947 3037 2144 3107 praefe-

2241 554 2451 623 μακρδν
2483 553 2612 606 δντα
2640 552 2701 605 τὸ
2728 546 2886 617 εἶδος,
2912 550 3237 604 ἀνυπὸδετον
3265 549 3391 611 τοὺς
3421 548 3587 610 πόδας
3610 546 3697 601 a‘tsl
3716 547 3815 601 καὶ

2238 648 2382 700 κατὰ
2410 647 2471 699 τδ
2505 646 2713 717 Λάτρος
2758 644 3183 714 ὲνδιατρίὸοντα,
3229 641 3638 713 αὐτομολοῦντα
3664 641 3814 712 διήγ.

2240 738 2439 806 γειλεν.
2468 738 2667 791 Τοῦτον
2703 736 3049 807 ἡσυχάζοντα
3083 736 3177 787 καὶ
3230 732 3324 787 τοῦ
3378 731 3572 786 ἑαυτοῦ
3607 732 3811 787 κελλίου

2244 831 2453 900 μήποτε
2478 831 2834 901 ἐξερχόμενον
2862 830 2889 880 δ
2914 828 3102 899 χρόνος
3125 829 3330 889 ἐκεῖνος
3352 824 3681 893 ἐθαύμαζεν.
3725 824 3814 887 Ὠς

2238 926 2285 976 δ’
2310 918 2406 976 οὖν
2438 924 2567 993 περὶ
2598 922 2691 977 τοῦ
2718 921 2908 991 ἀνδρὸς
2935 922 2962 973 6
2992 918 3277 990 πατρίκιος
3304 918 3596 986 διακήκοεν
3631 915 3708 978 ὼς
3731 916 3816 969 ὅτι

2240 1033 2343 1068 που
2391 1014 2617 1085 πλησίον
2670 1016 2820 1067 ἐστὶν
2878 1013 3095 1082 ὀνάριον
3153 1008 3541 1079 ἐποχούμενος,
3600 1008 3818 1077 ἀπήντα

2242 1104 2380 1158 θέων
2409 1105 2501 1157 τὸν
2526 1102 2758 1173 μοναχὸν
2789 1103 2883 1154 καὶ
2910 1103 3037 1163 τοὺς
3058 1100 3225 1161 πόδας
3260 1097 3426 1152 αὑτοῦ
3462 1096 3813 1167 κατελάμϐα-

2240 1213 2351 1250 νεν.
2391 1196 2449 1249 Ὀ
2486 1196 2542 1249 δὲ
2572 1196 2738 1265 μηδὲν
2764 1194 3060 1264 μελλήσας.
3082 1192 3302 1255 Ἀπιοι,
3328 1190 3483 1259 φησὶ,
3516 1188 3666 1242 κατὰ
3696 1186 3820 1242 τῶν

2240 1288 2607 1357 Σαρακηνῶν
2635 1286 2760 1352 τοῖς
2786 1283 3141 1350 βασιλικοῖς
3165 1285 3514 1350 πειθόμενος
3549 1279 3818 1351 γράμμαο

2240 1395 2365 1442 σιν,
2395 1380 2560 1435 ἄπιθι
2585 1393 2598 1407 ·
2636 1379 2785 1433 Θεὸν
2804 1378 2915 1445 γὰρ
2939 1376 3097 1441 ἕξεις
3125 1375 3422 1443 ῥυόμενον
3456 1390 3528 1427 σε
3552 1373 3649 1426 καὶ
3675 1386 3819 1441 προ-

2242 1475 2673 1543 πορευόμενον,
2727 1474 2778 1525 εί
2824 1476 3018 1539 μόνον
3068 1469 3179 1522 τὸν
3230 1466 3390 1531 αὐτῷ
3432 1464 3820 1535 ἠγαπημένον

2254 1566 2544 1633 Ἰωάννην
2588 1565 2717 1618 ἀντ’
2761 1563 2955 1617 ἄλλου
3017 1565 3184 1626 τινὸς
3237 1559 3653 1629 φυλακτηρίου
3689 1556 3818 1623 ταῖς

2241 1662 2462 1716 ἀσπίσι
2478 1658 2719 1711 πάντων
2734 1655 3211 1725 ἐγγεγραμμένον
3221 1652 3423 1722 φέροις
3441 1649 3684 1719 τρανῶς.
3709 1651 3818 1703 Καὶ

2243 1754 2361 1823 ἅμα
2387 1750 2721 1822 προσετίθει,
2746 1749 2821 1812 ὡς
2847 1750 2971 1802 Οὐκ
2997 1750 3191 1800 ἄλλου
3218 1744 3657 1809 τινὸςὲνεκενῆ
3681 1742 3818 1795 τού-

2242 1866 2351 1902 του
2374 1846 2489 1913 τὴν
2514 1844 2777 1898 ἐνταῦθα
2794 1843 3067 1910 επορείαν
3091 1839 3438 1906 πεποίημαι,
3477 1835 3678 1889 Τούτου
3702 1835 3817 1897 ταῖς

2241 1941 2431 2009 εὐχαῖς
2461 1937 2847 1999 καθοπλισθεῖς
2866 1934 3009 1989 κατά
3029 1950 3151 1987 τινα
3176 1933 3337 1986 τόπον
3356 1930 3498 1983 οὕτω
3527 1927 3817 1997 λεγόμενον

2241 2033 2505 2092 Πόσοντα,
2531 2030 2768 2099 φυσικήν
2794 2044 2916 2080 τινα
2945 2026 3247 2096 ἀσφάλειαν
3272 2022 3359 2076 διὰ
3387 2020 3602 2091 πετρῶν
3629 2020 3817 2089 ἔχοντα

2240 2124 2339 2178 καὶ
2376 2121 2661 2195 κρημνῶν,
2688 2122 2779 2173 τὸν
2794 2120 2975 2189 Ἀμερ
3018 2115 3426 2186 καταλαμϐάνει
3459 2110 3814 2181 πανστρατιᾷ.

2242 2214 2431 2283 Τούτῳ
2444 2215 2538 2266 καὶ
2556 2210 2798 2279 ποταμὸς
2818 2227 2891 2263 πα
2901 2210 3093 2279 ραρρεῑ
3124 2207 3232 2261 ἀπὸ
3247 2207 3308 2258 τὸ
3330 2204 3579 2274 ἀρκτῷον
3609 2202 3745 2272 πρὸς
3761 2200 3819 2253 τὺ

2247 2303 2619 2377 μσημὸρινδν
2650 2302 3028 2369 ἐλαυνόμενος,
3064 2298 3366 2352 Λαλακάων
3399 2294 3814 2363 ὀνομαζόμενος,

2241 2400 2340 2453 καὶ
2367 2398 2607 2452 λιὸἁδιον
2639 2394 2971 2467 παράκειται
2997 2393 3163 2461 Γῦριν
3198 2393 3490 2461 ἀγροικικῇ
3528 2392 3677 2459 φωνῇ
3715 2404 3818 2441 κα-

2244 2492 2525 2562 λούμενον.
2585 2491 2768 2557 Ἔγνω
2817 2486 2948 2555 γοῦν
3006 2487 3035 2538 δ
3090 2486 3380 2555 Πετρωνᾶς
3415 2486 3594 2535 ἐκεῖσε
3635 2481 3820 2534 τοῦτον

2242 2585 2684 2653 ἔναυλιζόμενον,
2735 2584 2827 2635 καὶ
2859 2582 3036 2649 πάντη
3083 2578 3339 2632 ἔσπευδεν
3368 2574 3734 2640 ἀδιεξόδευτόν
3761 2589 3819 2626 τε

2245 2679 2587 2747 καταστῆσαι
2615 2676 2713 2728 καὶ
2733 2675 2998 2743 ἄφυκτον.
3020 2672 3131 2725 Καὶ
3152 2671 3215 2737 δὴ
3236 2671 3360 2732 τοὺς
3385 2669 3482 2739 μὲν
3497 2669 3559 2721 τὸ
3574 2666 3821 2738 ἀρκτῷον

2249 2770 2765 2843 μέροςηκαθέεοντας
2802 2765 3143 2836 στρατηγοὺς
3178 2763 3285 2816 τῶν
3329 2761 3707 2833 Ἀρμενιακῶν
3732 2761 3821 2813 καὶ

2246 2864 2655 2934 Βουκελλαρίων
2711 2862 2806 2915 καὶ
2836 2858 3145 2920 Κολωνείας
3180 2858 3274 2911 καὶ
3306 2854 3689 2924 Παφλαγονίας
3719 2853 3821 2905 trr-

2246 2957 2494 3011 ἐστελλεν
2520 2954 2785 3025 αὑθωρδν,
2814 2953 2877 3006 τδ
2923 2952 2979 3005 δὲ
3011 2949 3381 3019 μεσημϐρινὸν
3414 2947 3506 2999 τὸν
3548 2944 3819 3000 ’Λνατολι-

2247 3054 2361 3107 κῶν
2388 3052 2481 3107 τὸν
2522 3052 2766 3119 Ὅψικίου
2792 3050 2887 3104 καὶ
2923 3047 3320 3133 Καππαδοκίας
3355 3047 3697 3117 στρατηγοὺς
3720 3045 3819 3097 ’σὺν

559 3124 686 3187 θεῖεν
722 3124 815 3193 qui
842 3125 986 3179 ιδιυδ
1007 3124 1367 3179 Μετίάίθηυῐη
1395 3143 1410 3192 i
1440 3128 1554 3196 ipse
1574 3128 1813 3197 άθιιίιιιιθ
1846 3142 1970 3183 cum
2001 3145 2142 3199 Ρῐκ·
2165 3150 2212 3214 C
2242 3149 2354 3210 τοῖς
2384 3145 2710 3207 Σελευκείας
2747 3145 2841 3198 καὶ
2873 3142 2968 3197 τοῦ
2999 3124 3315 3212 Χαρσιανού
3343 3139 3819 3208 κλεισουράρχαις·

562 3216 792 3270 torianis
819 3226 1060 3285 quatuor
1086 3218 1410 3273 cohortibus
1462 3217 1817 3289 Thraciaque
1848 3235 1914 3276 ac
1957 3219 2139 3276 Mace-

558 3306 737 3361 donia
757 3308 993 3364 ducibus
1021 3312 1181 3379 (nam
1205 3318 1259 3365 et
1286 3310 1368 3365 lex
1391 3322 1508 3366 erat
1547 3322 1605 3365 ut
1638 3312 1942 3382 Bnlgaricis
1974 3315 2140 3370 rebus

561 3415 694 3469 pace
763 3403 1085 3472 compositis
1139 3403 1241 3473 ipsi
1298 3419 1521 3473 quoque
1576 3405 1948 3461 Orientalibus
1999 3406 2141 3461 bello

559 3493 696 3547 socii
755 3496 1080 3547 accederent
1122 3509 1340 3563 unaque
1386 3495 1629 3563 pericula
1680 3498 1938 3565 adirent)
1991 3498 2141 3552 Occi-

503 3586 507 3601 '
558 3583 772 3637 dentale
796 3593 1028 3652 occupat
1052 3586 1217 3648 latus,
1243 3600 1427 3638 secum
1462 3588 1628 3639 etiam
1658 3586 1713 3640 in
1757 3588 1929 3642 armis
1963 3588 2138 3642 Thra-

559 3678 809 3727 censium
841 3675 1122 3729 cohortem
1153 3676 1382 3731 habens.
1424 3675 1526 3730 Ubi
1558 3678 1739 3748 itaque
1789 3678 1956 3734 Amer
1981 3681 2061 3734 sic
2081 3695 2141 3736 se

562 3770 805 3837 undique
852 3769 1109 3823 vallatum
1172 3786 1236 3824 ac
1279 3770 1407 3826 fera:
1466 3772 1639 3827 instar
1679 3774 1828 3828 Velut
1888 3775 2141 3846 indagine

561 3862 799 3915 cinctum
818 3878 850 3915 a
871 3861 1131 3918 Romanis
1158 3865 1385 3928 audivit,
1418 3866 1484 3919 ad
1528 3867 1713 3921 omina
1744 3870 2137 3923 recurrendnm

562 3954 770 4022 putavit
801 3972 815 4019 ;
856 3956 1234 4027 accersitoque
1261 3960 1603 4028 captivorum
1630 3977 1759 4027 uno,
1788 3977 1854 4017 ex
1874 3977 1948 4016 eo
1973 3962 2139 4018 inter-

560 4054 714 4116 rogat
743 4047 846 4101 loei
870 4062 1071 4103 nomen
1103 4050 1357 4120 pratique
1381 4060 1435 4105 et
1460 4052 1634 4106 ﬂuvii.
1665 4053 1929 4124 Captivus
1964 4056 2138 4110 inter-

560 4150 783 4207 rogatus
810 4141 1030 4208 paulum
1069 4142 1378 4198 immutatis
1401 4144 1595 4199 litteris
1629 4142 1946 4202 Ptosontem
1981 4148 2139 4219 182

558 4232 812 4290 Posontis
830 4237 949 4291 loco
967 4237 1125 4291 dixit.
1146 4237 1311 4292 Amer
1341 4239 1553 4294 ruinam
1577 4242 1677 4295 sibi
1713 4243 2021 4312 significare
2047 4260 2142 4300 ex-

560 4328 741 4392 posuit
762 4342 777 4392 ;
796 4324 1020 4380 ﬂuvium
1038 4341 1258 4398 quoque
1283 4331 1557 4385 exercitus
1573 4335 1955 4388 contritionem
1980 4350 2138 4404 para-

559 4416 742 4485 phrasi
767 4418 1008 4473 indicare
1023 4421 1213 4481 sensit.
1235 4420 1465 4490 direque
1485 4437 1582 4476 eos
1600 4425 1929 4479 vertendosa
1946 4424 2141 4481 Roma-

2244 3238 2406 3301 αὐτδς
2428 3239 2485 3291 δὲ
2515 3237 2654 3308 μετὰ
2703 3236 2813 3289 τῶν
2849 3234 3146 3307 βασιλικῶν
3192 3235 3477 3302 τεσσάρων
3525 3232 3821 3301 ταγμάτων

2244 3328 2328 3404 [Ρ.
2366 3330 2491 3402 H3]
2512 3332 2605 3383 καὶ
2626 3329 2733 3383 τῶν
2757 3329 2979 3400 Θρᾴκης
3010 3330 3105 3380 καὶ
3130 3324 3472 3387 Μακεδονίας
3499 3323 3823 3395 στρατηγῶν

2244 3423 2263 3494 (
2283 3424 2376 3475 καὶ
2404 3421 2512 3492 γὰρ
2543 3419 2935 3491 είρηνευόντων
2956 3419 3065 3471 τῶν
3090 3416 3415 3486 Βουλγάρων
3443 3415 3607 3484 νόμος
3633 3412 3702 3485 ἦν
3726 3415 3820 3469 a6-

2240 3514 2353 3573 τοῖς
2386 3511 2523 3580 μετὰ
2577 3510 2685 3562 τῶν
2718 3508 3083 3563 Ἀνστολικῶν
3113 3505 3554 3575 συγκινδυνεύειν
3607 3508 3702 3559 καὶ
3734 3520 3800 3559 συ

2245 3603 2588 3675 στρατεύειν)
2631 3604 2692 3657 τὸ
2720 3603 2938 3656 δυτικδν
2972 3604 3141 3672 μέρος
3165 3601 3522 3670 κατείληφεν,
3551 3598 3694 3670 ἔχων
3729 3599 3824 3653 καὶ

2242 3698 2301 3750 ea
2327 3697 2465 3766 θέμα
2489 3696 2598 3749 τῶν
2620 3695 2949 3767 Θρᾳκησίων
2978 3696 3096 3766 μεθ’
3136 3693 3355 3748 ἑαυτοῦ.
3400 3692 3490 3755 Ὠς
3520 3691 3653 3759 γοῦν
3683 3690 3827 3745 οὕτω

2243 3788 2509 3842 πάντοθεν
2547 3787 3037 3859 περιφρουρεῖσθαι
3084 3789 3180 3839 καὶ
3209 3785 3285 3849 ὡς
3339 3784 3532 3855 θηρίον
3561 3784 3827 3838 ἐναποκε-

2243 3881 2488 3935 κλείσθαι
2523 3881 2675 3951 παρὰ
2744 3881 3031 3950 Ῥωμαίων
3086 3880 3115 3932 ὁ
3164 3878 3345 3949 Ἀμερ
3375 3878 3635 3948 ἀκήκοεν,
3683 3876 3831 3945 ἔγνω

2240 3975 2348 4027 δεῖν
2381 3972 2757 4036 οἰωνίσασθαι,
2784 3972 2879 4026 καί
2921 3988 3045 4025 τινα
3093 3970 3204 4024 τῶν
3250 3968 3618 4041 αἰχμαλώτων
3652 3986 3831 4039 μετα-

2242 4064 2611 4135 καλεσάμενος
2638 4065 2827 4137 ὴρὼτα
2861 4066 2962 4135 τήν
2993 4082 3051 4116 τε
3090 4063 3183 4116 τοῦ
3228 4064 3397 4117 τόπου
3450 4062 3831 4134 προσηγορίαν

2242 4150 2335 4212 καὶ
2363 4158 2455 4211 τοῦ
2481 4158 2722 4211 λιόαδίου
2752 4172 2813 4210 τε
2852 4158 2949 4211 καὶ
2990 4155 3086 4210 τοῦ
3121 4153 3391 4226 ποταμοῦ.
3423 4153 3511 4217 Ὠς
3544 4154 3589 4208 δ’
3621 4154 3650 4206 6
3684 4155 3831 4224 ὲρω⁹

2240 4252 2425 4322 τηθεὶς
2445 4251 2792 4321 αἰχμάλωτος
2831 4250 3026 4320 μικρὸν
3079 4245 3636 4319 παραγραμματίζων
3668 4245 3833 4299 nte.

2243 4359 2401 4396 σοντα
2458 4342 2660 4412 ἔφησεν
2696 4343 2819 4395 ἀντὶ
2871 4341 3134 4401 Πόσοντα,
3176 4340 3277 4411 τὴν
3304 4337 3497 4393 ἑαυτοῦ
3537 4337 3833 4407 σημαίνειν

2242 4436 2449 4489 πτῶσιν
2476 4437 2502 4488 ὁ
2539 4436 2720 4506 Ἀμερ
2748 4434 3099 4503 διεσάφησεν.
3132 4431 3264 4485 λαοῦ
3294 4448 3351 4484 τε
3378 4431 3622 4486 κάκωσιν
3647 4447 3834 4499 παρα·

558 4510 666 4570 nis,
692 4526 755 4563 ex
778 4513 916 4580 prati
937 4512 1184 4576 incursu,
1210 4512 1358 4581 quod
1378 4511 1537 4583 Gyris
1556 4522 1861 4568 vocaretur.
1880 4513 2038 4567 Haud
2055 4526 2138 4568 ta-

2245 4529 2470 4601 φράζων
2501 4528 2594 4581 τδν
2617 4497 2891 4596 ποταμὸν,
2916 4497 3028 4580 ᾐκαὶ
3054 4525 3377 4595 γυρισθῆναι
3403 4522 3593 4583 δεινῶς
3626 4497 3835 4585 αὐτοὺς

558 4618 673 4655 mea
690 4604 927 4657 animum
947 4604 1373 4675 despondendum
1394 4613 1601 4670 m‘onet,
1618 4608 1706 4660 aed
1726 4606 1887 4661 robur
1900 4610 2137 4663 excitan-

556 4699 681 4747 dum
701 4697 857 4765 inque
883 4701 1177 4752 crastinum
1212 4698 1423 4768 fortiter
1440 4715 1617 4771 pugna
1638 4700 2038 4768 dimicandum;
2061 4703 2138 4756 si-

557 4789 778 4856 mulque
807 4806 997 4847 omnes
1023 4808 1172 4846 arma
1197 4808 1501 4855 asanmerc,
1527 4809 1591 4849 ac
1609 4810 1803 4850 recens
1821 4804 1995 4851 tersus
2026 4796 2139 4866 gla-

555 4877 679 4930 dios
710 4880 857 4933 velut
892 4897 1085 4938 recens
1110 4899 1276 4939 cnsos
1310 4901 1374 4941 ac
1416 4886 1921 4958 fabrefactosjubet
1947 4899 2135 4943 osten-

556 4979 692 5024 tare.
723 4969 860 5036 Quia
902 4988 1032 5028 vero
1064 4977 1296 5034 illucens
1346 4979 1459 5048 jam
1491 4982 1607 5036 dies
1636 4983 1885 5038 inducias
1924 4982 2136 5052 aliquas

553 5064 809 5119 vincendi
838 5063 1118 5119 Romanos
1137 5068 1420 5124 videbatur
1438 5072 1655 5139 oll‘erre,
1682 5074 1999 5129 tentandum
2034 5090 2134 5145 pu-

554 5156 687 5209 tavit
716 5156 944 5223 exitum,
995 5156 1242 5227 disiecta,
1283 5174 1391 5228 qua
1450 5172 1603 5231 parte
1645 5165 1966 5234 aquilonare
1996 5166 2133 5218 latus

555 5250 865 5314 servabant,
903 5248 1279 5306 Romanorum
1315 5252 1454 5308 acie.
1489 5255 1557 5309 At
1584 5256 1673 5310 ubi
1700 5258 1802 5311 loci
1844 5257 2134 5312 difﬁcultas

555 5338 869 5409 ducumque
894 5343 1008 5397 illic
1032 5345 1322 5400 stationem
1363 5347 1676 5402 habentium
1711 5359 1934 5404 strenua
1968 5364 2135 5419 opera

555 5442 813 5487 conatum
863 5436 1176 5509 infregisset
1223 5454 1289 5493 ac
1344 5441 1715 5510 repressisset,
1758 5442 1826 5498 ad
1882 5444 2138 5498 meridia-

555 5536 686 5576 num
730 5524 873 5581 latus
900 5529 1324 5600 impressionem
1372 5533 1522 5589 facit.
1585 5533 1783 5592 Verum
1810 5537 1924 5592 illic
1988 5551 2125 5607 quo—

553 5629 662 5684 q-ne
714 5616 829 5685 pari
887 5623 1325 5681 adversariorum
1392 5629 1507 5685 acie
1536 5628 1679 5684 viam
1738 5630 2127 5700 priecludeme,

2244 4622 2400 4693 παρὰ
2431 4623 2540 4674 τῶν
2585 4621 2870 4690 Ῥωμαίων
2899 4621 2961 4672 ὲκ
2983 4619 3076 4686 τῆς
3108 4616 3201 4669 τοῦ
3232 4616 3469 4671 λιδαδίου
3502 4614 3834 4684 συνεμπτώ-

2246 4729 2403 4775 σεως,
2448 4712 2584 4781 ὅπερ
2615 4710 2865 4763 ἐκαλεῖτο
2913 4709 3098 4778 Γῦριν.
3152 4706 3317 4761 Ἀλλ’
3345 4707 3497 4776 ὅμως
3558 4708 3671 4760 οὐκ
3712 4704 3834 4759 ἁπ-

2242 4804 2556 4871 οκνητέον,
2588 4803 2776 4872 φησιν,
2808 4802 2969 4856 ἀλλὰ
3027 4799 3365 4869 διεγερτέον
3388 4799 3482 4852 καί
3525 4799 3675 4866 πρὸς
3724 4798 3835 4851 τὸν

2240 4899 2452 4965 αὔριον
2491 4898 2904 4966 γενησόμενον
2956 4897 3226 4963 πόλεμον
3276 4888 3657 4961 ἀνδριστέον.
3720 4888 3834 4943 Καὶ

2239 4984 2357 5055 ἅμα
2378 4984 2696 5049 ὁπλίζεσθαι
2728 4985 2934 5048 πάντας
2968 4985 3064 5038 καὶ
3112 4984 3427 5052 νεόσμηκτα
3450 4979 3724 5035 δεικνύειν
3758 4978 3836 5045 ὡς

2236 5077 2473 5148 νεουργά
2525 5078 2594 5131 τὰ
2641 5076 2767 5147 ξίφη
2813 5074 3122 5130 ὲκῇευσεν.
3168 5074 3319 5127 Ἐπεὶ
3370 5072 3428 5126 δὲ
3480 5070 3664 5142 ἡμέρα
3697 5068 3843 5142 ἄρτι

2235 5168 2670 5236 ὶξανατέλλουσα
2697 5169 2797 5237 τὴν
2814 5169 2962 5231 ὅπως
2986 5166 3345 5238 περιγένηται
3365 5164 3492 5227 τοὺς
3517 5161 3845 5234 Ῥωμαίους

2237 5264 2439 5335 ἀνοχὴν
2463 5263 2753 5335 ἐπέφερεν,
2787 5262 2899 5316 δεῖν
2916 5261 3098 5331 ἔκρινε
3131 5259 3268 5331 πρὸς
3300 5259 3399 5330 μὶν
3423 5259 3468 5291 ⁷³
3490 5257 3552 5311 τὸ
3573 5256 3847 5328 άρκτῷον

2241 5357 2608 5426 φυλάττοντας
2641 5357 2741 5427 τὴν
2766 5354 2945 5421 ἔξοδον
2979 5352 3127 5424 αὐτῷ
3183 5352 3462 5422 ἐκζητεῖν.
3518 5350 3596 5413 ὡς
3624 5348 3668 5403 δ’
3696 5348 3738 5420 ἦ
3774 5366 3845 5403 τε

2241 5449 2336 5504 τοῦ
2375 5452 2544 5504 τόπου
2568 5450 2739 5504 κακία
2772 5449 2867 5503 καὶ
2903 5446 3015 5501 τῶν
3051 5450 3232 5502 ἐκεῖσε
3261 5444 3575 5518 ταχθέντων
3624 5458 3847 5513 στρατ-

2234 5542 2387 5614 ηγῶν
2417 5542 2675 5614 εὐανδρία
2709 5542 2928 5611 ἀπήντα
2951 5540 3143 5594 τοῦτον
3177 5539 3274 5593 καὶ
3302 5536 3615 5602 διεκώλυεν,
3642 5536 3746 5588 ἰπὶ
3777 5536 3851 5591 τὸ

2240 5633 2610 5704 μεσημϐρινὸν
2643 5632 2920 5705 ὁρμᾶσθαι
2973 5633 3304 5700 ἐξεϐιάζετο.
3354 5632 3441 5696 Ὠς
3483 5630 3537 5683 δὲ
3564 5628 3853 5685 κάκεῖθεν

1836 5726 2076 5785 VARIE
2115 5726 2524 5784 LECTIONES.

627 5808 673 5841 θ’
717 5806 837 5882 μὲν]
872 5811 1039 5885 “colig?

3813 5814 3850 5828 α
