4038 6214
190 369 297 433 197

1070 367 1222 427 LIB.
1258 367 1356 429 IV.
1398 394 1459 404 —
1491 368 1835 429 NICHAEL
1875 368 2303 432 THEOPHILI
2333 371 2615 435 FILIUS.

3377 382 3479 447 198

179 504 282 558 την
311 483 513 556 ὁμοίαν
544 480 803 554 εὕρισκεν
833 481 942 534 τῶν
975 482 1238 535 ἐναντίων
1272 484 1603 554 παράταξιν,
1638 484 1785 554 ἔγνω

1888 485 2082 540 statuit
2148 485 2251 540 loci
2316 487 2431 555 ipsa
2490 486 2830 557 benignitate
2883 496 3089 545 tractus
3137 492 3281 562 (erat
3327 496 3476 550 enim

179 584 290 633 ἑείν
321 579 432 632 ὑπὸ
470 576 569 631 τοῦ
623 577 792 630 τόπου
844 575 1210 645 ἐφελκόμενος
1244 576 1363 645 (καὶ
1403 582 1514 647 γὰρ
1544 574 1611 647 ἦν
1639 578 1782 641 λεῖος

180 675 275 726 καὶ
316 668 672 740 εὐπρόσιτος)
734 668 844 720 τῶν
895 667 1103 721 λοιπῶν
1163 670 1287 721 κατ’
1320 670 1531 723 ἐκεῖνον
1582 668 1783 739 μᾶλλον

182 768 406 838 χωρεῖν,
507 764 603 817 καὶ
631 762 724 814 τὸν
752 762 1048 831 Πετρωνᾶν
1077 760 1228 831 ἐώρα
1262 761 1782 832 κατασκηνούμενον

181 861 274 913 καὶ
303 857 682 926 φυλάττοντα.
743 854 857 907 Kal
903 854 967 924 δὴ
1010 852 1190 923 κρότῳ
1220 854 1318 906 καὶ
1367 852 1462 923 βοῇ
1497 854 1641 905 κατὰ
1673 852 1784 905 τῶν

180 948 458 1017 πολεμίων
484 944 858 1016 ἐφαλλόμενος
891 945 1001 999 οὐδ’
1026 945 1167 1007 ὅλως
1198 943 1450 1007 εἴκοντας
1478 945 1605 1008 τοὺς
1651 944 1785 997 Ῥω.

184 1036 382 1105 μαίους
431 1034 789 1104 ἐφεύρισκεν,
841 1034 957 1088 ἀλλ’
1009 1034 1399 1105 ἰσχυροτέρους
1452 1035 1547 1087 καὶ
1599 1033 1783 1088 αὐτῶν

183 1126 458 1196 ἀνδρικῶς
516 1124 948 1194 ἀντικρούοντας
978 1129 1072 1181 καὶ
1125 1126 1326 1196 μᾶλλον
1349 1125 1784 1197 ἀνθισταμένους

185 1215 450 1279 νεανικῶς
474 1232 492 1245 ’
530 1216 615 1268 διδ
645 1216 742 1269 καὶ
774 1219 968 1288 μικρὸν
1017 1216 1309 1279 συσταλεὶς
1348 1218 1445 1269 καὶ
1475 1217 1555 1280 είς
1589 1218 1782 1268 ἑαυτὸν

188 1306 335 1373 αὖθις
358 1308 665 1377 γενόμενος
701 1309 966 1379 ἐπεσάρει
996 1308 1161 1361 πάλιν
1193 1309 1331 1379 μετὰ
1350 1309 1656 1379 δυνάμεως,
1685 1308 1782 1361 ἐκ·

187 1402 444 1472 πόρευσεν
466 1416 595 1454 τινα
622 1401 717 1453 καὶ
748 1400 977 1454 κάθοδον
1009 1401 1190 1471 ἐαυτῷ
1213 1401 1595 1471 ποριζόμενος.
1618 1399 1785 1453 Ἀλλὰ

185 1497 274 1550 καὶ
298 1494 460 1557 αὖθις
491 1492 785 1564 τούτῳούκ
814 1493 1083 1556 ἐνδόντες,
1107 1493 1226 1547 ἀλλ’
1257 1494 1669 1562 ὑπαντήσαντες
1688 1495 1783 1547 καὶ

184 1586 635 1658 ἀναστρέψαντες
659 1584 739 1655 τῷ
761 1602 825 1636 συ
835 1586 1214 1656 μπεφράχθαι,
1234 1588 1328 1639 καὶ
1353 1586 1548 1655 μέχρις
1574 1585 1782 1639 τούτων

181 1680 336 1734 τοῦτο
372 1680 555 1733 ποιεῖν
589 1678 1041 1746 κατηνάγκασαν.
1077 1678 1235 1731 Ἐπεὶ
1255 1678 1313 1731 δὲ
1349 1678 1617 1731 πάντοθεν
1653 1682 1783 1734 ἀνα-

1884 581 2115 650 reliquis
2141 582 2317 653 magis
2346 584 2411 636 ad
2446 583 2723 653 planitiem
2758 600 2987 657 vergens
3025 602 3367 659 accessuque
3400 592 3478 647 fa-

1882 673 2076 741 cilior)
2108 674 2199 728 illa
2231 676 2414 743 potius
2466 685 2618 745 parte
2663 680 2875 733 irruere
2929 695 3036 749 qua
3075 692 3130 736 et
3180 684 3473 739 Petronam

1885 763 2104 817 videbat
2142 765 2433 820 stationem
2488 767 2709 823 habere.
2751 768 2992 840 Strepitu
3040 772 3224 843 itaque
3258 791 3323 831 ac
3360 778 3475 831 cla-

1884 872 2037 910 more
2094 858 2314 911 sublato
2349 860 2401 911 in
2459 859 2643 914 hostes
2696 861 3040 933 irrumpens,
3080 881 3146 918 ne
3181 869 3472 922 minimum

1883 950 2108 1019 quidem
2142 951 2426 1015 cedentes,
2468 952 2561 1006 sed
2593 951 2850 1009 fortiores
2898 956 3189 1025 ipsumque
3250 968 3474 1015 strenue

1884 1056 1948 1094 ex
1981 1043 2216 1097 adverso
2249 1045 2677 1113 comprimentes
2708 1061 2771 1101 ac
2825 1048 3075 1102 validiori
3118 1065 3281 1103 manu
3337 1052 3474 1105 resi-

1885 1141 2115 1199 stentes,
2149 1134 2394 1189 offendit.
2430 1136 2798 1202 Quamobrem
2857 1140 3023 1193 etiam
3052 1140 3320 1211 tantisper
3370 1143 3473 1196 im-

1885 1237 2069 1294 petum
2098 1228 2384 1290 cohibens,
2424 1229 2736 1299 iterumque
2764 1230 2817 1282 in
2862 1245 2922 1284 se
2951 1232 3129 1299 ipsum
3185 1233 3472 1298 collectos,

1884 1333 2083 1388 magna
2113 1320 2163 1370 vi
2209 1334 2403 1373 rursus
2431 1320 2846 1389 impressionem
2908 1323 3057 1383 facit.
3116 1325 3324 1376 exitum
3370 1324 3476 1377 ali-

1885 1427 2050 1480 quem
2082 1410 2250 1478 inque
2285 1412 2445 1480 plana
2487 1413 2811 1467 descensum
2842 1430 3117 1484 quaerens.
3161 1416 3239 1469 Ac
3263 1430 3329 1469 ne
3359 1428 3474 1469 tmn

1883 1505 2102 1575 quidem
2134 1504 2209 1559 illi
2235 1505 2491 1559 cedentes
2532 1508 2870 1577 adversaque
2899 1511 3016 1562 acie
3042 1509 3388 1563 incurrentes
3410 1523 3476 1563 ac

1882 1605 2329 1667 retrocogentes,
2383 1600 2511 1652 hinc
2564 1600 2723 1669 183
2758 1600 2883 1654 inde
2929 1601 3219 1669 obseptum
3250 1616 3376 1655 eum
3401 1610 3477 1656 te-

1885 1690 2084 1753 nendo,
2116 1700 2230 1743 rem
2256 1690 2614 1759 postmodum
2647 1701 2857 1745 tentare
2882 1700 3194 1747 vetuerunt.
3218 1691 3478 1763 Undique

181 1772 453 1840 φανέντας
503 1770 600 1823 xal
652 1770 847 1832 ἄλλους
880 1769 1103 1825 ἄλλοθεν
1149 1770 1507 1841 ἐκπηδῶντας
1550 1772 1681 1835 τοὺς
1711 1771 1782 1824 τὰ

1890 1780 2063 1851 igitur
2083 1791 2365 1837 exstantes
2396 1783 2543 1837 acies
2601 1784 2820 1846 videns,
2843 1792 3004 1852 atque
3033 1784 3161 1839 hinc
3191 1786 3474 1854 illincque,

179 1862 410 1932 ἀμτῷα
438 1862 539 1913 καὶ
564 1860 916 1930 μεσημϐρινὰ
953 1860 1093 1931 μέρη
1144 1861 1541 1923 κατοικοῦντας
1574 1861 1787 1914 καθεώ-

1888 1850 1981 1944 qui
2012 1874 2079 1929 ad
2112 1872 2430 1945 aquilonem
2479 1876 2685 1946 quique
2705 1876 2772 1930 ad
2824 1850 3110 1930 meridiale
3144 1877 3287 1931 latus
3313 1850 3475 1945 positi

180 1972 338 2026 ρακε,
362 1955 479 2006 τότ’
511 1953 612 2023 ήδη
651 1953 753 2022 τὴν
786 1954 1065 2023 σωτηρίαν
1095 1955 1370 2022 ἀπογνοὺς
1398 1955 1495 2007 καὶ
1519 1956 1619 2017 τὰς
1649 1955 1783 2025 φρέ-

174 2065 272 2110 νας
298 2047 501 2115 ὥσπερ
528 2049 635 2099 τινὶ
660 2046 917 2116 κεραυνῷ
943 2046 1160 2118 βληθεὶς
1184 2044 1383 2117 ἐχώρει
1410 2048 1554 2101 κατὰ
1585 2047 1779 2116 ξιφῶν,

172 2138 305 2192 οὔδε
365 2139 655 2207 προτέρων
699 2137 745 2168 ⁸⁰
781 2138 1035 2205 ἀμελῶν·
1097 2136 1228 2189 ἔνθα
1276 2138 1502 2209 καιρίαν
1550 2140 1783 2210 πληγεὶς

173 2230 270 2305 [Ρ.
316 2228 447 2302 114]
488 2229 645 2292 αὑτός
680 2243 739 2282 τε
776 2229 977 2300 πτῶμα
1004 2230 1217 2297 γίνεται
1260 2231 1518 2302 χαλεπὸν,
1546 2233 1641 2297 καὶ
1669 2231 1782 2285 τῶν

175 2323 387 2377 ἑαυτοῦ
421 2322 749 2386 διασώζεται
777 2322 955 2386 οὐδεὶς
974 2324 1238 2393 οὐδαμοῦ.
1274 2325 1362 2388 Ὠς
1391 2325 1447 2379 δὲ
1470 2326 1561 2379 τὸν
1586 2326 1780 2379 τούτου

176 2420 295 2471 υἱδν
330 2419 471 2487 μετά
508 2433 653 2477 τινος
694 2418 974 2485 φάλαγγος
1017 2419 1326 2490 ἀποδρᾶναί
1366 2436 1469 2471 που
1502 2419 1778 2489 διήκουον,

178 2513 271 2564 καὶ
294 2510 496 2563 τοῦτον
522 2510 552 2557 6
579 2509 671 2562 τοῦ
712 2510 1022 2580 Χαρσιανοῦ
1045 2511 1485 2584 κλεισουράρχης
1532 2512 1776 2565 καταλα-

177 2601 286 2655 ϐὼν
319 2602 430 2654 οῦκ
460 2602 669 2655 ἄποθεν
698 2602 1050 2671 χειροῦταίτε
1084 2602 1227 2672 μετὰ
1248 2603 1343 2656 τοῦ
1370 2602 1782 2673 στρατεύματος

177 2694 273 2747 καὶ
293 2693 379 2763 τῷ
402 2710 705 2763 στρατηγῳ
735 2694 921 2765 φέρων
944 2694 1129 2749 δίδωσι
1161 2695 1442 2767 Πετρωνᾷ.
1466 2694 1656 2759 Οὕτως
1682 2697 1783 2765 μὲν

175 2781 269 2840 οὖν
294 2790 323 2840 6
356 2789 660 2859 Πετρωνᾶς
686 2788 755 2841 τὰ
782 2787 927 2841 κατὰ
952 2788 1048 2841 τοῦ
1080 2790 1146 2842 Ἀ
1158 2806 1262 2862 μερ
1312 2791 1519 2861 στήσας
1542 2792 1783 2861 τρόπαια

176 2880 264 2933 διὰ
294 2882 512 2950 πολλῆς
544 2877 689 2952 εῖχεν
722 2881 911 2935 ἔκτοτε
942 2882 1034 2936 τὸν
1069 2883 1306 2954 μοναχὸν
1352 2884 1535 2947 αἰδοῦς
1565 2885 1663 2938 καὶ
1698 2901 1782 2938 τι·

181 2973 311 3043 μῆς,
351 2974 653 3045 προφήτην
682 2974 844 3027 ἄλλον
876 2975 1191 3030 ἀποκαλῶν.
1230 2978 1342 3029 Kal
1368 2976 1433 3046 δή
1468 2977 1563 3030 καὶ
1592 2976 1661 3029 τὰ
1680 2977 1784 3047 τῆς

176 3066 358 3137 ψυχῆς
375 3066 561 3137 τούτῳ
579 3065 801 3131 ἀναθεὶς
829 3069 967 3138 πρὸς
987 3068 1087 3139 τὴν
1119 3068 1516 3139 βασιλεύουσαν
1540 3067 1782 3123 είσελαύ-

177 3172 259 3209 νει
294 3157 496 3209 τοῦτον
527 3157 951 3227 ἐπιφερόμενος,
989 3158 1129 3227 πρὸς
1159 3158 1249 3210 τὸν
1299 3158 1528 3228 βασιλέα
1562 3158 1656 3212 καὶ
1689 3159 1781 3211 τὸν

1888 1976 2068 2032 erant,
2103 1967 2376 2022 irruentes
2406 1969 2780 2036 conspiciens,
2818 1967 3103 2036 desperata
3141 1978 3253 2022 tum
3278 1969 3475 2033 salute,

1888 2073 1953 2113 ac
1984 2059 2133 2113 velut
2165 2057 2396 2113 fulmine
2427 2061 2589 2123 ictus,
2622 2059 2676 2112 in
2709 2060 2919 2113 medios
2938 2073 2997 2113 se
3018 2073 3182 2114 enses
3204 2061 3477 2127 primum-

1887 2168 1995 2222 que
2037 2152 2228 2207 obvios
2264 2152 2459 2207 inserit
2489 2166 2503 2216 ;
2540 2150 2631 2206 ubi
2666 2151 2811 2205 letali
2841 2161 3064 2220 accepto
3084 2152 3313 2207 vulnere
3347 2166 3473 2207 cum

1888 2245 2006 2315 ipse
2036 2245 2180 2300 tristi
2210 2244 2323 2299 fato
2354 2245 2524 2311 cadit,
2550 2254 2664 2299 tum
2697 2259 2829 2299 suos
2859 2260 3076 2311 omnes,
3120 2261 3188 2299 ne
3220 2260 3329 2301 uno
3354 2246 3474 2315 qni-

1883 2339 2009 2394 dem
2033 2340 2172 2395 cladi
2198 2339 2511 2409 superstite,
2533 2337 2728 2407 perdit.
2753 2337 2887 2407 Ejus
2911 2338 3081 2391 filium
3100 2353 3223 2394 cum
3249 2336 3479 2392 cohorte

1885 2433 2123 2501 quadam
2160 2431 2341 2501 fugam
2376 2431 2709 2499 arripuissse
2780 2431 2871 2483 ubi
2908 2446 3102 2485 rumor
3137 2430 3473 2499 percrebuit,

1888 2523 2179 2577 Charsiaui
2235 2524 2586 2578 clusurarum
2660 2521 2953 2591 prmfectus
2997 2537 3139 2591 pone
3186 2529 3476 2575 assecutus

1888 2627 2013 2667 cum
2048 2612 2291 2685 exercitu
2347 2625 2513 2665 manu
2566 2611 2711 2680 capit
2771 2627 2835 2665 ac
2874 2610 3121 2665 Petrona:
3153 2612 3474 2681 imperatori

1889 2705 2072 2760 tradit.
2102 2703 2193 2760 Sic
2212 2718 2342 2776 ergo
2380 2704 2639 2759 Petronas
2669 2705 2869 2759 erectis
2907 2703 2976 2758 de
3001 2706 3199 2759 Amere
3226 2706 3471 2773 tropais,

1898 2814 2099 2869 magna
2169 2798 2428 2865 deinceps
2489 2799 2844 2851 veneratione
2888 2810 2984 2850 iac
3072 2796 3223 2850 cultu
3284 2811 3481 2849 mona-

1888 2890 2053 2944 chum
2101 2888 2556 2959 prosequebatur,
2591 2887 2760 2941 alium
2804 2901 2931 2940 eum
2987 2886 3236 2939 divinum
3297 2894 3474 2939 vatem

1888 2995 2114 3034 vocans.
2159 2980 2339 3049 Atque
2365 2980 2501 3033 adeo
2539 2977 2879 3032 conscientia
2934 2990 3033 3031 sua
3086 2976 3162 3030 illi
3200 2976 3475 3045 deposita,

1888 3082 2013 3124 eum
2045 3068 2344 3131 adducens,
2396 3068 2588 3121 urbem
2619 3075 2906 3135 augustam
2940 3067 3096 3134 petit,
3132 3065 3478 3134 amplissimo

1890 3160 2033 3229 apud
2062 3160 2447 3228 imperatorem
2475 3173 2540 3211 ac
2569 3157 2803 3210 Bardam
2834 3156 2939 3210 viri
2974 3156 3231 3209 virtutem
3254 3170 3475 3225 praeco-

178 3248 396 3317 Βάρδαν
424 3248 529 3319 τὴν
555 3248 654 3301 τοῦ
685 3249 877 3319 ἀνδρὸς
908 3248 1142 3313 θειάζων
1191 3249 1374 3313 καλῶς
1406 3250 1631 3321 ἀρετήν.
1668 3249 1780 3303 Kal

1888 3253 2130 3321 niojure
2176 3253 2374 3305 merito
2419 3250 2675 3304 eﬂ‘erens.
2731 3249 3002 3303 Caeterum
3059 3249 3330 3304 Petrouas
3365 3263 3473 3302 non

180 3339 349 3414 [ἀλλ’]
399 3344 427 3394 6
476 3340 580 3410 μὲν
612 3341 904 3410 Πετρωνᾶς
957 3340 1018 3393 τὸ
1067 3340 1164 3393 τοῦ
1210 3340 1539 3410 δομεστίκου
1597 3338 1784 3393 οὐκέτι

1888 3345 1993 3414 iam
2021 3345 2160 3397 ultra
2192 3342 2479 3397 domestici
2513 3356 2805 3411 personam
2832 3342 3130 3395 simulacro
3149 3340 3342 3409 gessit,
3377 3339 3474 3393 sed

179 3440 535 3506 προσωπεῖον
594 3435 1051 3507 καθυπεκρίνετο,
1103 3436 1221 3488 ἀλλ’
1268 3437 1441 3504 αὐτὴν
1474 3434 1784 3503 ἐλάμϐανεν

182 3530 246 3581 ἐκ
278 3527 555 3597 βασιλέως
591 3529 791 3598 τιμήνο
826 3530 922 3581 καὶ
950 3531 978 3581 6
1006 3527 1267 3597 ’μοναχδς
1307 3528 1406 3597 τὴν
1463 3527 1602 3595 πρὸς
1648 3525 1785 3578 Θεὸν

183 3619 459 3689 ἐκδημίαν
490 3618 622 3689 παρ’
658 3617 826 3671 αὑτοῦ
855 3618 1131 3687 διδαχθεὶς
1158 3619 1251 3671 τὸν
1282 3617 1579 3686 Πετρωνᾶν
1608 3615 1787 3669 ἀνεδί-

183 3713 389 3765 δασκεν
418 3711 496 3774 ὡς
526 3712 616 3765 διὰ
645 3712 858 3781 ταχέων
915 3711 1128 3779 μέλλων
1177 3710 1505 3780 ἀποδημεῖν.
1532 3709 1642 3764 Καὶ
1683 3707 1792 3762 ποῖ

180 3824 257 3877 με
276 3806 381 3874 δὴ,
402 3807 433 3859 6
461 3806 775 3874 Bstpmvd;,
806 3805 1078 3872 ἀπαίρων
1104 3804 1174 3859 τὸ
1204 3804 1569 3872 σὸνάρνίον,
1591 3806 1623 3857 ὁ
1656 3819 1786 3857 ποι-

180 3900 308 3967 μήν
340 3914 464 3967 μου
523 3898 621 3949 καί
653 3896 902 3964 ἐραστὰ,
950 3896 1170 3960 ,ϐούλει
1219 3898 1609 3957 καταλιπεῖνξ
1646 3895 1787 3964 μετὰ

187 3988 478 4059 κλαυθμοῦ
528 3988 884 4041 ἐπυνθάνετο.
914 3983 1057 4058 Ἆρα
1110 3989 1303 4052 τούτῳ
1336 3986 1418 4052 τῷ
1441 3988 1593 4053 ﬂigi;
1624 3986 1789 4041 ἀλλὰ

184 4081 435 4135 δέδοικα
488 4080 576 4150 μὴ
627 4081 779 4148 πρὸς
830 4082 937 4134 τὸν
992 4083 1285 4149 πρότερον
1332 4081 1585 4133 ὄλισθον
1613 4073 1789 4145 αὖθις

183 4172 518 4241 παραρῤυὼ
552 4173 649 4226 καί
676 4172 971 4241 γένωνται
1001 4191 1103 4241 μοι
1128 4173 1202 4226 τὰ
1224 4173 1460 4241 ἔσχατα
1486 4169 1607 4224 τῶν
1641 4187 1785 4238 προ-

183 4265 379 4333 τέρων
412 4267 487 4319 οὐ
516 4266 847 4333 κρείττονα.
872 4294 943 4305 —
963 4266 1072 4319 Καὶ
1092 4266 1329 4330 βούλει,
1361 4265 1530 4335 φησὶν
1560 4266 1589 4317 6
1617 4280 1788 4333 μονα-

185 4360 305 4429 χδς,
332 4358 463 4426 ἐμοὶ
494 4358 1132 4427 συνεπακολουθῆσίιι,
1165 4358 1276 4412 Καὶ
1300 4352 1477 4424 οὗτος,
1506 4356 1637 4417 Nai,
1667 4355 1786 4410 Πάα

184 4466 312 4518 τερ,
373 4449 501 4521 ἔφη,
558 4450 689 4519 μεθ’
720 4450 974 4519 ἡδονῆς.
1029 4451 1139 4503 Kal
1196 4449 1262 4521 δὴ
1313 4450 1454 4520 νόσῳ
1486 4449 1582 4501 καὶ
1630 4443 1787 4511 οὗτος

1888 3434 2041 3505 regio
2078 3447 2302 3486 munere
2336 3433 2452 3501 ipse
2476 3446 2539 3486 ea
2570 3431 2833 3501 dignitate
2878 3440 3131 3498 augetur.
3163 3429 3475 3484 Monachus

1886 3540 2010 3580 cum
2043 3540 2103 3579 se
2126 3524 2192 3578 ad
2224 3522 2392 3577 Deum
2425 3523 2827 3592 emigraturum
2876 3522 3142 3577 divinitus
3176 3521 3477 3591 cognovis-

1886 3630 1981 3675 set
2024 3618 2315 3673 Petronam
2368 3617 2444 3671 rei
2482 3617 2760 3670 admonet.
2795 3614 2873 3669 Ad
2906 3630 3067 3684 quem
3110 3614 3205 3669 ille
3238 3614 3430 3685 lugens
3456 3628 3476 3669 :

1891 3713 2116 3769 Ubinam
2149 3728 2291 3775 vero,
2327 3710 2525 3779 inquit,
2554 3720 2613 3762 tu
2644 3720 2832 3778 pastor
2856 3723 3004 3762 meus
3034 3723 3098 3760 ac
3121 3716 3335 3760 amator
3356 3706 3474 3759 ovi-

1886 3805 2061 3858 cuiam
2094 3815 2241 3857 tuum
2296 3803 2544 3855 humanis
2578 3802 2830 3854 excedens
2865 3800 2937 3854 vis
2972 3801 3268 3869 relinquere
3296 3799 3321 3851 .’
3350 3813 3480 3853 uuas

1886 3899 1942 3953 in
1973 3899 2068 3952 hoc
2099 3897 2342 3952 sarculo!
2371 3906 2427 3949 at
2456 3912 2640 3949 uereor
2671 3911 2733 3948 ue
2773 3896 2827 3946 in
2865 3894 3047 3963 priora
3077 3908 3294 3959 prorsus
3340 3891 3480 3946 deli-

1888 4002 1973 4046 στα
2018 3993 2274 4061 diﬁiuam,
2308 3992 2540 4060 mihique
2566 3992 2866 4058 posteriora
2899 3989 3033 4041 nihil
3082 3988 3307 4041 meliora
3327 3989 3479 4057 prio-
3588 3984 3603 3993 “

1889 4083 2036 4135 ribus
2066 4081 2220 4150 ﬁant.
2266 4080 2431 4151 184
2456 4079 2689 4133 -Νιιπι
2723 4094 2865 4142 vero,
2914 4078 3092 4147 inquit
3147 4078 3477 4141 monachus,

1890 4176 1983 4227 tibi
2002 4174 2181 4227 animo
2200 4174 2364 4236 sedet,
2391 4174 2547 4236 utime
2563 4172 2806 4239 sequaris
2821 4173 2917 4226 2-
2937 4169 3047 4236 Ita,
3069 4169 3255 4232 Pater,
3278 4170 3476 4239 inquit,

1889 4268 2249 4322 lubentissime
2276 4282 2490 4337 sequar.
2524 4264 2713 4318 Morbo
2735 4266 2920 4334 itaque
2947 4273 3001 4318 et
3025 4264 3140 4332 ipse
3168 4272 3474 4331 correptus.

1891 4362 2073 4414 statim
2116 4376 2178 4413 ac
2221 4359 2448 4414 domttm
2480 4358 2760 4423 rediissot,
2789 4373 2852 4412 ea
2901 4365 3093 4411 narrat
3135 4371 3261 4426 qua
3288 4356 3475 4411 abbati

1891 4460 2184 4507 evenerant
2217 4468 2230 4517 ;
2262 4450 2615 4519 vicissimque
2660 4448 2828 4503 refert
2872 4449 3083 4503 dixisse
3144 4448 3473 4503 monachum

190 4543 416 4613 βληθεὶς
444 4543 563 4611 ἅμα
585 4545 651 4613 τῇ
684 4542 867 4596 οἴκαδε
898 4544 1216 4613 ὑποστροφῇ
1250 4541 1441 4612 ἐδήλου
1470 4543 1539 4593 τὰ
1570 4540 1780 4610 συμπί-

1889 4546 2061 4614 ipsum
2097 4560 2320 4614 quoque,
2387 4544 2467 4597 uti
2502 4543 2727 4611 petierat
2753 4580 2769 4606 ,
2822 4542 2964 4595 brevi
3011 4542 3319 4595 morientem
3354 4557 3474 4594 eum

188 4652 400 4688 πτοντα
431 4636 510 4704 τῷ
560 4636 723 4706 ἁσὸᾷ,
784 4637 878 4688 καὶ
904 4635 1265 4704 ἀπεδηλοῦτο
1296 4634 1490 4703 φάναι,
1518 4634 1595 4696 ὼς
1628 4632 1771 4687 Μετ’

1885 4647 2206 4691 secuturum.
2262 4637 2339 4690 Ac
2374 4650 2510 4690 sane
2557 4635 2749 4705 paucis
2803 4634 3010 4703 elapsis
3055 4632 3249 4686 diebus
3281 4671 3296 4694 ,
3346 4646 3472 4686 cum

184 4728 347 4797 ἐμοῦ
375 4728 608 4797 γενήσῃ
628 4728 778 4797 μετὰ
800 4730 1016 4798 μικρὸν
1037 4729 1119 4794 ᾡς
1147 4726 1374 4796 ᾐτήσω.
1404 4729 1511 4780 Kal
1528 4726 1591 4798 δή
1617 4743 1781 4780 τινων

1888 4730 2189 4784 monachus
2230 4728 2296 4782 ad
2362 4726 2534 4782 Deum
2567 4733 2850 4789 evocatur,
2886 4736 2999 4779 tum
3059 4724 3244 4777 statim
3275 4722 3475 4793 ,Pctro-

186 4821 422 4891 ἡμερῶν
459 4820 845 4890 παρελθουσῶν
874 4824 902 4875 ὁ
925 4822 1159 4892 μοναχός
1188 4837 1246 4873 τε
1275 4820 1629 4891 μετεκαλεῖτο
1650 4819 1789 4890 πρὸς

185 4913 283 4964 τὸν
311 4912 472 4975 Θεὸν,
506 4914 604 4967 καὶ
636 4907 793 4977 οὗτος
824 4914 1076 4983 αύθωρὸν
1096 4913 1172 4978 ὼς
1212 4916 1276 4967 ἐκ
1306 4912 1655 4983 συνθήματος
1686 4914 1789 4965 ἐπ-

186 5004 484 5073 ηκολούθει
507 5006 776 5077 λαμπρῶς
800 5023 813 5037 ·
848 5009 943 5060 καὶ
959 5006 1213 5061 τοσοῦτον
1236 5002 1305 5078 ἦν
1328 5007 1473 5059 κατὰ
1501 5006 1593 5058 τὸν
1623 5004 1789 5059 αὐτὸν

188 5096 387 5166 καιρὸν
413 5099 741 5169 ἀμφοτέρων
801 5100 836 5171 ή
889 5100 1101 5153 ἐκεῖθεν
1155 5099 1437 5169 ἀποδημία
1466 5097 1542 5161 ὡς
1590 5099 1786 5167 ἅτερος

188 5190 407 5258 ἐτέρου,
437 5190 617 5243 καίτοι
651 5207 713 5259 γε
739 5190 940 5263 μικροῦ
970 5190 1063 5244 τοῦ
1092 5191 1467 5260 διαστήματος
1494 5188 1667 5252 ὄντος,
1709 5188 1784 5259 μὴ

187 5281 428 5334 ἀκοῦσαι
458 5284 550 5337 τὸν
574 5284 827 5339 θάνατον.
864 5284 1108 5356 Τοιούτῳ
1140 5285 1239 5354 μὲν
1267 5283 1332 5355 δὴ
1371 5281 1517 5335 τέλει
1544 5280 1638 5333 τοῦ
1667 5279 1785 5350 βίου

187 5379 303 5448 πρὸ
332 5377 522 5434 τούτου
556 5381 584 5433 6
617 5380 880 5451 Μανουήλ
902 5381 1045 5453 νόσῳ
1076 5381 1139 5451 δή
1171 5397 1278 5433 τινι
1322 5380 1642 5451 κρατηθείς.

262 5465 382 5534 κς⁹.
416 5470 719 5525 Μετέϐαινε
748 5472 807 5526 δὲ
839 5474 936 5526 καὶ
968 5475 997 5526 6
1024 5473 1236 5543 Βάρδας
1274 5473 1368 5525 καὶ
1412 5469 1512 5533 τὰς
1538 5470 1602 5522 έκ
1630 5468 1785 5539 βασι-

188 5560 330 5621 λέως
356 5560 555 5633 ήμεισι
578 5564 821 5635 συνεχῶς
858 5567 1051 5637 τιμὰς,
1097 5564 1287 5637 ὥσπερ
1316 5582 1397 5628 τις
1424 5564 1544 5627 νέος
1579 5562 1785 5633 γαῦρός

190 5668 253 5705 τε
285 5660 381 5707 καὶ
408 5655 696 5727 φιλότιμος
731 5657 833 5722 τὰς
859 5658 1113 5722 ποικίλας
1136 5657 1249 5712 τῶν
1285 5656 1418 5728 πρὸς
1451 5655 1642 5726 τέρψιν
1667 5671 1783 5707 στο-

1894 4839 1994 4879 nas
2025 4825 2171 4876 velut
2206 4837 2273 4875 ex
2294 4821 2548 4875 condicto
2578 4817 2869 4887 magnifice
2897 4816 3168 4886 sequitur,
3211 4816 3286 4868 ita
3310 4814 3474 4868 nimi-

1894 4929 2016 4968 rum
2050 4922 2107 4965 nt
2159 4910 2415 4981 quamvis
2461 4907 2609 4962 brevi
2638 4908 2719 4961 sic
2772 4906 3059 4960 intervallo
3086 4904 3269 4959 dissiti
3295 4914 3473 4963 erant,

1895 5003 2166 5059 ambobus
2200 5001 2365 5056 simul
2398 4998 2822 5069 emigrantibus,
2853 4996 2994 5051 alter
3026 4995 3259 5050 alterius
3285 4994 3480 5049 mortis

1894 5094 2147 5149 nuntium
2208 5092 2401 5145 audire
2453 5088 2783 5158 nequiverit.
2826 5084 3061 5139 Moritur
3104 5099 3237 5140 vero
3272 5092 3329 5138 et
3384 5083 3481 5137 illo

1892 5187 2042 5257 prior
2079 5183 2315 5247 Manuel,
2346 5182 2538 5236 morbo
2569 5180 2806 5251 quodam
2840 5180 3118 5234 detentus.

1851 5282 1880 5333 6
1932 5278 2227 5349 Πετρωνᾶς
2282 5275 2631 5346 χρησάμενος
2682 5272 2936 5341 λέγεται,
2991 5267 3250 5323 ἐτελεύτα
3294 5266 3350 5321 δὲ
3382 5267 3475 5319 καὶ

1964 5462 2060 5518 26.
2092 5460 2199 5516 Sed
2233 5468 2289 5514 et
2327 5459 2531 5515 Bardas
2566 5456 2718 5511 nullo
2751 5455 2894 5511 ﬁxus
2951 5469 3180 5510 munere
3222 5454 3360 5510 alias
3410 5470 3480 5509 ex

1894 5556 2021 5612 aliis
2068 5555 2333 5611 continue
2400 5551 2700 5621 dignitates
2756 5550 2983 5617 profusa
3043 5548 3308 5619 principis
3374 5548 3480 5601 lar-

1891 5651 2059 5718 gitate
2135 5644 2401 5711 mutabat,
2456 5641 2603 5697 haud
2641 5656 2803 5699 secus
2854 5656 2920 5698 ac
2967 5641 3190 5714 juvenis
3243 5640 3471 5711 quidam

1485 5750 1718 5807 νΑιιιιε
1757 5742 2165 5805 ιερτιοκεε.

272 5847 318 5877 ⁸*
344 5848 610 5920 πρότερον
628 5849 651 5901 ?
