3994 6220
485 358 587 422 1‘39

1515 361 1560 419 Τ
1566 359 1872 420 ΠΕΟΡΗΑ
1884 360 2027 420 NES
2054 360 2276 420 CDNTI
2289 361 2545 422 NUATU
2558 364 2597 420 S

3640 364 3744 428 200

483 493 544 530 ac
574 476 895 533 ambitiosus
945 479 1094 532 rario
1129 479 1194 532 ad
1234 476 1503 531 luxuriam
1566 477 1716 531 cultu
1759 486 1931 532 mutat
1959 493 2051 532 ve-

2173 480 2274 541 ιάς.
2328 478 2635 532 Μετέὗαινε
2703 477 2832 546 γοῦν
2861 479 2954 531 καὶ
3005 478 3138 550 πρὸς
3160 478 3259 549 τὴν
3283 479 3557 548 Καίσαρος
3587 481 3744 556 ἀνῄει

483 579 613 623 stes.
652 570 852 624 Mutata
889 571 1071 640 itaque
1097 569 1376 624 iunctione
1401 569 1467 623 ad
1531 569 1770 624 Caesaris
1815 571 2053 640 dignita-

484 671 590 715 tein
622 662 960 730 gloriamque
1017 660 1282 726 ascendit,
1317 675 1441 714 cum
1503 659 1738 714 Michael
1772 661 1914 714 nulla
1947 663 2054 716 alia

486 754 791 820 reipublicae
827 766 956 805 cura
991 760 1265 804 teneretur
1299 766 1463 819 quam
1492 761 1552 804 ut
1607 751 1836 805 theatris
1887 752 2056 805 ludis-

487 860 592 914 que
635 844 982 898 Circensibus
1035 853 1274 897 vacaret.
1307 842 1574 910 Quodque
1629 842 1764 896 adeo
1807 844 2054 911 gravius,

487 951 592 988 non
624 936 796 987 solum
827 935 931 988 illis
960 935 1155 989 lubens
1176 935 1502 1004 spectaculis
1527 935 1789 988 intererat
1820 943 2060 988 tantaru-

487 1042 590 1094 que
637 1042 855 1094 operain
912 1027 1168 1090 navabat,
1204 1027 1295 1079 sed
1325 1034 1380 1079 et
1431 1025 1546 1094 ipse
1599 1024 1827 1078 Romani
1877 1041 2059 1080 arcem

486 1119 699 1184 imperii
744 1130 936 1172 tenens
963 1134 1137 1187 equos
1180 1118 1396 1188 agebat,
1455 1119 1782 1187 cunctisque
1833 1135 1891 1174 se
1937 1119 2064 1173 ridi-

485 1211 668 1266 culum
719 1227 782 1264 ac
823 1214 1189 1280 spernendum
1235 1211 1527 1280 praebebat.
1583 1214 1655 1266 lta
1708 1212 1912 1268 Bardas
1969 1228 2064 1268 ne-

487 1306 629 1372 potis
671 1313 982 1358 curatorem
1015 1306 1243 1374 agebat;
1269 1307 1356 1359 cui
1403 1322 1504 1360 nec
1549 1306 1683 1367 vita,
1719 1315 1908 1375 utpar
1959 1316 2064 1372 est,

489 1397 542 1448 in
575 1395 715 1449 votis
751 1412 874 1449 esse
920 1397 1220 1461 debuisset,
1279 1398 1383 1452 nisi
1411 1415 1439 1450 a
1467 1400 1649 1452 servili
1681 1399 1806 1453 vitae
1849 1400 1951 1453 hoc
1985 1400 2068 1453 in-

487 1487 682 1538 stituto
703 1487 853 1538 illum
875 1498 1149 1541 avocaret.
1178 1489 1400 1543 Interim
1421 1500 1602 1544 tamen
1624 1492 1836 1561 negotia
1853 1491 2066 1559 publica

489 1579 926 1642 administrabat,
952 1595 1015 1631 ac
1030 1581 1133 1633 sibi
1174 1581 1288 1650 ipse
1313 1583 1598 1650 imperium
1627 1584 1808 1636 animo
1829 1583 2070 1636 destina-

489 1672 601 1730 bat,
623 1669 779 1736 cujus
808 1670 968 1738 185
992 1674 1322 1740 quandoque
1338 1673 1443 1726 sibi
1469 1677 1582 1742 ipse
1606 1689 1830 1742 compos
1851 1672 1966 1726 fore
1992 1674 2071 1726 vi-

489 1759 994 1814 .leretur.Ca:terum
1019 1765 1131 1816 huic
1147 1764 1366 1832 quidem
1384 1765 1436 1817 in
1457 1765 1699 1819 futurum
1720 1767 1792 1819 illi
1815 1765 2070 1834 reposita:

2159 570 2316 633 δόξαν
2345 588 2405 622 τε
2445 569 2540 622 καὶ
2569 570 2754 640 τιμὴν,
2785 571 2878 623 τοῦ
2907 570 3124 640 Μιχαὴλ
3162 572 3223 624 οὐ
3283 571 3424 640 πρὸς
3461 571 3646 643 ἔτερόν
3687 590 3740 628 τι

2160 663 2269 714 τῶν
2314 661 2611 716 πολιτικῶν
2655 663 2910 716 τοσοῦτον
2960 661 3300 733 ἐπτοημένου
3347 663 3380 733 ἢ
3415 663 3622 736 θέατρα
3649 668 3745 720 καὶ

2165 756 2346 808 ἵππων
2382 755 2774 826 ἀμιλλητήρια.
2815 756 2922 808 Καὶ
2951 755 3012 808 τὸ
3049 756 3111 825 δὴ
3141 756 3397 825 χαλεπὸν,
3428 758 3528 810 οὐκ
3554 760 3744 826 ἠγάπα

2169 847 2331 912 μόνον
2390 845 2588 914 θεατής
2648 842 2809 909 εἶναι,
2847 846 2963 913 είγε
3016 848 3109 900 καὶ
3154 847 3404 900 τοσοῦτον
3429 849 3743 918 ἐσχόλαζεν,

2165 933 2300 988 ἀλλὰ
2334 937 2426 988 καὶ
2453 936 2614 998 αὐτὸς
2639 939 2880 1006 ἠνιοχεῖν
2907 939 2936 989 ὁ
2971 939 3069 1006 τῆς
3120 937 3226 990 τῶν
3269 935 3558 1007 Ῥωμαίων
3589 939 3746 1008 βασι-

2165 1027 2338 1092 λείας,
2386 1029 2566 1098 θέαμα
2615 1031 2904 1099 τυγχάνων
2951 1032 3045 1081 καὶ
3079 1030 3338 1098 παίγνιον
3373 1034 3506 1084 πᾶσι
3556 1032 3621 1102 δὴ
3653 1033 3746 1085 καὶ⁸

2169 1121 2508 1188 κατάγελως.
2541 1121 2726 1184 Οὕτως
2750 1125 2778 1175 ὁ
2806 1121 2889 1194 [1).
2925 1121 3050 1193 115]
3091 1123 3304 1192 Βάρδας
3337 1123 3427 1175 τοῦ
3459 1123 3745 1191 ἀδελφιδοῦ

2170 1212 2557 1283 ἐπετρόπευεν,
2605 1214 2701 1266 καὶ
2731 1213 2850 1264 οὐδὲ
2882 1212 3001 1282 ζῇν,
3047 1213 3120 1274 ὡς
3146 1214 3346 1274 ἔοικεν,
3377 1212 3664 1282 ἠθέλησεν,
3695 1214 3747 1265 εί

2175 1302 2250 1372 μὴ
2283 1302 2474 1355 τοῦτον
2507 1302 2832 1372 μεταπείσει
2880 1303 2942 1354 τὸ
2973 1301 3328 1370 ἀνδράποδον.
3383 1302 3534 1372 Πλήν-
3558 1302 3747 1374 διῴκει

2173 1397 2310 1458 τέως
2335 1397 2497 1457 αὐτὸς
2529 1395 2599 1447 τὰ
2627 1395 2902 1458 πολιτικὰ,
2925 1395 3019 1446 καὶ
3049 1394 3146 1462 τῆς
3176 1393 3452 1464 βασιλείας
3485 1412 3747 1449 κατεστο-

2175 1487 2371 1556 χάζετο
2403 1486 2478 1546 ὡς
2512 1486 2683 1554 αὐτὴν
2737 1486 3012 1554 εὐκαίρως
3071 1485 3530 1554 περιληψόμενος.
3586 1487 3750 1542 Ἀλλὰ

2175 1576 2346 1627 ταῦτα
2381 1575 2480 1645 μὲν
2504 1577 2580 1638 είς
2604 1575 2664 1627 τὸ
2689 1575 2880 1644 μέλλον
2901 1574 3221 1643 ὲταμιεύετο
3241 1592 3256 1607 ·
3286 1578 3407 1627 τότε
3429 1577 3484 1628 δὲ
3514 1578 3614 1646 τῆς
3646 1579 3748 1642 ἔξω

2179 1668 2371 1736 σοφίας
2408 1667 2760 1737 ἐπιμεληθεὶς
2803 1667 2918 1737 (καὶ
2950 1668 3058 1735 γὰρ
3105 1662 3174 1736 ἦν
3200 1667 3278 1736 τῷ
3309 1668 3550 1738 τοσούτῳ
3570 1670 3750 1739 χρόνῳ

2180 1761 2560 1832 παραῤῥυεῖσα
2591 1762 2683 1813 καὶ
2709 1760 2842 1828 πρὸς
2867 1759 2926 1812 τὺ
2953 1761 3119 1829 μηδὲν
3142 1761 3278 1822 ὂλως
3305 1765 3657 1831 κεχωρηκυῖα
3679 1765 3748 1832 τῇ

486 1852 699 1904 interim
729 1867 854 1906 vero
872 1854 1150 1908 saecularis
1170 1870 1231 1908 ac
1252 1853 1494 1922 profanae
1509 1857 1789 1924 sapientiae
1805 1871 1937 1910 cura
1953 1870 2069 1911 sus-

2177 1853 2284 1905 τῶν
2312 1853 2702 1921 κρατησάντων
2731 1851 2989 1922 ἀγροικίᾳ
3022 1852 3114 1904 καὶ
3139 1852 3370 1921 ἀμαθίᾳ)
3408 1852 3502 1904 καὶ
3538 1852 3749 1922 διατρι-

488 1952 659 2008 cepta,
701 1957 823 1994 cum
852 1942 963 2010 jam
993 1944 1145 2011 plura
1174 1945 1343 1999 lustra
1381 1946 1734 2001 humaniores
1766 1947 2074 2001 litterarim-

487 2041 795 2098 peratorum
817 2033 983 2087 barba
994 2035 1068 2088 ric
1086 2051 1148 2088 ac
1172 2036 1384 2091 inscitia
1407 2039 1799 2094 obsolevissent
1821 2055 1882 2094 ac
1907 2056 2078 2109 prope

490 2128 766 2179 εκειὲιιοιαι
832 2138 1036 2192 essent,
1102 2131 1614 2186 mathematicarum
1661 2133 2072 2200 disciplinarum

491 2218 691 2272 scholis
713 2219 776 2270 ad
803 2217 1154 2289 Magnauram
1207 2223 1550 2288 constitutis,
1570 2225 1857 2294 magniﬁce
1881 2239 2074 2280 rursus

489 2309 682 2362 llorere
723 2325 784 2364 ac
814 2311 960 2364 velut
993 2314 1354 2382 repubescere
1388 2331 1508 2369 eam
1542 2315 1688 2371 fecit.
1725 2315 1835 2371 Nec
1885 2326 2066 2371 tamen

491 2401 594 2454 hoc
631 2401 826 2456 Bardze
892 2404 1128 2468 facinus,
1174 2423 1493 2477 quanquam
1553 2425 1824 2462 summam
1853 2408 2070 2476 praefer-

490 2502 570 2546 ret
595 2494 931 2548 honestatem
987 2497 1269 2566 gloriaque
1312 2500 1726 2553 celeberrimum
1752 2509 1922 2563 esset,
1950 2500 2068 2568 ejus

490 2599 662 2640 noxas
692 2586 928 2656 reliquas
960 2589 1144 2645 eluere
1179 2592 1368 2646 valuit.
1412 2591 1648 2648 Prmerat
1705 2593 1832 2646 huic
1869 2594 2071 2648 scholae

489 2693 553 2732 ac
575 2679 764 2733 doctor
815 2681 1177 2750 philosophiae
1207 2695 1324 2738 erat
1351 2701 1582 2753 magnus
1621 2685 1710 2740 ille
1740 2700 1805 2739 ac
1828 2687 2077 2754 philoso-

491 2770 630 2838 phus
664 2770 794 2834 Leo,
828 2775 1111 2842 sanguinis
1160 2775 1382 2844 quidem
1427 2777 1682 2845 prosapia
1731 2775 1927 2830 Jannis
1981 2792 2077 2846 pa-

492 2863 744 2919 triarchae
801 2871 1081 2934 patruelis,
1153 2871 1324 2939 gradu
1389 2886 1516 2925 vero
1567 2870 2077 2925 Thessalonicensis

491 2959 766 3025 quondam
809 2961 1124 3029 episcopus.
1187 2962 1340 3018 Tunc
1382 2973 1565 3017 autem
1629 2977 1849 3018 cessare
1884 2965 2076 3031 jussus

2179 1940 2278 2002 ϐὰς
2311 1940 2418 1991 τῶν
2467 1939 2865 2009 μαθηματικῶν
2920 1939 3063 1993 κατά
3119 1942 3458 2010 Μαγναύραν
3517 1943 3750 2010 ποιήσας

2180 2028 2336 2095 αὖθις
2357 2034 2626 2099 ἀκμάζειν
2657 2034 2750 2084 καὶ
2769 2031 2977 2102 ἀνηὸᾷν
3005 2033 3212 2101 ταύτην
3238 2034 3539 2095 ἐσπούδαζε
3567 2051 3625 2085 τε
3655 2033 3749 2087 καὶ

2176 2126 2592 2194 πεφιλοτίμητο.
2620 2125 2731 2178 Καὶ⁵
2757 2124 2915 2177 τοῦτο
2938 2125 3045 2177 τῶν
3071 2125 3247 2194 ἔργων
3276 2124 3438 2176 αὑτοῦ
3465 2125 3750 2180 κάλλιστόν

2173 2235 2234 2270 τε
2286 2221 2380 2270 καὶ
2435 2217 2762 2286 περιϐόητον
2789 2215 2848 2268 δν
2882 2218 2983 2269 οὐκ
3015 2216 3134 2285 ῐσχυ
3149 2216 3206 2267 σέ
3240 2232 3356 2277 πως
3389 2215 3489 2278 τὰς
3526 2216 3748 2278 ἐνούσας

2175 2310 2348 2370 ἄλλως
2397 2309 2575 2378 κῆρας
2608 2307 2757 2375 αὑτῷ
2807 2307 3198 2376 ἀπονίψασθαι.
3231 2303 3408 2378 Ἧρχε
3442 2308 3496 2360 δὲ
3531 2309 3749 2376 καὶτῆς

2174 2400 2428 2469 τοιαύτης
2477 2399 2674 2470 σχολῆς
2705 2399 2802 2468 τὴν
2859 2399 2959 2468 μὲν
3007 2399 3322 2468 φιλοσοφίαν
3388 2399 3748 2470 ἐξηγούμενος

2177 2493 2329 2546 Λέων
2358 2494 2561 2554 ἐκεῖνος
2613 2493 2640 2543 ό
2691 2493 2869 2558 μέγας
2917 2506 2978 2542 τε
3020 2491 3116 2544 καὶ
3148 2492 3454 2559 φιλόσοφος,
3515 2493 3570 2556 ὃς
3609 2493 3750 2546 κατά

2180 2585 2502 2652 συγγένειαν
2531 2583 2630 2650 μὲν
2649 2582 2744 2636 τοῦ
2775 2582 3072 2651 ἐξαδέλφου
3105 2583 3184 2652 τῷ
3231 2585 3543 2654 πατριάρχῃ
3576 2584 3749 2657 Ἰαννῇ

2176 2676 2437 2748 ᾠκείωτο,
2471 2676 2560 2729 τὸν
2591 2675 2782 2744 θρόνον
2809 2674 2868 2726 δέ
2897 2675 2999 2744 τῆς
3047 2674 3446 2746 Θεσσαλονίκης
3480 2677 3749 2746 κατέχων,

2177 2771 2366 2841 ἐπειδὴ
2403 2771 2499 2823 νῦν
2550 2773 2614 2824 ἐκ
2666 2771 3042 2840 καθαιρέσεως
3091 2771 3404 2840 ἐσχόλαζεν,
3436 2774 3515 2834 είς
3542 2773 3750 2842 ταύτην

2177 2862 2572 2931 προιὸιῦάζετο
2616 2862 2714 2930 τὴν
2764 2861 2978 2931 σχολὴν,
3037 2861 3136 2932 τήν
3169 2862 3409 2932 ἀμαθίαν
3431 2863 3620 2936 πόρρω
3657 2880 3750 2915 ποι

2180 2954 2499 3010 ἀπελαύνων
2533 2954 2626 3006 καὶ
2645 2953 3114 3023 ἀποτρεπόμενος.

493 3063 656 3121 atque
713 3065 952 3120 amotus,
973 3059 1116 3124 quod
1158 3058 1641 3114 iconomachorum
1680 3059 1904 3114 haeresis
1935 3057 2112 3112 cultor
2138 3061 2277 3120 erat,
2311 3052 2437 3107 huic
2468 3048 2688 3118 negotio
2726 3048 3042 3118 praapositus
3073 3062 3236 3118 opera
3259 3062 3357 3103 sua
3380 3062 3445 3104 ac
3474 3047 3748 3104 industria

493 3143 768 3198 inscitiam
810 3149 999 3215 procul
1035 3149 1288 3219 abigebat
1323 3161 1487 3221 atque
1531 3150 1773 3221 fugabat.

562 3235 650 3290 27.
686 3237 880 3306 Operae
921 3243 1155 3309 pretium
1193 3253 1374 3298 autem
1407 3245 1675 3311 videatur,
1725 3254 1787 3300 ut
1813 3255 1868 3301 et
1909 3259 2069 3300 novec

2252 3237 2356 3305 κζ’.
2398 3236 2584 3301 Ἀξιον
2617 3235 2675 3288 δέ
2703 3235 2825 3304 μηδ’
2877 3236 3023 3297 ὅπως
3052 3234 3132 3294 είς
3155 3232 3356 3302 γνῶσιν
3383 3229 3544 3304 ἦλθεν
3577 3234 3607 3286 ό
3649 3251 3751 3306 τηο

493 3327 666 3383 rimus
697 3345 804 3398 qua
835 3333 1046 3388 ratione
1068 3334 1152 3388 vir
1180 3342 1366 3391 tantus
1391 3338 1442 3390 in
1475 3337 1595 3404 ejus
1629 3339 1718 3405 qui
1754 3347 1868 3392 tum
1892 3353 2077 3394 rerum

493 3422 804 3489 potiebatur
859 3425 1109 3479 notitiam
1156 3428 1389 3481 venerit.
1462 3427 1592 3481 Erat
1647 3429 1694 3482 is
1740 3427 2079 3498 Theophilus

492 3510 772 3566 Michaelis
853 3524 1028 3581 pater.
1100 3513 1200 3568 Hic
1282 3531 1412 3584 ergo
1475 3532 1600 3570 cum
1665 3517 2076 3586 disciplinarum

494 3617 710 3656 omnem
775 3605 1060 3658 scientiam
1135 3607 1373 3674 perfecte
1446 3609 1819 3672 excoluisset,
1889 3611 2078 3678 sicque

494 3694 741 3746 onniium
793 3695 1246 3764 disciplinarum,
1295 3697 1652 3767 philosophiae
1683 3699 1913 3768 ejusque
1952 3717 2075 3770 ger-

497 3799 788 3837 manarum
840 3785 1224 3854 (arithmetica!
1263 3788 1471 3842 scilicet
1505 3797 1557 3841 et
1591 3791 1937 3858 geometriae,
1977 3805 2076 3844 nec

496 3892 604 3930 non
648 3880 1026 3944 astronomiae,
1080 3880 1212 3949 quin
1246 3889 1300 3934 et
1333 3881 1778 3937 celebratissimis:
1829 3885 2074 3955 musicae)

495 3967 888 4036 perfectionem
944 3983 1142 4027 nactus
1208 3985 1393 4038 esset,
1472 3984 1796 4046 tantumque
1852 3980 1906 4030 in
1968 3978 2077 4033 illis

495 4062 760 4116 omnibus
787 4078 934 4118 unus
964 4063 1081 4134 ipse
1127 4065 1446 4134 profecisset
1474 4077 1738 4135 quantum
1773 4086 1842 4124 ne
1874 4071 1926 4123 in
1970 4087 2074 4126 una

493 4155 715 4226 quidem
762 4158 1036 4226 quispiam
1090 4159 1255 4220 alius,
1311 4160 1554 4228 diligenti
1605 4161 1660 4214 in
1713 4178 1833 4215 eam
1885 4178 2072 4232 opera,

494 4248 816 4304 solitudinis
843 4249 1166 4319 tranquillo,
1199 4251 1360 4320 186
1386 4251 1587 4320 ingenii
1621 4255 1976 4319 dexteritate,
2020 4256 2073 4308 iu

495 4343 589 4396 vili
636 4343 870 4413 quodam
935 4344 1210 4413 tuguriolo
1267 4345 1570 4411 discipulos
1636 4346 1962 4412 erudiebat,
2022 4357 2075 4401 et

494 4450 658 4504 quam
688 4436 923 4504 quisque
949 4436 1132 4489 mallet
1156 4436 1438 4490 scientiam
1461 4437 1712 4491 docebat.
1729 4437 1866 4491 Cum
1891 4448 2072 4492 autem

492 4529 717 4597 longum
744 4528 855 4596 jam
891 4537 1106 4596 tempus
1130 4529 1420 4582 transisset
1455 4527 1719 4595 multique
1746 4543 1813 4583 eo
1844 4530 2071 4584 doctore

495 4635 604 4673 non
644 4619 993 4688 ptenitendos
1043 4634 1372 4689 progressus
1414 4619 1713 4686 fecissent,
1751 4622 1978 4689 contigit
2014 4631 2072 4676 ut

494 4711 614 4779 ejus
645 4712 1050 4781 discipulorum
1099 4712 1318 4781 juvenis
1372 4712 1621 4781 quidam,
1673 4729 1944 4767 summam
1976 4729 2073 4784 per

492 4819 616 4858 eum
653 4815 843 4860 nactus
874 4808 1188 4874 geometria.-
1220 4808 1493 4877 peritiam,
1533 4808 1626 4862 uni
1672 4808 1872 4863 ducum
1911 4825 1943 4863 a
1982 4823 2071 4865 se-

493 4897 682 4962 cretis,
709 4899 788 4950 rei
822 4915 917 4967 per
944 4915 1068 4953 eum
1118 4900 1408 4955 familiaris
1451 4903 1838 4972 compendium
1890 4903 2072 4958 factu-

495 5005 609 5055 rus,
647 4993 712 5044 ad
743 4992 942 5044 bellum
983 4993 1353 5060 prolicisceuti
1399 5011 1459 5051 se
1496 4997 1639 5050 ultro
1669 4997 1928 5050 comitem
1970 4996 2071 5050 da-

491 5091 608 5144 ret;
651 5079 890 5148 dumque
942 5079 1056 5132 illic
1095 5090 1364 5142 versatur,
1431 5083 1614 5136 nescio
1663 5097 1774 5151 quo
1831 5097 1963 5136 casu
2013 5084 2065 5136 in

491 5175 868 5246 Agarenorum
929 5185 1252 5245 potestatem
1305 5177 1536 5241 veniret,
1587 5193 1649 5231 ac
1701 5177 1847 5246 quod
1903 5176 2062 5229 viridi

493 5267 816 5339 ﬂorentique
845 5269 1071 5338 juventa
1107 5279 1247 5332 erat,
1285 5269 1581 5322 illustrium
1615 5271 1706 5321 nni
1742 5283 1935 5322 servus
1974 5270 2066 5321 de-

493 5358 732 5414 deretur.
759 5361 995 5416 Mamum
1032 5362 1257 5415 nomine
1304 5371 1434 5415 tunc
1467 5361 1865 5416 lsmaelitarum
1901 5363 2064 5416 Ame-

495 5467 790 5508 ramnuues
824 5469 954 5512 cum
985 5456 1317 5510 Griecanicis
1349 5456 1470 5510 aliis
1501 5455 1809 5524 disciplinis
1841 5469 2061 5525 operam

493 5542 676 5607 dabat,
700 5552 810 5598 tum
841 5548 1119 5617 praecipue
1146 5549 1460 5618 geometriae
1481 5548 1700 5603 deditus
1723 5556 1862 5603 erat.
1899 5548 2060 5601 Acci-

492 5636 573 5690 dit
601 5644 782 5691 autem
817 5647 877 5691 ut
914 5637 1054 5706 ejus,
1106 5641 1173 5696 de
1199 5656 1310 5711 quo
1344 5642 1606 5707 diximus,
1635 5641 1854 5713 juvenis
1899 5639 2064 5694 herus

2181 3333 2428 3395 λικοῦτος
2451 3332 2586 3400 ἀνὴρ
2608 3329 2685 3397 τῷ
2713 3329 2832 3380 τότε
2866 3326 3156 3396 κρατοῦντι
3187 3326 3583 3396 παραδραμεῖν.
3618 3325 3753 3380 Θεό-

2182 3429 2334 3492 φιλος
2396 3424 2453 3475 δὲ
2502 3418 2591 3492 ἦν,
2631 3423 2658 3474 ὁ
2696 3419 2790 3472 τοῦ
2833 3419 3051 3488 Μιχαὴλ
3113 3419 3346 3489 σπορεὺς
3397 3420 3490 3470 καὶ
3541 3421 3750 3489 πατήρ.

2179 3511 2344 3578 Οὗτος
2371 3513 2461 3567 οὖν
2489 3513 2608 3564 ἐπεὶ
2634 3511 2748 3582 ,τὴν
2777 3510 2884 3563 τῶν
2924 3510 3260 3580 μαθημάτων
3303 3510 3380 3573 είς
3429 3509 3597 3581 ἀκρον
3629 3512 3756 3564 ἐπι-

2180 3609 2394 3678 στήμην
2436 3609 2759 3677 ἐξήσκησεν,
2801 3605 3051 3659 τοσοῦτον
3090 3606 3344 3674 χωρήσας
3388 3605 3474 3658 διὰ
3533 3604 3754 3669 πασῶν,

2177 3703 2272 3773 τῆς
2306 3702 2624 3770 φιλοσοφίας
2648 3699 2742 3752 καὶ
2764 3699 2873 3752 τῶν
2898 3699 3064 3768 αὐτῆς
3089 3697 3351 3766 ἀδελφῶν,
3382 3697 3757 3769 ἀριθμητικῆς

2177 3812 2255 3857 τε,
2279 3794 2441 3863 φημὶ,
2471 3793 2564 3846 καὶ
2591 3791 2936 3861 γεωμετρίας
2969 3791 3060 3842 καὶ
3085 3790 3466 3859 ἀστρονομίας,
3490 3789 3626 3842 ἀλλὰ.
3655 3789 3758 3841 καὶ

2179 3887 2292 3956 τῆς,
2329 3885 2736 3957 πολυθρυλήτου
2791 3884 3074 3954 μουσικῆς,
3104 3883 3196 3935 καὶ
3240 3885 3318 3945 είς
3356 3882 3521 3951 ἄκρον
3571 3881 3758 3934 αὐτῶν

2179 3981 2379 4042 ἐλάσας
2419 3980 2494 4042 ὡς
2521 3978 2784 4046 οὐδεμιᾶς
2823 3977 3009 4046 ἕτερος
3050 3974 3254 4044 σπουδῇ
3310 3990 3367 4027 τε
3427 3973 3595 4044 πολλῇ
3657 3974 3758 4026 καὶ

2179 4073 2278 4144 βίῳ
2321 4072 2639 4141 ἀπράγμονι
2695 4071 2790 4123 καὶ⁵
2848 4069 3064 4138 μεγέθει
3110 4067 3344 4136 φύσεως,
3391 4065 3598 4119 εὐτελεῖ
3641 4082 3758 4119 τινι

2178 4163 2520 4233 καταλύματι
2551 4161 2832 4230 χρώμενος
2849 4162 2940 4212 καὶ
2969 4157 3299 4227 καταγωγίῳ
3328 4157 3452 4219 τοὺς
3479 4157 3557 4218 είς
3585 4157 3757 4210 αὑτὸν

2177 4257 2475 4324 φοιτῶντας
2508 4253 2815 4316 ἐπαίδευεν,
2856 4250 3186 4304 ἐκδιδάσκων
3217 4248 3408 4318 ἥντινα
3437 4246 3758 4317 ἐπιστήμην

2179 4349 2272 4402 καὶ
2304 4346 2596 4418 βούλοιντο.
2635 4345 2722 4406 Ὠς
2767 4343 2810 4396 δ’
2853 4342 2951 4413 ’ήδη
3004 4341 3194 4411 χρόνος
3249 4338 3600 4408 παρίππασεν
3656 4338 3760 4392 καὶ

2177 4438 2284 4492 τῶν
2313 4438 2572 4508 μαθητῶν
2600 4437 2699 4489 οὐκ
2732 4435 2902 4503 ὀλίγοι
2939 4433 3081 4486 κατά
3114 4431 3213 4493 τὰς
3252 4432 3561 4500 ἐπιστήμας
3616 4446 3758 4498 προ-

2179 4531 2430 4596 έκοπτον,
2464 4529 2660 4600 συνέϐη
2693 4527 2816 4580 τινὰ
2839 4526 3056 4581 νεανίαν
3077 4524 3186 4578 τῶν
3219 4522 3413 4576 ἑαυτοῦ
3455 4522 3759 4591 φοιτητῶν,

2103 4600 2148 4655 Ῐ)
2173 4623 2276 4692 τῆς
2323 4621 2708 4691 γεωμετρικῆς
2739 4621 3047 4687 ἐπιστήμης
3081 4618 3205 4687 ἀρτι
3236 4616 3296 4669 τὸ
3338 4616 3510 4686 πέρας
3560 4631 3759 4668 κατειο

2169 4717 2398 4786 ληφότα,
2433 4714 2756 4784 ὑπογραφέα
2810 4711 3066 4779 γενέσθαι
3105 4710 3249 4774 τινδς
3315 4707 3653 4780 στρατηγίδα
3709 4708 3756 4738 ⁸⁸

2169 4810 2322 4874 τάξιν
2349 4808 2646 4870 διέποντος,
2691 4807 2784 4858 καὶ
2807 4803 3094 4873 προκοπῆς
3127 4803 3312 4856 ἕνεκεν
3344 4802 3438 4854 τοῦ
3471 4802 3586 4871 βίου
3609 4803 3759 4868 ἀγα-

2171 4902 2345 4972 πῆσαι
2373 4904 2548 4970 τούτῳ
2593 4897 2930 4953 ἀκολουθεῖν.
2983 4896 3072 4960 Ὦς
3099 4897 3157 4949 δέ
3200 4896 3343 4949 κατά
3369 4895 3460 4948 τὸν
3511 4894 3761 4964 πόλεμον

2176 4996 2292 5064 ἅμα
2330 4992 2505 5062 τούτῳ
2535 4991 2775 5058 ἐγένετο,
2807 4989 2914 5042 ὑπὸ
2957 4989 3066 5041 τῶν
3122 4985 3464 5057 Ἀγαρηνῶν,
3506 4985 3607 5038 οὐκ
3652 4982 3761 5038 οἷδ’

2177 5085 2345 5146 ὅπως.
2376 5085 2668 5150 ζωγρεῖται
2689 5082 2782 5134 καὶ
2809 5081 2916 5133 τῶν
2945 5078 3224 5148 ἐπιφανῶν
3257 5093 3368 5132 τινι
3399 5080 3473 5139 εἰς
3503 5077 3765 5130 δουλείαν

2173 5175 2260 5228 διὰ
2314 5175 2374 5228 τὸ
2416 5175 2536 5227 νέον
2575 5175 2674 5243 τῆς
2723 5174 2939 5244 ἡλικίας
2978 5172 3196 5226 δίδοται.
3243 5170 3328 5242 [1).
3365 5167 3488 5242 116]
3517 5169 3766 5239 Μαμοῡν

2174 5271 2381 5330 ἐκεῖνος
2401 5267 2543 5320 οὓτω
2569 5267 2901 5335 καλούμενος
2926 5265 3224 5334 τηνικαῦτα
3255 5266 3353 5333 μὲν
3381 5264 3489 5317 τῶν
3532 5263 3769 5333 Ἰσμαη-

2173 5362 2335 5413 λιτῶν
2355 5360 2527 5414 ἐτέλει
2553 5358 2994 5429 ἀμεραμνουνῆς,
3018 5358 3194 5420 ἄλλοις
3217 5374 3276 5409 τε
3307 5357 3590 5425 μαθήμασι
3622 5371 3766 5425 σχο-

2174 5454 2353 5517 λάζων
2396 5451 2730 5521 Ἑλληνικοῖς
2762 5451 2856 5502 καὶ
2877 5449 2941 5519 δὴ
2976 5449 3070 5502 καὶ
3093 5448 3434 5518 γεωμετρίας
3463 5447 3538 5508 ῶς
3573 5447 3672 5497 ἐπὶ
3699 5447 3770 5499 τὸ

2177 5545 2428 5599 πλεῖστον
2477 5544 2576 5595 οὐκ
2607 5541 2848 5612 ἀμελῶν.
2872 5541 3048 5610 Λόγου
3083 5541 3138 5594 δέ
3173 5557 3300 5593 mre
3350 5538 3499 5609 παρὰ
3537 5535 3630 5590 τοῦ
3665 5538 3770 5590 τὸν

2172 5636 2387 5690 νεανίαν
2428 5636 2643 5706 ἔχοντος
2669 5634 2926 5688 δεσπότου
2953 5633 3261 5705 κινηθέντος
3294 5631 3420 5700 περὶ
3445 5630 3544 5700 τῆς
3582 5645 3767 5682 σπουο

1792 5733 2028 5790 YARUE
2059 5729 2476 5792 LECTION‘ES,

563 5819 608 5851 ⁸¹
641 5823 993 5894 στρατηγίδος
1028 5825 1083 5879 1³.
