3994 6220
486 311 586 380 2i!

1537 271 2042 378 THEOPHANES
2080 319 2636 387 communes.

3628 327 3729 394 2i!

484 437 632 487 pato)
674 423 973 489 cingerent.
1009 419 1210 479 Verum
1261 424 1316 479 hi
1355 423 1571 493 quidem
1604 425 1819 480 abunde
1854 423 1945 482 Dei
1978 427 2053 481 ira

2160 432 2298 504 χαήλ
2352 438 2497 490 κατά
2535 437 2897 509 Ἰσμαηλιτῶν
2927 412 3407 510 ἐκστρατεύοντος.
3436 439 3584 511 Πλὴν
3618 442 3729 494 ἀλλ’

484 514 805 575 exsaturati,
859 512 1075 577 Plio-tio,
1129 515 1219 584 qui
1271 513 1336 568 ad
1389 515 1646 572 Ecclesia:
1692 517 2059 588 gubernacula

487 607 733 672 ualebat,
762 603 930 658 Deum
963 613 1223 660 exorante
1245 606 1475 676 urbique
1495 609 1786 678 prapitium
1807 611 2062 666 reddente

483 697 707 752 domum
740 696 979 759 rediere;
1031 711 1129 750 nec
1167 697 1340 752 multo
1372 707 1494 770 post
1526 698 1717 769 legatis
1765 701 1818 755 in
1871 701 2058 756 urbem

481 791 670 848 missis
743 789 985 844 divinum
1033 787 1414 861 elliagitantes’
1460 791 1830 862 baptismum,
1896 793 2058 849 etiam

482 885 866 954 impetravere.

548 1063 642 1120 54.
678 1061 884 1120 Partim
934 1065 1121 1134 itaque
1177 1065 1292 1122 hsce
1340 1065 1644 1122 Bessorum
1691 1068 1937 1124 vastabat
1971 1067 2058 1124 in-

480 1158 702 1216 cursio:
736 1158 935 1226 partim
969 1159 1317 1214 Cretensium
1350 1161 1574 1216 advecta
1609 1163 1828 1227 classis,
1861 1166 1928 1217 ad
1974 1167 2060 1217 vi-

480 1249 618 1320 ginti
673 1250 865 1304 lintres
899 1248 1206 1322 (cymbaria
1257 1252 1478 1322 vocant)
1510 1253 1692 1322 galeas
1744 1263 1948 1323 septem
1995 1269 2059 1310 ac

479 1340 770 1394 onerarias
803 1341 1066 1408 quasdam
1098 1340 1400 1409 adducens,
1443 1343 1868 1413 depraedabatur
1913 1345 2056 1400 infe-

480 1433 792 1503 stabatque,
837 1431 1000 1488 modo
1049 1433 1268 1503 quidem
1324 1433 1592 1506 Cycladas
1629 1435 1863 1501 insulas,
1894 1438 2057 1492 modo

480 1523 815 1578 maritimam
872 1538 1089 1579 omnem
1146 1524 1425 1595 regionem
1486 1527 1554 1581 ad
1620 1525 2052 1584 Prmcounesum

481 1629 662 1684 usque
711 1630 1015 1685 pervagans
1045 1633 1059 1670 :
1090 1619 1289 1687 partim
1339 1618 1578 1687 denique
1607 1622 1852 1675 continui
1900 1633 2057 1676 terra

475 1719 667 1761 vnctus
705 1707 1109 1763 lahel'actahant
1135 1718 1190 1764 et
1228 1710 1350 1765 solo
1403 1719 1562 1766 tenus
1589 1713 1900 1768 diruebant.
1941 1711 2051 1767 Ho-

479 1813 602 1853 rum
636 1814 803 1865 unus,
835 1815 945 1870 quo
974 1801 1064 1855 die
1092 1801 1307 1856 Domini
1349 1818 1415 1858 ac
1455 1803 1757 1860 Salvatoris
1789 1807 1959 1861 nostri
2000 1807 2054 1862 in

482 1890 656 1946 caelus
706 1891 908 1961 recepti
946 1893 1210 1949 solemnis
1243 1895 1504 1950 memoria
1543 1897 1742 1966 agitur,
1774 1899 2056 1955 Exacionii

481 1985 700 2038 tertiam
739 1986 898 2056 197
937 1995 1147 2056 partem
1189 1988 1309 2043 solo
1349 1992 1665 2060 prostravit,
1698 2007 1817 2046 eam
1849 1993 2056 2047 Scilit'cl

481 2092 605 2144 qua:
643 2077 708 2130 avl
745 2089 996 2131 austrum
1035 2087 1242 2149 spectat
1269 2081 1617 2152 elegantique
1648 2086 1797 2137 cultu
1835 2095 2052 2140 exstru-

481 2176 566 2222 cta
602 2167 798 2238 templa
832 2169 993 2223 habet
1026 2184 1090 2224 ac
1121 2172 1436 2241 magnificas
1467 2174 1649 2232 aedes:
1682 2176 1816 2230 alter
1843 2185 2054 2233 statuas

484 2261 705 2325 evertit,
761 2269 875 2315 tum
928 2263 1138 2317 scilicet
1173 2262 1495 2330 Victoriam,
1557 2281 1678 2335 qua:
1711 2269 1776 2322 ad
1819 2271 2050 2324 Auream

481 2354 634 2407 urbis
676 2365 886 2422 portam
919 2354 1183 2409 collocata
1215 2366 1352 2424 erat,
1391 2369 1504 2412 tum
1541 2375 1663 2429 qua:
1713 2360 1766 2413 in
1821 2359 2054 2415 Deulero

481 2443 650 2510 (velut
698 2444 1008 2498 Secundum
1063 2447 1236 2512 dicas)
1285 2449 1350 2502 ad
1382 2448 1636 2503 Sanctam
1687 2450 1898 2504 Annam
1939 2453 2054 2507 suis

481 2534 712 2588 ﬁrmiter
740 2536 962 2591 basibus
993 2537 1112 2591 lixa:
1142 2541 1382 2594 stabant.
1411 2540 1563 2596 Hanc
1606 2541 1714 2597 Leo
1749 2545 2053 2599 mathema-

482 2627 624 2681 ticus
653 2627 950 2697 collapsam
996 2630 1207 2694 videns,
1263 2632 1410 2687 illius
1443 2635 1620 2703 palam
1667 2650 1854 2690 casum
1909 2638 2052 2692 desio

480 2734 648 2784 gnaro
692 2720 848 2785 dixit,
879 2721 970 2789 qui
1004 2722 1071 2776 ah
1103 2723 1432 2793 imperatore
1473 2729 1716 2796 potentia
1765 2731 2050 2796 proximus

2161 526 2358 581 ἐκεῖνοι
2401 529 2499 599 μὲν
2551 531 2671 584 τότε
2707 530 2856 596 θείας
2879 533 3284 606 ἐμφορηθέντες
3305 533 3499 605 ὀργῆς,
3527 533 3728 588 Φωτίου

2161 616 2222 670 τὸ
2262 617 2418 671 Θείον
2463 617 2898 692 ἐξιλεωσαμένου
2948 623 3044 677 τοῦ
3095 623 3198 694 τῆς
3238 623 3575 694 Ἐκκλησίας
3608 624 3730 687 τοὺς

2160 711 2355 775 οἴακας
2389 712 2626 782 ἔχοντος,
2660 715 2842 769 οἴκαδε
2882 713 3291 782 ἐκπεπόρευντο
3315 732 3329 748 ο
3372 717 3468 770 καὶ
3499 715 3617 787 μετ’
3669 715 3728 768 οὗ

2161 804 2297 857 πολὺ
2327 804 2489 859 πάλιν
2517 805 2616 876 τήν
2652 805 3039 876 βασιλεύουσαν
3067 806 3331 879 πρεσϐεία
3361 809 3547 862 αὐτῶν
3600 825 3728 861 κατ-

2161 895 2489 966 ελάμϐανεν,
2502 897 2596 951 τοῦ
2615 898 2760 952 θείου
2775 899 3151 970 βαπτίσματος
3176 902 3234 953 ἐν
3253 901 3452 972 μετοχῇ
3481 899 3730 968 γενέσθαι

2159 991 2360 1052 αὐτοὺς
2388 989 2770 1052 λιτανεύουσα,
2807 991 2836 1045 6
2857 993 2952 1046 καὶ
2975 992 3217 1060 γένονεν.

2230 1082 2326 1137 λδ’.
2367 1083 2449 1136 Τὰ
2484 1084 2581 1150 μὲν
2611 1080 2703 1138 οὖν
2729 1086 2763 1156 ή
2797 1083 3004 1139 τούτων
3034 1086 3236 1140 ἐκάκου
3261 1085 3564 1158 ἐπιδρομή·
3595 1082 3665 1138 τὰ
3679 1085 3732 1138 δέ

2159 1175 2305 1244 ὁτῆς
2333 1177 2560 1246 Κρήτης
2597 1175 2782 1240 στόλος
2833 1179 3194 1248 ἀναγόμενος,
3241 1179 3318 1242 ὡς
3377 1178 3731 1248 κουμϐαρίων

2158 1266 2287 1336 ἄχρι
2339 1265 2535 1331 εἴκοσι,
2565 1266 2706 1320 ἐπτά
2732 1266 2933 1334 γαλὲας
2976 1268 3070 1322 καί
3105 1285 3260 1331 τινας
3295 1267 3564 1336 σατούρας
3614 1266 3732 1337 μεθ’

2160 1359 2353 1412 ἑαυτοῦ
2378 1359 2737 1429 ἐπαγόμενος.
2770 1359 3022 1431 ἐληῖξετό
3079 1376 3141 1413 τε
3191 1362 3284 1413 καὶ
3327 1358 3734 1429 κατεδουλαγὼ-

2157 1466 2266 1518 γει,
2303 1448 2397 1501 νῦν
2424 1451 2520 1520 μὲν
2543 1450 2642 1514 τὰς
2673 1451 2964 1518 Κυκλάδας
2994 1451 3196 1523 νήσους
3223 1449 3580 1520 περινοστῶν,
3637 1447 3733 1504 νῦν

2157 1542 2214 1595 δὲ
2239 1542 2365 1612 ἄχρι
2385 1542 2788 1612 Προικοννήσου
2818 1543 2918 1614 τὴν
2953 1544 3223 1615 παράλιον
3277 1545 3516 1599 ἃπασαν.
3543 1542 3626 1596 Τά
3675 1540 3731 1594 δέ

2158 1635 2206 1687 oi
2237 1637 2482 1703 συνεχεῖς
2511 1634 2621 1687 τῶν
2651 1636 2894 1705 σεισμῶν
2941 1635 3300 1706 ἐλυμαίνοντο
3339 1652 3397 1689 τε
3447 1635 3544 1690 καὶ
3597 1631 3732 1704 πρὸς

2159 1723 2422 1794 τοῦδαφος
2450 1724 2695 1789 ἔϐαλλον,
2721 1725 2817 1779 νῦν
2849 1727 2948 1796 μὲν
2980 1726 3104 1780 καθ’
3139 1728 3206 1798 ἦν
3229 1728 3264 1798 ή
3290 1725 3381 1803 τοῦ
3409 1726 3614 1796 Κυρίου
3641 1727 3733 1778 καὶ

2091 1791 2130 1845 Β
2160 1791 2414 1888 Σωτῆρος
2438 1815 2594 1886 ήμῶν
2626 1791 2894 1887 ἀνάληψις
2936 1791 3278 1889 ἑορτάζεταιν,
3299 1801 3380 1871 τὸ
3413 1791 3549 1888 πρδς
3583 1815 3733 1870 νότον

2162 1907 2345 1978 τρίτον
2359 1907 2452 1961 τοῦ
2497 1909 2831 1975 Ἐξακιονίου
2862 1908 2995 1980 πρὸς
3023 1909 3128 1978 γῆν
3171 1909 3540 1980 ἐδαφίζοντες,
3570 1907 3736 1972 ναούς

2160 2019 2221 2055 τε
2251 2003 2548 2074 εὐπρεπεῖς
2607 2005 2702 2058 καὶ
2737 2006 2917 2068 οίκους
2972 2005 3284 2075 λαμπροὺς,
3323 2003 3419 2060 νῦν
3452 2003 3508 2057 δὲ
3533 2001 3735 2072 στήλας

2159 2096 2259 2165 τήν
2292 2114 2349 2148 τε
2371 2097 2510 2149 κατὰ
2539 2097 2760 2167 Χρυσῆν
2795 2096 2972 2168 πύλην
3006 2099 3105 2167 τῆς
3137 2097 3344 2170 πόλεως
3405 2096 3585 2164 Νίκην
3636 2094 3731 2163 ἐγ-

2159 2184 2561 2256 καθιδρυμένην
2593 2187 2687 2251 τάς
2703 2203 2759 2239 τε
2777 2188 2834 2239 ἐν
2859 2186 2938 2258 τῷ
2963 2185 3211 2258 Δευτέρῳ
3249 2185 3390 2260 κατά
3413 2185 3510 2257 τὴν
3541 2183 3733 2254 Ἀγίαν

2159 2275 2360 2328 ’Δνναν
2405 2275 2648 2346 στερρῶς
2699 2277 2992 2345 ἱσταμένας
3042 2273 3567 2345 ἐγκατασείσαντες·
3602 2275 3669 2346 ἦν
3706 2276 3735 2326 6

2163 2365 2546 2435 μαθηματικὸς
2594 2368 2746 2420 Λέων
2793 2370 3286 2421 καταπεπτωκυῖαν
3337 2367 3459 2420 ἰδὼν
3509 2368 3609 2439 τὴν
3635 2363 3732 2418 τοῦ

2158 2458 2416 2528 δευτέρου
2474 2459 2538 2510 ἐκ
2580 2457 2846 2528 βασιλέως
2905 2457 3112 2512 πτῶσιν
3165 2458 3350 2525 ἔλεγεν
3414 2455 3734 2512 ἐπαπειλεῖν

2159 2549 2440 2620 καθαρῶς.
2475 2550 2704 2620 Μακρὸν
2731 2551 2818 2620 εἴη
2844 2549 3023 2617 λέγειν
3049 2549 3310 2619 ποταμῶν
3344 2546 3611 2618 ἀφάνειαν
3638 2547 3735 2598 καὶ

2156 2641 2351 2711 πηγῶν
2394 2639 2486 2693 καὶ
2529 2639 2642 2694 ἄλλ’
2687 2639 2824 2694 ἄττα
2871 2641 3172 2711 παθήματα
3205 2639 3348 2693 κατά
3372 2657 3430 2692 τε
3460 2637 3734 2709 Ίσαυρῖαν

2155 2733 2249 2785 καὶ
2281 2732 2402 2785 καθ’
2441 2732 2678 2800 ἑκάστην
2715 2732 2898 2802 χώραν
2934 2733 3305 2800 ἐπιγινόμενα.

480 2823 650 2866 esset.
690 2811 981 2882 Longioris
1027 2830 1204 2882 opera:
1249 2826 1395 2870 esset
1425 2818 1663 2872 arefacta
1715 2820 1940 2876 [lumina
1989 2837 2052 2878 ac
2091 2823 2271 2881 fontes
2306 2824 2528 2893 referre,
2561 2825 2779 2896 aliaque
2813 2827 3007 2882 tumin
3075 2823 3281 2880 Isauria
3331 2831 3443 2877 tum
3490 2821 3543 2876 in
3613 2821 3733 2876 sin-

478 2901 620 2971 gulis
647 2902 955 2972 quibusque
986 2905 1278 2969 provinciis
1308 2906 1420 2960 visa
1458 2917 1728 2975 portenta.

554 2995 645 3048 55.
683 2993 814 3062 Quae
840 2997 1023 3049 omnia
1068 2997 1363 3066 imperator
1411 2999 1466 3052 iu
1514 3003 1769 3055 secundis
1823 3002 2047 3071 habens,

480 3086 830 3154 equestribus
885 3087 1274 3144 certaminibus
1303 3089 1371 3144 ad
1425 3088 1607 3146 Sancti
1659 3091 1945 3151 Mamantis
1998 3097 2048 3150 in

2225 3005 2320 3058 λε’.
2364 3007 2428 3057 "A
2482 3004 2658 3059 πάντα
2702 3007 2730 3059 6
2786 3003 3088 3075 βασιλεύων
3117 3005 3176 3057 ἐν
3228 3003 3466 3075 δευτέρῳ
3502 2997 3735 3073 agam;

2162 3097 2282 3161 ὅλος
2320 3097 2498 3168 εἴχετο
2543 3098 2652 3151 τῶν
2695 3097 2938 3151 ἱππικῶν
2959 3096 3186 3165 ἀγώνων
3223 3097 3366 3148 κατὰ
3415 3096 3505 3148 τὸν
3532 3095 3591 3147 ἐν
3630 3093 3738 3146 Εὐ-

483 3177 655 3233 Steno
691 3179 950 3248 templum
989 3188 1136 3236 totus
1181 3181 1552 3238 incumbebat.
1584 3183 1924 3256 Quandoque
1951 3204 2053 3242 au-

2160 3190 2314 3260 ξείνῳ
2369 3189 2809 3260 ἀνεγηγερμένον
2870 3190 2998 3243 ναὸν
3044 3188 3140 3243 τοῦ
3178 3188 3362 3256 Ἀγίου
3405 3187 3734 3256 Μάμαντος.

479 3279 589 3324 tem
607 3301 676 3311 --
694 3270 848 3340 prius
865 3286 996 3325 vero
1012 3273 1248 3327 narrabo
1269 3277 1720 3332 consuetudinem
1737 3279 2050 3348 quamdam,

479 3380 588 3434 qua
632 3363 1034 3420 Saracenorum
1078 3368 1340 3422 adversus
1369 3368 1647 3427 Romanos
1692 3374 1929 3442 eruptio,
1960 3389 2054 3428 ae-

477 3471 644 3512 ceusa
687 3457 887 3523 facula,
945 3469 1221 3514 momento
1278 3461 1535 3528 temporis
1594 3462 1945 3518 indicabatur
1992 3481 2058 3520 ac

479 3551 859 3621 detegebatur.
919 3548 1220 3605 Castellum
1280 3553 1554 3620 quoddam
1616 3570 1680 3610 ac
1738 3557 2052 3624 praesidium

479 3644 637 3698 Tarsi
673 3643 874 3698 Ciliciae
899 3642 1163 3710 vicinum,
1202 3644 1397 3698 Lulum
1433 3647 1678 3711 nomine,
1710 3656 2052 3703 exstructum

481 3747 584 3789 est.
626 3736 681 3789 ln
723 3751 789 3790 eo
825 3736 1146 3805 praesidiarii
1178 3753 1301 3792 cum
1334 3737 1644 3792 Saracenos
1679 3739 2054 3796 incursionem

479 3830 736 3898 expedire
784 3830 1051 3896 sentiunt,
1109 3831 1314 3886 laterua
1372 3831 1682 3902 signiﬁcant
1737 3833 1823 3890 his
1853 3834 1946 3905 qui
2001 3835 2053 3889 in

480 3922 674 3992 Διειοο
732 3922 870 3977 colle
924 3923 1186 3977 excubias
1241 3932 1445 3993 agunt;
1494 3925 1804 3996 iterumque
1851 3926 1944 3997 qui
1999 3927 2053 3982 in

480 4014 694 4081 Argaei),
730 4013 814 4066 his
847 4015 939 4083 qui
1003 4016 1053 4067 in
1111 4014 1325 4081 lsamo;
1360 4015 1523 4085 hique
1555 4016 1795 4071 vicissim
1850 4018 1933 4073 his
1961 4019 2052 4089 qui

481 4107 534 4159 in
569 4104 785 4176 Aﬂgilo;
820 4105 1060 4176 Aﬂgilum
1095 4123 1286 4162 rursus
1316 4107 1402 4164 his
1449 4110 1542 4179 qui
1573 4111 1625 4164 in
1654 4110 1793 4165 colle
1816 4109 2058 4166 Maman-

481 4200 551 4252 tis
587 4202 814 4268 degunt:
843 4199 1094 4266 sequitur
1130 4198 1376 4269 Cyrisus,
1413 4201 1667 4272 huncque
1701 4218 1894 4257 rursus
1941 4200 2053 4256 Mo-

480 4291 619 4343 rilus
647 4305 661 4354 ;
685 4304 748 4342 ex
781 4301 844 4340 eo
871 4287 1128 4343 Auxentii
1159 4289 1316 4344 collis
1337 4291 1622 4353 dieetariis.
1647 4292 1740 4360 qui
1771 4293 1824 4345 in
1859 4306 2056 4360 magno

442 4425 450 4463 ἱ
479 4382 692 4436 Palatio
715 4382 781 4436 ad
819 4382 978 4437 l‘hari
1003 4381 1184 4438 solare
1210 4382 1492 4437 constituti
1522 4392 1698 4445 erant,
1724 4383 1872 4437 nulla
1903 4396 2053 4436 mora

2155 3283 2264 3336 Καί
2286 3300 2415 3336 ποτε
2439 3284 2494 3337 δὲ
2533 3315 2599 3325 —
2619 3282 2756 3336 ἀλλά
2783 3282 3072 3354 συνήθειάν
3102 3299 3225 3336 τινα
3254 3277 3742 3351 διηγήσομαιπρό-

2155 3391 2336 3446 τερον,
2368 3376 2401 3445 ἥ
2431 3375 2530 3445 τὴν
2561 3374 2670 3427 τῶν
2694 3374 3026 3446 Σαρακηνῶν
3049 3372 3170 3427 καθ’
3193 3373 3350 3443 ήμῶν
3373 3371 3739 3441 ἐκστρατείαν

2155 3465 2242 3518 διά
2276 3465 2484 3535 πυρσοῦ
2539 3467 2596 3517 ἐν
2633 3465 2834 3534 ἀκαρεῖ
2887 3465 3076 3536 ἐδήλου
3117 3465 3209 3518 καὶ
3245 3463 3602 3534 παρεγύμνου
3655 3461 3740 3532 τῷ

2159 3556 2390 3626 βασιλεῖ.
2423 3558 2646 3627 Ἔρυμά
2675 3574 2727 3610 τι
2775 3558 2871 3610 καὶ
2926 3557 3185 3628 φρούριον
3214 3560 3282 3629 τῇ
3311 3557 3451 3609 κατὰ
3475 3555 3742 3610 Κιλικίαν

2156 3650 2354 3719 Ταρσῷ
2400 3649 2702 3721 πλησιάζον
2755 3652 2849 3704 καὶ
2881 3651 3159 3720 γειτονοῦν
3191 3650 3334 3704 οὕτω
3394 3649 3744 3720 καλούμενον

2156 3742 2546 3797 Λοῦλονέστιν.
2589 3745 2650 3796 Ol.
2701 3743 3033 3811 τεταγμένοι
3089 3742 3182 3797 οὖν
3241 3741 3404 3796 τοῦτο
3445 3745 3743 3811 φρουρεῖν,

2157 3831 2274 3900 ἅμα
2303 3831 2381 3900 τῷ
2407 3831 2506 3901 τὴν
2560 3830 2782 3883 ἐκείνων
2813 3832 2941 3883 ἰδεῖν
2978 3831 3250 3901 ἐκδρομὴν
3269 3871 3283 3893 ,
3337 3828 3424 3882 διὰ
3451 3826 3625 3896 φανοῦ
3645 3827 3749 3895 611-

2157 3923 2340 3978 λοῦσιν
2369 3927 2480 3987 τοῖς
2508 3924 2649 3976 κατὰ
2672 3924 2762 3976 τὸν
2793 3924 3048 3994 Ἀργαῖον
3071 3924 3117 3956 ³⁵
3147 3922 3357 3993 βουνὸν,
3385 3921 3478 3974 καὶ
3503 3921 3554 3973 ol
3578 3919 3750 3982 αὖθις

2156 4018 2270 4078 τοῖς
2299 4017 2440 4068 κατά
2472 4016 2571 4084 τὴν
2598 4013 2837 4083 Ίσάμον,
2881 4014 2973 4066 καὶ
3011 4014 3060 4065 οί
3087 4015 3199 4076 τοῖς
3228 4011 3371 4066 κατά
3403 4012 3462 4064 τὸ
3488 4010 3746 4078 Δῖγιλον,

2159 4108 2253 4161 καὶ
2308 4107 2468 4160 τοῦτο
2500 4109 2615 4169 τοῖς
2667 4105 2808 4159 κατὰ
2839 4105 2931 4159 τὸν
2966 4107 3245 4175 Μάμαντα
3296 4103 3461 4158 πάλιν
3503 4102 3701 4174 βουνόν
3728 4116 3746 4132 ·

2159 4194 2280 4250 εἶτα
2303 4196 2490 4249 τοῦτον
2523 4199 2550 4249 6
2578 4194 2818 4266 Κύριζος
2856 4193 3263 4264 διαδεχόμενος,
3297 4193 3390 4245 καὶ
3419 4187 3577 4254 αὖθις
3617 4189 3745 4244 τοῦ-

2157 4307 2248 4344 τον
2278 4292 2306 4342 6
2356 4288 2629 4351 Μώκιλος,
2660 4290 2724 4341 ἐκ
2776 4286 2968 4341 τούτου
3002 4285 3087 4359 [Ρ.
3130 4285 3253 4359 125]
3284 4285 3342 4338 δὲ
3371 4283 3512 4339 ὁτοῦ
3550 4284 3728 4352 Ἀγίο·

2155 4381 2444 4446 Αύξεντίου
2473 4380 2660 4448 βουνὸς
2709 4382 2819 4442 τοῖς
2857 4380 2915 4432 ἐν
2936 4379 3013 4449 τῷ
3037 4378 3260 4449 μεγάλῳ
3301 4377 3550 4446 παλατίῳ
3599 4378 3759 4429 κατὰ

481 4477 710 4546 ριιὶςιιιί
774 4475 936 4530 inch
1002 4485 1142 4530 erat.
1179 4475 1521 4544 Quandoque
1561 4475 1747 4544 igitur.
1805 4491 1929 4530 cum
1984 4474 2052 4529 ad

2162 4477 2222 4530 τὸ
2277 4475 2504 4546 ήλιακδν
2541 4473 2635 4527 τοῦ
2692 4476 2872 4544 Φάρου
2927 4475 3022 4527 ἐπὶ
3083 4472 3275 4525 τούτου
3303 4473 3351 4505 ’⁸
3410 4471 3747 4542 διαιταρίοι,

483 4569 634 4630 illud,
671 4570 816 4638 quod
852 4568 1110 4633 diximus,
1148 4567 1439 4622 Mamantis
1471 4567 1729 4638 martyris
1761 4567 2048 4636 templum,

482 4661 712 4716 Michael
743 4662 971 4732 agendis
994 4662 1148 4730 equis
1176 4677 1234 4716 se
1273 4660 1435 4730 198
1469 4661 1801 4731 accingeret,
1832 4660 2056 4730 jamque

480 4755 751 4821 equestris
775 4754 1093 4809 certaminis
1123 4755 1341 4825 signum
1377 4754 1567 4809 datum
1594 4762 1762 4814 esset.
1797 4754 2054 4822 quoniam

482 4843 548 4895 ad
585 4860 868 4913 vesperam
896 4845 1060 4900 Phari
1091 4847 1322 4912 laterna,
1353 4846 1519 4917 Papia
1561 4846 1920 4911 accendente,
1959 4848 2058 4900 lm-

481 4945 594 4990 stcs
633 4936 890 5006 ingruere
921 4938 1276 5003 indicaverat,
1323 4939 1376 4992 in
1408 4948 1589 4996 tantas
1634 4937 1916 5010 angustias
1942 4953 2052 4992 me-

481 5041 709 5099 tumque
763 5029 1025 5098 abreptus
1082 5040 1167 5085 est
1197 5032 1415 5101 (nempe
1447 5033 1651 5088 veritus
1685 5048 1754 5087 ne
1807 5048 1906 5086 sua
1962 5031 2054 5086 illa

481 5112 752 5195 aurigatio
783 5122 1063 5178 auditione
1110 5138 1192 5177 ea-
1228 5125 1514 5193 perculsos
1555 5137 1891 5195 spectatores
1944 5141 2053 5180 non

483 5217 618 5271 satis
643 5226 885 5272 attentos
919 5216 1163 5285 haberet)
1194 5217 1247 5270 in
1275 5227 1515 5286 quantas
1551 5221 1637 5272 vix
1668 5220 1810 5273 alius
1846 5219 1898 5272 in
1933 5220 2056 5272 vita:

483 5306 600 5374 ipso
627 5310 868 5377 periculo
899 5310 1261 5371 ennsﬁtutus,
1287 5310 1493 5380 quique
1528 5311 1841 5381 diligentem
1873 5312 2058 5380 potius

484 5415 704 5470 cperam
734 5402 926 5458 iisdem
959 5403 1207 5460 hostibus
1235 5403 1617 5474 propulsandis
1641 5403 1942 5458 adhiberet.
1966 5401 2057 5458 Sic

481 5495 744 5549 nimirum
777 5496 868 5551 ille
895 5498 1224 5568 spectaculis
1264 5497 1598 5567 indulgebat,
1646 5511 1747 5552 nec
1777 5511 1900 5551 eum
1930 5494 2053 5566 ejus

480 5586 560 5641 rri
593 5587 849 5656 pudebat.
891 5588 1099 5644 Idcirco
1170 5607 1238 5646 ne
1277 5606 1436 5660 quem
1477 5589 1621 5646 illius
1653 5587 2050 5643 certaminibus

2161 4569 2568 4638 ἀφωρισμένοις
2595 4569 2652 4620 ἐν
2682 4567 2875 4638 βραχεῖ
2899 4567 3070 4619 ἐποίει
3103 4565 3168 4637 δὴ
3197 4565 3426 4635 φανερά.
3447 4563 3587 4616 [loss
3609 4566 3757 4632 γοῦν

2155 4663 2250 4716 τοῦ
2281 4661 2499 4732 Μιχαὴλ
2531 4659 2672 4714 κατά
2702 4660 2794 4712 τὸν
2817 4659 3106 4730 εἰρημένον
3133 4657 3229 4711 τοῦ
3283 4660 3567 4728 μάρτυρος
3619 4659 3756 4710 Μά-

2159 4773 2362 4826 μαντος
2413 4755 2541 4808 ναὸν
2582 4754 2927 4806 ίππάσασθαι
2954 4753 3242 4822 μέλλοντος
3275 4754 3369 4805 καὶ
3393 4752 3452 4804 τὸ
3482 4751 3756 4820 σύνθημα

2155 4848 2256 4918 τῆς
2281 4846 2645 4916 ἱπποδρομίας
2669 4845 2982 4909 δεδωκότος,
3015 4845 3138 4897 ἐπεὶ
3167 4846 3307 4897 κατὰ
3326 4844 3426 4915 τὴν
3450 4845 3702 4913 ἑσπέραν
3723 4846 3758 4895 ὁ

2157 4942 2221 4994 ἐκ
2253 4941 2347 4993 τοῦ
2391 4941 2568 5009 Φάρου
2613 4939 2778 5007 φανὸς
2820 4938 2910 4991 διὰ
2964 4936 3058 4991 τοῦ
3116 4938 3369 4990 παππίου
3401 4937 3594 5006 ἐδήλου
3644 4935 3760 5007 τὴν

2159 5033 2268 5086 τῶν
2299 5032 2471 5085 ἐθνῶν
2496 5032 2788 5103 ἐκδρομὴν,
2819 5033 2898 5093 είς
2925 5029 3178 5083 τοσοῦτον
3217 5028 3384 5101 ἦλθεν
3429 5029 3620 5097 ἀγῶνα
3650 5030 3762 5082 καὶ

2162 5123 2326 5192 φόϐον
2347 5125 2376 5176 6
2403 5123 2659 5193 βασιλεὺς
2685 5121 2794 5176 δέει
2823 5122 2915 5176 τοῦ
2950 5123 3024 5193 μὴ
3077 5121 3426 5192 παροφθῆναι
3455 5121 3556 5192 τὴν
3592 5122 3760 5191 ἡνιο-

2163 5219 2320 5288 χείαν
2349 5216 2513 5270 αὐτοῦ
2542 5216 2692 5286 παρὰ
2741 5217 2851 5268 τῶν
2879 5216 3087 5269 οεατῶν
3119 5215 3220 5284 τῆς
3253 5215 3511 5284 τοιαύτης
3551 5215 3764 5268 ἕνεκεν

2163 5308 2446 5377 ἀγγελίας,
2479 5309 2560 5370 εἰς
2581 5308 2704 5360 ὅσον
2734 5307 2892 5370 ἀλλος
2929 5323 3011 5370 τις
3037 5301 3199 5377 ἦλθεν
3233 5305 3564 5360 κινδυνεύων
3601 5308 3764 5378 ὑπὲρ

2163 5401 2262 5468 τῆς
2291 5399 2470 5470 ψυχῆς
2499 5401 2593 5453 καὶ
2632 5399 2725 5452 τοῦ
2769 5399 2844 5470 μὴ
2891 5398 3192 5470 πλησιάσαι
3243 5397 3469 5461 τούτους
3537 5399 3765 5468 μᾶλλον

2162 5493 2584 5560 ἀχίυνιζόμενος.
2616 5491 2804 5555 Οὕτως
2864 5493 3070 5554 ἐκεῖνος
3123 5488 3468 5561 ἐοεατρίζετό
3524 5506 3586 5542 τε
3649 5494 3762 5543 καὶ

2161 5586 2261 5637 οῦκ
2295 5583 2579 5655 ᾐσχύνετο.
2618 5585 2782 5640 Ὅθεν
2819 5584 2907 5638 ἵνα
2937 5584 3071 5656 μήτε
3107 5601 3190 5647 τις
3220 5582 3329 5636 τῶν
3385 5581 3554 5636 αὑτοῦ
3587 5582 3759 5654 dych-

1786 5678 2020 5736 VARIA‘J
2063 5675 2462 5734 LECTIUNES.

553 5775 600 5810 ⁸⁸
631 5777 862 5832 Cedran.
889 5779 947 5831 ἐν
989 5777 1218 5851 Lam-ap.
1254 5779 1291 5834 Ζ
1321 5797 1452 5835 nar.
1503 5777 1741 5849 ’.λρταίιι
1775 5778 2019 5834 Οοπτὺρί.

2099 5779 2146 5811 ’⁸
2173 5776 2261 5832 τού
2273 5777 2376 5846 rip?
