3994 6220
403 280 505 342 ΞΞἸ

1498 273 2012 338 THEOPHANES
2046 273 2600 339 CONTINUATUS.

3556 276 3666 339 223

402 398 607 453 animis
655 394 896 450 inserere
928 391 1206 461 Optabam.
1257 389 1333 445 Ac
1380 388 1605 459 quidem
1651 396 1981 448 statueram,

2105 400 2215 437 non
2248 384 2341 436 καὶ
2362 383 2633 438 ἀθανάτου
2659 383 2759 453 τῆς
2795 383 3039 455 ίστορίας
3071 384 3362 454 στόματος,
3390 385 3483 439 καὶ
3514 386 3673 440 ἐϐου-

407 508 453 545 si
488 488 653 544 modo
679 489 824 544 vires
852 487 1314 547 obsecundarcnt,
1356 482 1537 537 omnis
1584 491 1732 537 retro
1771 480 1986 549 imperii

410 580 637 633 Itonnini
674 578 913 649 Byzantii
948 575 1343 645 imperatorum
1376 573 1564 643 eisque
1610 573 1986 642 subjectnrum

407 677 571 746 212
596 675 1015 741 magistratuum
1050 671 1286 739 bellique
1318 669 1517 723 ducum
1551 682 1649 723 seu
1690 678 1986 736 praetorum

410 776 464 819 et
504 768 807 833 legatorum
839 761 1302 832 singulorumque
1335 769 1495 814 actus
1521 769 1786 829 gestaque
1831 758 1989 812 uobi-

410 856 542 910 liora
580 855 784 924 scripto
812 854 1160 923 consignare.
1232 850 1391 916 Quod
1442 860 1625 904 tamen
1675 848 1989 903 iStiusmodi

415 947 696 1015 provincia
755 946 933 1000 multo
982 954 1226 1014 tempore
1278 942 1648 1011 continuoque
1705 941 1891 996 labore
1938 950 1995 995 et

410 1041 677 1093 librorum
715 1040 870 1108 c0pia
904 1050 1069 1107 atque
1097 1054 1125 1089 a
1160 1052 1343 1090 rerum
1375 1050 1507 1090 cura
1537 1034 1993 1104 negotiorumque

409 1134 643 1201 strepitu
674 1133 788 1185 otio
826 1130 1112 1198 indigeret,
1146 1144 1271 1197 qua:
1301 1143 1432 1183 sane
1466 1128 1598 1182 mibi
1625 1129 1816 1191 deesse
1843 1127 1994 1181 vide-

415 1222 583 1285 bam,
648 1221 901 1275 secundae
965 1219 1280 1274 necessario
1354 1218 1688 1288 navigationi
1748 1218 1992 1272 animum

410 1313 605 1381 adjeci,
651 1312 925 1379 uniusque
979 1311 1176 1364 saltem
1231 1312 1647 1379 imperatorum,
1698 1309 1791 1377 qui
1828 1309 1995 1379 maje-

414 1414 611 1458 statctu
649 1404 866 1472 imperii
902 1404 1101 1456 mirum
1149 1413 1417 1470 quantum
1454 1401 1729 1471 promovit
1765 1402 1879 1471 (qui
1924 1403 1995 1456 ab

413 1497 643 1566 imperio
673 1512 768 1549 seu
805 1511 970 1563 regno
1004 1510 1200 1548 nomen
1238 1495 1449 1561 habuit)
1479 1495 1855 1564 Bainauaque
1887 1494 1992 1549 rei-

415 1588 646 1659 publica:
679 1602 743 1640 ac
780 1587 942 1640 rebus
977 1587 1047 1639 ab
1101 1585 1257 1638 initio
1290 1586 1355 1637 ad
1386 1585 1527 1639 «ita:
1570 1600 1741 1654 usque
1783 1585 1991 1639 exitum

414 1680 711 1750 plurimum
752 1679 986 1748 profuit,
1038 1693 1124 1733 res
1172 1686 1355 1747 gestas
1386 1678 1616 1745 vitaeque
1646 1692 1807 1731 omne
1837 1677 1990 1732 insti-

416 1738 601 1827 tutum
639 1786 704 1824 ac
738 1770 1007 1824 rationem
1031 1769 1510 1823 commemoranda
1541 1768 1674 1822 mihi
1707 1768 1990 1838 proposui,
2020 1738 2068 1798 Β

414 1880 485 1918 ne
530 1862 743 1918 scilicet
770 1861 959 1930 stirpis
1012 1861 1173 1930 regia-
1202 1859 1297 1913 diu
1330 1859 1679 1928 multumque
1717 1859 1996 1927 productae

416 1954 629 2024 primus
668 1953 790 2007 fons
837 1953 1102 2022 radixque
1136 1960 1389 2020 posteros
1418 1952 1604 2017 lateat,
1648 1951 1996 2020 habeantque

416 2044 539 2114 ejus
588 2053 811 2115 nepotes
862 2044 1166 2098 domestico
1196 2044 1447 2112 exemplo
1498 2052 1735 2098 erectam
1780 2045 1994 2099 virtutis

416 2138 661 2207 regulam
716 2146 771 2190 et
821 2145 1058 2190 statuam
1104 2146 1271 2204 atque
1313 2135 1614 2206 principem
1640 2136 1897 2198 fortnam.
1940 2138 1992 2191 in

419 2244 584 2298 quant
644 2228 1001 2284 imitationem
1063 2228 1373 2283 intendant.
1448 2228 1543 2282 Sin
1598 2239 1778 2283 autem
1830 2230 1994 2284 etiam

421 2322 667 2392 longiora
702 2321 880 2376 adhm:
913 2323 1318 2391 przestabuutur
1351 2322 1474 2376 vita:
1509 2322 1705 2388 spatia,
1744 2337 1807 2376 ac
1845 2336 1996 2376 mor-

418 2413 610 2469 borum
642 2415 805 2468 etiam
846 2416 1057 2483 exigua:
1094 2413 1342 2483 quzrdam
1381 2413 1579 2469 dentur
1613 2414 1865 2479 induciae,
1900 2428 1999 2468 nec

418 2507 753 2559 exteriorum
804 2522 952 2560 cura:
984 2506 1305 2573 impediant,
1339 2508 1599 2561 continua
1645 2506 1829 2560 forsan
1859 2506 1999 2561 serie

420 2600 588 2653 totius
617 2600 763 2654 illius
798 2599 1080 2670 progeniei
1112 2600 1179 2653 ad
1218 2616 1317 2655 nos
1348 2616 1522 2670 usque
1556 2599 1881 2670 adjiciemus
1916 2600 2000 2653 lti—

420 2692 673 2745 storiam.

492 2782 548 2835 Ξ.
595 2781 694 2835 llic
725 2781 872 2836 enim
901 2797 1027 2836 vero
1053 2781 1215 2853 cujus
1244 2798 1388 2837 nunc
1408 2782 1691 2837 historiam
1720 2782 2003 2852 profitetur

422 2875 623 2935 oratio,
671 2873 909 2928 Basilius
947 2875 1245 2943 imperatur
1282 2889 1349 2929 ex
1396 2875 1613 2944 regione
1649 2874 2000 2929 Macedonum

424 2966 675 3020 trahebat
704 2966 995 3035 originem,
1043 2965 1425 3036 referebatque
1455 2967 1522 3019 ad
1548 2967 1859 3028 Armenios,
1904 2969 2004 3021 Ar-

422 3058 638 3112 sacidas
670 3069 889 3128 genere.
941 3057 1132 3113 Vetere
1174 3059 1320 3113 enim
1361 3060 1589 3122 Arsace,
1634 3058 1729 3128 qui
1770 3057 2002 3113 Partbu-
2030 3078 2073 3137 ο

422 3166 543 3204 rum
598 3150 883 3220 imperium
924 3154 1121 3217 tenuit,
1160 3152 1431 3222 ingentem
1480 3152 1695 3207 virtutis
1735 3164 1790 3207 et
1829 3155 2004 3208 laudis

424 3243 653 3311 gloriam
708 3254 1030 3309 consecuto,
1080 3245 1317 3313 posteris
1372 3244 1458 3299 lex
1496 3244 1719 3300 inolevit
1778 3261 1886 3300 non
1935 3246 2007 3301 ab

428 3335 555 3389 aliis
606 3351 769 3404 quam
806 3337 874 3389 ab
923 3337 1145 3392 Arsacis
1188 3335 1390 3390 familia
1444 3336 1674 3406 ejusque
1719 3338 2005 3407 nepotibus

423 3423 677 3491 Parthos,
705 3426 865 3496 213
886 3426 1175 3480 Armenios
1208 3425 1501 3496 Medosque
1535 3427 1708 3497 ipsos,
1737 3427 1828 3496 qui
1861 3428 2003 3498 regia

424 3526 701 3586 potestate
751 3518 885 3586 ipsis
943 3517 1186 3588 praesint.
1233 3532 1357 3572 esse
1398 3517 1701 3572 habituros.
1751 3519 1804 3571 In
1861 3518 2006 3572 hunc

425 3610 609 3677 itaque
663 3608 911 3671 modum,
974 3624 1099 3663 cum
1160 3608 1285 3673 illae,
1348 3623 1488 3678 quas
1520 3609 1657 3673 dixi,
1706 3616 1896 3678 gentes
1938 3610 2006 3663 ab

424 3703 595 3769 stirpe
644 3701 914 3769 ejusmodi
944 3700 1175 3770 imperio
1211 3710 1551 3769 regerentur,
1587 3702 1681 3755 illo
1723 3704 1817 3770 qui
1862 3702 2005 3773 apud

425 3794 716 3848 Armenios
753 3808 936 3847 rerum
972 3794 1284 3863 potiebatur
1308 3793 1634 3863 quandoque
1658 3809 1721 3848 ex
1753 3794 2007 3849 humanis

426 3882 663 3945 stiblato,
697 3882 925 3951 contigit
962 3880 1033 3935 de
1079 3882 1205 3949 jure
1261 3882 1413 3952 regni
1448 3882 1625 3952 deque
1672 3883 2009 3953 principatus

427 3973 737 4027 istiusmodi
787 3973 1206 4029 successoribus
1235 3973 1526 4028 dissidium
1562 3974 1714 4028 oriri.
1764 3973 2009 4045 llincque

427 4066 566 4119 adeo
597 4064 908 4119 Artabanus
940 4071 993 4118 et
1021 4065 1242 4120 Clienes
1267 4080 1375 4120 non
1404 4065 1581 4120 solum
1605 4068 1753 4121 avito
1781 4066 2009 4137 imperio

428 4154 676 4225 spoliati,
729 4156 822 4209 sed
861 4169 915 4208 et
957 4154 1011 4209 in
1046 4156 1173 4210 vita:
1206 4156 1320 4225 jam
1347 4156 1646 4226 perieulum
1672 4157 1914 4218 adducti,
1954 4160 2009 4212 in

429 4248 635 4319 regiam
669 4248 809 4303 lianc
838 4247 1190 4303 Constantini
1228 4249 1417 4304 urbem
1452 4250 1695 4304 veniunt.
1754 4248 1866 4305 Leo
1894 4249 2009 4304 Ma-

426 4354 569 4410 gnus
619 4352 751 4393 tunc
798 4338 1030 4408 imperio
1079 4348 1335 4408 praeerat,
1395 4339 1634 4395 Zenonis
1676 4354 1851 4395 socer.
1911 4338 2009 4393 llic

2089 475 2287 546 λόμην,
2327 478 2391 530 ἂν
2420 478 2527 548 ἄρα
2560 471 2674 540 οἷός
2693 493 2753 529 τε
2786 468 2852 540 ὦ,
2888 477 2983 530 τοῦ
3009 476 3326 548 σύμπαντος
3352 481 3449 548 τῆς
3484 480 3538 531 ιν
3563 481 3674 534 Βυ-

2090 570 2218 634 ζαντ
2230 572 2292 640 ίῳ
2332 569 2646 640 Ῥωμαῖκῆς
2673 570 2851 640 ἀρχῆς
2881 571 3075 640 χρόνου
3100 570 3211 623 τῶν
3239 587 3298 624 τε
3330 572 3670 641 αὐτοκρατό-

2092 678 2202 732 ρων
2250 661 2345 715 καὶ
2398 662 2505 715 τῶν
2556 662 2649 716 ὐπ’
2704 663 2903 726 αὐτοὺς
2947 661 3013 733 [Ρ
3066 662 3192 736 155]
3241 664 3523 734 ἀρχόντων
3575 667 3675 719 καὶ

2092 754 2414 825 στρατηγῶν
2445 754 2539 807 καὶ
2569 755 3002 825 ὑποστρατήγων
3037 757 3131 808 καὶ
3161 756 3271 809 τῶν
3307 756 3431 809 καθ’
3466 757 3673 810 ἕκαστα

2091 847 2187 910 τὰς
2243 848 2675 917 ἀξιολογωτέρας
2731 847 2841 900 τῶν
2905 847 3160 918 πράξεων
3221 849 3671 918 ἀναγράψασθαι.

2105 941 2261 994 Ἐπεὶ
2291 942 2347 995 δὲ
2395 943 2565 995 ἐδεῖτο
2598 942 2659 993 τὸ
2691 944 2922 1012 πρᾶγμα
2973 942 3069 994 καὶ
3100 942 3295 1011 χρόνου
3342 941 3539 995 πολλοῦ
3574 942 3674 995 καὶ

2094 1034 2259 1086 πόνου
2292 1032 2488 1102 συχνοῦ
2535 1035 2627 1086 καὶ
2663 1034 2881 1104 βιϐλίων
2912 1033 3173 1101 ἀφθονίας
3206 1034 3301 1087 καὶ
3335 1034 3532 1104 σχολῆς
3563 1036 3671 1103 τῆς

2097 1126 2200 1179 ἀπὸ
2223 1126 2332 1179 τῶν
2362 1126 2704 1196 πραγμάτων
2723 1128 2766 1191 ’,
2794 1127 2968 1181 ταῦτα
3002 1127 3047 1180 δ’
3079 1129 3213 1198 ἡμῖν
3240 1127 3301 1179 οὐ
3330 1129 3558 1198 προσῆν,
3586 1128 3675 1190 είς

2094 1219 2187 1272 τὸν
2214 1218 2466 1287 δεύτερον
2492 1220 2551 1286 ιε
2576 1220 2821 1286 ἀνάγκης
2849 1220 3168 1289 ὐποϐέϐηκα
3193 1218 3382 1281 πλοῦν,
3404 1223 3505 1279 ,καὶ
3531 1221 3676 1284 τέως

2096 1309 2213 1373 ἑνὸς
2262 1310 2546 1380 βασιλέως,
2593 1313 2685 1364 ἐπὶ
2718 1312 2862 1379 μέγα
2896 1312 2957 1364 τὸ
3006 1312 3105 1382 τῆς
3146 1312 3419 1382 βασιλείας
3469 1313 3673 1384 κράτος

2096 1401 2431 1471 ὐψὼσαντος,
2469 1404 2527 1466 ὃς
2558 1404 2649 1456 καὶ
2691 1404 2789 1472 τῆς
2832 1403 3111 1473 βασιλείας
3151 1404 3439 1472 ἐπώνυμος
3470 1399 3538 1473 ἦν
3573 1404 3675 1458 καὶ

2098 1496 2239 1565 μέγα
2266 1495 2459 1563 ὄφελος
2484 1498 2549 1566 τῇ
2589 1496 2836 1566 πολιτεία
2874 1496 3161 1565 Ῥωμαίων
3202 1496 3417 1563 ἐγένετο
3442 1498 3534 1549 καὶ
3556 1499 3673 1559 τοῖς

2096 1588 2440 1659 πράγμασιν,
2472 1589 2531 1654 ἐξ
2552 1590 2725 1659 ἀρχῆς
2748 1592 2842 1644 καὶ
2870 1591 3062 1659 μέχρις
3091 1590 3261 1659 αὐτῆς
3286 1588 3543 1657 τελευτῆς
3570 1590 3673 1653 τάς

2096 1682 2323 1752 πράξεις
2362 1684 2457 1735 καὶ
2491 1684 2591 1752 τὴν
2621 1684 2750 1751 ὅλην
2796 1683 3020 1751 ἀγωγὴν
3050 1683 3439 1752 διηγήσασθαι,
3474 1683 3549 1745 ὼς
3598 1681 3671 1734 ἂν

2096 1777 2191 1828 καὶ
2219 1778 2332 1836 τοῖς
2359 1776 2652 1845 μετέπειτα
2686 1775 2760 1844 μὴ
2793 1778 3054 1845 ἀγνοῆται
3083 1775 3355 1845 βασιλείου
3386 1775 3672 1843 στελέχους

2096 1870 2191 1921 ἐπὶ
2220 1867 2355 1920 πολὺ
2388 1866 2484 1920 τοῦ
2528 1867 2719 1938 χρόνου
2752 1868 3186 1935 παρεκταθέντος
3222 1869 3253 1935 ἡ
3290 1866 3483 1936 πρώτη
3516 1867 3673 1938 πηγὴ

2096 1959 2191 2011 καὶ
2228 1958 2374 2030 ῥίζα,
2403 1959 2499 2011 καὶ
2527 1961 2638 2019 τοῖς
2666 1959 2910 2024 ἐκγόνοις
2941 1957 3150 2010 ἐκείνου
3186 1957 3397 2010 οἴκοθεν
3429 1957 3514 2026 εἴη
3578 1958 3677 2009 ἀνα-

2097 2049 2345 2119 εστηκὼς
2370 2051 2397 2104 ὁ
2432 2050 2568 2119 πρὸς
2600 2049 2801 2119 ἀρετὴν
2828 2048 3008 2102 κανών
3025 2065 3083 2101 τε
3112 2050 3206 2102 καὶ
3236 2048 3457 2119 ἀνδριὰς
3487 2050 3579 2100 καὶ
3609 2050 3676 2102 τὸ

2096 2143 2407 2212 ἀρχέτυπον
2451 2142 2550 2209 τῆς
2598 2143 2902 2211 μιμήσεως.
2942 2142 3003 2193 Εί
3052 2141 3107 2193 δὲ
3152 2139 3545 2209 ὲπιμετρηθείη
3574 2141 3676 2193 καὶ

2096 2235 2290 2304 χρόνος
2321 2236 2454 2301 ἡμῖν
2498 2233 2580 2286 ετι
2626 2231 2805 2301 ζωῆς,
2854 2232 2947 2286 καὶ
2987 2232 3213 2301 γένηταί
3246 2249 3328 2294 τις
3354 2232 3449 2284 καὶ
3478 2232 3519 2261 ¹⁶
3561 2232 3676 2283 τῶν

2098 2325 2270 2377 νόσων
2304 2324 2581 2394 ἐκεχειρία
2614 2325 2805 2394 μικρά,
2842 2325 2935 2377 καὶ
2987 2324 3122 2394 μηδὲ
3148 2324 3188 2353 ¹¹
3224 2323 3331 2376 τῶν
3359 2322 3556 2389 ἔξωθεν
3584 2324 3676 2393 εἴη

2097 2433 2151 2469 τι
2181 2416 2450 2486 ἐμποδὼν,
2475 2418 2601 2479 ἴσως
2628 2416 2953 2487 προσθῶμεν
2979 2416 3249 2485 ἐχομένως
3276 2415 3369 2467 καὶ
3391 2415 3488 2483 τῆς
3511 2414 3677 2485 ἄχρις

2099 2509 2256 2582 ἡμῶν
2275 2510 2569 2581 κατιούσης
2597 2510 2761 2563 αὐτοῦ
2790 2510 2983 2577 γενεᾶς
3012 2509 3110 2577 τὴν
3142 2507 3270 2578 ὃλην
3296 2506 3398 2577 τῆς
3426 2506 3680 2577 ἱστορίας

2100 2602 2399 2672 ἀφήγησιν.

2175 2773 2238 2843 β’.
2269 2773 2414 2844 Πλὴν
2455 2768 2547 2826 οὖν
2569 2764 2723 2835 οὗτος
2750 2773 2809 2826 ὃν
2831 2774 2859 2826 ὁ
2890 2772 3048 2839 λόγος
3089 2771 3184 2823 νῦν
3219 2770 3491 2835 ὑποδεῖξαι
3526 2788 3674 2823 κατ-

2103 2867 2529 2936 επαγγέλλεται,
2583 2868 2944 2936 αὐτοκράτωρ
2978 2865 3256 2926 Βασίλειος
3300 2865 3525 2932 ὡρμᾶτο
3575 2866 3681 2932 μεν

2104 2965 2165 3015 ἐκ
2196 2962 2295 3032 τῆς
2319 2961 2642 3015 Μακεδόνων
2671 2959 2797 3028 γῆς,
2824 2959 2884 3011 τὸ
2912 2959 2968 3010 δὲ
2994 2958 3150 3024 γένος
3174 2950 3353 3008 εἷλκεν
3380 2958 3437 3021 ἐξ
3477 2956 3681 3024 Ἀρμε-

2105 3056 2233 3107 νίων
2282 3055 2468 3115 ἔθνους
2511 3052 2837 3123 Ἀρσακίων.
2873 3049 2980 3102 Τοῦ
3026 3050 3135 3116 γάρ
3184 3046 3414 3100 παλαιοῦ
3473 3047 3677 3113 Ἀρσά-

2105 3162 2223 3210 κου,
2250 3144 2306 3205 ὃς
2332 3143 2563 3211 Πάρθων
2594 3144 2858 3212 ἡγήσατο,
2888 3142 2979 3192 ὲπὶ
3013 3141 3153 3209 μέγα
3200 3138 3355 3207 δόξης
3386 3137 3682 3207 προελθόν-

2103 3255 2195 3300 τος
2227 3239 2318 3289 καὶ
2347 3235 2574 3303 ἀρετῆς,
2606 3235 2770 3303 νόμος
2810 3235 2923 3294 τοῖς
2957 3231 3185 3300 ὕστερον
3211 3231 3549 3300 ἐχρημάτισε
3601 3230 3682 3299 μὴ

2104 3330 2325 3384 άλλοθεν
2377 3324 2758 3399 βασιλεύεσθαι
2796 3326 2932 3395 μήτε
2987 3323 3235 3393 Πάρθους
3287 3324 3419 3391 μήτε
3474 3322 3684 3391 Ἀρμε-

2104 3424 2255 3483 νίους
2282 3463 2295 3484 ,
2330 3422 2465 3474 ἀλλά
2514 3420 2649 3491 μηδὲ
2690 3420 2926 3489 Μήδους,
2956 3418 2990 3487 ἢ
3026 3418 3176 3487 παρά
3204 3416 3298 3469 τοῦ
3326 3416 3512 3483 γένους
3553 3415 3685 3485 Ἀρο

2108 3516 2277 3568 σάκου
2312 3514 2409 3566 καὶ
2440 3514 2547 3567 τῶν
2584 3512 2867 3580 ἀπογόνων
2894 3511 3081 3564 αὐτοῦ.
3118 3510 3305 3573 υύτως
3342 3507 3435 3561 οὖν
3462 3510 3569 3562 τῶν
3599 3510 3684 3561 εί-

2110 3608 2360 3678 ρημένων
2405 3605 2577 3658 ἐθνῶν
2630 3605 2735 3657 ὑπὸ
2785 3604 2887 3674 τῆς
2930 3603 3186 3673 τοιαύτης
3242 3601 3685 3670 βασιλευομέιων

2110 3701 2316 3770 σειράς,
2343 3699 2483 3752 κατά
2510 3714 2658 3758 τινας
2684 3699 2909 3767 χρόνους
2934 3694 3028 3747 τοῦ
3054 3694 3358 3763 ⁹Λρμενίων
3380 3692 3689 3762 κατάρχον-

2106 3809 2199 3854 τος
2255 3791 2311 3858 ἐξ
2360 3790 2664 3857 ἀνθρώπων
2709 3790 3073 3858 ἀποιχομένου
3115 3786 3312 3857 συνέϐη
3352 3786 3541 3838 στάσιν
3590 3801 3688 3853 γε-

2108 3883 2293 3936 νέσθαι
2342 3883 2468 3952 περὶ
2508 3882 2578 3934 τά
2627 3879 2877 3950 βασίλεια
2930 3879 3024 3931 καὶ
3073 3879 3199 3940 τοὺς
3255 3876 3530 3944 διαδόχους
3584 3876 3689 3943 τῆς

2109 3974 2367 4043 τοιαύτης
2418 3973 2613 4045 ἀρχῆς.
2651 3971 2984 4043 Ἀρτάϐανος
3020 3965 3114 4023 οὖν
3158 3969 3256 4022 καὶ
3306 3968 3568 4036 κλειένης
3618 3968 3688 4020 οὐ

2114 4066 2273 4137 μόνον
2316 4066 2417 4135 τῆς
2466 4065 2794 4133 προγονικῆς
2841 4060 3258 4121 ἐκπεπτωκότες
3299 4058 3495 4130 ἀρχῆς,
3548 4057 3693 4111 ἀλλὰ

2110 4160 2206 4213 καὶ
2234 4160 2333 4229 τὴν
2364 4157 2509 4225 ζωὴν
2536 4155 2960 4218 κινδυνεύοντες.
2997 4154 3097 4224 τὴν
3126 4150 3513 4223 βασιλεύουσαν
3549 4150 3689 4204 ratio

2109 4267 2209 4319 την
2236 4247 2714 4317 καταλαμϐάνουσι
2744 4244 3341 4299 Κωνσταντινούπολιν.
3370 4244 3527 4296 Λέων
3557 4238 3628 4313 ἦν
3662 4246 3693 4297 ὁ

2116 4340 2288 4410 μέγας
2326 4337 2629 4409 τηνικαῦτα
2659 4337 2760 4409 τὴν
2808 4335 3125 4406 Ῥωμαϊκὴν
3164 4335 3368 4389 διόπων
3404 4334 3603 4405 ἀρχὴν.
3661 4337 3692 4387 ό

429 4431 596 4501 igitur
646 4431 796 4486 viros
841 4430 1150 4500 suscipiens
1202 4445 1267 4486 ac
1309 4445 1409 4501 pro
1442 4431 1658 4502 generis
1713 4430 2004 4499 splendore

2110 4432 2351 4497 Ζήνωνος
2383 4428 2661 4499 πενθερός.
2700 4420 2867 4493 Οὗτος
2892 4427 2985 4481 οὖν
3019 4430 3145 4491 τοὺς
3183 4427 3382 4498 ἀνδρας
3417 4428 3689 4493 61:08:55:-

430 4522 716 4593 tuagnitlce
750 4533 1117 4593 pertractans,
1171 4523 1315 4579 aedes
1364 4524 1431 4577 ad
1481 4521 1837 4577 habitandum
1866 4538 2003 4577 con-

429 4632 674 4689 gruaque
707 4618 886 4673 victus
938 4618 1210 4688 stipendia
1254 4617 1309 4672 in
1338 4617 1473 4672 urbe
1524 4616 1673 4686 regia
1720 4616 1827 4671 illis
1866 4617 2008 4673 assi-

430 4711 633 4779 gnavit.
687 4707 759 4764 Ut
806 4721 988 4766 autem
1044 4712 1242 4766 borum
1292 4724 1325 4766 e
1381 4708 1559 4781 patria
1605 4707 1788 4778 fugam
1842 4720 1900 4765 et
1950 4710 2005 4764 in

431 4808 747 4867 regnantem
785 4798 926 4853 banc
978 4800 1167 4854 urbem
1202 4814 1491 4855 accessum
1524 4796 1787 4869 omnique
1814 4798 2009 4852 buma-

433 4888 605 4942 nitate
650 4887 720 4941 ab
775 4888 1201 4956 imperatoribus
1239 4902 1527 4961 susceptos
1557 4906 1680 4947 esse
1728 4890 1921 4945 didicit
1963 4890 2011 4945 is

431 4980 522 5049 qui
574 4987 687 5032 tum
733 4993 823 5033 res
860 4977 1113 5035 Persicas
1147 4980 1585 5047 administrabat,
1616 4981 1759 5037 datis
1792 4981 2008 5047 litteris,

433 5070 827 5127 benevolentia:
879 5070 933 5125 in
983 5085 1080 5125 cos
1139 5070 1314 5138 larva,
1371 5072 1424 5126 in
1459 5083 1747 5143 paternum
1786 5088 1848 5129 se
1895 5073 2019 5127 illos

432 5160 722 5233 imperium
756 5164 1140 5220 restituturum
1174 5164 1471 5234 pollicitus,
1506 5181 1693 5221 revera
1743 5174 1925 5222 autem
1954 5180 2019 5221 ea

434 5254 538 5308 sibi
580 5256 857 5313 molitione
896 5266 1110 5329 gentem
1141 5257 1445 5313 conciliare
1472 5272 1537 5313 ae
1561 5258 1841 5329 subjicere
1869 5267 2021 5313 sata-

434 5360 567 5416 gens
600 5348 926 5408 advocabat.
979 5350 1233 5421 Acceptis
1268 5349 1486 5413 litteris.
1511 5350 1639 5405 dum
1669 5351 1849 5406 adhuc
1883 5350 2015 5422 quid

436 5436 539 5492 sibi
576 5436 722 5496 facto
759 5456 899 5512 opus
952 5441 1277 5508 deliberant,
1321 5458 1409 5499 res
1455 5458 1549 5515 per
1576 5459 1746 5499 unum
1777 5444 2013 5515 aliquem

436 5524 768 5585 famulorum
829 5532 1144 5602 imperatori
1192 5534 1438 5591 defertur
1494 5549 1559 5590 ac
1609 5534 1841 5605 epistola
1897 5536 2013 5605 ipsa

2113 4539 2273 4591 μενος
2294 4522 2390 4576 καὶ
2416 4522 2581 4587 ἀξίως
2605 4521 2703 4588 τῆς
2734 4522 2861 4589 mp‘t
2892 4520 3090 4583 αὐτοὺς
3144 4520 3394 4587 εὐγενίας
3426 4522 3694 4589 φιλοφρο-

2115 4616 2421 4687 νησάμενος
2450 4615 2665 4685 οἴκησίν
2680 4631 2738 4668 τε
2773 4615 2868 4667 καὶ
2916 4612 3127 4666 δίαιταν
3155 4614 3251 4682 τὴν
3298 4614 3695 4684 προσήκουσαν

2112 4708 2170 4759 ὲν
2198 4710 2260 4777 τῇ
2293 4706 2530 4778 βασιλίδι
2555 4706 2842 4776 ἀπένειμε.
2871 4704 3077 4759 Μαθὼν
3105 4706 3162 4759 δὲ
3196 4705 3304 4758 τῶν
3343 4705 3555 4773 ἀνδρῶν
3587 4706 3693 4776 τὴν

2118 4801 2183 4852 ἐκ
2220 4801 2318 4869 τῆς
2349 4798 2606 4869 πατρίδος
2634 4796 2812 4868 φυγὴν
2844 4798 2937 4851 καὶ
2970 4796 3107 4868 πρὸς
3150 4797 3251 4869 τὴν
3290 4796 3695 4866 βασιλεύουσαν

2113 4890 2320 4960 ταύτην
2347 4890 2693 4962 καταφυγὴν,
2735 4891 2830 4945 καὶ
2855 4889 2933 4953 ὡς
2972 4890 3215 4959 εὐμενῶς
3260 4889 3367 4943 ὑπὸ
3398 4890 3509 4942 τῶν
3547 4906 3703 4959 κρα-

2115 4982 2353 5037 τούντων
2371 4982 2693 5054 ἐδέχθησαν,
2714 4983 2743 5035 δ
2763 4982 2886 5037 τότε
2916 4981 2986 5036 τά
3012 4982 3112 5052 τῆς
3140 4981 3417 5053 Περσικῆς
3451 4982 3537 5058 [Ρ.
3562 4983 3703 5056 ισιι

2115 5075 2318 5129 διέπων
2360 5074 2537 5146 ἀρχῆς
2576 5075 2903 5147 γράμμασιν
2943 5075 3146 5139 αὐτοὺς
3191 5074 3562 5145 μετεκαλεῐτο.
3614 5078 3725 5142 εἰς

2116 5166 2215 5237 τὴν
2252 5167 2513 5238 πατρῴαν
2542 5168 2839 5239 ἡγεμονίαν
2882 5167 3295 5237 ἀγκαταστῆσαι
3327 5168 3371 5201 ⁸³
3421 5166 3584 5237 δῆθεν
3618 5168 3703 5233 ὡς

2119 5257 2320 5311 εὐνοῶν
2350 5257 2801 5331 ὑπισχνούμενος.
2832 5258 3013 5329 ἐαυτῷ
3042 5260 3100 5312 δι
3128 5258 3353 5331 τὴνλωῦ
3379 5258 3565 5321 {hanc
3604 5260 3704 5315 ιν-

2119 5349 2313 5404 τεῦθεν
2340 5350 2619 5423 ὑποταγὴν
2645 5353 3098 5423 μνηστευόμενος.
3126 5354 3456 5423 Δεξαμένων
3481 5352 3540 5405 δὲ
3569 5355 3702 5406 τούο

2125 5459 2234 5496 των
2258 5442 2327 5496 τά
2362 5444 2667 5516 γράμματα
2695 5446 2789 5499 καὶ
2817 5445 2947 5519 περὶ
2974 5444 3082 5498 τῶν
3126 5445 3417 5515 πρακτέων
3444 5444 3528 5497 ἔτι
3568 5443 3705 5497 δια·-

2128 5534 2545 5603 σκοπουμενων,
2587 5534 2851 5605 μηνύεται
2900 5534 3071 5588 ταῦτα
3106 5529 3255 5607 πὶρά
3286 5550 3428 5599 τινος
3455 5533 3565 5587 τῶν
3610 5534 3701 5601 ἐξ·

1712 5649 1950 5705 vanm:
2027 5622 2428 5707 Lacrimas.

509 5739 535 5773 ⁸
559 5738 815 5809 πράξεων
841 5740 906 5796 Α.
988 5742 1031 5772 "
1061 5740 1171 5795 ἀπὸ
1196 5740 1324 5796 add.
1356 5742 1420 5796 Α.
1503 5742 1544 5775 ⁸⁸
1576 5744 1743 5811 μηδὲν
1768 5745 1832 5798 Ρ.
1914 5745 1956 5777 ⁸⁸
1977 5746 2384 5813 ἐγκαταστῆναι
2411 5746 2468 5801 Ρ.
