3994 6220
449 279 556 342 235

1541 273 2051 335 THEOPHANES
2087 274 2644 346 CONTINUATUS.

3610 272 3720 338 ιτεε

450 388 738 446 historiam
765 397 1167 456 ex.stnnemur,
1197 402 1318 458 qua:
1337 387 1460 457 ejus
1487 385 1706 456 generis
1738 395 1867 442 sunt
1892 402 2028 456 pue-

2142 388 2336 460 Ξιπορία
2363 389 2473 442 τῶν
2505 391 2633 461 περ)⁸
2659 388 2824 444 αὑτὸν
2853 387 3034 444 καλῶν
3079 390 3140 442 ἐν
3185 387 3400 451 τούτοις
3431 386 3529 460 τὴν
3565 391 3716 442 ίστο-»ι

451 484 682 555 rilisque
711 482 887 538 aatatis
925 481 1113 536 omnia
1143 480 1486 542 omittemus,
1521 487 1688 548 atque
1715 479 1783 533 ad
1809 493 1876 534 ea
1909 493 2034 549 quae

456 574 746 646 sequentia
817 581 948 629 sunt
1015 571 1206 627 sedulo
1273 585 1582 626 sermonem
1645 570 2034 639 provehemus,

450 681 514 722 ea
554 666 766 722 scilicet
789 665 998 720 ratione
1030 670 1089 718 ut
1119 663 1340 718 laudum
1364 662 1475 717 vim
1506 662 1900 727 insatiabilem,
1932 677 2032 719 ceu

451 757 703 828 quamvis
733 772 842 811 rem
883 755 1047 810 aliam
1078 753 1135 810 in
1159 753 1337 810 laudis
1375 763 1532 825 parte
1570 754 1799 811 minime
1833 755 2035 811 haben-

450 851 597 914 dam,
637 847 971 918 rejiciamus.

407 961 425 984 ”
519 982 683 1051 220
711 979 764 1036 6.
810 977 952 1035 Puer
991 979 1174 1049 itaque
1216 977 1359 1049 apud
1406 987 1615 1050 patrem
1674 979 2032 1042 educabatur,

449 1088 683 1143 cumque
713 1073 1050 1142 agendorum
1097 1079 1487 1141 praeceptorem
1514 1114 1528 1138 ,
1559 1071 1911 1127 dicendorum
1955 1071 2038 1124 iu-

448 1175 764 1237 terpretem,
801 1173 964 1234 atque
1015 1165 1084 1217 ad
1133 1162 1318 1217 omnia
1359 1179 1479 1232 quae
1517 1162 1732 1218 virtutis
1791 1175 1922 1218 sunt
1973 1177 2036 1217 ac

449 1258 660 1313 laudem
710 1256 914 1310 habent
967 1256 1289 1324 magistrum
1329 1264 1523 1308 nactus
1564 1271 1627 1310 ac
1671 1255 2034 1320 eruditorem,

448 1365 560 1406 non
600 1349 843 1406 Chirone
893 1349 1112 1419 gemino
1167 1349 1316 1402 velut
1361 1347 1605 1403 Achilles
1649 1363 1788 1418 opus
1823 1348 2033 1415 habuit,

431 1459 561 1499 anon
604 1443 857 1514 Lycurgo
893 1441 1232 1511 legislatore,
1281 1456 1389 1494 non
1416 1441 1640 1504 Solone,
1675 1455 1782 1494 non
1810 1449 2036 1494 externa

427 1554 517 1595 ac
545 1537 835 1610 peregrina
867 1535 1154 1604 disciplina
1182 1547 1510 1603 morumque
1542 1532 1909 1594 institutione,
1942 1531 2037 1587 sed

455 1645 564 1684 uno
592 1630 685 1683 illo
713 1627 1030 1682 institutore
1066 1625 1282 1680 honesti
1317 1626 1571 1694 palaestra
1616 1624 2037 1695 przeclarissimc

449 1733 714 1774 exercens
741 1731 806 1771 ac
836 1716 1024 1770 coli-ms
1049 1729 1181 1785 erga
1212 1713 1384 1768 Deum
1408 1723 1630 1768 sanctos
1654 1714 1891 1783 piosque
1917 1727 2034 1766 mo-

452 1828 562 1878 res,
588 1825 716 1882 erga
739 1816 993 1880 parentes
1015 1807 1356 1862 verecundos
1377 1807 1674 1874 animoque
1695 1803 2032 1874 obsequendi

451 1919 678 1974 pronos,
733 1915 861 1972 erga
900 1914 1060 1954 senes
1083 1898 1330 1955 [cedendi
1358 1897 1628 1952 modestia
1657 1896 1867 1961 faciies,
1907 1911 2034 1966 erga

449 1992 689 2062 aequales
727 2004 792 2044 ac
813 1987 1042 2043 tribules
1072 1985 1226 2041 nullo
1260 1985 1367 2040 doli
1411 1983 1537 2039 fuco
1571 1983 1884 2048 benevolos,
1909 1994 2036 2053 erga

450 2094 698 2156 potentes
717 2099 780 2137 ac
805 2082 1162 2151 magistratus
1186 2078 1458 2145 subditos,
1487 2093 1618 2149 erga
1644 2078 1876 2147 denique
1901 2091 2036 2146 pan-

452 2175 1042 2250 peres'misericordia
1091 2173 1396 2244 impensus,
1457 2173 1721 2226 virtutum
1789 2170 2034 2225 omnium

453 2269 779 2341 compendio
815 2267 1126 2323 luculenter
1155 2264 1382 2329 eﬂ‘ulsit,
1431 2281 1460 2319 a
1502 2278 1673 2335 puero
1717 2262 1946 2332 pudicus
1973 2276 2037 2315 ac

452 2361 672 2418 sobrius
707 2361 964 2429 virilique
1005 2357 1213 2423 animo,
1267 2356 1604 2426 aequalitatis
1639 2369 1703 2409 ac
1733 2354 2036 2426 prudentia:

451 2467 666 2512 amator
693 2453 982 2522 cultorque
1007 2450 1270 2515 eximius,
1289 2450 1342 2503 in
1371 2448 1633 2518 nulloque
1655 2448 1916 2502 adversus
1935 2444 2036 2499 hu-

452 2549 700 2602 miliores
727 2544 954 2616 spiritus
986 2542 1181 2597 tollens
1201 2549 1295 2595 aut
1329 2539 1682 2610 superbiens;
1711 2537 1914 2608 quibus
1947 2551 2037 2591 re-

450 2642 556 2696 bus
591 2637 839 2693 omnium
884 2634 990 2690 sibi
1045 2633 1378 2689 conciliabat
1414 2632 1656 2696 animos,
1710 2630 2036 2699 cunctisque

451 2729 727 2786 desiderio
759 2737 923 2798 atque
977 2726 1155 2781 amori
1197 2723 1528 2780 habebatur.

521 2865 577 2918 7.
609 2862 727 2918 Jam
760 2877 888 2916 vero
912 2875 1135 2917 emensa
1161 2861 1236 2915 illi
1269 2859 1525 2931 pueritia,
1551 2857 1620 2914 ad
1650 2857 2036 2917 adolescentia

449 2969 628 3010 annos
655 2961 911 3024 provecta
942 2961 1101 3006 aetate
1132 2966 1410 3022 propeque
1465 2957 1680 3006 matura
1714 2959 1775 3004 ut
1805 2949 1874 3005 ad
1906 2949 2037 3004 vali-

453 3048 608 3101 (liora
633 3045 816 3100 studia
845 3044 1126 3108 transiret,
1153 3053 1305 3112 pater
1337 3045 1391 3096 in
1439 3042 1579 3098 vivis
1625 3058 1747 3099 esse
1776 3042 2035 3098 desinens

441 3137 524 3194 .ad
568 3136 739 3192 futuri
774 3135 874 3191 τειαὶ
911 3144 1115 3190 statum
1161 3133 1468 3188 translatus
1510 3143 1615 3190 est.
1680 3129 1818 3188 Hinc
1859 3133 2039 3188 luctus

443 3231 811 3302 planctusque
839 3242 902 3282 ac
933 3239 1157 3292 mceror,
1193 3233 1250 3279 ut
1295 3239 1394 3296 par
1424 3235 1531 3288 est,
1580 3224 1803 3279 domum
1839 3224 2040 3278 irrum-

452 3338 617 3395 pere;
645 3319 809 3376 matri
857 3318 1117 3385 viduitas,
1150 3317 1278 3372 huic
1331 3317 1539 3388 optimo
1587 3317 1797 3372 orbitas
1823 3331 1887 3370 ac
1911 3331 2036 3386 quae

453 3410 580 3470 inde
611 3413 853 3477 tristitia,
886 3425 1255 3466 aerumnarum
1302 3410 1476 3464 moles
1523 3409 1778 3464 desolatae
1821 3409 2040 3464 familia:

455 3506 777 3562 obturbare.
841 3502 1284 3558 Sollicitudinem
1323 3515 1552 3554 examen
1607 3502 1684 3554 rei
1751 3500 2038 3556 familiaris

455 3596 817 3669 procurandae
876 3608 1064 3646 causa.
1112 3590 1304 3645 Omnis
1357 3593 1544 3646 statim
1601 3591 1666 3644 ad
1694 3606 1819 3644 eum
1843 3592 2038 3646 domus

455 3689 709 3762 devoluta
744 3701 908 3750 cura;
962 3684 1052 3738 uni
1114 3683 1189 3737 illi
1243 3683 1454 3748 matris,
1501 3683 1597 3737 uni
1644 3698 2029 3754 germanorum

447 3778 725 3834 incumbit
754 3779 912 3846 221
939 3777 1239 3848 diligentia.
1292 3776 1429 3843 Quia
1461 3790 1612 3843 vero,
1652 3792 1772 3849 quae
1798 3777 1865 3830 ab
1888 3778 2036 3848 agri-

439 3871 670 3928 cultura
719 3871 831 3940 peti
887 3870 1066 3924 solent
1117 3868 1387 3933 subsidia,
1433 3869 1551 3939 ipsa
1583 3869 1779 3938 exigua
1800 3869 2037 3941 viliaquc

454 3981 578 4022 esse
598 3964 946 4028 videbantur,
977 3961 1044 4016 ad
1077 3960 1320 4032 reginam
1352 3962 1570 4017 urbium
1595 3961 1865 4032 proﬁcisci
1897 3961 2035 4018 deli-

454 4056 703 4118 berabat,
736 4062 902 4126 atque
933 4052 1058 4108 inde
1089 4051 1192 4108 sibi
1225 4052 1455 4123 suisque
1487 4068 1554 4108 ex
1581 4053 1796 4110 honesti
1821 4054 2036 4110 ratione

455 4147 785 4220 compendia
815 4161 1026 4217 parare,
1057 4146 1535 4217 patrociniumque
1595 4147 1886 4203 clientibus
1919 4163 2037 4203 ma-

438 4244 652 4314 ,gnitice
701 4240 832 4296 utile
865 4255 928 4295 ac
968 4255 1154 4294 curam
1201 4240 1481 4297 exhibere.
1508 4239 1751 4298 Noverat
1789 4243 1935 4297 enim
1980 4243 2033 4296 in

455 4335 668 4407 magnis
699 4333 952 4398 urbibus,
1000 4348 1062 4388 ac
1083 4334 1437 4403 potissimum
1487 4336 1681 4406 regiis,
1733 4333 2034 4390 induStrias

457 4428 672 4484 indoles
703 4425 1090 4491 inclarescere,
1125 4439 1330 4495 eosque
1354 4426 1449 4498 qui
1495 4426 1618 4481 dote
1652 4427 1840 4496 aliqua
1874 4425 2034 4496 vulgo

442 4521 769 4594 praecellant
807 4518 1164 4590 splendidiori
1221 4518 1442 4574 fortuna
1480 4519 1713 4586 enitere,
1766 4519 1821 4573 in
1874 4518 2029 4590 igno-

452 4616 743 4671 bilioribus
794 4627 926 4668 vero
981 4627 1048 4667 ac
1100 4611 1372 4685 ingloriis,
1421 4612 1570 4667 velut
1631 4611 1688 4667 in
1734 4611 2033 4668 rusticanis

455 4711 791 4780 paganisquc
820 4706 1187 4773 commerciis,
1220 4706 1508 4762 obscurari
1537 4720 1601 4761 ac
1629 4704 1907 4776 corrumpi
1931 4706 2034 4762 vir-

441 4807 625 4863 4utcs,
659 4800 916 4870 ipsasque
945 4814 976 4855 a
998 4813 1075 4864 se,
1109 4798 1255 4869 quod
1290 4812 1399 4854 non
1433 4797 1743 4854 ostentandi
1782 4799 1938 4868 copia
1964 4797 2033 4854 sit

446 4904 559 4946 nec
591 4905 721 4946 vero
750 4890 1101 4945 admirationi
1159 4889 1418 4961 laudique
1485 4889 1814 4955 habeantur,
1845 4890 2031 4946 exole-

448 4998 610 5042 scere
629 4998 699 5037 ac
728 4983 1465 5050 marcescere.Quamobrem
1495 4999 1524 5040 e
1549 4985 1666 5040 suis
1699 4983 1771 5039 illi
1805 4982 2033 5039 rationi.

456 5077 560 5132 bus
596 5077 883 5132 videbatur
909 5085 967 5129 ut
986 5090 1044 5130 se
1072 5075 1138 5129 ad
1167 5076 1355 5131 urbem
1389 5087 1678 5148 augustam
1710 5075 1988 5132 conferret
2015 5093 2026 5130 :

456 5169 776 5225 retrahebat
814 5176 1005 5224 tamen
1064 5182 1129 5222 ac
1175 5167 1453 5238 detinebat
1515 5153 1710 5223 matris
1756 5184 1933 5233 amor,
1980 5175 2036 5222 et

455 5259 601 5319 quod
640 5259 760 5328 ejus
802 5259 985 5315 levare
1030 5256 1308 5314 molestias
1359 5255 1442 5310 vel
1487 5257 1727 5313 maxime
1782 5267 2028 5328 cuperet,

455 5350 710 5419 quodque
733 5353 869 5410 adeo
920 5351 1012 5408 illa
1062 5349 1271 5406 alenda:
1313 5363 1438 5420 spes
1477 5337 1780 5404 senectutis
1816 5349 2023 5417 objiec-

2063 1751 2108 1806 Β

2066 3103 2110 3163 C

2141 483 2262 552 ρίαν
2296 471 2651 552 ἀπασχολεῖν,
2679 482 2748 536 τὰ
2774 482 2872 537 τοῦ
2901 481 3092 552 ὁμοίου
3128 482 3304 544 εἴδους
3338 481 3554 552 καὶτῆς
3582 483 3716 535 παι-ὲ

2135 575 2294 645 δικῆς
2325 575 2542 646 ἡλικίας
2569 575 2750 630 πάντα
2773 577 3115 646 παρήσομεν,
3145 574 3237 627 ἐπὶ
3276 573 3426 627 δὲτὰ
3469 573 3719 644 ἐμπροσ-

2137 667 2227 721 θεν
2243 666 2337 720 τὸν
2365 668 2521 736 λόγον
2554 668 2756 738 σπουδῇ
2788 668 3218 738 προαγάγωμεν,
3252 665 3352 735 τὴν
3402 663 3512 718 τῶν
3561 665 3722 719 ἐπαί-

2135 775 2242 812 νων
2267 757 2578 838 ἀπληστίαν
2613 758 2806 829 ὥσπερ
2832 758 2960 812 ἄλλο
3000 775 3054 811 τι
3109 756 3219 810 τῶν
3267 757 3369 810 οὐκ
3412 757 3722 810 ἐπαινετῶν

2135 850 2538 920 ἀπωθούμενοι.

2211 987 2284 1052 ς’.
2319 988 2667 1058 Τρεφόμενος
2695 985 2874 1040 τοίνυν
2905 986 2932 1039 ὁ
2955 987 3082 1048 παῖς
3123 985 3275 1056 παρὰ
3306 982 3382 1054 τῷ
3409 983 3602 1056 πατρὶ,
3626 983 3725 1036 καὶ

2137 1079 2299 1133 αὐτὸν
2331 1077 2469 1149 ἔχων
2500 1077 2609 1132 τῶν
2645 1077 2940 1148 πρακτέων
2993 1076 3279 1147 ὑφηγητὴν
3318 1078 3414 1128 καὶ
3459 1076 3568 1129 τῶν
3625 1080 3727 1148 ρη-

2136 1167 2276 1220 τέων
2301 1167 2576 1238 ἐξηγητὴν
2601 1167 2694 1220 καὶ
2717 1165 3037 1219 διδάσκαλον
3073 1165 3168 1217 καὶ
3200 1163 3557 1235 παιδοτρίὸην
3585 1166 3727 1234 πρδς

2139 1258 2284 1313 ἆπαν
2316 1260 2607 1313 σπουδαῖον
2627 1258 2723 1311 καὶ
2771 1257 3185 1327 ἐπαινούμενον,
3228 1255 3351 1309 οὕτε
3408 1252 3726 1326 μιξανθρώ-

2145 1369 2251 1407 που
2278 1351 2557 1424 Χείρωνος
2579 1351 2775 1422 ἐδεήθη
2801 1351 2876 1410 ὼς
2917 1349 3218 1422 Ἀχιλλεὺς,
3246 1347 3369 1401 οὕτε
3401 1347 3726 1420 Λυκούργου

2138 1445 2428 1517 νομοθέτου
2455 1444 2542 1516 [Ρ.
2574 1443 2700 1515 158]
2725 1444 2820 1497 καὶ
2846 1442 3107 1505 Σόλωνος,
3149 1440 3273 1495 οὗτε
3303 1440 3596 1511 ὑπερορίου
3629 1440 3729 1493 καὶ

2140 1539 2357 1610 ξενικῆς
2388 1538 2632 1609 ἀγωγῆς,
2663 1538 2778 1592 ἀλλ’
2827 1538 2932 1592 ὑπὸ
2963 1536 3040 1608 τῷ
3074 1535 3302 1606 φύσαντι
3340 1534 3486 1605 μόνῳ
3520 1533 3589 1586 τὰ
3617 1533 3728 1586 τῶν

2139 1632 2321 1685 καλῶν
2353 1631 2756 1702 ἐξασκούμενος
2809 1629 3092 1693 κάλλιστα,
3152 1629 3292 1698 πρός
3341 1643 3400 1680 τε
3455 1624 3518 1678 τὸ
3563 1627 3724 1678 Θεῖον

2138 1725 2395 1798 ὁσιότητα
2427 1725 2521 1778 καὶ
2549 1723 2835 1800 ςῦσέϐειαν
2858 1723 2953 1776 καὶ
2979 1723 3115 1793 πρὸς
3136 1722 3263 1784 τοὺς
3287 1720 3543 1782 τεκόντας
3586 1717 3725 1772 αἰδῶ

2141 1819 2233 1872 καὶ
2257 1817 2592 1876 εὐπείθειαν,
2615 1817 2752 1888 πρὸς
2778 1815 3137 1886 γεραιτέρους
3157 1813 3200 1845 ³ο
3229 1813 3441 1878 ὖπειξιν
3465 1813 3559 1863 καὶ
3583 1811 3724 1880 πρὸς

2138 1903 2335 1980 ἥλικας
2363 1909 2461 1964 καὶ
2496 1909 2731 1980 φυλέτας
2771 1908 2954 1962 ἄδολον
2990 1905 3224 1969 εὔνοιαν,
3281 1903 3420 1974 πρδς
3451 1901 3728 1964 δυνάστας

2139 2004 2424 2075 ὑποταγὴν
2459 2003 2555 2058 καὶ
2583 2001 2720 2071 πρὸς
2756 2001 2992 2070 πένητας
3026 1998 3196 2062 ἔλεον,
3231 1998 3288 2049 ἐν
3328 1996 3532 2057 πάσαις
3599 1996 3726 2056 ταῖς

2139 2097 2360 2166 ἀρεταῖς
2389 2093 2654 2164 ἐπιδήλως
2691 2089 2994 2160 ἐξέλαμψεν
3015 2088 3078 2152 ³¹,
3114 2085 3346 2157 σώφρων
3378 2087 3441 2138 ἐκ
3475 2085 3599 2139 νέου
3629 2083 3728 2134 καὶ

2137 2171 2382 2260 ἀνδρεῖος
2406 2185 2834 2254 ἀναφαινόμενος
2858 2223 2872 2249 ,
2896 2183 2996 2251 τήν
3020 2197 3078 2233 τε
3107 2180 3323 2247 ἰσότητα
3349 2176 3487 2247 μετὰ
3520 2175 3728 2246 φρονή-

2138 2293 2278 2340 σεως
2316 2275 2548 2353 ἀγαπῶν
2577 2273 2672 2327 καὶ
2701 2273 3067 2344 διαφερόντως
3095 2271 3292 2341 τιμῶν,
3320 2271 3415 2322 καὶ
3447 2269 3504 2320 ἓν
3531 2267 3726 2336 μηδενὶ

2136 2368 2244 2421 τῶν
2285 2351 2680 2436 ταπεινοτέρων
2738 2363 3244 2432 κατεπαιρὸμενος·
3297 2358 3356 2424 ἐξ
3409 2351 3486 2412 ὧν
3535 2357 3726 2412 εὔνοια

2137 2457 2290 2532 παρά
2321 2457 2539 2513 πάντων
2564 2455 2712 2526 αὐτῷ
2752 2458 2847 2510 καὶ
2898 2454 2958 2507 τὸ
2990 2455 3158 2507 πᾶσιν
3241 2447 3379 2528 εἶναι
3440 2447 3723 2521 προσφιλῆ

2139 2551 2233 2606 καὶ
2262 2552 2542 2622 ἐράσμιον.
3317 2533 3320 2536 ’

2210 2866 2276 2931 ζ’.
2316 2866 2456 2934 Ἤδη
2513 2863 2572 2916 δὲ
2621 2859 2788 2917 αὑτοῦ
2840 2862 2939 2932 τὴν
2981 2857 3237 2930 παιδικὴν
3280 2856 3725 2929 παραλλάξαντος

2141 2960 2356 3032 ἠλικίαν
2383 2959 2477 3014 καὶ
2509 2957 2645 3028 πρὸς
2668 2954 2768 3026 τὴν
2803 2954 2911 3008 τῶν
2953 2952 3254 3024 μειρακίων
3285 2951 3578 3012 ἐλάσαντος
3617 2951 3720 3002 καὶ

2144 3057 2255 3117 τοίς
2308 3051 2734 3123 ἀνδρικωτέροις
2783 3047 2977 3119 καιρὸν
3025 3046 3241 3115 ἔχοντος
3287 3043 3644 3116 προσϐαίνειν
3677 3044 3723 3074 ³⁸

2147 3143 2594 3216 ἐπιτηδεύμασιν,
2627 3141 2843 3208 ἐξέλιπε
2869 3140 2960 3192 τὸν
2988 3138 3101 3210 βίον
3121 3140 3149 3192 ὁ
3173 3136 3350 3207 φύσας
3394 3136 3580 3207 πατὴρ
3614 3139 3715 3190 καὶ

2143 3238 2281 3309 πρὸς
2310 3235 2407 3308 τὴν
2427 3235 2639 3289 ἐκεῖθεν
2669 3235 2850 3304 ἀπῆρε
2878 3230 3235 3296 κατάστασιν,
3288 3229 3483 3293 πένθος
3523 3228 3582 3282 δὲ
3627 3227 3729 3281 καὶ

2143 3326 2337 3398 θρῇνος
2356 3325 2498 3380 κατά
2510 3325 2608 3396 τὴν
2629 3323 2828 3388 οἰκίαν,
2847 3323 2920 3384 ὼς
2934 3320 3100 3386 εἰκὸς,
3123 3320 3452 3390 ἐπεκώμαζε
3473 3335 3486 3348 ⁸
3521 3318 3742 3389 κηρείσ.

2141 3418 2272 3488 περὶ
2297 3415 2395 3484 τὴν
2433 3415 2642 3486 μητέρα
2676 3413 2770 3466 καὶ
2799 3411 3035 3484 ὀρφανία
3078 3411 3207 3482 περὶ
3235 3409 3424 3464 τοῦτον
3457 3408 3548 3461 τὸν
3585 3410 3732 3477 κρά-

2149 3495 2336 3560 τιστον
2365 3507 2457 3560 καὶ
2501 3507 2559 3560 αί
2587 3503 2840 3558 ἐντεῦθεν
2868 3506 3019 3558 ἀνίαι
3065 3502 3163 3556 καὶ
3209 3501 3413 3570 θλίψεις
3471 3501 3740 3570 ἐφύοντο,

2140 3598 2364 3670 ἐπέρρει
2397 3597 2453 3650 δὲ
2491 3597 2586 3650 καὶ
2629 3595 2926 3666 φροντίδων
2958 3595 3126 3666 ἐσμὸς
3155 3597 3254 3666 τῆς
3297 3593 3439 3649 κατά
3478 3595 3569 3647 τὸν
3605 3594 3742 3664 βίον

2139 3689 2457 3762 διοικήσεως
2489 3691 2683 3745 ἕνεκα·
2740 3689 2942 3762 ἔρρεπε
2969 3690 3079 3761 γὰρ
3137 3689 3273 3762 πρὸς
3324 3689 3510 3742 τοῦτον
3553 3689 3744 3756 εὐθὺς

2141 3788 2292 3842 πᾶσα
2320 3788 2354 3858 ἡ
2387 3779 2516 3858 περὶ
2540 3785 2632 3840 τὸν
2669 3779 2818 3838 οἷκον
2848 3783 3138 3854 ἐπιμέλεια
3171 3782 3262 3836 καὶ
3294 3782 3327 3852 ἡ
3359 3781 3584 3852 πρόνοιι
3622 3785 3746 3854 τῆς

2143 3877 2348 3950 μητρὸς
2390 3877 2486 3930 καὶ
2511 3876 2622 3931 τῶν
2651 3874 2919 3944 ἀδελφῶν.
2961 3873 3115 3927 Ἐπεὶ
3155 3871 3211 3926 δέ
3247 3873 3282 3942 ἡ
3311 3873 3419 3926 ἀπὸ
3443 3872 3746 3941 γεωργίας

2140 3971 2434 4041 ἐπικουρία
2487 3970 2661 4041 μικρά
2695 3985 2781 4032 τις
2823 3967 2870 3999 ³⁸
2901 3965 2996 4021 καὶ
3042 3965 3274 4036 ἀγεννὴς
3328 3963 3503 4018 ἐδόκει
3547 3965 3744 4038 αὐτῷ,

2142 4065 2461 4118 ἐϐουλεύετο
2490 4063 2628 4134 πρὸς
2656 4063 2756 4133 τὴν
2778 4060 3168 4132 βασιλεύουσαν
3199 4056 3462 4112 εἰσελθεῖν
3499 4056 3597 4109 καὶ
3664 4059 3749 4116 τὰ

2139 4158 2237 4228 τῆς
2253 4157 2460 4220 οἰκείας
2481 4154 2684 4228 ἀρετῆς
2710 4153 3087 4221 ἐπιδείξασθαι
3109 4150 3432 4216 κάντεῦθεν,
3463 4149 3646 4222 ἐαυτῷ
3673 4167 3748 4204 τε

2140 4249 2362 4311 καὶτοῖς
2379 4247 2546 4301 αὐτοῦ
2564 4246 2931 4319 προσπορίσαι
2948 4245 3018 4302 τὰ
3037 4246 3220 4302 δέοντα
3234 4244 3328 4300 καὶ
3355 4243 3749 4316 μεγαλωφελῆ

2135 4340 2235 4411 τὴν
2262 4338 2597 4409 προστασίαν
2627 4338 3000 4405 ἐπιδείξασθαι
3028 4338 3124 4392 καὶ
3174 4336 3518 4410 προμήθειαν
3537 4350 3549 4363 ·
3601 4335 3749 4406 ᾔδει

2137 4433 2246 4502 γὰρ
2293 4431 2352 4483 ἐν
2403 4433 2524 4496 ταῖς
2561 4429 2825 4502 μεγάλαις
2850 4429 2946 4483 καὶ
2977 4428 3214 4501 μάλιστα
3263 4429 3384 4490 ταῖς
3431 4424 3746 4496 βασιλευο-

2145 4525 2332 4596 μέναις
2369 4523 2476 4577 τῶν
2532 4523 2740 4576 πόλεων
2793 4523 2895 4585 τὰς
2923 4521 3104 4586 δεξιὰς
3167 4519 3357 4589 φύσεις
3412 4507 3749 4586 εὐδοκιμεῖν

2142 4616 2238 4671 καὶ
2270 4617 2392 4679 τοὺς
2418 4615 2525 4670 τῶν
2556 4614 2730 4669 ἄλλων
2751 4615 2894 4668 κατά
2916 4631 2970 4668 τι
2993 4613 3328 4683 προέχοντας
3351 4611 3445 4663 ἐπ)⁵
3463 4608 3750 4681 λαμπρο-

2139 4709 2306 4782 τέρας
2352 4709 2521 4781 τύχης
2571 4708 2962 4781 γνωρίζεσθαι,
3013 4708 3071 4760 ἐν
3104 4705 3162 4759 δὲ
3211 4708 3338 4768 ταῖς
3375 4700 3752 4774 ἀδοξοτέραις

2139 4800 2246 4853 τῶν
2277 4800 2484 4854 πόλεων
2509 4802 2601 4854 καὶ
2631 4801 2940 4863 ταπειναῖς,
2969 4797 3158 4868 ὥσπερ
3184 4797 3242 4848 ἐν
3298 4796 3420 4858 ταῖς
3468 4811 3754 4862 κωμητι-

2139 4895 2262 4956 καῖς
2293 4895 2684 4964 ἀναστροφαῖς,
2747 4889 3130 4962 ἀμαυροῦσθαι
3179 4887 3272 4941 καὶ
3305 4886 3510 4955 φθίνειν
3532 4885 3578 4916 ³⁵
3627 4887 3756 4952 τὰς

2135 4986 2354 5056 ἀρετὰς,
2383 4987 2471 5038 καὶ
2500 4986 2670 5048 αὐτὰς
2705 4985 2794 5055 ὑφ’
2813 4984 3020 5040 ἑαυτῶν
3049 4986 3105 5037 ἐν
3123 4983 3200 5054 τῷ
3217 4983 3293 5052 μὴ
3315 4979 3758 5036 ἐπιδείκνυσθαι

2138 5074 2274 5145 μηδέ
2294 5071 2668 5144 θαυμάζεσθαι
2687 5074 2822 5145 πρὸς
2838 5074 2897 5128 τὸ
2921 5071 3163 5144 ἐξίτηλον
3179 5073 3378 5142 χωρεῖν
3401 5072 3492 5123 καὶ
3522 5072 3760 5140 μαραί-

2137 5165 2343 5219 νεσθαι.
2367 5167 2464 5219 Διά
2490 5167 2664 5221 ταῦτα
2693 5166 2794 5238 μὲν
2823 5167 2858 5238 ἡ
2877 5165 3014 5238 πρὸς
3041 5164 3140 5236 τὴν
3161 5161 3557 5235 βασιλεύουσαν
3611 5164 3761 5215 εἶσ-

2137 5259 2254 5322 οδος
2275 5260 2447 5314 ἐδόκει
2473 5260 2620 5330 αὐτῷ
2639 5258 2923 5330 λυσιτελὴς
2951 5257 3044 5312 καὶ
3069 5257 3446 5328 συμφέρουσα,
3470 5252 3762 5309 ἀνθεῖλκε

2136 5352 2297 5410 δὲκαὶ
2315 5355 2560 5422 κττείχεν
2577 5355 2603 5405 ὁ
2617 5353 2712 5424 τῆς
2729 5352 2934 5424 μητρὸς
2949 5349 3111 5414 πόθος
3128 5351 3293 5404 καὶτὸ
3307 5349 3478 5404 θέλειν
3497 5349 3767 5404 ἐπικου-

1717 5527 1952 5585 VARM‘Z
1995 5525 2400 5586 LECTIORES.

514 5703 572 5740 1'9
602 5707 863 5779 γέροντας
894 5706 953 5761 Ρ.
1032 5707 1074 5740 ⁸⁸
1109 5706 1414 5778 ἐξέλαμπεν
1451 5709 1515 5763 Α.
1591 5708 1635 5741 ³¹
1667 5709 2034 5781 προδαίνεινΡ

2142 5713 2186 5800 ξ³
2219 5711 2324 5782 τις]
2366 5729 2420 5766 τε
2449 5711 2487 5766 Ρ
2563 5713 2630 5784 __“
2657 5713 2906 5785 φθείρειν
2937 5717 3106 5772 codex
3137 5714 3504 5771 Barbcrinus.

933 5903 958 5915 -Ι
