3994 6220
375 245 479 321 939

1459 252 1968 312 'l‘ilEOi‘IIANES
2004 254 2560 316 CONTINUATUS.

3525 255 3636 321 2&0

372 370 445 424 tis
474 364 806 432 custodiam,
851 372 1058 434 martyr
1115 358 1399 414 Diomedes
1455 359 1772 410 monasterii
1817 375 1948 426 pi-ae-

2062 363 2350 432 ἀτημελῶς
2378 363 2549 427 οὕτως
2585 364 2882 434 ὲπιρῤίᾷσς
2910 363 3102 419 ἑαυτὸν
3152 367 3472 423 ἀνεπαύετο.
3529 371 3643 426 Καὶ

375 462 520 515 i'ecto
555 459 610 512 in
649 456 860 512 somnis
889 463 1081 510 astans
1133 451 1200 506 ad
1250 449 1396 503 fores
1438 449 1751 503 monasterii
1803 449 1956 515 jubet

375 553 548 614 exire,
580 563 758 619 exque
790 547 1006 601 nomine
1038 542 1296 596 Basilium
1321 540 1763 610 compellantem,
1799 541 1954 611 quis-

373 643 500 710 quis
522 640 734 695 vocanti
771 636 1098 700 obaudierit,
1137 634 1282 690 hunc
1307 635 1564 688 inducere
1595 634 1646 687 in
1676 643 1944 688 monaste-

376 735 518 790 rimn
575 749 640 788 ac
690 746 883 788 curare
941 730 1254 798 diligenter,
1302 728 1540 797 ciboque
1595 735 1649 782 et
1699 737 1841 783 tectu
1901 737 1956 782 et

377 829 734 888 vestimentis.
763 824 1159 893 omnidenique
1183 821 1494 877 necessario
1522 821 1671 876 cultu
1699 837 1762 876 ac
1791 824 1955 878 obse-

373 925 527 993 quio,
559 920 738 990 quoad
772 934 866 988 per
886 917 1203 972 facultatem
1233 915 1468 981 licuerit,
1499 915 1765 986 impartiri
1790 925 1954 986 atque

373 1017 593 1070 fovere:
644 1028 768 1067 esse
805 1011 953 1065 enim
989 1025 1017 1062 a
1051 1008 1161 1063 Deo
1192 1018 1420 1062 unctum
1446 1008 1500 1062 in
1543 1009 1952 1078 imperatorem,

371 1110 660 1180 ipsumque
697 1104 1035 1161 exstruendo
1073 1102 1432 1173 augendoque
1457 1102 1794 1157 monasterio
1822 1118 1954 1171 ope-

368 1216 485 1256 ram
513 1200 845 1270 quandoque
869 1199 1218 1251 eollaturum.
1249 1193 1450 1250 Verum
1483 1211 1606 1250 cum
1640 1196 1747 1260 ille,
1776 1197 1952 1251 visum

373 1304 579 1348 temere
609 1290 852 1346 oblatum
898 1291 1168 1359 inaneqne
1227 1291 1428 1344 mentis
1445 1297 1832 1343 commentum
1863 1304 1954 1342 ar-

367 1387 626 1448 bitratus,
657 1385 804 1452 quod
830 1385 903 1438 ita
929 1391 1314 1454 conspexerat,
1376 1383 1536 1437 nullo
1598 1383 1720 1438 loco
1753 1398 1956 1454 pra‘ce-

368 1488 520 1550 ptum
555 1477 718 1551 224
774 1478 1078 1539 habuisset,
1121 1476 1216 1532 sed
1248 1491 1308 1532 se
1361 1492 1581 1532 rursum
1631 1491 1828 1532 somno
1859 1479 1950 1530 deo

372 1573 565 1636 disset,
597 1572 788 1625 eadem
819 1570 1012 1624 iterum
1049 1567 1193 1623 videt
1218 1567 1502 1640 auditque.
1532 1568 1596 1622 Et
1620 1585 1742 1625 cum
1771 1567 1954 1622 adhuc

369 1663 536 1718 etiam
568 1662 786 1732 segnior
830 1674 1136 1729 somnoque
1177 1663 1380 1729 gravis,
1431 1669 1490 1714 ut
1536 1661 1842 1724 videbatur,
1891 1673 1951 1712 se

2057 455 2122 524 δὴ
2158 457 2284 524 περὶ
2316 456 2540 526 πρώτην
2565 457 2726 526 τυχὸν
2763 457 3012 528 φυλακὴν
3039 458 3234 522 νυκτὸς
3268 459 3404 531 ὄναρ
3439 461 3513 532 τῷ
3541 463 3638 531 τῆς

2061 548 2228 617 μονῆς
2263 547 2657 618 καθηγουμένῳ
2685 551 2713 603 6
2765 550 2977 620 μάρτυς
3005 551 3275 622 Διομήδης
3325 553 3638 622 ἐφίσταταῆ
3667 545 3673 587 ε

2059 641 2295 693 κελεύων
2327 641 2416 693 ἐπὶ
2444 641 2486 674 ³⁷
2516 643 2606 694 τὸν
2636 643 2857 695 πυλῶνα
2903 644 3001 713 τῆς
3061 644 3229 713 μονῆς
3273 644 3514 709 ἐξελθεῖν
3544 648 3641 698 καὶ

2059 733 2118 799 ἐξ
2171 733 2435 802 ὀνόματος
2490 734 2715 788 καλέσαι
2749 733 3056 798 Βασίλειον,
3120 736 3215 790 καὶ
3270 735 3330 795 6;
3377 737 3443 790 ἂν
3491 737 3640 808 αὐτῷ

2059 827 2345 898 ὑπακούσῃ
2373 826 2648 891 καλοῦντι,
2692 827 2880 880 τοῦτον
2912 829 3232 896 εἰσαγαγεῖν
3266 828 3345 892 είς
3370 829 3430 881 τὸ
3469 845 3641 899 μονα-

2061 919 2282 988 στήριον
2305 919 2400 971 καὶ
2423 919 2740 988 ἐπιμελείας
2773 918 3028 985 ἀξιῶσαι,
3062 920 3272 990 τροφῆς
3301 938 3357 974 τε
3389 921 3484 974 καὶ
3513 922 3639 974 azi-

2058 1027 2166 1080 πης
2193 1011 2286 1064 καὶ
2311 1011 2627 1080 ἐνδυμάτων
2659 1011 2751 1062 καὶ
2775 1010 2954 1080 πάσης
2991 1011 3294 1080 μεταδόντα
3347 1011 3448 1082 τῆς
3497 1013 3640 1066 ἐνδεο

2059 1104 2295 1173 χομένης
2322 1104 2513 1172 χρείας
2538 1105 2631 1155 καί
2658 1103 2955 1173 θεραπείας
2975 1119 2991 1134 ·
3027 1104 3387 1174 κεχρισμένον
3414 1105 3520 1177 γάρ
3553 1107 3638 1168 είς

2059 1194 2287 1264 βασιλέα
2319 1196 2608 1266 τυγχάνειν
2635 1193 2970 1269 παραβεοῦ,
2997 1197 3090 1249 καὶ
3116 1196 3280 1251 αὑτὸν
3321 1197 3535 1265 μέλλειν
3558 1200 3643 1260 εἰς

2058 1289 2414 1360 ἀνοικοδομὴν
2437 1291 2530 1342 καὶ
2559 1289 2788 1359 αὔξησιν
2815 1291 2911 1359 τῆς
2935 1289 3220 1361 παρούσης
3264 1291 3517 1358 γενέσθαι
3548 1309 3642 1360 μοι

2058 1383 2177 1454 νῆς.
2221 1383 2311 1446 Ὠς
2356 1383 2412 1437 δὲ
2465 1383 2771 1450 φαντασίαν
2814 1383 2987 1445 ἄλλως
3037 1382 3132 1435 καὶ
3181 1383 3336 1436 κενὸν
3396 1384 3640 1448 διανοίας

2059 1475 2393 1546 ἁνάπλασμα
2424 1477 2582 1543 δόξας
2613 1477 2672 1530 τὸ
2700 1477 2900 1546 ὁραθὲν
2923 1477 2949 1528 6
2990 1476 3294 1547 ἡγούμενος
3344 1479 3402 1530 ἐν
3460 1477 3640 1530 οὐδενὶ

2058 1567 2202 1637 λόγῳ
2230 1568 2402 1636 ἔθετο,
2431 1568 2567 1621 ἀλλὰ
2592 1569 2755 1622 πάλιν
2783 1569 2980 1621 ἐαυτὸν
3008 1568 3086 1639 τῷ
3117 1568 3269 1640 ὕπνῳ
3297 1568 3594 1622 ἐκδέδωκεν
3619 1609 3635 1629 .

2060 1661 2122 1712 ἐκ
2151 1659 2406 1730 δευτέρου
2430 1659 2617 1729 βλέπει
2653 1659 2746 1713 καὶ
2778 1660 2964 1712 ἀκούει
2988 1660 3057 1712 τὰ
3083 1661 3264 1730 ὅμοια.
3307 1660 3391 1723 Ὠς
3435 1661 3492 1713 δέ
3541 1661 3640 1713 καὶ

371 1769 483 1810 non
543 1755 850 1823 colligeret,
905 1752 1066 1806 tertio
1132 1761 1426 1822 martyrem
1479 1753 1623 1806 ridet
1659 1769 1766 1807 non
1833 1752 1946 1821 jam

2059 1751 2140 1804 ἑτι
2164 1752 2342 1822 νωθὴς
2375 1753 2468 1806 καὶ
2491 1752 2760 1823 ὑπνώδης,
2793 1754 2866 1815 ὡς
2893 1754 3090 1817 ἔοικεν,
3112 1753 3188 1805 ῶν
3220 1754 3320 1806 οὐκ
3346 1754 3637 1824 ἀνέφερεν,

368 1846 568 1902 blande
617 1862 683 1901 ac
737 1846 984 1900 hilariter
1051 1845 1477 1914 praecipientem,
1536 1847 1628 1900 sed
1691 1847 1951 1900 atrociter

372 1940 736 2002 minitantem,
774 1938 1092 2009 plagasque,
1149 1949 1206 1992 ut
1236 1939 1554 2007 apparebat,
1593 1938 1794 1993 inferre
1831 1945 1950 1991 ten-

373 2041 600 2094 tantem,
648 2031 700 2084 ni
756 2029 922 2084 citius
973 2029 1125 2097 jnssa
1176 2039 1482 2100 praestaret.
1540 2029 1696 2084 Tunc
1767 2032 1950 2096 itaque

372 2123 517 2176 \elut
579 2138 721 2191 aegre
769 2137 1054 2189 emergens
1101 2121 1374 2191 mortique
1425 2120 1659 2175 vicinum
1695 2136 1946 2175 somnum

371 2213 547 2270 oculis
591 2214 877 2267 excutiens
907 2213 972 2266 ad
1002 2212 1151 2267 fores
1199 2213 1395 2276 venit,
1433 2221 1490 2266 et
1535 2221 1596 2266 ut
1638 2211 1688 2266 ei
1746 2220 1952 2281 martyr

371 2315 723 2376 praeceperat,
755 2320 821 2359 ex
850 2304 1074 2358 nomine
1101 2311 1258 2358 vocat
1287 2320 1300 2355 :
1343 2301 1534 2356 Basili.
1591 2301 1689 2356 Cui
1719 2302 1807 2356 ille
1837 2313 1949 2356 sta-

371 2400 467 2453 tim
496 2398 770 2467 respondit
788 2415 801 2452 :
821 2396 949 2452 Ecce
964 2414 1078 2467 ego,
1103 2396 1470 2465 domine,quid
1485 2395 1637 2464 jubes
1657 2412 1800 2449 servo
1823 2397 1951 2449 tuo?

370 2489 728 2546 lntroduceus
749 2505 877 2543 vero
917 2491 967 2544 in
1000 2489 1415 2552 monasterium,
1444 2502 1566 2543 cum
1599 2488 1852 2558 squalore
1887 2503 1950 2542 ac

370 2581 894 2636 sordibus-obsitum
926 2581 1171 2650 solisque
1198 2579 1490 2634 ardoribus
1519 2579 1674 2649 longe
1693 2589 1946 2635 exustum

368 2675 770 2742 conspexisset,
820 2675 1243 2728 cenvenientem
1285 2687 1477 2726 curam
1511 2673 1950 2742 obsequiumque

370 2763 620 2818 adhibuit
643 2777 709 2818 ac
737 2762 889 2818 omni
924 2761 1269 2816 humanitate
1295 2763 1522 2831 accepit.
1545 2761 1682 2816 Tum
1718 2778 1950 2818 monens

369 2865 430 2910 ut
467 2863 740 2910 secretum
810 2868 977 2924 penes
1014 2867 1073 2906 se
1109 2861 1315 2917 teneat,
1354 2863 1650 2922 careatque
1685 2855 1946 2924 cuiquam

371 2948 626 3016 evulgare
660 2947 728 3001 ob
755 2948 830 3000 rei
858 2945 1186 3014 periculum,
1212 2947 1474 3016 martyris
1515 2946 1589 3000 illi
1624 2945 1826 3000 indicat
1855 2961 1948 3000 va-

370 3038 642 3102 ticinium,
689 3047 743 3092 et
796 3047 855 3090 ut
881 3047 1007 3108 post
1054 3045 1309 3091 eventum
1359 3039 1696 3093 meminisset
1741 3038 1948 3106 jureju-

369 3130 542 3184 rando
563 3129 874 3199 obstringit.
902 3129 1038 3183 Cum
1074 3136 1257 3183 autem
1281 3127 1516 3184 Basilius
1541 3146 1638 3183 nec
1661 3139 1947 3197 acceptare

369 3225 670 3290 videretur,
703 3224 848 3294 quod
871 3239 957 3279 res
991 3222 1112 3292 ejus
1145 3223 1369 3277 modum
1401 3226 1708 3284 excederet,
1739 3220 1833 3274 sed
1859 3236 1948 3290 po-

370 3317 480 3372 tius
514 3323 726 3388 rogaret
752 3323 811 3370 ut
845 3315 965 3384 ejus
997 3312 1368 3368 insinuatione
1402 3312 1730 3366 nobiliorum
1769 3310 1948 3380 cujus-

369 3412 494 3465 dam
515 3409 797 3479 obsequiis
815 3424 912 3478 pro
936 3408 1200 3462 comitatu
1219 3419 1440 3474 operam
1464 3403 1718 3458 addicere
1738 3404 1945 3468 liceret,

372 3504 605 3572 impigre
636 3518 694 3556 se
728 3501 1114 3570 praestitutum
1156 3497 1444 3568 praefectus
1496 3497 1549 3550 iu
1608 3514 1668 3553 se
1721 3501 1945 3568 recepit.

370 3595 632 3660 Quodque
651 3588 1330 3644 monasteriolumiliarius
1361 3589 1612 3642 utebatur
1643 3590 1950 3659 szepiusque

372 3682 548 3736 amice
600 3679 869 3733 invisebat
927 3676 1208 3731 Michaelis
1262 3676 1610 3745 imperatoris
1654 3675 1949 3744 Bai-dieque

370 3774 604 3830 Caesaris
643 3771 1002 3826 consobrinus
1028 3767 1466 3839 (Thcophilitzen
1494 3770 1648 3838 quasi
1683 3769 1947 3824 subblan-

372 3866 572 3920 diendo
585 3880 649 3920 ac
663 3864 946 3919 minuendi
968 3863 1138 3918 forma
1155 3862 1316 3933 225
1330 3861 1626 3927 vocabant;
1644 3877 1945 3934 cognomen

371 3961 491 4014 viro
509 3958 949 4028 Paedeuomeuo),
979 3958 1026 4012 ei
1061 3957 1347 4027 praefectus
1371 3954 1630 4011 Basilium
1662 3972 1946 4010 commcn-

372 4055 486 4112 dat.
511 4055 636 4108 Erat
656 4054 801 4107 enim
829 4053 1006 4106 minor
1039 4052 1128 4106 hic
1149 4049 1486 4121 TheOphilus
1513 4051 1727 4122 magnis
1748 4051 1944 4120 cog-ita-

371 4149 612 4203 tionibus
640 4144 881 4211 inﬂatus,
905 4161 1004 4198 nec
1023 4161 1051 4196 a
1072 4143 1472 4215 magniﬁcentia
1493 4144 1815 4208 abhorrens,
1853 4142 1948 4196 sed

369 4239 463 4310 qui
488 4241 633 4292 viros
669 4246 922 4290 strenuos
966 4234 1264 4303 forumque
1310 4233 1578 4304 elegantia
1621 4249 1685 4286 ac
1738 4242 1944 4287 statura

369 4331 701 4402 conspicuos
725 4327 1180 4399 potissimumque
1202 4323 1524 4380 fortitudine
1549 4333 1711 4394 atque
1747 4325 1945 4377 robore

2058 1845 2122 1898 ἐκ
2159 1843 2345 1913 τρίτου
2393 1843 2582 1913 βλέπει
2607 1844 2698 1897 τὸν
2748 1845 3020 1915 μάρτυρα,
3071 1844 3255 1897 οὐκέτι
3305 1845 3490 1916 πράω;
3543 1845 3644 1897 καὶ

2061 1935 2261 2007 ἱλαρῶς
2295 1935 2826 2007 παρακελευόμενον,
2859 1936 2996 1989 ἀλλά
3037 1937 3279 2007 σφοδρῶς
3311 1936 3644 1990 ἀπειλοῦντα

2059 2031 2152 2082 καὶ
2183 2031 2454 2100 μάστιγας
2479 2027 2558 2100 τῷ
2583 2029 2758 2081 δοκεῖν
2794 2029 3074 2098 ἐπιφέρειν
3103 2027 3462 2100 πειρώμενον,
3487 2031 3534 2082 εἰ
3563 2030 3643 2101 μὴ

2060 2123 2256 2178 θᾶττον
2283 2123 2622 2194 ὑπηρετήσει
2657 2122 2792 2191 πρὸς
2816 2123 2886 2176 τά
2926 2123 3216 2192 λεγόμενα.
3273 2123 3407 2175 Τότε
3453 2123 3497 2175 δ’
3541 2120 3644 2175 οὖν

2062 2217 2216 2286 μόλις
2272 2218 2436 2268 οἱονεὶ
2483 2213 2766 2286 ἀνανήψας
2826 2215 2923 2266 καὶ
2983 2215 3075 2267 τὸν
3111 2214 3331 2282 γείτονα
3397 2215 3639 2268 θανάτου

2060 2309 2229 2362 ὕπνον
2258 2309 2368 2361 τῶν
2395 2307 2687 2378 ὀφθαλμῶν
2733 2307 3202 2378 ἀποτιναξάμενος
3249 2308 3327 2376 τῷ
3347 2308 3392 2342 ³⁵
3427 2309 3642 2361 πυλῶνι

2058 2403 2365 2471 ἐφίσταται,
2395 2400 2652 2453 καὶκατὰ
2685 2401 2745 2453 τὸ
2772 2399 2864 2452 τοῦ
2894 2401 3173 2471 μάρτυρος
3209 2402 3544 2470 πρόσταγμα
3575 2399 3643 2466 ἐξ

2056 2495 2317 2564 ὀνόματος
2369 2493 2591 2546 ἐκόιλει⁸
2623 2493 2923 2547 Βασιλειε.
2971 2493 3028 2545 Ὀ
3078 2493 3133 2545 δὲ
3183 2491 3344 2553 εὐθὺς
3400 2493 3641 2563 ἀπεκρί-

2058 2599 2222 2635 νατο·
2275 2581 2430 2636 Ἰδοὺ
2499 2579 2655 2649 ἐγὼ,
2729 2581 2931 2646 κύριε,
2997 2581 3053 2633 τί
3081 2580 3496 2652 προστάσσεις
3559 2578 3644 2648 τῷ

2057 2673 2257 2737 δούλῳ
2285 2689 2400 2726 σου
2421 2688 2441 2736 ;
2475 2671 2616 2724 Είσω
2635 2671 2692 2724 δέ
2722 2671 2884 2724 αὑτὸν
2914 2671 3012 2740 τῆς
3048 2671 3216 2740 μονῆς
3243 2674 3638 2742 ποιησάμενος,

2057 2770 2151 2820 καὶ
2180 2766 2302 2820 ἰδὼν
2330 2767 2589 2838 ῥυπῶντα
2609 2766 2653 2797 ³⁸
2687 2782 2748 2818 τε
2780 2765 2874 2818 καὶ
2899 2765 3200 2834 αὐχμῶντα
3233 2766 3326 2820 καὶ
3357 2765 3524 2818 πολὺν
3545 2765 3642 2818 ἐπὶ

2055 2860 2149 2914 τοῦ
2183 2859 2475 2931 προσώπου
2500 2858 2592 2912 τὸν
2618 2858 2662 2890 ⁸⁸
2683 2859 2833 2929 ἥλιον
2856 2858 3111 2930 φέροντα,
3143 2859 3240 2929 τῆς
3267 2859 3493 2928 δεούσης
3523 2860 3642 2911 ἐπι-

2060 2955 2280 3027 μελείας
2303 2953 2398 3008 καὶ
2416 2952 2712 3022 θεραπείας
2737 2951 2974 3022 ἠξίωσεν
2998 2953 3090 3004 καὶ
3123 2953 3304 3021 πάσης
3331 2951 3641 3022 φιλανθρω-

2060 3048 2187 3110 πίας
2209 3041 2672 3118 μετέδωκεν.Εἶτα
2685 3044 2746 3098 τὸ
2763 3047 3060 3116 μυστήριον
3081 3046 3212 3115 παρ’
3235 3044 3412 3115 ἐαυτῴ
3435 3046 3645 3116 φυλάτ-

2050 3158 2164 3194 τειν
2185 3139 2278 3192 καὶ
2302 3138 2436 3208 πρὸς
2458 3137 2661 3208 μηδένα
2680 3136 2974 3206 ἐκλαλῆσαι
2993 3135 3082 3189 διά
3107 3135 3166 3188 τὸ
3187 3136 3504 3200 κινδυνῶδες
3523 3139 3643 3188 sia-

2050 3232 2420 3303 ηγησάμενος,
2439 3229 2538 3298 τὴν
2555 3227 2648 3280 τοῦ
2695 3228 2976 3298 μάρτυρος
2990 3227 3138 3295 αὐτῴ
3151 3228 3462 3298 ἐφανέρωσε
3480 3230 3646 3300 πρόρ-

2053 3327 2209 3395 ρησιν
2229 3322 2476 3393 καὶπρὸς
2504 3320 2566 3372 τὺ
2593 3321 2902 3391 μεμνῆσθαι
2927 3321 3068 3392 μετὰ
3087 3321 3183 3392 τὴν
3209 3322 3433 3375 ἐκὸασιν
3458 3326 3642 3392 ἠσφα-

2051 3415 2257 3469 λίσατο.
2289 3417 2329 3467 Τ
2333 3416 2394 3467 οὖ
2421 3415 2496 3478 δὲ,
2523 3414 2597 3474 ῶς
2625 3414 2766 3482 ὑπὲρ
2798 3416 2960 3468 αὑτὸν
2987 3415 3141 3477 ὄντος
3157 3414 3248 3468 τοῦ
3269 3417 3600 3485 πράγματος
3617 3455 3636 3479 ,

2054 3508 2189 3577 μηδὲ
2223 3505 2633 3576 παραδέχεσθαι
2656 3506 3104 3572 δόξαντος,⁴ἁλλὰ
3138 3507 3339 3577 μᾶλλον
3381 3508 3637 3561 διἀὑτοῦ

2050 3596 2326 3662 ἀξιοῦντος
2365 3597 2758 3666 εἰσοικισθῆναι
2787 3598 2878 3650 καὶ
2913 3597 3051 3667 πρὸς
3109 3596 3357 3652 δουλείαν
3409 3599 3637 3668 δοθῆναι

2050 3689 2158 3742 τῶν
2185 3690 2608 3760 ἑμφανεστέρων
2637 3691 2765 3754 τινὶ,
2799 3690 3102 3760 προθύμως
3136 3691 3328 3744 ἐαυτὸν
3363 3692 3444 3753 είς
3476 3691 3638 3745 τοῦτο

2051 3782 2324 3836 ἐπέδωκεν
2355 3782 2729 3853 όὴγούμενος.
2770 3783 2880 3835 Καὶ
2911 3784 3036 3836 ἐπεὶ
3068 3783 3318 3852 συνήθως
3347 3782 3462 3853 εἶχε
3500 3785 3637 3852 πρὸς

2050 3875 2149 3948 τὴν
2167 3876 2422 3946 τοιαύτην
2450 3879 2616 3947 μονὴν
2633 3878 2725 3930 καὶ
2741 3875 3003 3938 πολλάκις
3027 3876 3322 3946 ἐτύγχανεν
3345 3879 3523 3929 ἐκεῖσε
3549 3896 3634 3945 φι-

2051 3972 2180 4034 λίως
2208 3971 2407 4040 φοιτῶν
2445 3971 2473 4023 6
2513 3971 2607 4024 τοῦ
2643 3969 2910 4040 βασιλέως
2949 3970 3173 4040 Μιχαὴλ
3206 3972 3298 4022 καὶ
3336 3971 3517 4041 Βάρδα
3541 3970 3636 4024 τοῦ

2052 4066 2331 4135 Καίσαρος
2373 4064 2664 4135 συγγενής,
2696 4064 2757 4116 ὃν
2797 4065 3254 4134 ὑποκοριζόμενοι
3276 4064 3638 4135 Θεοφιλίτζην

2052 4158 2300 4222 ἐκάλουν,
2329 4157 2619 4227 ἐπώνυμον
2633 4157 2868 4228 φέροντα
2894 4157 2988 4210 τὸν
3014 4157 3436 4229 Παιδευόμενον,
3457 4160 3638 4229 τούτῳ

2053 4250 2348 4320 συνέστησε
2391 4251 2482 4302 τὸν
2513 4248 2793 4300 Βασίλειον
2812 4251 2838 4301 ό
2863 4248 3196 4320 ἡγούμενοςο
3231 4252 3494 4320 ἐτύγχανε
3524 4253 3638 4321 γάρ

2051 4356 2168 4403 πως
2199 4340 2258 4392 τὸ
2286 4338 2620 4407 Θεοφιλίδιον
2649 4339 2806 4392 τοῦτο
2845 4340 3049 4411 γαῦρον
3078 4342 3138 4394 ὃν
3180 4341 3260 4412 τῷ
3316 4345 3636 4413 φρονήματι

371 4434 690 4495 praestantes
743 4423 798 4476 in
833 4421 1098 4474 comitatu
1156 4419 1354 4473 habere
1413 4418 1687 4482 studebat,
1726 4415 1939 4485 sibique

2055 4433 2144 4485 καὶ
2185 4431 2671 4503 μεγαλοφροσύνης
2699 4434 2798 4487 οὐκ
2853 4435 3125 4504 ἀφεστὼς,
3183 4435 3268 4508 [Ρ.
3313 4437 3437 4507 Hi]
3495 4437 3638 4490 ἀλλὰ

370 4517 476 4572 illis
507 4516 837 4586 placebatac
867 4512 1138 4566 honestari
1159 4510 1450 4564 ambiebat.
1479 4508 1721 4564 Vidisses
1756 4511 1940 4562 statim

369 4613 564 4666 sericis
613 4610 834 4664 indutos
869 4623 932 4660 ac
983 4606 1190 4673 reliquo
1223 4603 1371 4658 cultu
1412 4603 1628 4672 egregie
1693 4611 1940 4656 ornatos.

369 4704 466 4758 His
506 4703 772 4758 adlectum
813 4715 1006 4754 recens
1029 4699 1320 4753 admodum
1351 4697 1639 4767 quaesitum
1681 4696 1942 4766 jchnem

371 4795 654 4858 liasiliuui,
689 4809 755 4848 ac
804 4806 917 4847 tum
954 4792 1202 4862 corporis
1239 4791 1437 4846 τοίωιό
1461 4799 1577 4844 tum
1620 4789 1787 4844 animi
1838 4791 1944 4842 \‘ir-

381 4895 497 4940 tute
537 4884 694 4953 longe
719 4886 949 4954 reliquis
984 4893 1248 4955 prastare
1289 4884 1490 4949 risum,
1537 4898 1697 4938 suum
1757 4893 1942 4952 proto-

372 4988 663 5036 stratorcm
693 4978 837 5040 fecit,
876 4976 1180 5046 majorique
1215 4978 1269 5030 in
1296 4977 1410 5033 dies
1440 4992 1626 5031 amore
1655 4991 1946 5046 proseque-

369 5076 549 5141 batur,
588 5088 649 5128 ac
707 5085 805 5143 pro
833 5071 1052 5125 eximiis
1105 5070 1225 5138 ejus
1271 5071 1492 5127 dotibus
1548 5071 1942 5126 admirabatur.

369 5168 714 5222 Cerne-batur
760 5164 907 5220 enim
957 5173 1009 5217 et
1064 5178 1228 5217 manu
1275 5176 1536 5218 strenuus
1563 5175 1726 5233 atque
1760 5164 1944 5218 animo

370 5259 633 5328 prudens,
671 5267 725 5314 et
775 5258 843 5313 ad
889 5255 1264 5330 praestandum
1324 5255 1588 5324 quidquid
1637 5257 1939 5326 injunctum

370 5359 517 5406 esset
546 5353 744 5420 oppido
777 5360 1066 5422 promptus
1092 5359 1145 5404 et
1177 5347 1370 5402 solers.

2050 4527 2128 4588 εἰς
2163 4527 2401 4596 σπουδὴν
2435 4527 2558 4596 ἕχον
2595 4528 2874 4594 γενναίους
2911 4529 3116 4600 ἄνδρας
3153 4532 3248 4584 καὶ
3273 4532 3500 4594 εὐειδεῖς
3535 4532 3636 4584 καὶ

2049 4619 2305 4688 εύηλικας
2347 4622 2439 4672 καὶ
2477 4619 2565 4675 ἐπ’
2600 4621 2794 4691 ἀνδρίᾳ
2829 4621 3064 4695 μάλιστα
3115 4626 3208 4676 καὶ
3242 4626 3402 4696 ῥώμῃ
3436 4624 3634 4694 σῶμαο

2046 4728 2138 4775 τος
2167 4713 2530 4782 διαφέροντας
2557 4714 2862 4784 κεκτῆσθαι
2891 4717 3022 4785 περὶ
3057 4719 3221 4770 αὑτὸν
3259 4719 3353 4771 καὶ
3382 4720 3476 4772 ἐπὶ
3504 4721 3638 4772 τού-

2046 4814 2159 4861 τοις
2191 4802 2336 4868 μέγα
2372 4805 2590 4871 φρονεῖν
2629 4804 2722 4857 καί¹
2772 4805 3174 4874 σεμνύνεσθαι’
3215 4807 3311 4871 οὓς
3363 4810 3529 4870 εὐθὺς
3564 4807 3640 4880 ἦν

2052 4891 2186 4962 όρᾷν
2220 4896 2473 4963 σηρικαῖς
2503 4913 2563 4948 τε
2595 4899 3006 4966 κοσμουμένους
3054 4900 3248 4970 ἐσθῆσι
3277 4902 3370 4955 καὶ
3399 4906 3464 4972 τῇ
3497 4905 3642 4978 ἄλλῃ

2053 4985 2364 5057 καταστολῇ
2393 4988 2815 5060 διαπρέποντας.
2853 4992 3075 5055 Τούτοις
3110 4994 3488 5062 καταλεγέντα
3544 5002 3643 5049 τον

2051 5079 2246 5149 νέηλυν
2278 5081 2499 5135 νεανίαν
2537 5082 2840 5149 Βασίλειον,
2896 5086 2994 5138 καὶ
3021 5088 3066 5118 ⁵⁸
3108 5089 3248 5141 κατὰ
3295 5089 3429 5142 πολὺ
3490 5108 3641 5160 προ-

2053 5172 2199 5243 έχειν
2232 5171 2460 5238 δόξαντα
2493 5175 2600 5229 τῶν
2622 5176 2826 5230 λοιπῶν
2844 5178 2987 5231 κατὰ
3012 5195 3072 5231 τε
3102 5181 3427 5250 σωματικὴν
3457 5182 3647 5248 ἀλγζμ

2051 5263 2143 5316 καὶ
2175 5264 2411 5336 ψυχικὴν
2435 5267 2678 5338 ἀνδρίαν,
2705 5273 3174 5342 πρωτοστράτορα
3208 5273 3374 5326 αὑτοῦ
3399 5289 3464 5326 πε
3476 5291 3612 5341 rem,

2048 5372 2142 5409 κεν
2169 5359 2197 5410 ὁ
2225 5358 2503 5426 Θεόφιλος,
2530 5362 2623 5413 καὶ
2654 5362 2870 5431 ἡμέραν
2889 5363 2946 5428 ἐξ
2981 5364 3196 5433 ἡμέρας
3217 5366 3308 5416 ἐπὶ
3329 5365 3489 5416 πλέον
3508 5365 3650 5433 ﬁta.

372 5449 514 5503 πὶτο
534 5446 661 5518 παρ’
688 5448 852 5502 αὑτοῦ
887 5450 979 5502 καὶ
1014 5450 1102 5502 ἐπὶ
1131 5448 1241 5510 τοῖς
1271 5445 1492 5507 οἰκείοις
1522 5449 1934 5518 προτερήμασιν
1973 5451 2331 5522 ἐθαυμάζετο·
2354 5456 2602 5524 ἐφαίνετο
2627 5457 2733 5528 γάρ
2767 5459 2862 5512 καὶ
2894 5460 3038 5513 κατά
3061 5462 3216 5530 χεῖρα
3250 5461 3498 5528 γενναῖος
3541 5466 3651 5516 καὶ

373 5545 516 5597 κατὰ
535 5542 714 5612 ψυχὴν
753 5544 972 5606 συνετὸς
1012 5545 1107 5596 καὶ
1134 5541 1268 5613 πρὸς
1299 5539 1360 5594 τὸ
1389 5538 1747 5610 κελευόμενον
1780 5546 1888 5598 πᾶν
1920 5545 2043 5610 ὀξύς
2082 5564 2139 5598 τε
2172 5546 2267 5598 καὶ⁵
2289 5547 2609 5616 ἐπιτήδειος.

1669 5636 1900 5692 VARUS
1943 5638 2342 5694 LECTIONES.

442 5727 633 5806 "_tnlj
663 5731 790 5801 περὶ
817 5730 922 5785 AP.
1003 5733 1044 5766 ⁸⁸
1071 5731 1278 5802 τῷοηι.
1315 5732 1374 5789 Ρ.

1457 5735 1499 5766 ³⁸
1529 5734 1802 5804 ρυποῦντα
1850 5736 1939 5789 καὶ
1969 5736 2026 5792 l‘.

2107 5737 2150 5768 “
2183 5737 2266 5791 τὸν
2299 5752 2406 5791 om.
2449 5737 2507 5793 Ρ.
2590 5743 2626 5771 ’⁸⁸
2673 5748 2751 5796 zz‘
2793 5743 2984 5801 om.P.
