3994 6220
275 305 372 368 2·ίῦ

1337 292 1486 354 LIB.
1520 292 1588 352 ν.
1619 313 1689 325 -
1720 286 2081 350 BASILIUS
2119 274 2448 348 MACEDO.

3413 282 3532 352 2&6

270 417 437 488 suae
481 413 686 485 πατὴρ.
739 411 804 465 Οί
851 409 908 466 δὲ
947 407 1249 479 Βούλγαροι
1278 406 1367 461 ἀεί
1412 423 1528 471 πως
1559 401 1842 476 οίηματίαι

1953 411 2061 456 tem
2102 399 2421 472 primasque
2446 397 2501 454 in
2528 397 2676 454 lucta
2705 397 2814 456 sibi
2841 395 3237 464 vindicantem,
3255 411 3422 468 quem
3441 399 3531 450 vix

269 509 362 564 καὶ
408 502 786 578 καυχηματίαι
833 501 1238 572 τυγχάνοντες,
1296 497 1419 552 ἐπεὶ
1474 496 1664 565 ἔτυχον
1719 492 1840 547 τότε

268 599 385 672 μεθ’
426 597 634 652 ἑαυτῶν
686 595 903 666 ἔχοντες
955 593 1262 662 Βοὺλγαρον
1295 589 1340 623 δ’
1377 588 1464 643 ἐπ’
1510 587 1702 660 ἀνδρία
1753 603 1845 640 σε-

267 691 596 762 μνυνόμενον
648 687 900 754 σώματος
947 686 1040 739 κει)⁵
1088 683 1258 754 ἄκρον
1321 681 1380 735 ὲν
1423 675 1842 750 παλαισμοσύνῃ

265 784 602 854 ὑπάρχοντα,
640 779 698 833 ὃν
736 779 912 841 οὐδεὶς
943 775 1129 848 σχεδον
1157 774 1322 847 μέχρι
1368 771 1489 826 τότε
1523 770 1633 824 τῶν
1667 785 1840 840 προσ-

263 873 599 928 παλαιόντων
650 869 952 925 κατέϐαλεν
985 909 1003 934 ,
1069 868 1170 922 οὐκ
1221 863 1451 920 ἀνεκτὸν
1492 862 1712 916 ἐδόκουν
1757 861 1842 914 ἐπ’

263 964 411 1034 αὐτῷ
467 965 710 1034 φρονεῖν,
755 959 870 1015 ἀλλ’
915 958 1056 1026 ὑπὲρ
1093 957 1154 1011 τὸ
1185 955 1384 1028 μέτρον
1433 948 1840 1024 ἠλαζονεύοντο.

263 1057 368 1112 Τοῦ
405 1055 462 1111 δὲ
510 1055 679 1110 πότου
737 1053 1020 1124 προϊόντος
1067 1051 1163 1104 καὶ
1198 1045 1468 1119 θυμηδίας
1509 1040 1844 1115 χορευούσης

263 1150 400 1204 κατᾶ
431 1149 535 1220 τὴν
576 1145 882 1219 τράπεζαν,
925 1145 1073 1212 λέγει
1107 1142 1135 1196 ὁ
1171 1140 1368 1214 μικρὸς
1408 1139 1618 1202 ἐκεῖνος
1652 1135 1847 1206 Θεόφι-

263 1243 350 1307 λος
373 1240 513 1313 πρὸς
544 1241 637 1295 τὸν
675 1240 952 1310 Καίσαρα,
986 1238 1068 1292 ὅτι
1099 1237 1275 1305 Ἕχω,
1299 1232 1589 1297 δέσποτα,
1621 1230 1844 1299 ἄνθρω-

265 1348 376 1389 πον
412 1333 486 1400 ὃς
511 1333 623 1387 ἐὰν
646 1331 902 1400 κελεύῃς
926 1330 1028 1384 ἵνα
1059 1326 1334 1393 natalem
1355 1322 1509 1394 μετὰ
1542 1320 1650 1376 τοῦ
1681 1335 1845 1389 περι-

265 1424 480 1494 (mirati
510 1424 729 1478 τούτου
772 1420 1142 1492 Βουλτάρου.
1209 1415 1517 1485 Μέγιστον
1549 1413 1656 1482 γὰρ
1687 1411 1843 1465 ὄνει-

259 1520 364 1585 δος
408 1518 592 1574 τοῦτο
645 1515 981 1586 Ῥωμαίοις,
1037 1510 1136 1566 καί
1192 1507 1395 1574 οὐδεὶς
1442 1505 1684 1562 ὐποίσει
1731 1503 1846 1570 τὴν

262 1608 616 1672 ἀλαζονείαν
655 1606 876 1673 αὐτῶν,
931 1608 984 1662 ει
1027 1598 1208 1670 οὗτος
1246 1599 1730 1669 ἀκαταγώνιστος
1777 1595 1846 1648 ἐν

259 1703 600 1775 Βουλγαρίᾳ
650 1699 1083 1771 παραγένηται.
1145 1693 1255 1749 Τοῦ
1315 1693 1372 1746 δὲ
1422 1687 1704 1761 Καίσαρος
1750 1704 1844 1756 γε-

1949 492 2096 554 ullus
2145 506 2376 563 usquam
2411 492 2680 548 hactenus
2723 491 2869 548 lucta
2915 490 3225 560 dejecisset,
3269 487 3416 546 baud
3449 488 3532 544 le-

1947 585 2175 640 rendum
2211 583 2479 654 putabant
2516 591 2576 637 ut
2606 581 2710 638 sibi
2737 582 2803 638 de
2840 582 2935 638 illo
2964 582 3168 652 aliquid
3205 580 3529 644 tribuerent.

1947 673 2054 728 nisi
2110 687 2280 741 supra
2330 672 2561 727 modum
2617 682 2937 742 arrogantes
2993 689 3133 744 pene
3183 673 3530 730 insultarent.

1947 762 2370 848 Compotatione
2428 763 2614 833 itaque
2665 764 2997 834 procedente
3046 779 3110 820 ac
3154 763 3431 820 hilaritate
3475 764 3532 817 in

1947 869 2136 911 mensa
2166 854 2338 912 eﬂ'use
2367 854 2814 925 tripudiante,ait
2839 856 3069 926 pusillus
3087 855 3174 912 ille
3195 854 3533 926 Theophilus

1907 991 1910 994 ι
1946 949 2012 1006 ad
2051 947 2324 1006 Catsarem
2352 965 2366 1004 :
2399 948 2602 1014 Habeo,
2623 947 2852 1013 domine,
2877 950 3140 1004 hominem
3251 949 3532 1012 comitatu,

1946 1040 2060 1111 qui,
2099 1041 2144 1094 si
2175 1039 2431 1109 jusserit,
2464 1055 2582 1093 cum
2617 1039 2821 1109 famoso
2858 1041 2953 1094 illo
2985 1039 3225 1113 Bulgaro
3258 1041 3328 1095 sit
3361 1039 3534 1094 lucta-

1949 1144 2124 1189 turus.
2144 1133 2381 1188 Maximo
2414 1134 2552 1188 enim
2580 1133 2772 1203 probro
2806 1132 3057 1188 Romanis
3075 1134 3240 1202 cedet,
3274 1150 3367 1188 nec
3389 1133 3532 1187 ιιίιιισ

1944 1225 2039 1280 erit
2066 1225 2156 1295 qui
2184 1223 2398 1278 illorum
2434 1225 2802 1296 arrogantiam
2828 1226 2995 1296 ferat,
3018 1227 3064 1280 si
3098 1227 3195 1280 iste
3222 1226 3280 1279 in
3324 1224 3533 1295 Bulga—

1948 1323 2084 1378 riam
2139 1341 2172 1377 a
2216 1323 2363 1377 ηιιιιο
2412 1333 2694 1392 superatus
2736 1325 2978 1380 redierit.
3022 1323 3188 1380 Jubet
3233 1324 3419 1380 Caesar
3456 1324 3529 1380 ita

1948 1416 2235 1488 praestari;
2275 1414 2430 1486 isque
2463 1416 2623 1488 cujus
2663 1416 2908 1480 memini,
2947 1416 3110 1486 230
3134 1415 3533 1472 Constantinus

1949 1506 2237 1577 patricius,
2279 1505 2535 1562 amicitiae
2582 1522 2723 1563 nexu
2771 1506 2974 1562 Basilio
2999 1508 3533 1577 conjunctissimus.

1950 1599 2149 1669 quippe
2178 1597 2270 1666 qui
2331 1605 2386 1652 et
2415 1598 2530 1668 ipse
2553 1612 2618 1652 ex
2649 1595 2928 1652 Armeniis
2959 1596 3228 1668 originem
3260 1595 3531 1661 trahebat.

1951 1691 2142 1745 videns
2173 1687 2571 1744 subhumidum
2606 1703 2784 1744 arenae
2815 1689 3014 1752 solum,
3045 1702 3154 1757 qua
3181 1687 3533 1743 colluctaturi

262 1797 442 1852 νέσθαι
502 1793 909 1867 προστάξαντος
940 1791 985 1824 ⁸ο
1007 1830 1024 1856 ,
1077 1788 1107 1842 ὁ
1141 1781 1648 1860 προμνημονευοεῖς
1687 1782 1842 1834 Κων-

1953 1789 2130 1841 erant,
2166 1781 2485 1851 veritusque
2522 1795 2590 1835 ne
2618 1795 2715 1849 per
2742 1780 2863 1848 ejus
2901 1779 3266 1836 lubricitatem
3295 1777 3534 1835 Basilius

262 1895 534 1956 σταντῖνος
562 1889 874 1962 πατρίκιος,
906 1885 1110 1958 σφόδρα
1141 1882 1336 1954 φιλίως
1382 1878 1518 1948 πρὸς
1557 1875 1650 1930 τὸν
1682 1871 1843 1928 Βασί-

259 1987 397 2042 λειον
431 1986 777 2056 διακείμενος
798 2024 815 2050 ,
857 1982 952 2036 ἆτε
987 1979 1084 2035 καὶ
1109 1975 1272 2039 αὐτὸς
1310 1972 1376 2040 ἐξ
1415 1969 1720 2042 Ἀρμενίων
1750 1968 1841 2022 ξλ-

262 2097 370 2134 κων
396 2080 460 2134 τὸ
491 2079 671 2148 γένος,
716 2075 802 2149 [Ρ.
838 2072 966 2146 ιιι]
996 2072 1119 2126 ἐπεὶ
1145 2069 1368 2141 δίυγρον
1396 2061 1504 2134 εἶδε
1545 2065 1636 2117 τὸν
1675 2061 1841 2115 τόπον

269 2176 325 2228 ὲν
350 2170 391 2240 ᾧ
425 2169 836 2242 διαγωνίζεσθαι
868 2165 1121 2238 ἔμελλον,
1166 2162 1260 2218 καὶ
1304 2156 1564 2214 ἐδεδοίκει
1599 2156 1672 2227 μή
1721 2172 1838 2218 πως

267 2264 520 2336 ὄλισθήσῃ
562 2261 836 2332 τυχδνό⁵⁸
871 2257 1175 2318 Βασίλειος,
1206 2251 1349 2306 αἰτεῖ
1388 2245 1704 2336 προτροπὴν
1746 2261 1839 2328 7s-

264 2333 445 2409 νέςθαι
489 2333 643 2423 παρὰ
688 2349 785 2404 τοῦ
819 2347 1096 2419 Καίσαρος
1126 2345 1192 2396 ἐκ
1229 2340 1401 2410 ξύλων
1440 2333 1838 2410 ὲπιρῤανβῆναι

262 2447 472 2516 πρίσμα
505 2446 551 2477 ⁸⁸
600 2443 744 2498 κατὰ
771 2440 831 2495 τὸ
858 2440 1074 2508 ἔδαφος,
1140 2425 1215 2488 Οὗ
1249 2430 1543 2502 γενομένου
1585 2425 1837 2498 συμπλα-

260 2537 372 2602 κεὶς
402 2535 485 2608 τῷ
521 2533 818 2604 Βουλγάρῳ
843 2533 871 2586 ό
900 2530 1205 2592 Βασίλειος,
1245 2526 1339 2581 καὶ
1371 2523 1564 2578 ΘΞττον
1606 2517 1839 2591 συμπιέ-

260 2646 356 2693 σας
385 2629 483 2682 καὶ
515 2625 886 2698 περισφίγξας
931 2620 1113 2683 αὐτὸν,
1150 2617 1284 2672 ὡσεὶ
1328 2613 1527 2685 δεσμόν
1565 2627 1686 2665 τινα
1711 2611 1840 2680 χόρ-

257 2737 346 2774 του
395 2717 599 2786 κοῦφον
641 2719 736 2771 καὶ
768 2710 1058 2783 ἂψυχον,ῆ
1104 2710 1164 2778 ἐξ
1200 2710 1348 2780 ἐρίου
1384 2707 1549 2759 πόκον
1581 2701 1742 2773 ξηρόν
1778 2715 1839 2752 τε

257 2814 349 2866 καὶ
378 2810 640 2882 ἐλαφρὸν,
687 2807 831 2861 οὕτω
857 2804 1056 2877 ῥᾳδίως
1085 2801 1244 2856 αὑτὸν
1279 2798 1466 2853 ἐπάνω
1492 2795 1590 2867 τῆς
1629 2793 1676 2828 ⁸³
1706 2809 1839 2862 τρα-

259 2904 430 2976 πέζης
484 2901 829 2975 μετεωρίσας
877 2894 1206 2968 ἀπέρριψεν.
1274 2889 1380 2946 Τοῦ
1439 2889 1495 2942 δὲ
1552 2885 1839 2957 γεγονότος

257 2999 429 3062 οὐδεὶς
469 2997 578 3050 τῶν
631 2993 916 3066 παρόντων
948 2985 1016 3060 ἦν
1053 2986 1113 3052 ὃς
1150 2986 1210 3040 οὺ
1260 2984 1512 3055 περιεῖπε
1549 2980 1645 3034 καὶ
1677 2977 1838 3032 ἐθαύ-

1950 1873 2084 1944 pede
2136 1873 2434 1928 oﬂ‘enderet
2488 1888 2553 1928 ac
2599 1872 2899 1937 laberetur,
2946 1869 3222 1926 Caesarem
3261 1877 3418 1940 rogat
3474 1877 3534 1925 ut

1949 1967 2113 2022 scobe
2145 1967 2419 2036 lignorum
2447 1965 2628 2020 locum
2654 1964 2942 2035 conspergi
2972 1963 3270 2033 praecipiat.
3301 1963 3531 2016 Factum

1946 2061 2031 2110 est
2064 2071 2080 2120 ;
2113 2061 2478 2125 consertaque
2504 2052 2739 2110 Basilius
2769 2052 2917 2109 lucta
2948 2068 3074 2106 cum
3109 2052 3344 2121 Bulgaro
3365 2052 3532 2108 citius

1945 2143 2289 2214 prehendens
2314 2153 2477 2215 atque
2506 2145 2908 2215 constringens,
2942 2144 3092 2199 velut
3117 2143 3295 2200 levem
3328 2158 3530 2200 exsuc-

1942 2252 2180 2308 cumque
2206 2235 2336 2293 [mni
2371 2238 2711 2308 manipulum
2745 2247 2842 2293 aut
2871 2253 2949 2296 ex.
2967 2239 3090 2292 lana
3119 2237 3291 2292 vellus
3317 2236 3532 2292 aridum

1941 2331 2233 2406 ipsumque
2269 2333 2407 2399 leve,
2451 2331 2595 2388 haud
2628 2346 2830 2402 magno
2862 2331 3141 2390 molimine
3187 2331 3240 2386 in
3284 2345 3529 2386 mensam

1941 2423 2130 2480 levans
2183 2423 2371 2478 allisit.
2425 2424 2505 2478 Eo
2553 2422 2796 2479 facinore
2826 2438 2990 2478 nemo
3027 2424 3379 2493 praesentium
3426 2421 3531 2478 fuit

1943 2514 2036 2586 qui
2074 2530 2184 2570 non
2219 2514 2421 2570 Basilio
2451 2515 2734 2585 impensus
2779 2514 2964 2570 animo
2990 2515 3062 2570 sit
3090 2529 3324 2584 eumque
3353 2513 3530 2569 admi-

1944 2608 2156 2662 ratione
2195 2607 2519 2665 laudaverit.
2570 2605 2675 2661 Sed
2727 2617 2782 2661 et
2831 2606 2935 2676 ipsi
2971 2605 3189 2678 Bulgari
3239 2605 3530 2675 subigendi

1940 2698 2034 2752 illa
2065 2697 2333 2754 facilitate
2361 2706 2528 2768 atque
2562 2697 2760 2754 robore
2790 2697 2844 2751 in
2877 2707 3160 2768 stuporem
3209 2698 3316 2752 acti
3348 2698 3532 2753 conti-

1941 2796 2192 2845 cuerunt.
2228 2789 2305 2843 Ex
2342 2788 2432 2845 illa
2476 2790 2609 2844 liora
2647 2789 2813 2859 coepit
2847 2803 2942 2858 per
2989 2803 3209 2846 omnem
3252 2789 3538 2845 civitatem-

1944 2881 2132 2938 Basilii
2169 2882 2314 2937 fama
2350 2881 2527 2952 magis
2558 2881 3007 2952 percrebrescere
3037 2922 3050 2946 ,
3084 2882 3312 2954 jamque
3352 2881 3531 2940 iactus

1947 2975 2284 3047 conspicuus
2317 2990 2415 3046 per
2444 2975 2697 3030 omnium
2717 2975 2949 3032 celebris
2967 2989 3062 3031 ora
3093 2975 3332 3034 volabat.

259 3097 397 3168 μαζε
430 3094 523 3148 τὸν
553 3091 855 3145 Βασίλειον.
915 3081 1318 3152 Ἐκπλαγέντες
1346 3079 1402 3134 δὲ
1441 3079 1538 3134 καὶ
1600 3077 1651 3130 οί
1718 3073 2026 3145 Βούλγαροι
2076 3075 2177 3143 τὴν
2211 3071 2535 3143 περιουσίαν
2595 3069 2698 3140 τῆς
2748 3070 3036 3141 εὐχερείας
3107 3088 3167 3122 τε
3213 3071 3307 3123 καὶ
3367 3069 3532 3122 δυνά-

260 3209 403 3264 μεως
448 3191 670 3261 ἔμειναν
721 3185 884 3242 ἐνεοί.
931 3185 1052 3241 Ἀπ’
1105 3184 1322 3254 ἐκείνης
1365 3181 1424 3235 δὲ
1479 3180 1582 3251 τῆς.
1621 3178 1836 3248 ἡμέρας
1870 3174 2074 3247 ἤρξατο
2108 3172 2203 3226 ἐπὶ
2253 3172 2417 3226 πλέον
2449 3172 2484 3241 ἡ
2527 3169 2622 3224 τοῦ
2653 3167 2950 3223 Βασιλείου
2985 3170 3144 3240 φήμη
3210 3169 3290 3232 εἰς
3347 3169 3531 3220 πᾶσαν

256 3262 356 3358 τὴν
395 3287 548 3340 πόλιν
595 3285 899 3356 διαφοιτᾷν,
947 3285 1044 3339 καὶ
1095 3285 1208 3346 τοῖς
1252 3280 1510 3334 ἁπάντων
1555 3275 1839 3345 διεφέρετο
1867 3271 2153 3342 στόμασιν,
2193 3266 2538 3328 ἀπόϐλεπε-ος
2560 3262 3068 3358 ἡδηᾲκαϐεστηκώς.

332 3388 422 3450 ιγ’.
473 3375 585 3434 Ἦν
622 3380 680 3433 δὲ
719 3378 872 3451 παρὰ
916 3378 995 3450 τῷ
1030 3376 1243 3448 βασιλεῖ
1271 3371 1494 3446 Μιχαὴλ
1524 3371 1691 3432 ἵππος
1737 3370 1839 3435 ἀφ-

2018 3363 2104 3418 15.
2128 3361 2254 3417 Erat
2288 3373 2452 3431 porro
2483 3357 2630 3428 apud
2653 3355 2976 3412 Michaelem
2995 3371 3168 3424 equus
3194 3357 3348 3412 frena
3380 3372 3528 3412 mor-

258 3473 525 3542 ηνιαστὴς
545 3471 642 3525 καὶ
674 3471 929 3535 ἄτακτος,
970 3465 1324 3538 σκληραύχην
1336 3482 1394 3518 τε
1413 3463 1507 3518 καὶ
1537 3461 1838 3531 ἁγέρωχος,

258 3566 328 3618 τὰ
355 3563 401 3619 δ’
447 3563 588 3619 ἄλλα
628 3564 877 3630 γενναῖος
910 3559 1006 3614 καὶ
1063 3557 1268 3627 ἀγαθὸς
1321 3554 1418 3610 καὶ
1459 3553 1583 3609 καθ’
1621 3551 1839 3622 ἠλικίαν

257 3656 354 3711 καὶ
397 3654 592 3718 καλλος
639 3653 738 3707 καὶ
766 3652 930 3721 τάχος
972 3651 1148 3722 μέγας
1173 3649 1222 3680 ⁸⁵
1269 3647 1362 3701 καὶ
1404 3642 1740 3714 θαυμαστὸς,
1780 3640 1838 3704 ὃς

262 3752 311 3802 εἰ
332 3747 492 3818 ἔτυχε
532 3745 717 3810 λυθεὶς
751 3744 846 3798 τοῦ
894 3741 1157 3813 δεσμοῦῆ
1201 3738 1378 3801 ἄλλως
1429 3755 1543 3800 πως
1591 3733 1838 3804 ἀφεθεὶς,

271 3843 380 3896 κίαν
415 3837 485 3913 ἦν
514 3837 782 3909 δυσχερὴς
826 3837 905 3900 είς
934 3836 1124 3906 χεῖρας
1153 3827 1308 3895 αὖθις
1341 3829 1518 3883 ἐλθεῖν
1548 3827 1640 3880 καὶ
1671 3824 1842 3878 πολλὰ

282 3937 564 4007 εράγματα
597 3932 733 4004 πρὸς
763 3929 824 3984 τὸ
852 3928 1150 3997 κατασχεῖν
1191 3925 1423 3995 παρεῖχε
1467 3924 1578 3985 τοῖς
1622 3917 1843 3973 ἱπποκό-

292 4047 405 4093 .οις.
433 4027 644 4097 Συνέϐη
671 4026 728 4080 δέ
765 4041 896 4078 ποτε
926 4021 1017 4076 τὸν
1060 4018 1286 4091 βασιλέα
1318 4015 1454 4087 πρὸς
1487 4014 1657 4085 Θήραν
1690 4009 1841 4076 ἐξελ-

288 4123 423 4178 θντα
459 4122 554 4175 καὶ
589 4120 681 4174 τὸν
713 4117 955 4172 τοιοῦτον
980 4115 1148 4168 ἵππον
1187 4107 1560 4178 ἐπιϐεϐηκότα
1592 4106 1841 4173 αὐτοχει-

289 4217 354 4284 ia.
412 4212 598 4284 ῥάϐδῳ
641 4212 827 4280 τυχεῖν
876 4204 1116 4275 λαγωοῦ.
1157 4203 1336 4266 Εὐθὺς
1374 4199 1470 4255 οὖν
1516 4198 1606 4268 ὑφ’
1648 4196 1843 4268 ἡδονῆς

285 4303 579 4374 ὁβασιλεὺς
627 4300 820 4355 θᾶττον
854 4302 921 4354 ἐκ
951 4297 1048 4351 τοῦ
1084 4297 1254 4350 ἵππου
1300 4291 1577 4364 καθήλατο
1621 4290 1759 4358 πρὸς
1783 4287 1844 4341 τὸ

288 4391 464 4457 ouilia:
497 4389 588 4442 τὸν
615 4386 852 4456 λαγωόν.
885 4385 1119 4454 Ἀφετος
1143 4381 1200 4436 δὲ
1225 4384 1253 4436 ὁ
1275 4381 1440 4444 ἵππος
1467 4375 1845 4450 καταλειφθεῖς

283 4479 693 4551 ἀπσκίρτησεν,
732 4477 828 4532 καὶ
873 4474 1085 4530 πολλῶν
1129 4471 1566 4543 συνδραμόντων,
1602 4469 1700 4522 καὶ
1737 4467 1845 4521 τῶν

284 4589 339 4627 τε
359 4575 442 4630 :06
477 4570 838 4627 ίπποστασίου
867 4567 1145 4641 ἀρχόντων
1177 4565 1271 4619 καὶ
1304 4561 1702 4635 μαγγλαϐιτῶν
1749 4558 1846 4613 καὶ

283 4663 466 4722 λοιπῶν
506 4663 618 4719 τῶν
672 4663 806 4734 περ)⁸
856 4660 1055 4723 αὐτοὺς
1107 4654 1549 4726 συγκινηθέντων
1576 4693 1592 4714 ,
1635 4652 1736 4706 οὐκ
1775 4647 1844 4722 ἦν

1944 3456 2169 3512 denset
2218 3453 2522 3512 indomitus
2555 3451 2806 3521 duraque
2853 3450 3067 3506 cervice
3099 3457 3156 3506 ct
3199 3451 3470 3518 superbus
3509 3465 3536 3515 ς

1942 3558 2198 3604 ueterum
2231 3559 2537 3616 generosus
2570 3551 2628 3598 et
2652 3543 2852 3609 bonus,
2886 3550 3098 3597 statura
3133 3551 3186 3596 et
3213 3541 3527 3610 pulchritu-

1941 3639 2070 3696 dine
2093 3655 2159 3695 ac
2189 3636 2471 3694 celeritate
2511 3650 2744 3707 magnus
2778 3649 2842 3690 ac
2875 3633 3249 3690 admirandus.
3282 3633 3334 3689 is
3372 3632 3542 3688 freno-

1942 3731 2179 3796 solutus,
2228 3745 2327 3786 seu
2359 3729 2499 3784 alias
2544 3728 2686 3783 liber
2715 3728 3002 3788 dimissus.
3041 3741 3184 3796 aegre
3231 3725 3528 3781 admodum

1943 3838 2137 3878 rursus
2181 3821 2249 3875 ad
2305 3835 2498 3875 manus
2541 3818 2812 3882 veniebat,
2867 3815 3276 3888 plurimumque
3328 3814 3530 3883 negotii
3629 3809 3632 3812 ’

1941 3913 2304 3984 equisonibus
2336 3911 2580 3970 detinere
2617 3910 2996 3983 satagentibus
3023 3909 3350 3966 incessebat.
3387 3908 3532 3964 Con-

1945 4006 2066 4074 tigit
2096 4019 2224 4059 vero
2251 4003 2546 4074 aliquando
2572 4013 2633 4058 ut
2675 4005 2974 4075 imperator
3008 4004 3101 4058 illo
3124 4003 3242 4072 ipso
3265 4016 3409 4071 equo
3439 4018 3533 4056 ve-

1944 4105 2136 4152 natum
2167 4095 2444 4167 prufectus
2464 4112 2562 4151 sua
2599 4096 2715 4166 ipse
2738 4113 2902 4151 manu
2930 4095 3088 4171 231
3123 4093 3265 4149 fuste
3290 4094 3528 4162 leporem

1946 4191 2158 4245 feriret.
2209 4187 2391 4254 Quare
2425 4187 2609 4242 statim
2645 4188 2842 4258 volupe
2870 4188 3131 4260 gestiens,
3162 4187 3400 4255 leporem
3433 4201 3530 4240 ne-

1945 4291 2196 4348 caturus,
2224 4295 2371 4351 equo
2403 4280 2606 4335 desilit.
2639 4279 2801 4335 Liber
2828 4295 3004 4352 equus
3030 4278 3289 4334 dimissus
3315 4276 3527 4341 resiliit,

1948 4375 2246 4445 multisque
2275 4373 2758 4438 concurrentibus,
2792 4387 2857 4428 ac
2889 4384 3002 4427 tum
3030 4369 3216 4441 equili.
3238 4367 3528 4440 praefectis,

1949 4479 2062 4526 tum
2107 4467 2456 4540 manglabitis
2483 4466 2702 4537 aliOque
2732 4464 2942 4518 circum
2978 4463 3238 4518 comitatu
3281 4459 3534 4516 narranti.-

1947 4565 2050 4620 bus
2081 4539 2327 4634 operam,
2358 4562 2451 4632 qui
2483 4575 2684 4630 equum
2725 4539 2921 4628 capere
2970 4565 3156 4627 posset
3189 4556 3374 4611 nullus
3409 4553 3530 4607 fuit.

1947 4654 2132 4721 Quare
2181 4653 2262 4708 ira
2312 4665 2580 4707 accensus
2638 4650 2957 4718 imperator,
2986 4647 3034 4702 si
3082 4646 3252 4701 teneri
3290 4660 3530 4714 unquam

280 4773 379 4812 τινι
392 4757 624 4812 δυνατὸν
649 4756 742 4810 τδν
776 4756 941 4811 ἵππον
970 4752 1175 4815 λαϐεῖν,
1223 4749 1365 4803 ὥστε
1397 4745 1724 4818 Θυμωθέντα
1753 4745 1842 4799 τὸν

1952 4761 2128 4816 equus
2171 4746 2368 4814 possit,
2402 4741 2812 4799 exseindendos
2843 4742 2998 4812 jubet
3031 4739 3179 4795 illius
3201 4737 3543 4809 posteriores

278 4852 489 4922 βασλέα
536 4849 829 4915 κελεῦσαι,
873 4849 922 4901 εί
969 4843 1307 4918 κρατηθείη,
1336 4839 1667 4910 διακοπῆναι
1719 4839 1847 4901 τοὺς

277 4943 546 5008 ὀπισῆίους
590 4940 760 4997 αὐτοῦ
789 4939 901 4994 τῶν
937 4937 1136 4992 ποδῶν.
1199 4935 1259 4991 '0
1298 4933 1356 4989 δὲ
1387 4934 1608 5004 Καῖσαρ
1631 4931 1847 5002 Βάρδας

277 5035 455 5106 παρὸν
491 5035 665 5089 ἐδεῖτο
697 5031 792 5086 τοῦ
820 5029 1088 5102 βασιλέως
1121 5028 1195 5099 μὴ
1229 5026 1317 5081 διὰ
1350 5025 1483 5095 μίαν
1511 5022 1712 5078 κακίαν
1757 5038 1847 5073 το·

276 5127 472 5194 σαΰτιν
500 5125 706 5198 ἀρετὴν
752 5125 920 5178 ἵππου
973 5122 1151 5193 μάτην
1184 5117 1622 5190 παραπολέσθαι.
1669 5115 1726 5168 Ὀ
1753 5109 1846 5168 οὗν

275 5217 555 5283 Bestiam;
606 5219 915 5289 συμπαρὼν
951 5213 1031 5285 τῷ
1088 5213 1263 5284 κυρίῳ
1316 5208 1483 5264 αὐτοῦ
1522 5207 1671 5278 λέγει
1712 5205 1849 5277 πρὸς

273 5310 449 5378 αὐτὸν,
481 5312 566 5365 ὅτι
581 5311 651 5365 El
671 5308 1032 5376 παραδράμω
1054 5304 1161 5360 τὸν
1183 5300 1516 5369 ,ϐασιλικὸν
1536 5300 1728 5354 ἵππον
1751 5297 1853 5354 καὶ

1956 4837 2139 4907 pedes.
2175 4835 2386 4892 Bardas
2411 4845 2592 4890 autem
2630 4834 2835 4901 Caesar,
2867 4834 2965 4905 qui
3003 4832 3168 4889 rebus
3196 4830 3404 4896 aderat,
3432 4829 3536 4884 im-

1955 4938 2262 5000 pcratorem
2286 4929 2512 4998 rogabat
2527 4944 2594 4982 ne
2615 4935 2821 4982 tantam
2845 4925 2971 4996 equi
2994 4925 3253 4981 virtutem
3272 4923 3343 4979 ob
3361 4935 3532 4978 unum

1954 5031 2238 5093 peccatum
2268 5029 2472 5076 temere
2498 5021 2766 5090 perderet.
2800 5019 3039 5076 Basilius
3066 5018 3270 5088 itaque,
3299 5013 3394 5082 qui
3421 5022 3533 5067 tum

1952 5117 2302 5180 lternaderat,
2320 5114 2366 5170 ei
2385 5115 2501 5170 iniit
2529 5133 2542 5170 :
2563 5113 2622 5170 Si
2643 5115 3179 5184 impcratorisequum
3198 5116 3532 5179 pra'vertera.

1952 5222 2165 5275 meoque
2217 5205 2326 5276 ipse
2380 5222 2511 5276 equo
2556 5222 2806 5261 excussus
2851 5204 2936 5258 illi
2986 5201 3246 5263 insedero,
3293 5194 3535 5267 nunquid

1953 5299 2082 5352 mihi
2135 5299 2456 5354 succensebit
2501 5299 2812 5368 imperator,
2847 5296 2989 5367 quod
3029 5294 3122 5348 ille
3150 5292 3266 5364 ejus
3300 5291 3536 5361 phaleris

271 5398 391 5455 ἀπὸ
422 5401 524 5456 τοῦ
568 5400 716 5471 ἐμοῦ
764 5401 953 5455 ἵππου
995 5395 1367 5468 ἐκτιναχθείς
1403 5393 1626 5466 ἔποχος
1663 5389 1842 5447 αὑτοῦ

1955 5401 2156 5447 stratus
2190 5401 2268 5447 est
2299 5409 2361 5448 ac
2393 5395 2654 5447 ornatus?
2685 5388 3071 5445 lnsusurratur
3098 5401 3282 5444 sermo
3311 5384 3538 5440 auribus

243 5491 564 5562 ¹γένωμαι,
604 5485 723 5560 ἄρα
763 5491 852 5565 μὴ
899 5491 997 5546 διὰ
1035 5492 1101 5546 τὸ
1158 5485 1505 5555 βασιλικοῖς
1553 5485 1842 5558 φαλάροις

1945 5476 2342 5555 imperatoris;
2373 5499 2598 5555 remque
2627 5483 2870 5556 prastari
2893 5481 3066 5554 jubet.
3094 5481 3331 5538 Basilius
3355 5491 3540 5549 prom-

1557 5601 1792 5658 VABIAS
1835 5600 2241 5658 LECTIONES.

276 5695 732 5839 υἷ’
757 5698 1053 5772 ἔχοντεςΔ.
1127 5698 1173 5733 ⁸ο
1205 5696 1646 5770 προπταξάμενος
1670 5695 1730 5752 P.
1809 5694 1850 5727 ⁸¹
1875 5697 1904 5751 ό
1941 5711 2051 5752 οιιι.
2083 5697 2145 5754 Ρ.
2221 5697 2266 5729 ⁶¹
2291 5693 2508 5768 πρίαμα
2532 5691 2670 5767 μετὰ
2686 5691 2747 5748 Ρ.
2821 5691 2869 5724 ⁸³
2885 5708 2982 5763 της
3001 5704 3110 5748 οιιι.
3132 5687 3193 5745 P.
3269 5687 3317 5722 “
3342 5679 3540 5758 μέγας]
