3994 6220
499 328 601 397 2’31

1607 328 2117 392 THEOPHANES
2136 318 2709 393 .CONTINUATUS.

3696 323 3801 385 252

502 447 686 502 aesar
711 444 1026 517 invidiaque
1078 444 1394 501 stimulatus
1438 457 1502 499 ac
1558 442 1727 498 futuri
1782 453 1928 499 metu
1961 459 2091 499 con-

2214 463 2329 518 πτην
2368 444 2715 516 επιδιδοῦσης
2762 444 2859 513 τῆς
2900 442 2991 496 τοῦ
3041 440 3309 512 βασιλέως
3376 440 3595 510 ἀγάπης
3647 441 3793 507 πρὸς

503 547 803 605 sternatus,
834 552 929 593 eos
980 539 1073 607 qui
1123 536 1228 605 ipsi
1277 534 1601 589 insidiarum
1655 534 1709 588 in
1761 533 2085 589 Damianum

503 640 759 687 auctores
806 631 1130 686 exstiterant
1189 628 1352 698 inque
1405 642 1500 683 eas
1560 629 1915 697 impulerant,
1977 644 2086 684 non

506 741 629 780 raro
681 724 987 781 maledictis
1049 737 1113 776 ac
1165 722 1422 776 convitiis
1462 721 1802 788 incessebat,
1853 722 2096 778 insulsos

2198 538 2289 592 τὸν
2322 539 2626 603 Βασίλειον,
2661 536 2805 608 ὁρῶν
2840 538 2864 589 ὁ
2897 538 3115 605 Καῖσαρ
3150 533 3245 598 καὶ.
3285 532 3363 605 τῷ
3389 531 3570 602 φθόνῳ
3601 531 3821 611 δακνόοι

2206 647 2367 698 μενος
2420 631 2517 684 καὶ
2560 628 2701 697 ὑπὲρ
2747 626 2839 681 τοῦ
2885 626 3174 697 μέλλοντος
3227 622 3485 696 ὁρῤωδῶν
3529 620 3795 684 πολλάκις

2203 696 2332 786 τοὺς
2367 723 2461 777 ἐπὶ
2490 724 2711 794 διαϐολῇ
2743 721 2837 776 τοῦ
2866 696 3143 790 Δαμιανοῦ
3185 716 3443 786 γενέσθαι
3470 714 3636 769 αὑτὸν
3669 696 3829 783 βου-⁸

506 834 710 874 vocans
756 832 819 872 ac
857 815 1241 879 inconsultos,
1287 816 1496 885 quibus,
1532 814 1735 884 inquit,
1779 831 1898 885 ego,
1927 831 2096 885 supra

2214 818 2572 887 ιευσαμένους
2632 775 2726 871 καὶ
2785 815 3258 887 παρορμήσαντας
3314 810 3643 880 ἐλοιδορεῖτο
3704 775 3840 879 καὶ

504 927 663 980 quam
691 910 907 964 decebat
952 909 1109 978 [idem
1140 907 1356 969 habens,
1405 906 1574 975 ejecta
1624 906 1777 976 vulpe
1819 907 1936 976 ejus
1975 908 2091 961 loco

508 1001 703 1054 leonem
730 1000 943 1061 induxi,
970 1012 1029 1052 ut
1053 1017 1145 1053 nos
1185 1016 1362 1053 omnes
1390 999 1665 1053 devoraret
1694 1015 1755 1052 ac
1784 997 2090 1068 deglulirct.

2205 911 2644 981 κατεμέμφετο,
2704 912 2949 981 ἄφρονας
3006 908 3205 970 αὐτοὺς
3264 905 3359 959 καὶ
3420 899 3801 961 κακοϐούλους

2201 1002 2523 1070 ἀποκαλῶν,
2565 998 2689 1070 Οἷς,
2749 1002 2939 1074 φησὶν,
2979 998 3094 1070 ἐγὼ
3137 995 3300 1065 παρὰ
3377 998 3442 1049 τὸ
3497 992 3645 1048 δέον
3684 1004 3806 1061 πει,

505 1094 695 1160 σθεὶς,
762 1092 860 1146 καὶ
893 1091 1161 1158 ἐξεώσας
1212 1091 1515 1159 ἀλώπεκα,
1574 1090 1796 1146 λέοντα
1833 1092 2298 1165 ἁντεισήγαγον,
2342 1098 2474 1163 ,ἵνα
2531 1096 2764 1164 πάντας
2802 1094 2959 1164 ἡμᾶς
3016 1092 3261 1162 λαφύξῃ
3326 1088 3425 1143 erat
3504 1083 3805 1155 καταϐρώ-

508 1186 704 1251 ξηται

578 1283 666 1337 l7.
717 1281 834 1336 Jam
865 1294 999 1334 vero
1051 1278 1317 1333 Michaele
1366 1277 1696 1348 imperatore
1745 1293 1868 1334 cum
1924 1295 2099 1335 avun-

506 1375 632 1429 culo
670 1374 849 1427 Barda
896 1371 1115 1427 Caasare
1159 1371 1424 1427 adversus
1456 1370 1675 1426 Cretam
1720 1371 1987 1440 profecto,
2033 1388 2098 1427 ac

508 1470 726 1521 (la-sare
758 1465 1109 1534 arrogantius
1155 1464 1321 1520 rebus
1368 1473 1556 1519 utente
1584 1464 1891 1535 majorique
1930 1481 2094 1534 quam

508 1574 609 1631 pro
642 1573 871 1613 munere
916 1557 1245 1612 auctoritate
1290 1556 1518 1627 imperia
1568 1557 1764 1612 edente
1798 1573 1874 1633 ac,
1905 1559 2096 1629 praeci-

509 1655 716 1723 piente,
752 1651 959 1706 crebrae
994 1652 1047 1705 in
1080 1665 1205 1705 eum
1236 1650 1488 1721 quotidie
1519 1665 1588 1705 ac
1620 1650 1896 1706 continua:
1919 1651 2100 1705 crimi-

2281 1282 2364 1345 t.’,".
2427 1281 2589 1351 Ἀρτι
2637 1278 2693 1331 δὲ
2743 1276 2836 1330 τοῦ
2872 1273 3133 1345 βασιλέως
3173 1270 3396 1342 Μιχαὴλ
3446 1269 3583 1341 μετὰ
3614 1268 3806 1341 Βάρδα

2206 1374 2299 1429 τοῦ
2330 1373 2477 1427 θείου
2502 1373 2785 1443 Καίσαρος
2809 1369 2853 1402 ⁸³
2884 1368 3030 1422 κατὰ
3060 1366 3287 1437 Κρήτης
3310 1361 3802 1433 ἐκστρατευοντος,

2208 1468 2302 1520 καὶ
2332 1465 2711 1538 σοϐαρώτερον
2746 1461 2841 1516 τοῦ
2870 1461 3154 1531 Καίσαρος
3185 1455 3475 1529 χρωμένου
3514 1458 3629 1521 τοῖς
3654 1454 3805 1525 πρά-

2206 1576 2380 1628 γμασι
2427 1558 2522 1612 καὶ
2548 1550 3103 1624 ὲξουσιαστικώτερον
3149 1549 3477 1621 ἐκφέροντος
3506 1549 3575 1602 τὰ
3622 1564 3805 1618 προσ-

2205 1651 2485 1718 τάγματα,
2542 1644 2781 1720 ήρξαντο
2836 1646 3043 1699 πυκναὶ
3107 1644 3201 1697 καὶ
3282 1644 3530 1713 συνεχεῖς
3571 1642 3629 1695 αἱ
3679 1632 3807 1695 κατ’

508 1746 757 1801 nationes
789 1751 982 1813 empta:
1034 1743 1379 1813 imperatoris
1426 1740 1708 1798 Michaelis
1760 1757 1921 1799 aures
1980 1744 2100 1812 pul-

2214 1742 2373 1797 αὖτοῦ
2405 1741 2659 1796 διαϐολαὶ
2717 1739 2840 1793 καθ’
2898 1739 3137 1808 ἑκάστην
3199 1734 3278 1807 τῷ
3334 1730 3550 1806 βᾶσιλεῖ
3581 1732 3808 1805 Μιχαὴλ

508 1851 653 1892 sare.
687 1835 863 1904 Cepos
896 1850 1021 1890 cum
1050 1836 1329 1891 venissent
1384 1836 1490 1905 (est
1539 1836 1693 1891 locus
1750 1835 1806 1890 in
1856 1835 2099 1890 Thrace-

512 1924 607 1981 siis
631 1926 795 1997 236
825 1925 1137 1980 maritimus
1189 1926 1257 1979 ad
1299 1924 1643 1996 Meandrum)
1680 1941 1766 1991 ac,
1817 1926 1933 1982 sive
1964 1943 2098 1981 casu

512 2017 628 2073 sive
662 2018 729 2072 de
771 2017 1060 2083 industria,
1102 2016 1453 2087 imperatoria
1504 2018 1675 2072 aulrea
1725 2017 1840 2075 sive
1875 2019 2103 2074 cortinae

512 2110 567 2165 in
600 2108 796 2162 humili
840 2116 894 2163 et
957 2109 1219 2177 depresso
1261 2110 1403 2172 loco,
1445 2108 1679 2165 Caesaris
1716 2110 1769 2164 in
1801 2110 2103 2176 conspicuo

512 2203 842 2272 excelsaque
893 2218 1151 2272 expansa:
1205 2211 1357 2256 sunt.
1396 2202 1514 2257 [lac
1548 2202 1697 2256 velut
1735 2202 1981 2272 speciosa
2016 2217 2105 2254 ar-

511 2306 665 2366 repta
700 2296 1014 2360 occasione,
1048 2294 1141 2365 qui
1175 2296 1325 2365 gravi
1368 2295 1574 2366 pridem
1620 2295 1807 2349 animo
1839 2300 1995 2349 erant
2038 2305 2102 2347 ac

511 2386 784 2442 Caesarem
839 2387 1090 2452 oderant,
1128 2386 1300 2441 multa
1362 2385 1416 2439 in
1456 2401 1581 2440 eum
1614 2386 1843 2440 crimina
1866 2385 2098 2455 jaciunt,

513 2488 575 2533 ut
608 2479 841 2549 quijam
886 2479 1242 2534 insolesceret
1292 2480 1589 2549 palamque
1640 2479 1697 2534 in
1746 2478 2102 2548 imperatoris

511 2579 888 2641 contemptura
925 2571 1299 2640 injuriatnque
1349 2580 1755 2641 prorumperet,
1790 2570 1919 2625 dum
1970 2570 2099 2624 reli-

512 2664 638 2733 quis
675 2663 933 2719 omnibus
961 2680 1072 2718 non
1113 2672 1412 2720 contentus
1442 2664 1527 2720 vel
1573 2665 1629 2718 in
1672 2664 1780 2719 hoc
1823 2664 2105 2719 ambitiosi

513 2756 683 2810 animi
715 2757 996 2824 specimen
1034 2756 1101 2810 de
1131 2756 1401 2811 industria
1431 2757 1746 2827 quaesierat,
1778 2766 1839 2811 ut
1867 2758 2106 2826 impera-

516 2846 652 2900 toris
682 2846 976 2900 tentorium
1014 2846 1221 2901 humile
1253 2862 1321 2901 ac
1356 2848 1681 2917 depressum
1717 2858 1887 2916 esset,
1933 2849 2109 2919 ipsius

517 2954 642 2992 vero
678 2940 1035 3008 conspicuum
1087 2939 1479 3009 excelsumque
1510 2950 1771 2996 exstaret.
1806 2939 1901 2997 His
1927 2941 2110 3010 itaque

516 3045 818 3100 persuasus
872 3030 1176 3099 imperator
1231 3030 1299 3085 ad
1353 3030 1707 3087 adornandas
1751 3032 1828 3086 illi
1882 3031 2110 3087 insidias

2208 1833 2645 1904 διαγγέλλεσθαι.
2706 1833 2796 1887 Ἑν
2848 1832 3066 1901 Κήποις
3128 1829 3185 1883 δὲ
3251 1826 3561 1898 γενομένων
3621 1824 3809 1879 αὐτῶν

2212 1928 2398 1996 (τόπος
2434 1929 2491 1983 δὲ
2541 1922 2695 1990 οὗτος
2751 1927 2893 1981 κατὰ
2947 1924 3047 1995 τὴν
3093 1923 3231 1995 πρὶς
3275 1921 3575 1992 Μαιάνδρῳ
3612 1919 3726 1972 τῶν
3762 1916 3808 1951 ⁸⁸

2210 2021 2537 2095 Θρακησίων
2571 2019 2860 2091 παράλιον)
2884 2019 2977 2071 καὶ
3013 2018 3123 2070 εἴτε
3154 2014 3295 2070 κατὰ
3316 2014 3489 2087 τύχην
3516 2014 3629 2066 εἴτε
3660 2010 3809 2066 κατὰ

2213 2115 2451 2185 σπουδὴν
2482 2114 2579 2185 τῆς
2611 2111 2707 2167 τοῦ
2758 2110 3026 2183 βασιλέως
3071 2109 3302 2171 αὐλαίας
3329 2109 3449 2178 ἦτοι
3477 2106 3684 2177 κόρτης
3714 2103 3807 2157 ἐπὶ

2212 2207 2494 2280 χθαμαλοῦ
2542 2208 2639 2261 κα)⁹
2668 2205 2931 2260 ἐπιπέδου
2962 2203 3226 2273 ταθείσης
3253 2200 3444 2266 τόπου,
3482 2200 3583 2269 τῆς
3622 2198 3685 2251 δὲ
3714 2195 3807 2250 τοῦ

2216 2301 2495 2371 Καίσαρος
2528 2300 2584 2353 ὲν
2616 2298 2847 2369 ἀπόπτῳ
2880 2296 2973 2350 καὶ
3001 2296 3045 2327 ’⁷ο
3079 2292 3292 2363 ὑψηλῷ,
3327 2292 3536 2361 ταύτης
3571 2288 3806 2356 εὐλόγου

2216 2392 2378 2463 δῆθεν
2415 2391 2746 2463 δραξάμενοι
2799 2390 3057 2461 ἀφορμῆς
3111 2390 3160 2441 oi
3215 2385 3384 2439 πάλαι
3440 2384 3813 2455 βαρυνόμενοι

2217 2484 2314 2539 καὶ
2347 2484 2632 2555 μισοῦντες
2666 2481 2760 2536 τὸν
2809 2482 3067 2553 Καίσαρα
3117 2478 3321 2542 πολλὰς
3365 2477 3487 2532 κατ’
3538 2474 3714 2529 αὐτοῦ
3757 2474 3812 2506 τί

2214 2578 2291 2643 ὡς
2321 2577 2698 2648 ὲντρυφῶντος
2730 2578 2832 2647 ήδη
2864 2578 2959 2630 καὶ
3013 2574 3267 2645 φανερῶς
3296 2574 3376 2637 είς
3411 2572 3504 2625 τὸν
3535 2568 3823 2639 αὑτοκράρ

2214 2688 2349 2742 τορα
2376 2670 2775 2742 ὲξυϐρίζοντος,
2813 2669 2863 2722 εί
2910 2669 3025 2731 τοῖς
3068 2666 3253 2728 ἄλλοις
3294 2666 3499 2719 ἅπασιν
3549 2663 3653 2715 οὐκ
3706 2663 3819 2729 ἀρ-

2217 2764 2485 2835 κούμενος
2526 2764 2630 2816 κὰν
2677 2760 2856 2832 τούτῳ
2906 2758 3371 2830 φιλοτιμήσασθαι
3398 2756 3689 2816 ἔσπευσεν,
3721 2753 3819 2806 ἵνα

2216 2855 2471 2927 χθαμαλὴ
2500 2856 2599 2925 μὲν
2624 2854 2720 2908 καὶ
2743 2853 2978 2925 ταπεινὴ
3007 2856 3040 2924 ή
3070 2851 3167 2906 τοῦ
3198 2850 3604 2920 αὐτοκράτορος
3631 2844 3822 2917 σκηνὴ

2218 2949 2533 3014 δείκνυται,
2566 2950 2599 3019 ή
2636 2947 2693 3002 δὲ
2743 2947 2955 3001 ἐκείνου
3010 2945 3320 3018 περιφανὴς
3366 2943 3461 2995 καὶ
3506 2942 3819 3017 μετέωρος3

2221 3042 2477 3107 Πεισθεὶς
2507 3037 2602 3096 οὖν
2633 3040 2850 3105 τούτοις
2907 3043 2935 3094 ὁ
2992 3038 3244 3111 βασιλεὺς
3278 3038 3509 3090 κινεῖται
3539 3034 3682 3105 πρὸς
3709 3032 3826 3102 τὴν

515 3122 795 3177 convertit
835 3122 1105 3188 animum,
1141 3123 1321 3193 deque
1367 3139 1434 3179 eo
1466 3123 1707 3179 tollendo
1732 3125 1879 3179 serio
1909 3126 2104 3193 cogitat

2217 3136 2337 3189 κατ’
2380 3133 2547 3189 αὑτοῦ
2582 3132 2860 3204 συσκευὴν
2888 3133 2983 3187 καὶ
3015 3130 3155 3203 πρὸς
3192 3129 3292 3201 τὴν
3320 3128 3516 3200 βουλὴν
3546 3125 3645 3180 καὶ
3678 3126 3826 3179 σκὲο

514 3227 581 3268 ac
628 3213 913 3269 deliberat.
967 3213 1079 3270 Nec
1137 3214 1283 3269 enim
1322 3215 1501 3285 palam
1538 3215 1735 3271 licebat
1778 3216 1830 3271 in
1855 3232 1980 3272 eum
2011 3217 2111 3271 ali-

516 3304 646 3374 quid
682 3304 928 3375 proferre
958 3316 1055 3360 aut
1079 3307 1395 3373 decernere,
1420 3306 1568 3376 Quod
1610 3308 1732 3378 pari
1785 3307 1900 3364 fere
1927 3310 2113 3379 digni-

517 3406 631 3451 tate
675 3394 912 3465 fulgeret
962 3397 1262 3464 sociusque
1325 3396 1544 3465 imperii
1609 3407 1778 3462 esset,
1838 3408 1895 3455 et
1957 3401 2111 3470 quod

516 3505 708 3544 omnes
741 3490 887 3544 illius
916 3491 1131 3545 amicos
1178 3499 1234 3544 et
1267 3491 1485 3546 sodales
1537 3490 1952 3563 foederatosque
1983 3510 2111 3562 per-

520 3581 892 3646 timescerent,
922 3582 1220 3650 cunctique
1258 3597 1516 3651 proceres
1538 3599 1603 3639 ac
1631 3585 1801 3642 duces
1835 3593 2113 3644 exercitus

520 3672 599 3726 illi
644 3672 851 3726 addicti
886 3680 1097 3737 essent,
1126 3672 1195 3727 ad
1227 3688 1466 3741 eumque
1498 3676 1675 3746 magis
1696 3693 1861 3747 quam
1896 3680 1962 3734 ad
2006 3680 2112 3734 itu-

519 3770 829 3833 peratorem
871 3763 1119 3819 animum
1156 3764 1523 3835 attenderem,
1554 3783 1620 3823 eo
1672 3770 1819 3839 quod
1878 3788 1987 3840 pne
2021 3775 2113 3827 illo

520 3854 695 3924 magis
722 3854 887 3911 rebus
920 3854 1233 3926 invigilaret
1276 3858 1602 3932 singulaque
1628 3863 1899 3921 arbitratu
1928 3882 2032 3923 suo
2060 3880 2114 3925 et

520 3958 656 4004 nutu
720 3955 994 4015 mutaret;
1052 3951 1145 4006 sed
1187 3953 1460 4023 prmcipue
1511 3955 1582 4011 ob
1631 3960 2014 4027 proconsulem
2059 3971 2115 4017 et

520 4042 812 4111 patricium
844 4043 1204 4116 Antigonum,
1248 4046 1396 4102 illius
1446 4048 1639 4116 lilium,
1676 4059 1806 4109 tunc
1848 4056 2113 4124 temporis

520 4137 978 4206 praetorianarum
1035 4139 1354 4197 scholarum
1411 4142 1797 4202 domesticum.
1833 4149 2109 4205 Caeterum

518 4231 681 4286 etiam
714 4230 954 4287 habebat
992 4232 1292 4303 imperator
1334 4236 1538 4293 multos
1585 4238 1705 4306 ejus
1747 4242 1851 4295 sibi
1885 4243 2109 4299 consilii

518 4326 793 4393 conscios,
842 4343 908 4382 ac
958 4327 1053 4398 qui
1087 4330 1191 4399 ipsi
1230 4329 1286 4386 in
1320 4346 1381 4387 se
1421 4333 1767 4401 recepissent
1797 4336 2001 4390 caedem
2044 4350 2107 4390 se

520 4430 955 4490 perpetraturos.
1010 4420 1168 4478 Marte
1216 4422 1402 4494 itaque
1436 4424 1598 4495 237
1634 4425 1819 4481 Caesar
1848 4444 1916 4482 ex
1952 4444 2108 4485 more

2219 3230 2313 3300 ψιν
2340 3229 2440 3299 τῆς
2473 3228 2641 3283 αὐτοῦ
2666 3227 3026 3299 ἀναιρέσεωςο
3061 3226 3121 3279 οὐ
3152 3222 3263 3295 γὰρ
3285 3221 3518 3293 ἠδύνατο
3553 3218 3825 3289 φανερῶς

2218 3325 2337 3377 κατ’
2364 3322 2533 3376 αὐτοῦ
2565 3339 2620 3375 τι
2652 3322 2829 3375 εἰπεῖν
2859 3319 2891 3389 ἢ
2918 3316 3309 3388 ἀποφήνασθαι
3339 3314 3425 3367 διὰ
3454 3312 3513 3365 τὸ
3547 3311 3827 3382 ὁμότιμον

2216 3417 2401 3486 σχεδὸν
2457 3412 2597 3470 εἶναι
2656 3416 2752 3469 καὶ
2802 3412 3059 3468 κοινωνὸν
3119 3411 3220 3480 τῆς
3293 3408 3490 3480 ἀρχῆς,
3552 3404 3655 3459 καὶ
3723 3404 3827 3459 διὰ

2214 3506 2277 3559 τὸ
2336 3505 2566 3558 δεδιέναι
2644 3503 2857 3566 πάντας
2931 3501 3030 3571 τὴν
3102 3498 3415 3571 ἑταιριῶτιν
3492 3494 3662 3549 αὑτοῦ
3705 3511 3826 3564 φα-

2213 3598 2374 3663 τρίαν
2402 3595 2497 3647 καὶ
2530 3592 2813 3658 σύστασιν,
2842 3594 2937 3645 καὶ
2962 3592 3024 3645 τὸ
3055 3590 3264 3653 πάντας
3290 3590 3416 3651 τοὺς
3453 3585 3728 3659 ἄρχοντάς
3759 3602 3827 3637 τε

2215 3687 2311 3743 καὶ
2373 3686 2715 3756 στρατηγοὺς
2766 3683 2917 3755 αὑτῷ
2968 3680 3437 3756 προσανακεῖσθαι
3515 3678 3612 3732 καὶ
3674 3678 3827 3748 πρὸς

2214 3782 2377 3837 αὐτὸν
2426 3780 2630 3852 μᾶλλον
2672 3779 2707 3850 ἢ
2764 3776 2899 3848 πρὸς
2952 3776 3045 3830 τὸν
3101 3775 3325 3847 βασιλέα
3379 3773 3534 3844 όρᾷν,
3591 3770 3673 3834 ὡς
3719 3770 3831 3824 καὶ

2217 3874 2419 3943 μᾶλλον
2467 3871 2683 3926 ἐκείνου
2739 3873 2856 3933 τοῖς
2891 3869 3191 3939 πράγμασι
3223 3868 3489 3938 νήφοντος
3534 3866 3633 3919 κα)⁵
3670 3865 3828 3932 πρὸς

2214 3961 2273 4014 τὸ
2296 3958 2495 4013 δοκοῦν
2532 3959 2940 4031 μεταφέροντος
2967 3957 3199 4021 ἕκαστα,
3232 3958 3327 4010 καὶ
3359 3954 3598 4026 μάλιστα
3635 3954 3727 4008 διὰ
3759 3954 3832 4007 τδ

2213 4052 2304 4107 τδν
2335 4052 2645 4117 ἀνθύπατον
2680 4052 2777 4105 καὶ
2832 4050 3126 4122 πατρίκιον
3190 4047 3501 4116 Ἀντίγονον
3551 4046 3647 4099 τὸν
3699 4046 3835 4099 υἱὸν

2214 4145 2378 4202 αὑτοῦ
2411 4145 2735 4216 δομέστικον
2772 4142 2833 4196 τδ
2872 4142 3177 4212 τηνικαῦτα
3211 4141 3320 4194 τῶν
3348 4138 3655 4211 βασιλικῶν
3678 4155 3828 4206 τυγ-

2216 4237 2406 4308 χάνειν
2431 4236 2660 4307 σχολῶν.
2694 4234 2844 4305 Πλὴν
2890 4234 3016 4304 ἔσχε
3073 4233 3305 4296 πολλοὺς
3343 4234 3371 4285 ὁ
3403 4231 3666 4302 βασιλεὺς
3688 4230 3831 4293 τοὺς

2214 4327 2605 4391 κοινωνοῦντας
2635 4325 2720 4398 [Ρ.
2762 4323 2887 4397 148]
2939 4323 3091 4396 αὐτῷ
3140 4323 3235 4378 τοῦ
3296 4322 3674 4393 βουλεύματος
3719 4320 3832 4375 καὶ

2215 4419 2829 4491 κατεπαγγελλομένους
2885 4416 3346 4490 καταπράξασθαι
3402 4418 3502 4488 τὴν
3568 4415 3829 4485 σφαγήν.

520 4513 586 4567 ad
636 4514 987 4583 imperatoris
1047 4516 1344 4571 tentorium
1384 4518 1552 4582 venit,
1603 4520 1707 4574 etsi
1741 4520 1881 4574 mala
1922 4523 2104 4578 omnia

2230 4516 2317 4579 Ὠς
2346 4510 2439 4569 οὖν
2468 4514 2611 4569 κατὰ
2643 4514 2746 4584 τήν
2793 4514 2869 4567 ἕω
2903 4512 3151 4584 συνήθως
3185 4512 3214 4565 ὁ
3265 4512 3483 4581 Καῖσαρ
3536 4509 3678 4580 πρὸς
3716 4507 3835 4578 τὴν

519 4605 862 4675 augurinque
884 4605 960 4659 illi
1000 4615 1129 4661 ante
1150 4606 1266 4662 visa
1293 4616 1472 4669 erant,
1513 4610 1581 4662 de
1616 4609 1979 4678 praesentibus
2011 4627 2111 4666 ne-

520 4697 682 4766 gotiis
711 4699 1001 4753 consilium
1057 4715 1186 4755 eum
1237 4715 1304 4755 eo
1352 4699 1665 4756 habiturus.
1721 4702 2104 4773 Opportunum

521 4803 651 4843 vero
686 4789 818 4845 illud
843 4800 1057 4862 tempus
1101 4792 1168 4848 ad
1196 4792 1321 4863 ejus
1357 4793 1560 4850 caedem
1593 4802 1746 4851 ratus
1782 4796 2107 4867 imperator,

519 4886 656 4934 nutu
706 4880 986 4951 Symbatio
1035 4883 1269 4953 patricio
1297 4899 1495 4942 cursus
1523 4886 1833 4956 logothetae,
1865 4888 1959 4956 qui
1993 4888 2111 4944 Cae-

520 4971 664 5027 saris
694 4972 861 5026 tiliam
894 4974 996 5028 sibi
1022 4976 1378 5033 matrimonio
1397 4978 1660 5049 iunxerat
1680 4995 1745 5037 ac
1776 4982 2111 5052 coniuratio-

520 5069 607 5122 nis
635 5082 760 5123 cum
794 5066 1129 5138 imperatore
1166 5070 1353 5126 socius
1393 5081 1535 5136 erat,
1586 5073 1794 5129 indicat
1830 5083 1889 5128 ut
1919 5075 2110 5131 exiens

520 5161 757 5217 sicarios
803 5161 1049 5217 inducat.
1086 5161 1358 5232 Egressus
1395 5163 1485 5219 ille
1533 5166 1752 5235 signqu
1799 5168 1914 5234 dat,
1957 5170 2104 5238 quod

2215 4609 2309 4664 τοῦ
2343 4608 2605 4680 βασιλέως
2633 4604 2767 4678 ἦλθε
2808 4605 3038 4678 σκηνὴν,
3088 4605 3267 4658 καίτοι
3295 4602 3553 4673 πονηρῶν
3581 4601 3812 4655 οἰωνῶν

2217 4703 2608 4775 προφανέντων
2650 4699 2824 4770 αὐτῷ,
2880 4701 3034 4762 ὅπως
3088 4696 3221 4768 περὶ
3262 4694 3373 4749 τῶν
3420 4693 3833 4767 προκειμένων

2220 4794 2645 4866 βουλεύσωνται,
2689 4791 2911 4847 εὔθετον
2942 4790 3139 4862 καιρὸν
3175 4788 3369 4843 τοῦτον
3401 4783 3545 4841 εἶναι
3575 4785 3834 4855 νομίσας

2214 4890 2245 4942 ὁ
2285 4888 2539 4959 βασιλεὺς
2572 4887 2713 4960 πρὸς
2743 4886 2846 4959 τὴν
2876 4884 3069 4940 τούτου
3102 4882 3390 4954 ἀναίρεσιν
3419 4880 3505 4934 διὰ
3537 4879 3837 4950 νεύματος

2215 4980 2475 5052 γνωρίζει
2507 4979 2585 5052 τῷ
2629 4978 2909 5050 πατρικίῳ
2938 4976 3232 5050 Συμϐατίῳ
3267 4974 3529 5045 λογοθέτῃ
3555 4973 3658 5026 τοῦ
3692 4972 3839 5041 δρό-

2214 5090 2316 5143 μου
2350 5073 2698 5144 τυγχάνοντι,
2748 5071 2817 5135 δς
2868 5071 2968 5127 καὶ
3009 5069 3261 5142 γαμϐρὸς
3294 5063 3365 5140 ἦν
3401 5066 3498 5120 τοῦ
3530 5064 3843 5132 καίσαρος

2214 5167 2307 5220 ἐπὶ
2337 5165 2569 5239 θυγατρὶ
2628 5165 2867 5235 καὶτῆς
2914 5165 3040 5219 κατ’
3068 5162 3235 5218 αὐτοῦ
3280 5161 3479 5231 βουλῆς
3531 5157 3849 5213 ἐκοινώνει

519 5253 662 5308 inter
701 5256 828 5312 illos
859 5266 981 5311 erat
1001 5255 1393 5319 constitutum,
1424 5263 1484 5309 ut
1515 5272 1711 5327 nempe
1735 5258 1893 5329 signo
1923 5261 2104 5314 crucis

2214 5259 2445 5349 βασιλεῖ,
2481 5260 2749 5327 ἐξελθόντι
2780 5260 3098 5328 εἰσαγαγεῖν
3120 5259 3247 5321 τοὺς
3284 5256 3615 5349 αὐτόχειρας
3642 5250 3851 5349 aeros“.

520 5341 753 5400 frontem
788 5348 1160 5417 consignaret.
1195 5346 1332 5404 Dato
1363 5346 1543 5417 signo,
1587 5348 1837 5405 molliore
1867 5348 2102 5405 forsitan

2214 5341 2467 5421 γενέσθαι
2496 5352 2829 5421 ὀφείλοντας.
2870 5353 2969 5415 Ὃς
2998 5349 3231 5416 ἐξελθὼν
3276 5350 3368 5403 καὶ
3408 5347 3467 5400 τὸ
3499 5343 3854 5413 συγκείμεε

521 5438 704 5494 animo
731 5442 877 5498 viros
922 5459 1091 5512 pavor
1120 5442 1458 5508 incesserat,
1495 5444 1663 5515 inque
1708 5445 1830 5516 ipso
1880 5447 2104 5502 sceleris

2214 5464 2302 5499 νον
2335 5448 2560 5517 σημεῖον
2591 5445 2912 5516 πεποιηκὼς
2937 5484 2953 5507 ,
3006 5445 3149 5515 ὅπερ
3186 5439 3257 5514 ἦν
3305 5442 3368 5495 τδ
3416 5439 3512 5494 τοῦ
3570 5455 3859 5508 σταυροιδ

520 5532 753 5589 articulo
801 5536 871 5591 ob
919 5535 1187 5593 facinoris
1232 5537 1635 5594 immanitatem
1680 5539 1949 5610 vertigine
1982 5555 2104 5596 cor-

2222 5540 2446 5607 σημεῖον
2494 5538 2564 5605 τ’,
2593 5539 2659 5609 τῇ
2710 5537 2891 5607 οἰκείᾳ
2918 5535 3040 5605 ὄψει
3095 5532 3638 5606 ἐπισφραγίσασθαι,
3688 5529 3862 5586 ἐπεὶ

1832 5651 2070 5710 VARIAS
2115 5649 2523 5707 LECTIONES.

596 5744 641 5777 “
662 5743 805 5797 θείου
831 5745 923 5797 καὶ
953 5744 1267 5815 Καίσαροςῖ
1339 5749 1384 5781 ⁶⁹
1408 5748 1517 5802 τῶν
1549 5748 1739 5803 om.P.
1824 5749 1867 5780 ⁷ο
1897 5750 1988 5800 καὶ
2017 5762 2125 5801 οιιι.
2156 5746 2217 5802 1).
2294 5748 2337 5778 ’ί
2368 5747 2494 5802 fort.
2526 5746 2696 5800 πολλὰ
2728 5746 2847 5802 κατ’
2873 5744 3039 5801 αὑτοῦ
3062 5742 3461 5809 διαϐάλλουσιν,
3511 5740 3596 5799 vel
3626 5740 3867 5799 6:160.

521 5812 623 5881 λὰς
666 5815 1049 5887 προϐάλλουσι.
1081 5812 1330 5875 (Ξὸωθοῐ.
1406 5821 1454 5853 ⁷³
1480 5821 1616 5893 ὅπερ
1648 5815 1715 5891 ἦν
1742 5818 1801 5875 τὸ
1822 5819 1914 5874 τοῦ
1947 5817 2184 5890 σταυροῦ
2211 5821 2434 5889 σημεῖον
2462 5834 2569 5873 om.
2602 5816 2659 5872 P.
