3994 6220
184 344 301 413 τεο

1282 348 1425 410 LIB.
1462 349 1528 410 V.
1568 375 1632 383 υ·-
1671 348 2029 409 B.\SILIUS
2054 349 2380 411 MACEDO.

3356 350 3469 418 954

182 466 389 520 ἐκεῖνοι
421 461 801 533 μαλακόψυχοι
827 464 872 495 ⁷³
899 462 1062 534 τυχδν
1086 462 1238 529 ὄντες
1266 466 1651 520 ἀπεδειλίασαν
1673 469 1768 523 καὶ

1880 465 2012 537 repti
2074 482 2257 523 moras
2310 466 2626 522 nectebant.
2688 466 2829 525 Hinc
2888 469 3189 542 imperator
3246 472 3466 527 consilii

184 559 324 631 πρὸς
351 556 505 627 αὖτῷ
537 557 614 627 τῷ
649 554 806 628 δεινῷ
850 558 1136 628 γεγονότες
1171 557 1260 612 διὰ
1304 559 1366 613 τὸ
1405 559 1638 628 μέγεθος
1672 564 1771 634 τῆς

176 650 445 724 πράξεως
484 650 945 719 ίλιγγίασαν,”καὶ
974 650 1137 722 τριὸὴ
1177 649 1272 705 τοῦ
1304 652 1497 725 χρόνου
1530 654 1767 723 ἐγένετο,

176 746 233 795 ἒν
256 742 549 812 ἀμηχανίᾳ
572 742 847 814 κατέστηό
863 740 1141 813 βασιλεὺς,
1174 744 1269 797 καὶ
1291 743 1464 797 διάτ³⁶
1486 762 1632 810 τινος
1662 747 1771 802 τῶν

178 835 481 907 βασιλείων
511 837 899 890 κατευναστῶν
928 838 1114 908 μαθὼν
1143 839 1339 904 αὐτοὺς
1362 841 1771 911 κατεπτηχέναι

177 930 275 982 καὶ
315 930 523 1001 δειλιᾷν
549 932 643 983 καὶ
667 929 1068 985 ἀναϐάλλεσθαι
1100 932 1161 986 τὸ
1190 932 1519 1005 ἐγχείρημα,
1552 932 1632 1005 τῷ
1655 934 1771 990 δντι

175 1023 427 1086 διανοίας
474 1022 737 1093 τόλμημα
789 1022 887 1076 καὶ
931 1023 1128 1095 φρενὸς
1157 1023 1413 1095 ἀνδρείας
1444 1029 1538 1079 καὶ
1570 1024 1772 1095 εύθαρ·

183 1116 314 1180 σούς
334 1132 348 1145 ·
384 1114 479 1168 καὶ
508 1114 618 1167 τῶν
652 1114 800 1168 ἔνδον
829 1115 954 1170 τινὰ
1000 1116 1201 1169 οἰκεῖόν
1238 1133 1298 1169 τε
1329 1118 1419 1170 καὶ
1454 1116 1644 1172 πιστὸν
1676 1118 1773 1170 ὲκ-

184 1209 398 1280 πέμπει
431 1208 570 1276 πρὸς
600 1206 886 1261 Βασίλειον
935 1208 1027 1262 τὸν
1056 1208 1345 1281 πατρίκιον
1380 1209 1475 1264 καλ⁵
1505 1227 1772 1283 παρακοι-

188 1300 462 1370 μώμενον,
500 1300 599 1352 κα)⁵
655 1299 809 1372 δηλοῖ
852 1300 991 1369 μετὰ
1053 1300 1207 1366 δέους
1244 1302 1415 1374 αὐτῷ,
1450 1302 1526 1367 ὡς
1574 1305 1643 1358 El
1684 1302 1768 1374 μὴ

184 1390 407 1448 θᾶττον
433 1389 795 1461 ἀναρῤὠσῃς
818 1391 960 1459 τοὺς
983 1395 1070 1459 εις
1106 1392 1175 1446 τὸ
1223 1393 1465 1465 πρᾶγμα
1492 1397 1773 1464 ηὐτρεπι-

182 1484 457 1555 oper-oar
507 1484 602 1537 καὶ
640 1484 1039 1555 παρορμήσῃς
1075 1488 1295 1543 αὐτίκα
1320 1488 1471 1558 πρὸς
1498 1489 1563 1542 τὸ
1591 1490 1771 1559 ἔργον

180 1576 480 1648 χωρῆσαι,
545 1576 785 1642 πάντως
846 1576 982 1631 οῖδα
1035 1576 1125 1631 ὅτι
1158 1577 1378 1646 εὐθέως
1410 1578 1517 1649 ἐμὲ
1564 1579 1773 1645 δεήσει

180 1670 307 1727 ὑπὸ
344 1668 565 1722 τούτου
594 1666 1001 1735 ἀναιρεθῆναι·
1042 1667 1348 1725 ἀδύνατον
1392 1670 1502 1741 γὰρ
1547 1672 1772 1727 λαθεῖν

181 1759 376 1815 αὐτόν
409 1759 455 1791 ⁷⁸
494 1762 567 1812 τὰ
591 1760 718 1812 κατ’
751 1758 939 1813 αὐτοῦ
986 1776 1090 1829 μοι
1136 1760 1632 1831 βεϐουλευμένα,
1675 1763 1773 1816 καὶ

180 1852 399 1918 δόξετε
452 1851 701 1922 μᾶλλον
736 1852 907 1921 ὑμεῖς
956 1853 1305 1923 αὐτόχειρες
1365 1854 1464 1908 καὶ
1516 1856 1772 1925 σφαγεῖς

179 1949 557 2018 χρηματίσαι
590 1962 730 2014 μου.
766 1945 946 2016 Ἀπερ
992 1946 1247 2016 ἀκηκοὼς
1274 1947 1301 1999 ὁ
1337 1946 1642 2015 Βασίλειος,
1677 1950 1772 2001 καὶ

179 2040 318 2109 περί
355 2037 453 2090 τοῦ
486 2036 751 2107 βασιλέως
778 2038 851 2107 μή
881 2054 933 2089 τι
968 2037 1132 2091 πάθοι
1168 2038 1214 2070 ⁷⁵
1258 2038 1316 2091 ὲν
1364 2038 1576 2109 ἀγωνίᾳ
1611 2056 1775 2108 γεγο-

178 2127 329 2191 νὼς,
370 2126 563 2180 Θᾶττον
620 2125 960 2198 θαρραλέους
1006 2127 1233 2198 εποίησε
1274 2127 1401 2191 τοὺς
1437 2128 1649 2193 δειλοὺς
1678 2132 1777 2184 καὶ

179 2222 324 2283 τοὺς
389 2219 686 2289 τρέμοντας
736 2217 1048 2288 εὐθαρσεῖς,
1087 2221 1183 2273 καὶ
1235 2222 1301 2290 τῇ
1354 2219 1447 2273 τοῦ
1503 2220 1776 2289 βασιλέως

181 2311 398 2373 αὐτοὺς
433 2309 878 2379 ὑπηρετήσασθαι
914 2309 1076 2380 βουλῇ
1102 2310 1428 2381 διηρέθισεν.
1452 2306 1556 2364 Ὧν
1584 2311 1774 2383 ὥσπερ

186 2400 397 2469 μόνους
426 2399 776 2470 πλησθέντων
820 2400 915 2453 καὶ
946 2400 1157 2469 ἀθρόως
1200 2402 1649 2473 εἰσπηδησάντων
1693 2406 1773 2469 είς

183 2490 289 2561 τὴν
318 2491 587 2561 βασιλέως
616 2491 843 2563 σκηνὴν,
873 2495 902 2547 6
946 2494 1183 2565 Καῖσαρ,
1214 2494 1351 2565 ὅπερ
1374 2490 1462 2565 ἦν,
1497 2497 1584 2549 ἐπ’
1612 2497 1775 2550 αὑτὸν

184 2583 346 2648 δόξας
384 2580 528 2637 εἶναι
585 2583 683 2656 τὴν
738 2584 1064 2656 συνδρομὴν,
1117 2570 1476 2657 ἀναπηδήσας
1522 2589 1636 2650 τοῖς
1679 2586 1776 2640 τοῦ

188 2675 461 2746 βασιλέως
490 2676 840 2748 περιεπλάκη
868 2676 1046 2730 ποσίν.
1084 2678 1182 2730 ‘Ov
1213 2676 1421 2730 ἐκεῖθεν
1446 2677 1776 2742 ἑλκύσαντες

1872 561 2031 629 inops
2074 560 2293 629 penitus
2342 558 2634 627 haesitare;
2704 560 3044 633 audiensque
3096 578 3158 619 ex
3223 563 3462 634 quodam

1878 653 2021 708 sacri
2056 652 2292 708 cubiculi
2324 651 2703 708 ministrorum
2747 654 3065 725 coniuratos
3092 656 3294 712 animis
3325 671 3461 711 con-

1873 753 2145 801 sternatos
2201 759 2265 797 ac
2316 743 2703 801 formidolosos
2763 748 3169 818 aggressionem
3222 747 3464 814 diﬂerrc,

1873 834 2094 907 (mentis
2130 851 2263 891 sane
2295 849 2603 904 sensusque
2645 841 2895 906 generosi
2932 839 3269 909 audacisque
3320 838 3464 893 faci-

1872 932 2035 1001 nus!)
2094 946 2161 986 ex
2217 928 2453 985 cubiculi
2509 928 2716 985 intimis
2758 931 3116 989 domesticum
3173 934 3465 1002 quemdam

1874 1022 2155 1095 ﬁdumque
2218 1022 2285 1077 ad
2336 1020 2597 1076 Basilium
2658 1022 2943 1088 patricium
2990 1034 3042 1078 ct
3092 1026 3464 1081 arcubitorem

1874 1114 2058 1180 mittit,
2088 1122 2343 1185 metuque
2366 1124 2521 1170 actus
2543 1114 2830 1169 denuntiat
2860 1133 2873 1169 :
2910 1114 2984 1168 Ni
3012 1117 3167 1169 citius
3190 1118 3255 1170 iis
3279 1118 3366 1187 qui
3397 1118 3465 1170 ad

1874 1224 1985 1261 rem
2022 1206 2347 1276 patrandum
2379 1206 2558 1276 parati
2588 1214 2719 1259 sunt
2755 1208 2960 1261 animos
2994 1208 3283 1272 addideris,
3309 1218 3467 1280 utque

1873 1304 2057 1357 statim
2110 1316 2326 1353 manum
2374 1300 2519 1368 operi
2558 1299 2871 1353 admoveant
2918 1315 3004 1353 eos
3057 1299 3350 1367 impuleris,
3384 1316 3467 1353 me

1875 1393 2151 1462 confestim
2188 1391 2307 1446 novi
2334 1390 2400 1443 ab
2442 1408 2502 1445 eo
2553 1408 2633 1445 me
2676 1400 2921 1445 necatum
2962 1392 3050 1444 iri.
3101 1388 3285 1461 Neque
3326 1393 3467 1445 enim

1875 1486 1992 1555 ﬁeri
2022 1493 2188 1554 potest
2226 1493 2283 1537 ut
2319 1482 2409 1537 ille
2454 1499 2558 1537 non
2590 1484 2792 1538 noverit
2824 1499 2955 1554 quas
2993 1483 3046 1536 in
3085 1498 3203 1536 eum
3243 1483 3468 1537 insidias

1874 1578 2091 1638 struxi;
2127 1592 2317 1645 vosque
2356 1576 2532 1646 potius
2563 1592 2690 1630 mea:
2718 1576 2857 1629 necis
2884 1583 3135 1629 auctores
3165 1574 3468 1629 videbimini

1874 1688 1984 1726 este
2022 1686 2085 1723 ac
2125 1669 2328 1723 sicarii.
2363 1666 2457 1723 llis
2509 1667 2711 1723 auditis
2739 1667 2999 1730 Basilius,
3062 1666 3371 1738 anxiusque
3401 1680 3469 1720 ne

1879 1761 2010 1832 quid
2063 1759 2193 1813 mali
2226 1757 2542 1828 imperatori
2576 1757 2740 1827 238
2778 1755 3068 1819 accideret,
3114 1771 3277 1826 quam
3309 1754 3466 1810 citis-

1880 1853 2016 1907 sime
2044 1851 2269 1921 pavidos
2310 1849 2544 1904 audaces
2573 1847 2722 1908 facit,
2753 1857 2960 1901 terrore
3004 1848 3289 1916 perculsos
3324 1844 3465 1900 ﬁdu-

1878 1943 1962 1999 cia
1988 1942 2164 2012 erigit,
2194 1950 2247 1995 et
2290 1948 2350 1994 ut
2388 1937 2736 2009 imperatoris
2761 1936 2980 1992 decreto
3008 1937 3321 1992 asserviant
3351 1937 3461 1992 im-

1880 2033 2047 2102 pellit.
2080 2031 2240 2085 Velut
2294 2029 2478 2099 itaque
2529 2027 2729 2082 animis
2769 2026 2939 2097 pleni,
2992 2028 3046 2081 in
3108 2027 3461 2097 imperatoris

1881 2123 2177 2179 tentorium
2208 2121 2545 2190 irrumpunt.
2580 2120 2787 2184 Caesar,
2833 2118 2884 2173 id
2929 2118 3075 2189 quod
3120 2128 3239 2173 erat
3270 2119 3467 2174 adver-

1883 2227 2023 2282 tens,
2063 2216 2116 2270 in
2158 2232 2215 2269 sc
2246 2215 2441 2283 suique
2473 2212 2693 2268 tollendi
2727 2212 2901 2282 gratia
2951 2213 3070 2267 ﬁeri
3110 2227 3465 2276 concursum,

1882 2312 2134 2367 resiliens
2183 2309 2249 2363 ad
2300 2307 2648 2377 imperatoris
2702 2306 2865 2376 pedes
2899 2304 3255 2375 provolvitur.
3293 2305 3463 2371 Quem

1882 2403 2005 2458 inde
2030 2410 2337 2457 extractum
2372 2400 2557 2455 sicarii
2591 2406 2717 2453 ante
2743 2398 2890 2453 illius
2925 2398 3090 2468 pedes
3112 2396 3459 2468 jugularunt,

1880 2495 2086 2549 mensis
2115 2494 2317 2563 Aprilis
2362 2493 2451 2547 die
2499 2491 2763 2546 vicesima
2800 2492 2978 2562 prima
3017 2489 3093 2552 (id
3127 2498 3213 2544 est
3241 2505 3291 2543 a.
3317 2489 3371 2543 d.
3402 2488 3461 2541 Η

1882 2587 1996 2644 kal.
2032 2585 2249 2654 Maias),
2286 2584 2353 2639 14
2398 2584 2584 2638 indict.
2622 2584 2927 2652 Statimque
2955 2583 3185 2639 dimisso
3225 2582 3466 2636 exercitu

1887 2681 2185 2750 imperator
2216 2677 2747 2746 Constantinopolim
2786 2676 3096 2731 revertitur.

186 2771 234 2824 οί
269 2770 595 2842 αὐτόχειρες
653 2772 760 2841 πρὸ
790 2769 898 2824 τῶν
939 2770 1116 2824 ποδῶν
1154 2770 1248 2824 τοῦ
1310 2771 1575 2842 βασιλέως
1625 2772 1966 2841 ἀπέσφαξαν.
1998 2771 2229 2845 Πρῶτην
2259 2765 2373 2843 εἶχε
2403 2770 2519 2841 μετ’
2552 2769 2787 2823 είκάδαὸ
2838 2770 2946 2840 μὴν
2976 2770 3070 2822 ὀ⁷⁸
3132 2768 3464 2840 Ἀπρίλλιος,

186 2864 285 2935 τῆς
347 2864 959 2935 τεσσαρεσκαιδεκάτης
1013 2864 1413 2936 ὲπινεμήσεως.
1472 2864 1649 2930 Εὐθὺς
1707 2863 1800 2920 οὖν
1852 2868 1887 2937 η
1929 2864 2190 2939 στρατεία
2255 2863 2332 2935 τῷ
2386 2863 2596 2936 βασιλεῖ
2645 2861 2996 2928 καταλύεται,
3054 2863 3150 2916 καὶ
3197 2862 3333 2933 πρὸς
3367 2860 3465 2933 τὴν

188 2953 591 3027 βασιλεύουσαν
624 2955 1003 3027 ἐπανέρχεται.

258 3072 352 3144 ιη’.
384 3074 503 3145 Τῆς
530 3073 587 3127 δὲ
616 3073 876 3144 Προνοίας
904 3073 1145 3146 ἀγούσης
1170 3075 1261 3129 τὸν
1285 3075 1565 3131 Βασίλειον
1596 3076 1773 3147 εὐμη-

1953 3075 2041 3131 18.
2096 3074 2299 3131 Verum
2335 3071 2689 3128 Providentia
2737 3071 2922 3128 solerti
2967 3070 3226 3127 Basilium
3260 3070 3469 3126 ferente

186 3168 369 3237 χάνωξ
426 3165 569 3235 πρὸς
624 3165 763 3234 ὅπερ
823 3163 1111 3231 ἐσούλετο,
1150 3165 1353 3229 εὐθέως
1411 3167 1551 3237 μετὰ
1587 3166 1683 3238 τὴν
1710 3170 1774 3220 ὲκ

1884 3168 2139 3235 consilio,
2168 3182 2279 3236 quo
2322 3166 2402 3220 illi
2453 3165 2758 3221 collibitum
2818 3171 2957 3227 erat,
3012 3162 3159 3219 illico
3215 3178 3469 3219 reversus

186 3259 280 3328 τῆς
307 3259 356 3290 ’⁷
414 3256 707 3328 στρατείας
752 3256 1103 3329 ὑποστροφὴν
1149 3257 1453 3312 υίοποεῖται
1508 3260 1701 3313 τοῦτον
1747 3259 1777 3311 6

189 3347 451 3421 βασιλεὺς
502 3346 791 3419 (ἐτύγχανε
854 3347 964 3420 γὰρ
1024 3346 1284 3414 καθάπαξ
1344 3348 1553 3412 οἰκείας
1614 3348 1777 3419 γονῆς

190 3439 463 3511 ἀμοιρῶν)
494 3438 591 3491 καὶ
637 3438 736 3508 τῆς
765 3437 875 3491 τῶν
907 3438 1228 3511 μαγίστρων
1256 3438 1655 3511 ὑπερλάμπρου
1694 3456 1777 3492 τι·

193 3532 293 3603 μῆς
328 3531 502 3599 ἀξιοῖ.
551 3522 762 3600 Ἐφ’ὦν
809 3532 876 3603 τῇ
910 3530 1184 3603 βασκανίᾳ
1232 3531 1705 3604 διαρῤτηννιηηνος
1730 3532 1774 3563 τε

191 3627 220 3679 6
249 3624 549 3696 λογοθέτης
582 3622 913 3693 Συμΰάτιος,
952 3625 1047 3677 καὶ
1080 3624 1155 3695 μὴ
1185 3623 1489 3694 δυνάμενος
1518 3625 1609 3677 τὸν
1655 3622 1777 3693 φθοο

191 3716 456 3787 νούμενον
481 3715 724 3786 καθορᾷν
747 3716 851 3770 οὐκ
878 3715 1070 3787 ὀλίγην
1108 3716 1350 3771 ἐπίδοσιν
1381 3716 1506 3771 καθ’
1535 3718 1777 3790 ἑκάστην

195 3806 276 3880 [Ρ.
304 3807 431 3881 H9]
470 3806 846 3879 λαμϐάνοντα,
878 3812 1234 3878 παραιτεῖται
1274 3809 1374 3880 μὲν
1410 3809 1510 3880 τὴν
1538 3810 1777 3880 προσού-

197 3901 471 3970 σαναῦτῷ
524 3901 687 3971 μέχρι
746 3900 867 3954 τότε
906 3900 1206 3968 διακονίαν,
1254 3900 1331 3965 ὡς
1379 3900 1453 3973 μὴ
1481 3901 1779 3972 δυνάμενος

193 3994 336 4045 κατὰ
355 3992 456 4063 τὴν
488 3991 884 4063 βασιλεύουσαν
936 3990 1057 4065 ζῇν,
1093 3992 1195 4063 τῆς
1245 3993 1303 4047 δὲ
1352 3994 1461 4046 τῶν
1510 3992 1703 4047 Ἰώνων
1732 3994 1776 4027 ⁷⁸

194 4084 312 4153 ἦτοι
345 4082 677 4155 Θρακησίων
733 4084 1070 4155 στρατηγίας
1123 4086 1270 4138 αίτετ
1314 4083 1414 4157 τὴν
1464 4085 1661 4157 ἀρχὴν.
1704 4079 1779 4140 Ub

192 4175 292 4244 τὴν
334 4176 557 4247 σίτησιν
594 4175 624 4228 6
674 4176 929 4254 βασιλεὺς
960 4177 1256 4250 ἐκπληρῶν
1284 4177 1657 4249 προϐάλλεται
1685 4178 1778 4233 τοῦ

1878 3264 2175 3333 imperator
2215 3260 2284 3313 ab
2318 3258 2411 3312 illa
2463 3257 2815 3327 expeditione
2854 3254 3125 3310 Basiliam
3183 3255 3241 3309 in
3292 3256 3465 3310 tilium

1876 3354 2119 3425 adoptat,
2151 3350 2295 3422 quod
2324 3350 2441 3420 ipse
2487 3348 2672 3404 nullos
2703 3362 2931 3418 prorsus
2974 3346 3180 3401 liberos
3206 3359 3467 3414 suscepe-

1878 3458 1984 3515 rat,
2035 3458 2090 3503 et
2128 3444 2525 3515 magistrorum
2564 3440 2925 3512 prafulgente
2959 3440 3228 3509 dignitate
3259 3436 3466 3493 conde-

1877 3548 2053 3598 corat.
2085 3538 2183 3594 His
2213 3534 2533 3608 Symbatius
2579 3534 2856 3604 logotheta
2912 3532 3116 3587 invidia
3151 3529 3470 3599 rumpitur;

1878 3647 1981 3689 nec
2026 3631 2212 3687 ferens
2239 3629 2450 3695 videre,
2487 3627 2543 3683 in
2594 3642 2758 3697 quem
2800 3625 2883 3682 sic
2927 3624 3100 3679 livore
3157 3627 3467 3686 exarserat,
3568 3690 3569 3693 η

1877 3724 2233 3782 incrementis
2272 3721 2587 3794 ingentibus
2614 3720 2669 3775 in
2710 3720 2829 3775 dies
2859 3732 3177 3790 augescere,
3218 3729 3468 3781 munere,

1879 3833 1989 3890 quo
2015 3818 2281 3873 hactenus
2310 3814 2533 3872 functus
2564 3813 2766 3877 fuerat,
2798 3828 2857 3868 se
2888 3812 3006 3881 ipse
3036 3810 3278 3873 abdicat,
3306 3808 3470 3878 quasi

1880 3912 1937 3967 in
1985 3911 2120 3967 urbe
2178 3909 2328 3980 regia
2361 3910 2547 3964 vivere
2608 3922 2716 3963 non
2772 3912 2994 3975 posset;
3037 3903 3341 3972 lonumque
3392 3901 3471 3972 (id

1880 4013 1987 4070 est,
2040 4000 2489 4074 Tbracesiorum)
2549 4000 2972 4072 praefecturam,
3029 4007 3084 4052 et
3134 4007 3193 4051 ut
3226 3997 3331 4052 illis
3357 3997 3469 4051 dux

1879 4095 2232 4168 praeﬁciatur,
2258 4095 2526 4165 deposcit.
2560 4094 2866 4164 Imperator
2894 4092 3039 4147 votis
3064 4105 3316 4144 annuens
3343 4088 3467 4157 ejus

1882 4187 2029 4259 quod
2091 4187 2342 4243 dicebam
2408 4187 2668 4243 thematis
2724 4186 2920 4241 ducem
2983 4182 3231 4253 praeﬁcit.
3292 4182 3469 4237 Parvo

192 4270 490 4343 εἰρημένου
526 4270 760 4343 θέματος
790 4272 1117 4344 στρατηγόν.
1155 4273 1370 4342 Ὀλίγου
1400 4274 1457 4329 δὲ
1482 4272 1775 4338 διελθόντος

1882 4281 2069 4351 elapso
2104 4288 2371 4349 tempore,
2407 4295 2533 4335 cum
2569 4295 2659 4336 res
2699 4279 2933 4350 periculi
2967 4278 3087 4333 salo
3121 4276 3471 4347 iactarentur

192 4361 415 4433 καιροῦ,
459 4363 557 4417 καὶ
610 4363 720 4417 τῶν
756 4365 1106 4436 πραγμάτων
1159 4366 1479 4436 ἐπισφαλῶς
1520 4364 1775 4420 σαλευόν-

1884 4372 2288 4444 imperiumque
2325 4362 2547 4428 nutaret
2583 4385 2648 4427 ac
2708 4370 2997 4441 praesidem
3048 4376 3471 4435 curatoremque

193 4470 312 4556 των
356 4454 451 4509 καὶ
506 4455 608 4525 τῆς
667 4456 845 4527 ἀρχῆς
892 4456 1326 4529 κραδαινομένης
1372 4457 1468 4514 καὶ
1506 4458 1775 4531 ζητούσης

1885 4473 2174 4537 quaereret,
2209 4466 2358 4535 quod
2391 4465 2687 4534 imperator
2728 4464 2852 4519 aliis
2892 4461 3077 4533 potius
3109 4459 3275 4556 rebus
3304 4457 3470 4530 339

192 4544 296 4597 τὸν
329 4546 767 4617 προστησόμενον
808 4546 895 4600 διὰ
929 4547 992 4601 τὸ
1030 4546 1121 4601 τὸν
1166 4548 1390 4619 βασιλέα
1417 4549 1555 4620 πρὸς
1598 4549 1775 4613 ἄλλοις

1882 4556 2129 4610 animum
2166 4553 2471 4610 adverteret
2494 4567 2659 4623 quam
2693 4561 2753 4607 ut
2781 4566 2846 4607 ex
2877 4549 3040 4606 otﬁcii
3069 4547 3279 4604 ratione
3316 4560 3465 4600 rem-

198 4635 409 4707 μᾶλλον
440 4631 578 4690 εἶναι
610 4638 643 4709 ἢ
676 4637 997 4709 πράγμασιν
1029 4640 1111 4703 εἰς
1143 4639 1260 4692 δέον
1288 4639 1489 4693 εἰδέναι
1519 4640 1776 4712 χρῆσθαι,

193 4728 467 4800 ⁸πρότερον
495 4729 552 4782 δὲ
581 4731 651 4783 τὰ
690 4731 861 4784 πολλὰ
894 4730 1180 4787 λανθάνειν
1226 4731 1317 4785 διὰ
1350 4731 1413 4786 τὸ
1458 4732 1551 4787 τὸν
1588 4749 1781 4786 κοινω-

193 4822 296 4873 νὸν
323 4821 419 4907 τῆς
456 4821 641 4893 ,ἀρχῆς
674 4823 931 4896 Καίσαρα
982 4825 1070 4878 ἀεὶ
1121 4825 1190 4879 τά
1219 4824 1621 4895 κατεπείγοντα
1646 4825 1778 4879 διοι-

194 4917 321 4968 κεῖν
362 4917 453 4969 καὶ
491 4916 645 4987 αὑτῷ
682 4917 871 4988 σχεδὸν
899 4920 1221 4974 ἀνακεῖσθαι
1248 4922 1317 4974 τὰ
1348 4920 1651 4992 πράγματα
1679 4918 1777 4973 καὶ

194 5008 307 5077 τὴν
335 5009 607 5081 μέριμναν
641 5011 823 5064 πᾶσαν
847 5011 945 5083 τῆς
978 5012 1249 5084 κοσμικῆς
1284 5012 1627 5083 διοικήσεως,
1661 5010 1782 5081 ὲγίο

196 5116 359 5152 νοντο
401 5102 770 5173 καταϐοήσεις
804 5121 863 5157 τε
900 5104 997 5159 καὶ
1048 5104 1444 5176 διαγογγυσμοὶ
1494 5106 1637 5160 κατὰ
1688 5103 1784 5160 τοῦ

200 5191 473 5260 βασιλέως
509 5194 665 5266 παρά
709 5214 769 5249 τε
802 5197 903 5267 τῆς
946 5196 1253 5268 συγκλήτου
1298 5195 1495 5267 βουλῆς
1545 5199 1642 5252 καὶ
1688 5198 1783 5252 τοῦ

197 5282 604 5355 πολιτεύματος
658 5288 755 5340 καὶ
814 5290 965 5356 παρᾶ
996 5288 1217 5342 πάντων
1244 5289 1428 5359 σχεδὸν
1466 5290 1575 5342 τῶν
1614 5290 1784 5344 ὄντων

198 5375 308 5426 ἰπὶ
342 5376 448 5431 τῶν
497 5378 819 5449 διοικήσεων
872 5380 968 5433 καὶ
1027 5380 1557 5453 μεταχειριζομένων
1611 5383 1657 5414 ⁸⁸
1710 5384 1782 5437 τά

197 5468 528 5539 πράγματα,
571 5471 651 5525 ἔτι
680 5473 737 5526 δὲ
771 5473 865 5527 καὶ
885 5473 930 5505 ⁸⁸
965 5472 1115 5544 παρὰ
1141 5471 1250 5527 τῶν
1279 5473 1323 5505 ⁸⁸
1357 5475 1782 5545 στρατευμάτων

1877 4645 2153 4716 publicam
2187 4654 2402 4716 gereret
2426 4645 2503 4716 (et
2528 4654 2652 4700 ante
2685 4642 2907 4713 quidem
2942 4655 3051 4696 non
3085 4639 3157 4695 ita
3183 4638 3466 4709 plerisque

1878 4738 2122 4810 patebat,
2153 4739 2301 4808 quod
2330 4738 2548 4808 imperii
2595 4738 2801 4805 collega
2826 4736 3011 4791 Cmsar
3043 4732 3293 4803 urgentia
3320 4745 3474 4802 qua:-

1876 4845 1984 4901 que
2019 4828 2459 4895 administrabat,
2494 4830 2662 4899 inque
2694 4844 2820 4884 eum
2849 4837 2961 4884 tota
2990 4825 3104 4881 fere
3133 4839 3316 4880 rerum
3343 4839 3469 4879 mo-

1881 4922 1965 4978 les
2011 4921 2300 4991 omnisque
2359 4920 2595 4975 Romani
2651 4920 2805 4975 orbis
2858 4919 3282 4975 administrandi
3334 4933 3468 4974 cura

1884 5012 2288 5081 incumbebat),
2322 5011 2588 5068 adversus
2638 5012 3025 5082 imperatorem
3067 5010 3466 5081 expostulatio-

1882 5107 2061 5164 tiones
2084 5115 2139 5162 et
2158 5106 2519 5177 querimoniae
2546 5108 2776 5173 moveri,
2807 5117 2922 5163 tum
2946 5123 2977 5162 a
3010 5116 3203 5162 senatu
3229 5096 3467 5160 civium-1

1881 5216 1989 5271 que
2017 5200 2358 5270 proceribus,
2394 5208 2507 5256 tum
2552 5198 2668 5256 fere
2700 5202 2771 5257 ab
2810 5201 3071 5257 omnibus
3109 5197 3312 5269 quibus
3340 5211 3468 5252 mu.

1880 5308 2011 5349 nera
2050 5307 2344 5363 rerumque
2374 5294 2739 5361 gerendarum
2783 5309 2916 5348 cura
2973 5291 3268 5347 commissa
3316 5300 3460 5354 erat,

1893 5400 1995 5441 nec
2026 5401 2135 5441 non
2195 5386 2265 5441 ab
2320 5386 2652 5442 exercitibus
2686 5386 3005 5455 urbaneque
3036 5383 3186 5439 omni
3222 5382 3471 5437 multitu-

1892 5477 2057 5546 dine;
2087 5477 2154 5534 de
2180 5477 2380 5550 quibus
2409 5494 2506 5550 per
2533 5478 2876 5534 necessarios
2908 5476 3243 5547 intimasque
3268 5474 3475 5532 certior

1483 5629 1714 5686 VARIA']
1752 5629 2157 5691 LECTIONES.

286 5734 329 5814 ’ξ
351 5738 727 5814 μαλακώτεροι
756 5738 818 5795 Ρ.
924 5741 992 5814 ⁷³Ϊ
1014 5741 1165 5814 παρὰ
1195 5742 1261 5803 Α.

1362 5745 1407 5819 "'_'
1431 5742 1614 5819 αὐτδν]
1645 5745 1793 5819 αύτῷ
1821 5746 1885 5802 Α.

1964 5750 2007 5782 ⁷³
2042 5748 2183 5819 πάθη
2208 5747 2273 5819 Α.
2364 5746 2411 5819 7⁸
2438 5747 2467 5800 6
2498 5754 2621 5819 post
2652 5745 2765 5819 μὴν
2787 5762 2901 5819 om.
2925 5744 2990 5819 Α,
3066 5748 3110 5780 ⁷⁷
3137 5748 3235 5819 τῆλς
3260 5762 3372 5803 om.
3404 5745 3467 5803 P.

204 5808 263 5841 "
297 5808 623 5877 δηννύαενος
648 5808 713 5868 Ρ.
791 5814 836 5846 ⁷⁸
880 5808 1133 5883 Ἰωάννην
1156 5814 1220 5879 Α,
1253 5816 1287 5873 i.
1308 5831 1355 5871 c.
1382 5808 1777 5873 Janninurumf
1842 5820 1889 5853 '°
1921 5808 2565 5893 μετεγχεῖριζομένωνῬ.
2648 5808 2689 5848 ⁸⁸
2720 5808 2810 5870 καὶ
2839 5827 2891 5874 et
2920 5816 3029 5875 τῶν
3051 5833 3159 5875 om.
3191 5808 3252 5872 Γ.
