3994 6220
506 345 619 433 255

1605 374 2117 439 THEOPHANES
2155 377 2434 445 CONTIN
2444 381 2713 445 UATUS.

3673 384 3784 446 256

508 482 708 549 factus,
733 479 821 537 vix
848 480 1065 540 tandem
1091 484 1484 556 aliquantisper
1506 502 1795 562 emergens
1826 507 2093 560 suamque

2200 493 2292 549 καὶ
2349 495 2551 561 παντὸς
2603 495 2699 549 τοῦ
2755 493 3001 566 πλήθους
3050 494 3145 549 τοῦ
3178 490 3405 552 ἀστικοῦ
3427 514 3439 527 ο
3473 494 3509 551 ἀ
3544 495 3631 552 διὰ
3664 500 3779 554 τῶν

515 590 822 646 agnoscens
848 576 908 632 in
936 578 1279 648 procuranda
1317 581 1595 651 republica
1624 598 1733 638 non
1780 584 1941 641 modo
1992 601 2088 640 ue-

511 667 829 738 gligentiam
884 684 949 725 ac
995 672 1305 742 segnitiem,
1344 689 1533 730 verum
1566 677 1730 732 etiam
1769 677 2090 750 ineptitudi-

511 775 634 813 nem
664 776 727 815 ac
756 761 1094 829 vecordiam,
1130 765 1444 836 timensque
1479 785 1548 825 ne
1575 771 1870 828 multitudo
1904 774 2092 829 conci-

507 859 615 904 tata
654 851 841 906 turbas
869 854 1036 909 cieret
1066 866 1158 911 aut
1185 859 1498 927 rebellaret,
1532 864 1727 918 statuit
1768 880 1953 920 rerum
1993 884 2090 937 ge-

508 944 803 997 rendarum
830 946 1137 1014 adjutorem
1171 958 1224 1004 et
1259 950 1472 1022 imperii
1499 955 1760 1027 collegam
1794 958 1899 1012 sibi
1933 960 2092 1014 adhi-

506 1035 654 1089 here.
692 1036 960 1108 Quodque
1011 1050 1136 1095 ante
1202 1058 1309 1097 non
1380 1046 1587 1102 multos
1649 1049 1765 1104 dies
1828 1050 2090 1107 anilium

507 1143 537 1182 a
561 1130 1137 1202 luptaverat,eumque
1172 1152 1275 1190 non
1306 1139 1483 1193 solum
1520 1141 1728 1197 viribus
1757 1144 1849 1198 sed
1881 1154 1933 1199 et
1960 1162 2095 1215 pru~

504 1221 688 1275 deutia
719 1224 1027 1294 mentisque
1055 1231 1359 1297 sagacitate
1391 1230 1617 1303 reliquis
1649 1235 1808 1304 vulgo
1837 1250 2096 1307 praestare

506 1326 757 1381 noverat,
809 1318 1057 1387 satisque
1114 1320 1369 1377 idonettm
1424 1325 1491 1379 ad
1545 1328 1910 1397 supplendum
1949 1333 2093 1401 quod

510 1406 614 1475 ipsi
651 1408 705 1462 in
737 1410 1094 1478 gubernanda
1153 1417 1303 1471 orbis
1352 1418 1554 1487 scapha
1604 1420 1892 1477 industrim
1931 1433 2098 1495 atque

507 1515 689 1569 operae
729 1502 937 1567 deerat,
970 1521 1077 1561 uua
1121 1522 1338 1578 quoque
1367 1510 1551 1565 divina
1592 1511 1937 1571 Providentia
1982 1534 2093 1572 rem

510 1602 892 1660 promovente,
919 1595 971 1649 iu
1000 1596 1103 1652 hoc
1130 1598 1376 1652 animum
1410 1601 1641 1656 consilio
1674 1602 1949 1669 oblirmat,
1980 1622 2097 1660 om-

512 1685 753 1755 ninoque
781 1686 1031 1744 decernit
1072 1699 1129 1745 ut
1171 1688 1431 1746 Basilium
1466 1692 1846 1763 imperatorem
1885 1700 2094 1755 consti-

509 1784 645 1830 tuat.
706 1779 787 1835 Ac
839 1793 973 1835 sane
1008 1780 1120 1835 Deo
1156 1784 1451 1838 consilium
1493 1799 1862 1856 prosequente
1904 1790 2092 1861 reique

507 1884 539 1922 a
563 1868 784 1937 ljutore,
824 1871 913 1926 die
956 1871 1074 1942 ipsa
1102 1872 1477 1942 Pentecostes,
1498 1854 1625 1948 qua
1656 1854 1838 1934 Patris
1870 1881 1957 1935 ille
1990 1854 2092 1938 βει-
2129 1854 2170 1909 Β

509 1961 752 2016 tacletus
799 1962 856 2017 in
904 1961 1108 2020 Christi
1141 1964 1348 2037 Deique
1386 1968 1564 2024 nostri
1600 1970 1901 2041 discipulos
1932 1975 2096 2049 25.0

510 2054 680 2117 venit,
709 2053 763 2109 in
787 2056 988 2111 celebri
1017 2067 1069 2113 et
1099 2074 1129 2113 a
1169 2060 1259 2115 Dei
1303 2058 1581 2132 Sapientia
1612 2078 1928 2138 nuncupato
1962 2081 2096 2124 tem-

512 2145 602 2215 plo
631 2145 866 2203 Basilius
897 2150 1047 2219 regio
1081 2150 1391 2209 diademate
1435 2166 1756 2223 coronatur,
1793 2175 1950 2214 manu
1976 2162 2098 2233 qui-

510 2236 631 2291 dem
661 2247 791 2294 tunc
819 2239 1145 2311 imperantis
1184 2242 1489 2311 Michaelis,
1532 2248 1745 2303 calculo
1774 2267 1903 2308 vero
1931 2264 1981 2308 et
2004 2254 2095 2321 ju-

508 2326 650 2383 dicio
684 2328 887 2386 Christi
930 2330 985 2387 in
1028 2346 1351 2404 perpetuum
1398 2338 1565 2408 regis,
1600 2356 1653 2394 a.
1687 2341 1741 2396 ιι.
1787 2344 1817 2397 7
1847 2341 1957 2399 kal.
1991 2345 2091 2399 Ju-

509 2420 607 2483 nii,
644 2420 943 2479 indictione
971 2427 1271 2481 secundum
1310 2426 1592 2486 Romanos
1628 2431 1712 2486 l4.
1757 2433 1856 2490 Ubi
1890 2438 2095 2492 audivit

511 2511 826 2585 Symbatius
859 2533 958 2587 pro
991 2521 1238 2578 muneris
1271 2524 1488 2578 ratione
1513 2524 1567 2579 in
1593 2529 1874 2596 provincia
1904 2550 2093 2602 agens,

508 2603 767 2662 invidiam
804 2625 912 2679 qua
947 2613 1374 2669 contabescebat
1406 2617 1644 2676 humane
1676 2620 1820 2677 ferre
1856 2640 1962 2680 non
1997 2644 2097 2694 po.

508 2699 652 2767 tuit;
690 2701 785 2756 sed
829 2703 948 2772 pari
990 2719 1175 2761 secum
1208 2706 1394 2764 lurore
1426 2713 1704 2768 concitum
1753 2716 1961 2772 habens
1994 2718 2096 2775 Pc-

508 2805 701 2860 gauem
731 2794 1062 2862 'patricium,
1111 2799 1205 2868 qui
1257 2797 1463 2871 Opsicii
1513 2807 1803 2876 praefectus
1856 2823 1993 2877 erat,
2028 2815 2095 2870 ad

509 2883 870 2940 defectionem
904 2889 1195 2945 attendunt
1235 2894 1479 2949 animum
1518 2901 1922 2973 tumultumque
1949 2909 2098 2963 exci-

509 2983 627 3029 tare
650 2990 844 3044 parum
875 2990 1038 3035 caute
1068 2983 1436 3043 constituunt.
1472 2987 1659 3060 Itaque
1687 2992 1738 3046 in
1766 2999 2093 3054 sententiam

508 3066 759 3124 adductis
780 3070 1091 3140 ordinibus,
1128 3090 1268 3145 quos
1304 3078 1575 3137 obnoxios
1611 3083 1906 3150 habebant,
1933 3104 2096 3146 exse-

2194 587 2546 642 οἰκειοτάτων
2590 588 2620 642 6
2669 588 2927 660 βασιλεὺς
2971 588 3156 660 γνοὺς,
3193 588 3288 643 καὶ
3336 590 3490 660 μόλις
3540 585 3653 645 οἷον
3689 593 3784 646 ἰπὶ

2195 679 2371 751 βραχῦ
2416 679 2733 752 ἀνανήψας,
2765 680 2863 737 καὶ
2890 680 3152 753 ἑπιγνοῦς
3181 682 3281 752 τὴν
3318 681 3529 736 οἰκείαν
3560 684 3689 755 περὶ
3714 684 3785 738 τὰ
3868 685 3872 689 ⁴

2193 774 2349 828 κοινά
2387 774 2448 828 οὐ
2502 775 2662 847 μόνον
2714 775 2977 847 ἀμέλειαν
3025 773 3123 831 καλ⁵
3151 772 3449 848 ρᾳθυμίαν,
3501 774 3640 829 ἀλλὰ
3689 776 3787 830 καὶ

2193 865 2682 942 ἀνεπιτηδειότητα
2743 868 2840 924 καὶ
2874 869 3157 939 ἀφέλειαν,
3204 872 3299 924 καὶ
3334 868 3711 924 ἐπανάστασιν
3748 872 3784 942 ἢ

2194 956 2498 1012 ἀπόστασιν
2558 958 2711 1032 παρά
2760 958 2855 1014 τοῦ
2909 958 3152 1031 πλήθους
3215 959 3586 1028 εὐλαϐηθεὶς,
3640 960 3791 1027 ἔγνω

2195 1051 2454 1104 κοινωνὸν
2483 1051 2591 1105 τῶν
2622 1053 2968 1124 πραγμάτων
3001 1051 3410 1123 προσλαϐέσθαι
3460 1054 3555 1106 καὶ
3600 1055 3702 1123 τῆς
3740 1052 3789 1085 ⁸⁸

2195 1143 2401 1213 ἀρχῆς·
2457 1146 2553 1197 καὶ
2604 1144 2839 1216 ἐπείπερ
2876 1145 2983 1218 πρὸ
3015 1144 3198 1213 ὀλίγου
3236 1144 3695 1216 υἱοποιησάμενος
3721 1140 3792 1215 ἦν

2194 1236 2285 1289 τὸν
2319 1237 2620 1300 Βασίλειον,
2657 1237 2774 1309 ᾔδει
2809 1237 2865 1291 δὲ
2892 1238 3056 1292 αὐτὸν
3102 1238 3163 1291 οὐ
3202 1236 3362 1307 μόνον
3397 1237 3612 1308 ἀνδρία,
3646 1237 3794 1292 ἀλλὰ

2198 1329 2291 1380 καὶ
2328 1330 2542 1383 συνέσει
2572 1329 2681 1382 τῶν
2709 1330 2922 1385 πολλῶν
2949 1329 3281 1402 διαφέροντα
3315 1331 3410 1383 καί
3438 1331 3618 1384 ἱκανὸν
3651 1332 3795 1385 ἁναο

2198 1420 2443 1491 πληροῦν
2472 1422 2637 1476 αὑτοῦ
2675 1421 2736 1476 τὸ
2784 1424 2843 1476 ὲν
2883 1424 2951 1494 τῇ
3001 1422 3331 1495 κυϐερνήσει
3377 1420 3473 1475 τοῦ
3512 1422 3793 1491 κοσμικοῦ

2198 1514 2445 1583 σκάτους
2471 1515 2780 1588 ὑστέρημα.
2834 1516 2952 1588 ἅμα
3010 1515 3105 1570 καὶ
3160 1516 3261 1585 τῆς
3298 1513 3448 1578 θείας
3484 1516 3797 1587 ἐναγούσης

2195 1610 2273 1669 είς
2318 1606 2478 1660 τοῦτο
2529 1606 2798 1681 Προνοίας
2832 1608 3019 1676 αὑτὸν,
3052 1608 3265 1680 βεϐαιοῖ
3305 1609 3442 1680 πρὸς
3483 1607 3641 1662 τοῦτο
3690 1611 3796 1680 τὴν

2193 1700 2420 1773 γνώμην
2457 1701 2619 1756 αὑτοῦ
2662 1700 2804 1756 ὥστε
2846 1702 3129 1756 Βασίλειον
3166 1699 3389 1772 βασιλέα
3420 1701 3538 1757 ⁸³...
3575 1704 3689 1755 Καὶ
3725 1703 3797 1774 δὴ

2198 1794 2332 1848 Θεοῦ
2369 1793 2850 1866 συνεφαπτομένου
2884 1794 2986 1865 τῆς
3028 1792 3229 1866 βουλῆς
3267 1792 3361 1846 καί
3396 1792 3492 1846 τοῦ
3524 1794 3797 1865 πράγμα-

2197 1905 2312 1954 τος,
2358 1889 2477 1943 κατ’
2510 1889 2681 1960 αὐτὴν
2731 1891 2830 1958 τήν
2868 1889 3086 1961 ἡμέραν
3140 1890 3239 1961 τῆς
3293 1889 3458 1959 ἀγίας
3499 1887 3547 1921 ⁸⁸
3586 1889 3799 1961 Πεντη-

2197 1983 2416 2054 κοστῆς,
2447 1984 2504 2036 ὲν
2622 1979 2718 2035 τοῦ
2776 1981 2991 2053 Πατρδς
3021 1982 3050 2035 6
3095 1983 3454 2054 Ιῑαράκλητος
3498 1981 3635 2054 πρὸς
3664 1982 3800 2046 τοὺς

2198 2074 2288 2129 τοῦ
2326 2074 2564 2145 Χριστοῦ
2601 2075 2696 2128 καὶ
2746 2073 2883 2129 Θεοῦ
2928 2074 3088 2146 ἡμῶν
3138 2074 3395 2147 ὲφοίτησε
3428 2076 3707 2147 μαθητὰς,
3732 2077 3799 2127 ὲν

2198 2168 2278 2238 τῷ
2310 2167 2665 2239 περιϐλέπτῳ
2703 2172 2799 2222 καὶ
2833 2169 3110 2240 ἐπωνύμῳ
3162 2168 3262 2239 τῆς
3289 2167 3385 2222 τοῦ
3420 2167 3556 2222 Θεοῦ
3590 2169 3800 2237 Σοφίας

2199 2259 2311 2330 ναῷ
2344 2260 2436 2312 τὸν
2470 2258 2743 2330 βασίλειον
2795 2260 2824 2314 6
2857 2258 3147 2324 Βασίλειος
3200 2260 3542 2331 περιτίθεται
3586 2259 3799 2328 στέφα-

2198 2370 2311 2417 νον,
2346 2352 2491 2423 χειρὶ
2524 2352 2622 2422 μὲν
2651 2350 2746 2405 τοῦ
2780 2350 2905 2405 τότε
2932 2350 3157 2422 Μιχαὴλ
3192 2350 3591 2422 βασιλεύοντος,
3622 2350 3802 2422 alar,sz

2196 2445 2253 2499 δὲ
2284 2447 2378 2499 καὶ
2404 2444 2585 2514 κρίσει
2612 2443 2852 2514 Χριστοῦ
2897 2443 2993 2498 τοῦ
3022 2443 3114 2498 ἀεὶ
3142 2442 3544 2515 βασιλεύοντος.
3583 2443 3804 2511 Ἕκτην

2199 2538 2337 2608 πρὸς
2367 2540 2488 2600 ταῖς
2529 2537 2734 2589 εῖκοσιν
2763 2532 2922 2607 ζεῖχεν
2976 2539 3004 2591 6
3046 2537 3224 2601 Μάῖος
3263 2536 3393 2607 μὴν,
3444 2535 3544 2605 τῆς
3584 2552 3802 2589 τεσσα-

2202 2626 2633 2699 ρεσκαιδεκάτης
2685 2628 2827 2680 κατά
2873 2624 3179 2695 Ῥωμαίους
3218 2626 3620 2697 ἑπινεμήσεως.
3665 2628 3801 2680 Mat-

2200 2716 2309 2771 θὼν
2342 2718 2399 2771 δὲ
2430 2718 2491 2771 τὸ
2523 2718 2747 2787 γεγονὸς
2776 2719 2805 2770 6
2846 2716 3159 2788 Συμϐἀτιος
3194 2720 3337 2773 κατά
3370 2719 3471 2791 τὴν
3505 2720 3801 2789 ἀπονεμηο

2200 2809 2388 2863 θεῖσαν
2440 2810 2591 2881 αῦτῷ
2642 2808 2978 2880 στρατηγίδα
3022 2810 3247 2879 διάγων,
3288 2812 3390 2865 οὐκ
3424 2811 3665 2883 ἠδυνήθη
3703 2813 3801 2865 τὸν

2197 2902 2526 2975 δια-τήκοντα
2564 2902 2760 2972 φθόνον
2819 2901 2969 2973 αὑτῷ
3014 2903 3373 2974 ἀνθρωπίνως
3435 2906 3799 2974 ὑπενεγκεῖν,

2198 2996 2336 3051 ἀλλά
2375 2996 2832 3064 συναπομανέντα
2867 2994 3011 3066 σχὼν
3043 2997 3137 3050 καί
3177 2996 3441 3067 Πηγάνην
3464 2998 3675 3050 ἐκεῖνον
3702 2997 3802 3048 τὸν

2656 3093 2683 3105 ο

2199 3094 2507 3167 πατρίκιον,
2540 3093 2596 3156 ὃς
2624 3093 2719 3164 τῆς
2752 3092 2799 3124 ⁸⁸
2834 3092 2974 3145 κατά
3009 3094 3069 3146 τὸ
3104 3091 3347 3161 Ὀψίκιον
3371 3095 3558 3162 ἡγεῖτο
3581 3109 3800 3163 στρατο

508 3170 750 3227 quuntur
778 3164 1008 3220 consilia
1041 3183 1056 3220 :
1087 3165 1407 3226 Michaelem
1464 3175 1773 3232 acclamant
1823 3190 1883 3234 ut
1916 3184 2087 3253 impe-

2200 3164 2383 3263 ηγίδος
2445 3187 2533 3261 [Ρ.
2571 3185 2721 3258 1501.
2754 3187 2832 3247 εἰς
2860 3183 3165 3239 ἀπόστασιν
3190 3184 3476 3254 βλέπουσι,
3507 3186 3601 3237 καὶ
3632 3184 3802 3255 μοῦλ-

509 3262 771 3319 ratorem,
809 3271 920 3325 quo
948 3258 1161 3315 scilicet
1202 3260 1330 3318 inde
1366 3264 1772 3324 multitudinem
1810 3273 2095 3331 allicerent

510 3357 610 3398 uec
664 3345 984 3403 rebellionis
1021 3352 1339 3409 calcaneum
1402 3358 1666 3416 adversus
1710 3363 2092 3435 imperatorem

506 3448 566 3487 se
625 3436 806 3492 levare
856 3441 1231 3509 ostenderent,
1290 3442 1552 3502 Basilium
1603 3466 1731 3506 vero
1786 3457 2094 3514 maledictis

510 3528 784 3595 impu-tunt
819 3530 1080 3600 omnique
1117 3535 1411 3590 verborum
1471 3542 1809 3609 procacitate
1850 3545 2095 3603 lacerant

506 3627 572 3667 ac
605 3615 873 3672 conviciis
923 3622 1268 3691 compluunt.
1321 3624 1556 3699 Talique
1604 3644 1870 3702 apparatu
1929 3639 2093 3696 stulte

507 3706 802 3761 admodum
856 3708 1150 3768 frementes
1197 3718 1393 3775 messis
1455 3730 1702 3791 tempore
1753 3725 2089 3800 irrumpunt,

510 3795 825 3867 multosque
873 3816 1161 3871 procerum
1213 3824 1379 3879 agros
1429 3813 1549 3870 urbi
1597 3816 1809 3875 vicinos
1846 3795 1955 3892 igni
1985 3821 2094 3879 fer-

506 3903 682 3958 roque
712 3902 953 3959 vastant,
986 3912 1085 3953 nec
1117 3915 1322 3970 paucas
1362 3919 1529 3964 naves
1558 3907 2090 3986 Constantinopolim

506 3984 878 4053 navigantium
948 3988 1003 4042 in
1049 3993 1382 4052 stationibus
1434 3998 1804 4069 deprehensas
1853 3984 2087 4062 succen-

507 4071 664 4129 dunt.
698 4074 886 4134 Hieme
933 4091 1114 4138 autem
1143 4096 1429 4157 appetente
1455 4091 1811 4160 dirimuntur,
1849 4099 1987 4154 clam
2027 4116 2094 4158 ac

506 4168 709 4224 viritim
744 4174 970 4229 sceleris
1002 4177 1170 4233 sociis
1201 4180 1637 4253 aufugientibus.
1679 4187 1861 4255 Quare
1888 4202 2093 4265 tragoe-

506 4260 612 4317 dia:
641 4274 896 4323 auctores
931 4268 1095 4324 saluti
1131 4270 1256 4343 fuga
1286 4277 1577 4334 consulere
1604 4284 1789 4338 conati
1837 4260 2092 4343 sunt.'Ac

508 4355 827 4426 Symbatius
867 4360 1089 4431 quidem
1125 4362 1179 4417 iu
1225 4369 1512 4424 castellum
1550 4374 1720 4439 subit,
1752 4378 1897 4446 qttod
1944 4378 2092 4436 Latre

506 4446 677 4505 Petra:
710 4462 929 4516 vocant,
967 4452 1209 4525 Peganes
1261 4456 1405 4515 vero
1443 4461 1731 4535 Cotyaium
1776 4468 1938 4541 241
1995 4488 2089 4529 oc-

2199 3300 2290 3336 τον
2342 3281 2399 3348 ἐξ
2434 3280 2695 3344 ἀπονοίας
2750 3279 2995 3348 ἔγνωσαν
3044 3280 3319 3349 συνιστᾷν.
3364 3278 3801 3344 Ἀναπείσαντες

2197 3374 2252 3428 δὲ
2285 3376 2377 3427 καὶ
2410 3372 2475 3427 τὰ
2504 3372 2597 3425 ὑπ’
2623 3372 2820 3435 αὐτοὺς
2850 3371 2896 3404 ³⁸
2947 3371 3340 3443 στρατεύματα
3390 3373 3469 3434 είς
3503 3370 3667 3440 ἔργον
3713 3370 3800 3436 ἐξα

2197 3462 2392 3531 ἁγουσι
2420 3462 2487 3515 τὰ
2521 3460 2863 3532 βουλεύματα
2892 3461 2960 3527 ⁸⁷,
2996 3460 3375 3532 εὐφημοῦντες
3406 3461 3505 3531 μὲν
3545 3461 3638 3514 τδν
3682 3462 3800 3515 Mt-

2197 3555 2338 3628 χαὴλ
2381 3554 2456 3616 ὡς
2492 3553 2718 3624 βασιλέα
2770 3553 2857 3609 διὰ
2907 3554 2967 3638 τδ
3010 3556 3075 3607 ὲκ
3110 3554 3303 3608 τούτου
3353 3553 3424 3607 τὰ
3476 3553 3658 3624 πλήθη
3695 3558 3799 3607 ἐττ-

2198 3646 2428 3716 άγεσθαι
2477 3645 2572 3699 καὶ
2607 3644 2681 3718 μή
2730 3645 2909 3700 δοκεῖν
2962 3646 3203 3716 πτέρναν
3238 3646 3577 3709 ἀποστασίας
3608 3645 3797 3718 αἴρειν

2198 3739 2341 3794 κατά
2367 3737 2459 3792 τοῦ
2502 3738 2927 3812 αὐτοκράτορος,
2959 3738 3381 3811 δυσφημοῦντες
3420 3739 3475 3793 δὲ
3509 3740 3601 3792 τὶν
3635 3739 3799 3793 Βασί-

2197 3832 2341 3887 λειον
2390 3832 2487 3885 καὶ⁸
2547 3832 2773 3905 μυρίαις
2819 3830 3114 3896 πλύνοντες
3148 3832 3361 3905 ὕϐρεσι.
3407 3832 3799 3903 Φρυαξάμενοι

2196 3923 2252 3980 δὲ
2313 3927 2435 3990 ταῖς
2470 3925 2748 3988 τοιαύταις
2783 3924 3072 3990 ἀπονοέαις
3105 3925 3249 3979 κατὰ
3296 3925 3386 3979 τὸν
3444 3923 3539 3979 τοῦ
3590 3925 3798 3997 θέρους

2197 4020 2412 4090 καιρὸν,
2451 4021 2545 4073 καὶ
2576 4019 2808 4083 πολλοὺς
2843 4019 3052 4091 ἀγροὺς
3085 4018 3197 4071 τῶν
3232 4018 3374 4073 κατά
3414 4017 3511 4088 τήν
3540 4017 3797 4089 βασιλίδα

2197 4109 2439 4165 δυνατῶν
2471 4110 2950 4183 πυρπολήσαντες,
2985 4109 3083 4164 καὶ
3128 4109 3261 4173 ναῦς
3313 4111 3417 4164 οὐκ
3458 4110 3652 4179 ὀλίγας
3682 4112 3799 4166 τῶν

2198 4205 2334 4278 πρὸς
2384 4205 2484 4277 τὴν
2539 4204 2936 4275 βασιλεύουσαν
2996 4206 3341 4277 ποιουμένων
3378 4204 3470 4259 τὸν
3512 4204 3687 4259 πλοῦν
3735 4207 3799 4259 εν

2196 4300 2309 4360 τοῖς
2352 4298 2545 4368 ὅρμοις
2600 4295 2972 4366 κατασχόντες
3034 4298 3129 4349 καὶ
3190 4295 3664 4363 κατακαύσαντες,
3718 4297 3797 4361 ὡς

2196 4386 2433 4459 ἔφθασεν
2460 4388 2489 4441 6
2520 4386 2751 4459 χειμὼν,
2791 4385 3127 4447 διαλύονται.
3170 4385 3666 4459 διαδιδρασκόντων
3694 4388 3796 4440 lci-

2198 4478 2303 4550 θρα
2336 4480 2433 4534 καλ⁵
2459 4479 2581 4533 κατ’
2612 4479 2828 4546 ὀλίγους
2850 4480 2958 4533 τῶν
2990 4479 3263 4535 κοινωνῶν
3291 4480 3385 4534 τοῦ
3409 4479 3790 4551 τολμήματος.

505 4550 687 4610 cupat.
737 4542 883 4599 Nihil
927 4554 1107 4603 tamen
1142 4564 1209 4605 eo
1240 4566 1555 4611 commento
1587 4561 1860 4615 commodi
1889 4577 2089 4619 conse-

2201 4542 2267 4625 ’ὸ
2302 4570 2604 4635 συνιδόντες
2651 4542 2828 4625 οί-τοῦ
2868 4570 3147 4642 δράματος
3193 4572 3428 4646 ἀρχηγοὶ
3688 4542 3793 4640 τήν

505 4642 770 4702 quuntur.
806 4636 963 4707 Capti
992 4639 1138 4695 enim
1166 4642 1236 4697 ab
1259 4642 1609 4715 imperatoris
1635 4650 1809 4705 milite
1830 4652 1997 4709 vincti
2025 4656 2095 4712 ad

506 4736 628 4777 eum
662 4725 1025 4786 adducuntur.
1058 4731 1267 4804 Agebat
1296 4744 1426 4792 tuuc
1461 4737 1761 4809 imperator
1789 4744 1843 4798 in
1882 4744 1941 4801 S.
1979 4745 2093 4802 Ma-

504 4816 705 4870 mautis
755 4821 920 4889 regiis
952 4823 1199 4893 aedibus;
1235 4828 1559 4900 vidensque,
1619 4834 1855 4892 multum
1907 4854 2094 4897 vecor-

504 4902 649 4957 diam
691 4916 745 4960 et
798 4914 1161 4972 temeritatem
1213 4934 1279 4975 ac
1326 4928 1733 4983 contumaciam
1797 4945 1906 4987 non
1969 4932 2091 4991 siue

505 4996 759 5052 convicio
785 5004 1149 5074 exprobrans,
1195 5011 1351 5079 prius
1398 5018 1715 5077 verberibus
1745 5021 1950 5079 allatim
1983 5041 2091 5083 caa-

504 5087 618 5177 dos,
666 5088 890 5148 demum
941 5094 1056 5165 lege
1118 5114 1285 5169 agens
1336 5108 1606 5177 supplicio
1665 5114 1969 5173 damnavit.
2017 5118 2094 5174 Ac

504 5174 819 5249 Syinbatius
874 5186 1095 5256 quidem
1143 5191 1311 5247 oculo
1365 5174 1568 5253 ellosso
1625 5210 1792 5273 atque
1832 5222 1939 5262 una
1982 5223 2094 5263 ma-

506 5284 673 5326 nuum
707 5288 987 5348 amputata
1021 5280 1075 5335 in
1111 5282 1333 5338 exilium
1376 5288 1610 5346 mittitur
1639 5311 1652 5348 :
1685 5293 1930 5367 Peganes
1962 5315 2091 5357 vero

509 5359 629 5431 ipse
692 5382 913 5441 quoque
966 5376 1143 5451 oculis
1202 5378 1511 5449 spoliatus,
1580 5359 1914 5461 naribusque
1989 5394 2090 5449 fer-

509 5467 570 5508 ro
632 5466 961 5536 amputatis,
1028 5472 1324 5545 relegatur.
1380 5473 1705 5550 Quanquam
1761 5484 1862 5540 hos
1934 5486 2082 5558 ipsos

2196 4663 2472 4736 σωτηρίαν
2496 4662 2686 4716 λαϐεῖν
2720 4662 3117 4736 ἐπειράθησαν.
3150 4664 3262 4719 Καὶ
3287 4664 3315 4716 6
3342 4663 3442 4735 μὲν
3474 4661 3791 4733 Συμεὰτιος

2194 4758 2276 4823 είς
2312 4757 2375 4811 τὸ
2430 4757 2529 4828 τῆς
2580 4755 2854 4822 Πλατείας
2888 4757 3195 4830 λεγομένης
3254 4757 3464 4829 πέτρας
3516 4756 3789 4831 φρούριον

2192 4852 2608 4923 ὑπεισέρχεται,
2637 4850 2664 4902 6
2708 4851 2765 4905 δὲ
2809 4850 3072 4923 Πηγάνης
3101 4850 3326 4922 κατέχει
3359 4849 3421 4903 τὸ
3456 4849 3786 4903 Κοτυάειον.

2203 4944 2345 5000 Ἀλλ’
2374 4945 2455 5007 είς
2489 4944 2643 4998 οὐδὲν
2689 4944 2792 5012 τῆς
2827 4943 3088 5015 τοιαύτης
3124 4942 3366 5007 ἐπινοίας
3389 4940 3684 4998 ἀπώναντο
3716 4938 3785 4972 ⁸³⁸

2191 5036 2297 5091 ὑπὸ
2325 5037 2434 5109 γὰρ
2460 5036 2562 5107 τῆς
2588 5034 2683 5091 τοῦ
2718 5036 2987 5107 βασιλέως
3012 5035 3312 5108 ληφθέντες
3353 5034 3537 5107 χειρὸς
3566 5034 3789 5106 δέσμιοι

2190 5125 2328 5197 πρὸς
2359 5122 2521 5179 αὑτὸν
2543 5124 2933 5195 ἀναφέρονται.
2964 5124 3466 5197 Καταλαμϐἀνουσι
3498 5124 3555 5177 δὲ
3589 5124 3790 5179 τοῦτον

2192 5217 2248 5269 ἐν
2281 5218 2392 5281 τοῖς
2417 5215 2513 5269 τοῦ
2557 5216 2741 5285 Ἀγίου
2763 5214 3068 5286 Μάμαντος
3098 5215 3388 5279 παλατίοις
3415 5213 3681 5282 διάγοντα
3712 5214 3785 5244 ⁸³·

2189 5306 2283 5371 οὓς
2323 5306 2469 5376 ίδὼν,
2504 5310 2600 5363 καὶ
2628 5307 2799 5363 πολλὰ
2828 5308 2927 5379 τῆς
2954 5307 3215 5373 ἀπονοίας
3248 5308 3343 5363 καὶ
3377 5306 3610 5372 ἀταξίας
3639 5306 3788 5357 ὀνει-

2195 5403 2347 5466 δίσας
2401 5420 2460 5456 τε
2519 5402 2613 5457 καὶ
2672 5401 3168 5475 λοιδορησάμενος,
3208 5402 3305 5458 καὶ
3352 5401 3441 5456 διὰ
3492 5401 3789 5473 μαστίγων

2193 5496 2457 5566 πρότερον
2514 5496 2818 5564 ἐπεξελθὼν
2853 5496 3073 5563 ἱκανῶν,
3112 5495 3343 5568 ὕστερον
3375 5492 3635 5560 ἐκδότους
3663 5494 3789 5557 ταῖς

1786 5670 2024 5735 VARIE
2066 5673 2472 5731 LECTIUNICS.

576 5768 625 5802 “
648 5768 745 5841 τῆς
778 5785 895 5849 ρῳ.
1083 5778 1128 5809 ⁸³
1149 5778 1445 5849 βασιλέα...
1485 5801 1599 5843 om.
1626 5790 1691 5843 Α.

509 5839 711 5911 ἄγουσι
734 5842 800 5896 τὰ
832 5839 1177 5920 βουλεύματα
1200 5867 1310 5909 om.
1342 5855 1396 5910 l’.

1797 5792 1841 5825 3‘
1867 5792 2027 5861 ἁγίας
2071 5811 2183 5851 om.
2216 5794 2277 5853 Ρ.

1477 5859 1522 5892 ⁸⁸
1554 5859 1863 5918 κατώναντο
1887 5859 1946 5922 Ρ.
2026 5866 2071 5899 ⁸⁸
2106 5866 2359 5937 διάγοντα
2388 5859 2587 5924 οιιι.’1’.

2380 5796 2424 5829 ⁸⁵
2452 5796 2553 5868 τῆς
2574 5811 2684 5852 om.
2713 5797 2770 5853 Ρ.
2875 5797 2920 5832 ⁸⁸
2945 5798 3109 5853 αὐτοῦ
3139 5798 3200 5852 Α.
3303 5798 3348 5829 ³⁷
3384 5795 3465 5862 εἰς
3492 5796 3663 5868 ἔργον
3690 5798 3780 5864 ἐξ-
