3994 6220
201 263 303 326 25';
1190 250 1199 256 ’
1296 260 1447 320 LIB.
1493 260 1557 318 ν.
1600 282 1666 294 -
1708 257 2065 318 BASILIUS
2092 259 2421 321 MACEDO.
3364 263 3477 329 258

201 377 299 436 τοῦ
328 378 495 449 νόμου
528 376 743 437 ποιναῖς
772 373 1093 444 ἐποιήσατο.
1130 373 1240 427 Καὶ
1281 375 1309 426 ό
1343 373 1443 444 μὲν
1472 372 1780 444 Συμϐάτιος

1909 372 2133 438 ;enerosi
2161 373 2397 444 pectoris
2435 372 2732 444 imperator
2756 372 3014 443 Basilius,
3062 384 3351 446 pustquam
3383 393 3478 432 so-

200 469 529 543 ἀμφοτὲρων
558 467 667 520 τῶν
698 465 997 538 ὀφθαλμῶν
1026 464 1121 520 καὶ
1152 465 1251 535 τῆς
1288 466 1418 537 μιᾶς
1446 466 1631 535 χειρδς
1666 481 1789 516 στε-

1912 479 1975 519 us
2007 478 2186 518 rerum
2218 464 2425 534 potitus
2446 473 2529 519 est
2554 505 2568 530 ,
2606 463 2674 520 ab
2717 464 2915 522 exsilio
2954 466 3248 533 revocavit,
3298 468 3482 536 pristi-

203 563 389 636 ρηθεὶς
430 563 511 626 εἰς
542 559 763 631 ἑξορίαν
790 557 1161 629 ἐκπέμπεται,
1192 558 1221 610 ό
1246 557 1303 611 δὲ
1330 558 1590 628 Πηγάνης
1621 556 1715 611 καὶ
1743 558 1791 589 ⁹⁰

1909 571 2072 623 taque
2125 556 2310 610 omnia
2375 574 2644 623 munera,
2692 558 2894 628 quibus
2951 571 3078 614 ante
3124 560 3477 615 rebellionem

200 656 366 718 αὐτὸς
406 657 476 725 τῇ
531 652 640 706 τῶν
685 649 982 722 ὀφθαλμῶν
1016 650 1311 705 ὑποπεσὼν
1345 651 1557 721 ὲκκοπῇ
1590 651 1686 702 καὶ
1725 651 1791 721 τῇ

1909 646 2236 716 ;audebant,
2294 645 2594 702 liberaliter
2659 648 2911 713 indulsit,
2971 666 3035 705 ac
3086 667 3152 705 ne
3194 652 3482 720 vestigium

201 742 307 795 τῶν
337 741 507 814 ῥινῶν
559 739 645 793 διὰ
708 737 898 808 ξίφους
933 740 1207 811 ἀνατομῇ,
1265 738 1405 810 πρὸς
1458 739 1675 810 ὲξορίαν
1703 739 1797 793 καὶ

1909 737 2115 808 ιιιίάθιιι
2150 738 2260 793 odii
2286 741 2583 795 ostendens
2610 757 2711 810 pro
2746 745 2945 797 veteris
2976 744 3191 813 injuria:
3217 746 3483 801 memoria

200 834 362 898 αὐτὸς
390 832 812 887 ἀποστέλλεταιο
838 831 931 896 οὓς
969 834 997 885 ό
1027 833 1276 900 γενναῖος
1324 830 1582 902 βασιλεὺς
1622 829 1789 885 Βασί-

201 928 365 991 λειος,
394 927 482 979 ὅτε
522 925 621 996 τὴν
657 926 931 995 μόναρχον
972 924 1018 956 ⁹¹
1059 924 1311 989 ἐξουσίαν
1348 923 1586 989 ἐδέξατο,
1624 923 1720 978 καὶ
1748 924 1794 957 ’³

201 1020 302 1090 τῆς
329 1019 637 1090 ὑπερορίας
667 1018 1038 1071 ἀνεκαλέσατο
1080 1016 1176 1071 καὶ
1213 1018 1336 1079 ταῖς
1367 1015 1474 1090 πρὸ
1518 1020 1616 1088 τῆς
1655 1017 1795 1069 ἀπο-

205 1112 433 1174 στασίας
488 1110 720 1179 δωρεαῖς
768 1110 1238 1181 ἐφιλοτιμήσατο,
1287 1111 1383 1163 καὶ
1443 1108 1582 1180 μηδὲ
1636 1108 1786 1180 ῐχνος

1899 831 2098 901 saepius
2138 830 2206 885 ad
2247 847 2491 887 mensam
2527 849 2712 888 secum
2750 835 3045 892 adbibi-bat
3072 840 3360 909 verbisque
3389 856 3484 895 s0-

1902 921 2139 988 labatur,
2178 937 2241 977 ac
2270 924 2549 979 beneficiis
2575 924 2782 997 largus,
2812 927 2970 998 cujus
3010 930 3110 984 sibi
3137 946 3233 1000 per
3260 934 3486 986 demen-

1902 1013 2032 1068 tiam
2074 1024 2327 1070 auctores
2378 1015 2722 1081 exstiterant,
2765 1017 3125 1074 infortunium
3167 1022 3380 1079 levabat
3420 1037 3487 1079 ac

1902 1121 2201 1159 llllSl‘l'lam.

206 1203 585 1276 μνησικακίας
619 1202 755 1272 πρὸς
784 1203 981 1265 αὐτοὺς
1008 1201 1386 1273 ἐνδειξάμενος
1424 1200 1521 1253 καὶ
1548 1199 1892 1271 όμοδιαίτους
1922 1199 2184 1262 πολλάκις
2253 1200 2491 1254 ἐποιεῖτο
2551 1200 2646 1256 καὶ
2694 1199 2877 1271 λόγοις
2935 1204 3326 1275 παρεμυθεῖτο,
3393 1209 3486 1263 καὶ

207 1299 389 1369 ἔργοις
419 1298 726 1369 εὐεργετῶν
767 1299 897 1369 ῥᾷον
926 1298 1124 1361 αὐτοὺς
1171 1298 1349 1352 ἐποίει
1375 1297 1564 1370 φέρειν
1593 1296 1654 1352 τὸ
1685 1297 1785 1367 τῆς
1824 1296 2008 1359 ἀνοίας
2044 1296 2326 1367 ἀτύχημα.

278 1394 365 1449 ιθθ.
409 1392 572 1446 Ἀλλά
596 1392 774 1446 ταῦτα
824 1392 927 1462 μὲν
962 1390 1210 1465 ὕστερον·
1245 1393 1366 1446 τότε
1398 1392 1455 1446 δὲ
1492 1392 1589 1447 καὶ
1619 1393 1654 1463 ἡ
1691 1392 1798 1463 πρὸ

205 1490 546 1557 πεντήκοντα
569 1489 665 1540 καὶ
694 1486 1025 1558 τριακοσίων
1056 1486 1193 1541 ἐτῶν
1214 1488 1517 1560 πρόρρησις
1542 1488 1636 1541 καὶ
1657 1504 1794 1557 προ-

204 1583 407 1654 φητεία
437 1581 498 1634 τὸ
543 1580 697 1642 τέλος
746 1578 1054 1650 ἐλάμὸανεν
1102 1578 1293 1632 Ἰσαάκ
1330 1577 1423 1632 τοῦ
1468 1578 1796 1650 διορατικω-

204 1677 369 1732 τάτου
430 1677 542 1727 τῶν
591 1672 785 1744 ἱερέων
816 1673 910 1725 καὶ
942 1672 1230 1743 μοναχῶν,
1261 1672 1321 1735 ὃς
1354 1669 1414 1736 ἐξ
1457 1671 1797 1739 ’Λρσακιδῶν

1980 1390 2069 1444 l9.
2100 1384 2300 1443 Verum
2360 1396 2474 1446 haec
2510 1402 2720 1462 postea.
2754 1391 2909 1448 Tunc
2947 1409 3077 1450 vero
3108 1394 3271 1450 etiam
3324 1397 3487 1453 finem

1906 1482 2119 1551 accepit
2153 1497 2276 1551 qua:
2313 1490 2440 1536 ante
2481 1499 2656 1540 annos
2690 1495 2968 1541 trecentos
3000 1496 3051 1540 et
3092 1487 3487 1559 quinquaginta

1907 1574 2233 1628 vaticinatio
2291 1575 2691 1645 oracnlnmque
2745 1586 3122 1646 praecesserat,
3157 1578 3349 1643 Isaaci,
3386 1580 3487 1633 viri

1904 1665 2047 1722 inter
2070 1668 2386 1724 sacerdotes
2416 1678 2579 1738 atque
2608 1671 2915 1725 monachos
2942 1672 3086 1727 dono
3110 1673 3487 1741 praenoscendi

202 1769 299 1824 καὶ
329 1766 497 1828 αὐτὸς
556 1765 937 1834 καταγόμενος
992 1762 1059 1816 δι’
1098 1763 1383 1832 ὁράματος
1446 1761 1653 1833 ἔμαθεν
1717 1760 1800 1813 δτι

1909 1759 2092 1815 futura
2147 1762 2663 1843 pracellentissimi.
2722 1760 3003 1817 Traltebat
3052 1763 3097 1817 is
3148 1778 3368 1834 quoque
3418 1779 3484 1818 ex

206 1859 348 1931 μετὰ
385 1855 646 1910 τοσοῦτον
676 1855 871 1926 χρόνον
901 1852 995 1906 τόν
1027 1853 1234 1923 μεταξὺ
1277 1854 1342 1905 ὲκ
1379 1852 1491 1904 τῶν
1525 1852 1570 1885 ’³
1594 1850 1796 1918 ἀπογύ-

203 1968 314 2005 νων
353 1947 628 2018 ’Δρσάκου
686 1944 875 2015 μέλλει
930 1960 1017 2007 τις
1071 1942 1165 1995 ἐπὶ
1220 1941 1290 1996 τὰ
1323 1941 1424 2011 τῆς
1477 1940 1798 2010 Ῥωμαῖκῆς

205 2043 493 2115 βασιλείας
529 2040 780 2110 σκῆπτρα
816 2035 1273 2100 ἀναόιόἀζεσθαι.
1322 2035 1537 2088 Γίνεται
1585 2035 1641 2088 δὲ
1678 2034 1797 2087 κατ’

201 2134 380 2205 εὐχὴν
409 2134 469 2187 τὸ
494 2133 726 2202 πρᾶγμα
750 2131 860 2194 τοῖς
884 2146 944 2182 τε
978 2129 1036 2181 ὲν
1061 2126 1203 2181 τέλει
1229 2128 1322 2180 καὶ
1344 2126 1420 2196 τῷ
1444 2127 1602 2196 δήμῳ
1633 2126 1799 2179 παντὶ

204 2228 311 2281 καὶ
360 2224 703 2296 στρατοπέδῳ
749 2221 836 2296 [Ρ.
876 2220 1002 2293 151]
1038 2220 1134 2274 καὶ
1180 2222 1508 2291 στρατηγοῖς
1550 2219 1643 2273 καὶ
1688 2220 1798 2282 τοῖς

204 2319 319 2373 ὑπὸ
354 2317 455 2387 τὴν
488 2316 661 2388 ἀρχὴν
694 2314 797 2367 ἀνὰ
831 2313 1033 2373 πάσαις
1063 2313 1182 2375 ταῖς
1215 2311 1424 2382 χώραις
1455 2311 1549 2364 καὶ
1577 2310 1800 2365 πόλεσιν

112 2402 121 2405 ⁷
203 2412 385 2467 ἅπασι
427 2409 676 2479 πῆθεσισ
709 2407 911 2470 πάντες
943 2404 1053 2475 γὰρ
1080 2403 1370 2474 ἐπιστῆναι
1407 2406 1516 2468 τοῖς
1541 2406 1802 2475 πράγμα-

204 2522 294 2559 σιν
320 2504 556 2575 ηὔχοντο
583 2502 632 2534 "
662 2500 831 2575 ἄνδρα
865 2500 959 2553 καὶ
983 2498 1079 2568 τῆς
1099 2497 1379 2559 ἐλάττονος
1404 2494 1573 2566 τύχης
1605 2497 1803 2566 πεῖραν

206 2595 503 2667 δεξάμενον
543 2594 639 2647 καὶ
704 2590 986 2661 ἐγνωκότα
1039 2588 1167 2652 τοὺς
1226 2586 1369 2641 κατὰ
1399 2586 1508 2640 τῶν
1550 2587 1801 2657 πενήτων

206 2690 313 2743 ὑπὸ
338 2688 452 2755 τῶν
496 2685 879 2757 ὑπερεχόντων
906 2682 1297 2751 κονδυλισμοὺς
1330 2680 1424 2733 καὶ
1462 2680 1559 2744 τὰς
1587 2679 1804 2743 ἀδίκους

208 2780 268 2846 ἐξ
312 2778 503 2835 αὐτῶν
556 2777 881 2847 ἀφαιρέσεις
941 2774 1039 2826 καὶ
1095 2772 1192 2834 τάς
1239 2770 1430 2841 ἅσπερ
1478 2769 1806 2834 ἀναστάσεις

205 2872 311 2927 τῶν
353 2870 771 2941 ταπεινοτέρων
820 2865 917 2920 καὶ
964 2866 1089 2927 τοὺς
1142 2861 1295 2934 παρὰ
1342 2862 1453 2915 τῶν
1504 2860 1801 2933 ὁμοφύλων

208 2963 692 3037 ἀνδραποδισμοὺς
713 3000 729 3024 ,
780 2960 817 3016 ἃ.
855 2961 1033 3014 πάντα
1064 2959 1159 3013 ἐπὶ
1201 2958 1299 3026 τῆς
1332 2956 1428 3009 τοῦ
1453 2955 1676 3027 Μιχαὴλ
1706 2955 1806 3025 βα-

210 3059 420 3123 σιλείας
445 3058 576 3127 ἔσχε
612 3055 801 3127 καιρὸν
825 3053 916 3107 διὰ
958 3054 1019 3106 τὺ
1050 3050 1186 3123 πρὸς
1213 3049 1392 3113 ἄλλοις
1424 3049 1625 3118 μᾶλλον
1665 3044 1807 3104 εἶναι

1899 1853 2294 1907 Arsacidarum
2346 1863 2507 1923 gente
2560 1853 2875 1922 originem,
2922 1849 3223 1925 divinaque
3275 1857 3491 1911 visione

1900 1945 2173 2000 didicerat
2204 1954 2278 1998 tot
2316 1960 2588 2000 annorum
2650 1946 2884 2002 decurso
2921 1946 3099 2017 spatio
3127 1947 3242 2003 fore
3271 1963 3337 2003 ex
3382 1952 3489 2003 Δια

1901 2037 2048 2092 sacis
2082 2038 2344 2108 posteris,
2372 2038 2464 2107 qui
2510 2036 2745 2092 Romani
2801 2038 3017 2109 imperii
3043 2048 3262 2109 sceptra
3298 2053 3493 2109 capes-

1901 2137 2067 2184 seret.
2130 2127 2239 2185 Res
2283 2145 2347 2183 ex
2388 2129 2637 2183 onmium
2673 2139 2802 2184 voto
2832 2130 3137 2196 successit,
3169 2129 3332 2202 242
3376 2140 3489 2185 tum

1901 2222 2114 2277 scilicet
2144 2235 2437 2291 procerum
2477 2236 2542 2276 ac
2573 2222 2864 2288 nobilium,
2901 2230 3013 2278 tum
3047 2223 3274 2293 reliquae
3306 2226 3489 2281 omnis

1901 2312 2075 2384 plebis
2117 2327 2182 2366 ac
2224 2312 2451 2378 civium,
2508 2314 2742 2368 militum
2807 2330 3030 2387 quoque
3088 2331 3154 2371 ac
3199 2316 3490 2373 ductorum

1904 2407 2177 2461 exercitus
2216 2404 2578 2475 omniumque
2633 2414 2749 2461 toto
2788 2406 2895 2462 late
2938 2408 3170 2478 imperio
3214 2424 3311 2478 per
3356 2424 3488 2479 pro-

1903 2496 2113 2553 vincias
2141 2499 2415 2568 urbesque
2446 2499 2821 2554 subditorum.
2847 2498 3050 2556 Omnes
3076 2501 3223 2557 enim
3252 2503 3491 2557 maxime

1903 2590 2263 2661 peroptabant
2298 2592 2474 2646 virum
2507 2592 2776 2662 ejusmodi
2818 2592 2983 2648 rebus
3027 2594 3251 2664 prazlici,
3282 2597 3377 2665 qui
3415 2604 3494 2651 te-

1905 2684 2157 2739 nuiorem
2196 2684 2312 2755 ipse
2348 2682 2628 2740 fortunam
2686 2694 2946 2756 expertus
2977 2700 3268 2758 procerum
3320 2687 3495 2759 majo~

1906 2791 2143 2845 rumque
2182 2776 2236 2831 in
2265 2793 2536 2849 pauperes
2567 2778 2802 2848 injurias
2828 2795 2935 2834 non
2980 2780 3217 2836 nesciret
3246 2781 3494 2852 iniquas-

1907 2886 2017 2941 que
2072 2886 2268 2927 eorum
2335 2873 2582 2944 rapinas,
2619 2873 2712 2945 qui
2770 2873 3008 2942 denique
3071 2873 3426 2930 bumiliorum
3463 2891 3494 2930 a

1908 2950 2313 3021 contribulibus
2375 2976 2587 3023 tantum
2626 2982 2750 3031 _non
2804 2967 3018 3022 excidia
3058 2975 3115 3022 et
3159 2967 3496 3039 direptiones

1909 3055 2203 3126 plagiaque
2234 3064 2445 3112 nosset.
2482 3055 2615 3123 Quae
2641 3057 2826 3111 omnia
2866 3054 3135 3112 Michaele
3165 3057 3496 3125 imperatore

208 3151 295 3204 τὸν
352 3148 588 3220 βασιλέα
627 3146 661 3217 ἢ
697 3144 965 3214 περὶτῶν
1021 3142 1282 3196 τοιούτων
1322 3139 1528 3194 ἐθέλειν
1560 3145 1803 3197 σκοπεῖν.

1909 3150 2264 3205 occasionem
2298 3158 2627 3220 tempusque
2678 3162 2840 3205 nacta
2880 3150 3047 3205 etiam
3082 3149 3357 3220 etiamque
3386 3150 3493 3204 vim

204 3245 492 3312 roburque
539 3240 866 3302 habuerant,
919 3251 1044 3292 cum
1104 3234 1195 3287 ille
1253 3233 1375 3287 aliis
1412 3232 1595 3303 potius
1632 3234 1795 3291 rebus
1821 3238 2070 3294 animum
2118 3240 2436 3295 attendebat
2484 3253 2654 3311 quam
2701 3248 2784 3309 ,ιιι
2854 3239 3096 3310 publicis
3159 3238 3494 3308 ejuscemodi

208 3341 358 3396 curis
390 3350 618 3405 operam
653 3350 717 3389 ac
749 3333 989 3387 studium
1038 3341 1287 3402 poneret.

276 3428 347 3484 κ’.
381 3427 609 3484 Μᾶλλον
645 3425 724 3491 δὲ,
752 3426 874 3481 ἐπεὶ
906 3423 1140 3477 ἐνταῦθα
1171 3420 1264 3475 τοῦ
1300 3420 1459 3491 λόγου
1508 3422 1803 3495 ἐγινόμην,

212 3522 400 3593 οἴομαι
454 3519 570 3572 δεῖν
623 3519 720 3589 τὴν
772 3518 871 3589 μὲν
919 3517 1062 3570 κατά
1109 3514 1200 3569 τὸν
1258 3512 1482 3583 βασιλέα
1518 3514 1805 3570 Βασίλειον

217 3614 461 3687 ἱστορίαν
504 3612 766 3682 σχολάσαι
799 3610 890 3663 ἐπὶ
928 3610 1128 3679 μικρὸν
1157 3645 1172 3670 ,
1228 3604 1436 3660 ἄνωθεν
1482 3606 1539 3659 δὲ
1602 3608 1806 3662 ἀναλα-

217 3707 378 3761 δόντα
411 3703 657 3776 δηλῶσαι
706 3703 791 3757 διὰ
840 3702 1116 3775 βραχέων,
1148 3696 1223 3760 ὼς
1276 3692 1388 3754 οἷόν
1424 3714 1509 3764 τε,
1541 3692 1652 3762 οἷος
1682 3695 1748 3771 ἦν
1778 3701 1808 3754 ὁ

219 3799 327 3870 βίος
356 3798 439 3870 τῷ
481 3798 697 3869 βασιλεῖ
728 3795 944 3868 Μιχαὴλ
969 3799 1064 3850 καὶ
1094 3797 1229 3860 οἵοις
1259 3797 1585 3868 πράγμασιν
1618 3794 1808 3865 ἔχαιρε

218 3894 309 3947 καὶ
349 3893 449 3946 ἐπὶ
482 3893 602 3946 τίσι
641 3890 733 3943 τὸν
758 3890 948 3961 χρόνον
979 3891 1074 3943 καὶ
1098 3891 1198 3960 τὴν
1230 3892 1408 3944 πᾶσαν
1440 3886 1605 3942 αὐτοῦ
1642 3903 1811 3940 σπου-

218 3986 312 4059 δὴν
345 3985 447 4040 καὶ
474 3985 549 4039 τὰ
580 3983 819 4054 δημόσια
868 3981 1241 4053 κατανήλισκε
1289 3981 1573 4051 χρήματα,
1624 3978 1689 4031 ἵν’
1724 3980 1811 4031 ὲν-

219 4079 411 4133 τεῦθεν
454 4078 662 4131 εἰδέναι
695 4072 1048 4143 λογιζόμενος
1096 4072 1208 4143 ἔχοι
1262 4073 1369 4135 πᾶς
1416 4074 1443 4123 ὁ
1483 4068 1807 4140 βουλόμενος

218 4173 297 4227 δτι
322 4169 540 4227 καὶτὸν
562 4169 847 4222 Βασίλειον
881 4163 999 4220 θεία
1034 4164 1213 4237 ψῆφος
1256 4158 1445 4233 σαφῶς
1472 4159 1537 4234 ἦν
1563 4163 1598 4233 ὴ
1623 4161 1720 4214 ent
1746 4159 1809 4215 τὸ

220 4266 409 4337 ἄρχειν
435 4262 727 4318 καλέσασα
760 4257 1044 4329 (ἀδύνατον
1091 4259 1197 4328 γὰρ
1226 4253 1293 4329 ἧν
1330 4258 1404 4320 ὼς
1447 4250 1590 4326 εἶχεν
1620 4254 1811 4325 ἔχοντα

222 4360 491 4428 συστῆναι
520 4355 590 4409 τά
626 4354 948 4424 πράγματα)
994 4352 1089 4406 καὶ
1124 4351 1203 4404 ὅτι
1235 4354 1375 4422 μετά
1395 4347 1567 4404 ταῦτα
1595 4346 1758 4410 αὐτὸς
1782 4347 1813 4401 ό

221 4448 439 4521 Μιχαὴλ
472 4448 596 4501 καθ’
635 4445 831 4500 ἑαυτοῦ
877 4448 944 4499 τά
988 4445 1119 4515 ξίφη
1144 4444 1385 4515 ἠκόνησε
1430 4444 1525 4495 καὶ
1557 4442 1656 4506 τὰς
1700 4439 1811 4493 τῶν

223 4542 525 4595 ἀνελόντων
564 4539 725 4593 αὑτὸν
772 4537 1056 4607 ὲστόμωσε
1114 4534 1294 4600 δεξιάς
1344 4535 1443 4588 καὶ
1484 4536 1564 4603 είς
1598 4534 1696 4604 τὴν
1734 4533 1812 4586 οι·

1978 3425 2068 3480 20.
2110 3423 2401 3481 Enimvero
2431 3440 2557 3481 cum
2596 3424 2701 3481 huc
2745 3440 2921 3494 usque
2951 3425 3175 3480 devecta
3211 3424 3346 3481 mibi
3371 3441 3494 3479 ora-

1908 3517 1984 3574 tio
2020 3518 2115 3582 sit,
2152 3533 2333 3588 Opera
2358 3518 2596 3589 pretium
2639 3531 2763 3573 esse
2805 3517 3060 3573 existimo
3087 3525 3148 3572 ut
3172 3516 3357 3572 Basilii
3391 3517 3495 3571 im-

1906 3608 2176 3681 peratoris
2210 3609 2479 3678 tantisyer
2537 3609 2859 3665 intermissa
2915 3609 3181 3675 historia,
3220 3625 3279 3664 re
3331 3610 3497 3665 altius

1910 3704 2157 3772 repetita,
2208 3704 2392 3774 quoad
2446 3703 2564 3758 lieri
2599 3705 2824 3773 poterit,
2853 3703 3049 3773 paucis
3100 3717 3321 3757 narrem
3374 3718 3497 3772 qua:

1909 3792 2193 3849 Michaelis
2215 3794 2565 3865 imperatoris
2590 3794 2698 3849 vita
2722 3791 2911 3858 fuerit,
2939 3794 3142 3864 quibus
3179 3793 3270 3847 ille
3294 3792 3496 3848 studiis

1908 3888 2303 3952 delectaretur,
2335 3900 2389 3943 ct
2429 3889 2485 3943 in
2518 3888 2720 3958 quibus
2742 3903 2907 3943 omne
2932 3897 3148 3957 tempus
3177 3895 3343 3957 atque
3367 3902 3497 3957 ope-

1908 3993 2026 4033 ram
2054 3979 2309 4048 perderet
2349 3994 2418 4034 ac
2444 3978 2708 4033 aerarium
2744 3980 3102 4043 exhauriret;
3142 3986 3201 4033 ut
3245 3978 3373 4033 inde
3413 3994 3496 4034 re-

1906 4080 2113 4139 putans
2169 4084 2333 4124 uosse
2392 4070 2591 4139 possit,
2656 4070 2909 4141 quisquis
2957 4070 3234 4132 voluerit,
3307 4069 3495 4125 divino

1909 4161 2089 4233 palam
2125 4159 2330 4217 factum
2366 4162 2632 4233 suffragio
2694 4173 2753 4218 ut
2812 4163 3049 4218 Basilius
3096 4163 3162 4217 ad
3200 4162 3493 4234 imperium

1908 4264 2204 4311 vocaretur
2256 4253 2395 4326 (fieri
2456 4256 2603 4310 enim
2664 4273 2775 4312 non
2838 4265 3058 4328 poterat
3118 4265 3180 4312 ut
3234 4272 3342 4319 res,
3383 4270 3495 4327 quo

1908 4359 2067 4406 erant
2103 4360 2275 4413 statu,
2324 4351 2737 4420 consisterent),
2775 4353 3071 4421 ipsumque
3102 4349 3157 4404 in
3203 4364 3263 4404 se
3312 4349 3491 4419 ipsum

1910 4442 2230 4499 Michaelem
2280 4443 2491 4514 gladios
2538 4442 2856 4508 strinxisse,
2883 4451 3051 4511 atque
3089 4456 3279 4496 eorum
3310 4455 3342 4495 a
3381 4440 3476 4511 qui

1908 4537 2015 4593 bus
2055 4546 2278 4593 necatus
2309 4544 2395 4592 est
2423 4536 2680 4592 dexteras
2713 4535 3009 4590 roborasse
3041 4543 3096 4588 et
3126 4533 3178 4587 in
3214 4532 3492 4603 proprium

223 4634 379 4688 κείαν
430 4632 646 4703 σφαγὴν
682 4629 984 4702 διηρέθισε·
1018 4627 1272 4681 τοσοῦτον
1303 4625 1500 4680 ἑαυτὸν
1532 4626 1640 4699 τῶν
1675 4625 1803 4679 καθ-

1916 4630 2119 4701 caedem
2145 4630 2419 4686 excitasse
2446 4647 2463 4684 :
2495 4630 2577 4683 sic
2607 4629 2865 4683 nimirum
2892 4627 2961 4682 ab
2991 4624 3143 4683 omni
3180 4640 3241 4680 se
3277 4623 3493 4680 honesti

224 4727 472 4797 ηκόντων
500 4724 841 4797 ἑξεδιῄτησε,
873 4724 967 4777 καὶ
1004 4721 1261 4791 τοσοῦτον
1295 4720 1430 4791 πρὸς
1478 4721 1663 4789 πᾶσαν
1705 4737 1812 4773 πα-

227 4817 467 4888 ράνομον
498 4812 873 4883 ἐξεϐακχεύθη
906 4811 1131 4883 πρᾶξιν,
1164 4810 1260 4863 καὶ
1305 4808 1477 4871 οὕτως
1501 4808 1570 4862 τά
1598 4824 1657 4861 τε
1693 4805 1813 4861 θεῖα

228 4910 579 4983 ἐξωρχήσατο
619 4908 715 4960 καί
752 4906 886 4977 πρὸς
918 4904 1045 4968 τοὺς
1092 4904 1195 4975 τῆς
1244 4902 1520 4965 πολιτείας
1548 4898 1684 4971 όμοῦ
1717 4900 1814 4953 καὶ

227 4998 324 5070 τῆς
356 4998 576 5067 φύσεως
621 4998 821 5067 νόμους
881 4994 1191 5065 ἐξύϐρισεν.
1229 4994 1650 5065 Συστησάμενος
1701 4992 1813 5064 γάρ

229 5094 357 5163 περὶ
390 5092 589 5147 ἑαυτὸν
634 5090 883 5157 ἀσελγῶν
927 5090 1023 5142 καὶ
1068 5088 1280 5159 μιαρῶν
1311 5089 1406 5140 καὶ
1432 5091 1810 5158 παμπονήρων

230 5186 533 5261 ἀνθρώπων
586 5184 751 5256 χορὸν
794 5173 1056 5252 δυσσεϐῆ,
1095 5184 1189 5236 καί
1233 5182 1332 5252 τὴν
1374 5181 1470 5234 τοῦ
1527 5179 1809 5252 βασιλικοῦ

235 5279 494 5350 μεγέθους
535 5278 812 5347 ἀτιμάσας
862 5277 1174 5347 σεμνότητα
1200 5316 1215 5339 ,
1254 5275 1385 5346 περὶ
1444 5273 1666 5344 κώμους
1714 5273 1810 5327 καὶ

233 5370 400 5439 μὶθας
440 5372 537 5426 καὶ
562 5371 779 5442 ἔρωτας
812 5369 1063 5439 ἀσελγεῖς
1094 5372 1189 5421 καὶ
1230 5365 1431 5437 αἰσχρά
1467 5366 1803 5438 διηγήματα,

232 5465 313 5517 ἔτι
338 5463 395 5521 δὲ
425 5465 557 5536 περὶ
592 5463 851 5536 ἡνιόχους
906 5465 1002 5516 καὶ
1041 5462 1242 5524 ἵππους
1289 5462 1385 5514 καὶ
1435 5462 1660 5530 ἀρματα
1712 5461 1805 5514 καὶ

230 5559 331 5628 τὴν
375 5558 627 5613 ἐντεῦθεν
677 5556 881 5629 μανίαν
922 5556 1017 5611 καὶ
1043 5554 1373 5627 παρακοπὴν
1399 5553 1509 5607 τῶν
1540 5553 1756 5625 φρενῶν
1777 5556 1806 5608 ό

1909 4722 2160 4792 rectique
2191 4720 2374 4777 studio
2408 4730 2684 4775 extorrem
2716 4717 2882 4790 253
2918 4716 3141 4783 fecerat,
3173 4715 3363 4785 sicque
3392 4715 3494 4767 im-

1906 4815 2082 4888 proba
2121 4813 2270 4869 omni
2301 4815 2521 4870 actione
2566 4811 2893 4867 debaecltari
2927 4809 3114 4881 gloria:
3142 4808 3397 4871 ducebat,
3430 4821 3495 4861 ac

1910 4909 1992 4964 sic
2020 4906 2207 4962 divina
2236 4906 2449 4961 ludicro
2483 4905 2721 4961 habebat
2751 4919 2815 4959 ac
2848 4902 3171 4959 traducebat
3198 4918 3212 4967 ;
3270 4901 3350 4956 sic
3399 4899 3493 4953 de-

1910 5002 2078 5073 nique
2106 5000 2294 5054 civiles
2328 5013 2393 5054 ac
2423 5010 2631 5053 naturae
2662 4999 2807 5069 leges
2840 4998 3163 5054 violaverat.
3195 4995 3312 5049 Sibi
3344 4993 3492 5047 enim

1910 5093 2313 5164 impudicorum
2366 5103 2421 5147 et
2462 5092 2806 5161 impun-orum
2857 5089 3492 5153 scelestissimorumque

1910 5201 2217 5258 ganeonum
2282 5194 2487 5240 coetum
2535 5184 2825 5247 adhibens,
2875 5183 3143 5254 regiaeque
3192 5175 3493 5247 tnajcstatis

1908 5278 2229 5352 dignitatem
2260 5278 2498 5348 indignis
2545 5278 2721 5335 modis
2747 5276 3142 5336 debonestans,
3193 5270 3413 5341 crapula
3438 5277 3494 5324 et

1912 5372 2178 5430 ebrietate
2205 5379 2262 5427 et
2305 5370 2540 5442 impuris
2571 5370 2852 5426 amoribus
2901 5363 3264 5433 obscenisque
3294 5377 3490 5417 narra-

1915 5464 2200 5528 tinnculis,
2234 5473 2351 5519 tum
2381 5463 2548 5521 etiam
2593 5462 2803 5532 aurigis
2833 5469 2889 5516 et
2918 5459 3078 5529 equis
3132 5466 3186 5511 ct
3211 5453 3491 5510 ~rurribus

1915 5556 2147 5623 ac(qua:
2174 5553 2299 5611 inde
2330 5554 2434 5626 est)
2479 5553 2690 5607 insania
2724 5565 2789 5605 ac
2835 5548 3112 5604 dementia
3152 5547 3235 5601 vir
3272 5546 3487 5600 miscrao

804 5718 807 5719 ί
1506 5642 1734 5702 Vale
1768 5643 2172 5703 LECTIONES.

307 5739 349 5770 ”
374 5739 465 5792 καὶ
502 5756 617 5795 om.
642 5736 703 5793 Ρ.
777 5738 819 5797 P'
848 5735 1128 5809 μονάρχην
1161 5735 1219 5791 Ρ.
1297 5738 1353 5809 ,η
1384 5734 1475 5790 καὶ
1504 5752 1615 5793 om.
1646 5736 1705 5792 Ρ.
1783 5736 1830 5771 ’³
1866 5735 1980 5793 τῶν
2004 5753 2114 5794 om.
2147 5735 2209 5793 P.
2287 5736 2357 5816 _"
2387 5734 2623 5808 ηῠχοντο
2690 5734 2801 5798 τοῖς
2826 5731 3148 5806 πράγμασιν
3178 5727 3242 5787 Ρ.

1773 5831 1803 5838 ,τ
