  <div class='ocr_page' id='page_1' title='image "/cluster/home/n/w/nwhite01/storage/ocr_20150623/109/hvd.32044073502312/135.png"; bbox 0 0 3994 6220; ppageno 0'>
   <div class='ocr_carea' id='block_1_1' title="bbox 499 284 603 351">
    <p class='ocr_par' dir='ltr' id='par_1_1' title="bbox 499 284 603 351">
     <span class='ocr_line' id='line_1_1' title="bbox 499 284 603 351; baseline -0.019 0"><span class='ocrx_word' id='word_1_1' title='bbox 499 284 603 351; x_wconf 75' lang='lat'><strong>259</strong></span> 
     </span>
    </p>
   </div>
   <div class='ocr_carea' id='block_1_2' title="bbox 1604 256 2703 339">
    <p class='ocr_par' dir='ltr' id='par_1_2' title="bbox 1604 256 2703 339">
     <span class='ocr_line' id='line_1_2' title="bbox 1604 256 2703 339; baseline -0.004 0"><span class='ocrx_word' id='word_1_2' title='bbox 1604 277 2116 339; x_wconf 76' lang='lat' dir='ltr'><strong>THEOPIIANES</strong></span> <span class='ocrx_word' id='word_1_3' title='bbox 2147 256 2703 338; x_wconf 73' lang='lat' dir='ltr'><strong>CONTINUATUS.</strong></span> 
     </span>
    </p>
   </div>
   <div class='ocr_carea' id='block_1_3' title="bbox 3667 268 3773 334">
    <p class='ocr_par' dir='ltr' id='par_1_3' title="bbox 3667 268 3773 334">
     <span class='ocr_line' id='line_1_3' title="bbox 3667 268 3773 334; baseline 0.009 -1"><span class='ocrx_word' id='word_1_4' title='bbox 3667 268 3773 334; x_wconf 75' lang='lat'><strong>250</strong></span> 
     </span>
    </p>
   </div>
   <div class='ocr_carea' id='block_1_4' title="bbox 499 382 2080 469">
    <p class='ocr_par' dir='ltr' id='par_1_4' title="bbox 499 396 2080 469">
     <span class='ocr_line' id='line_1_4' title="bbox 499 396 2080 469; baseline -0.008 -8"><span class='ocrx_word' id='word_1_5' title='bbox 499 406 626 461; x_wconf 92' lang='lat' dir='ltr'><strong>bilis</strong></span> <span class='ocrx_word' id='word_1_6' title='bbox 661 401 779 460; x_wconf 89' lang='lat' dir='ltr'><strong>dies</strong></span> <span class='ocrx_word' id='word_1_7' title='bbox 825 400 1156 468; x_wconf 82' lang='lat' dir='ltr'><strong>insumebat,</strong></span> <span class='ocrx_word' id='word_1_8' title='bbox 1200 400 1366 469; x_wconf 88' lang='lat' dir='ltr'><strong>inque</strong></span> <span class='ocrx_word' id='word_1_9' title='bbox 1406 396 1527 466; x_wconf 76' lang='lat' dir='ltr'><strong>ejus</strong></span> <span class='ocrx_word' id='word_1_10' title='bbox 1560 397 1782 467; x_wconf 79' lang='lat' dir='ltr'><strong>generis</strong></span> <span class='ocrx_word' id='word_1_11' title='bbox 1831 404 2080 451; x_wconf 87' lang='lat' dir='ltr'><strong>monstra</strong></span> 
     </span>
    </p>
   </div>
   <div class='ocr_carea' id='block_1_5' title="bbox 2187 382 3775 469">
    <p class='ocr_par' dir='ltr' id='par_1_5' title="bbox 2187 382 3775 465">
     <span class='ocr_line' id='line_1_5' title="bbox 2187 382 3775 465; baseline -0.004 -17"><span class='ocrx_word' id='word_1_12' title='bbox 2187 394 2370 459; x_wconf 78' lang='grc' dir='ltr'>ἄθλιος</span> <span class='ocrx_word' id='word_1_13' title='bbox 2392 393 2711 465; x_wconf 77' lang='grc' dir='ltr'><strong>διημέρευε,</strong></span> <span class='ocrx_word' id='word_1_14' title='bbox 2748 391 2841 445; x_wconf 74' lang='grc' dir='ltr'><strong>καὶ</strong></span> <span class='ocrx_word' id='word_1_15' title='bbox 2882 382 3116 455; x_wconf 72' lang='grc' dir='ltr'>είςτοὺς</span> <span class='ocrx_word' id='word_1_16' title='bbox 3142 387 3422 453; x_wconf 76' lang='grc' dir='ltr'><strong>τοιούτους</strong></span> <span class='ocrx_word' id='word_1_17' title='bbox 3449 387 3775 461; x_wconf 78' lang='grc' dir='ltr'><strong>ἀνθρώπους</strong></span> 
     </span>
    </p>
   </div>
   <div class='ocr_carea' id='block_1_6' title="bbox 500 488 2076 568">
    <p class='ocr_par' dir='ltr' id='par_1_6' title="bbox 500 488 2076 568">
     <span class='ocr_line' id='line_1_6' title="bbox 500 488 2076 568; baseline -0.006 -15"><span class='ocrx_word' id='word_1_18' title='bbox 500 514 564 553; x_wconf 88' lang='lat' dir='ltr'><strong>ac</strong></span> <span class='ocrx_word' id='word_1_19' title='bbox 597 504 779 568; x_wconf 78' lang='lat' dir='ltr'><strong>pestes</strong></span> <span class='ocrx_word' id='word_1_20' title='bbox 802 494 1052 565; x_wconf 91' lang='lat' dir='ltr'><strong>publicas</strong></span> <span class='ocrx_word' id='word_1_21' title='bbox 1085 491 1264 547; x_wconf 72' lang='lat' dir='ltr'><strong>aerarii</strong></span> <span class='ocrx_word' id='word_1_22' title='bbox 1294 505 1426 560; x_wconf 88' lang='lat' dir='ltr'><strong>opes</strong></span> <span class='ocrx_word' id='word_1_23' title='bbox 1456 488 1789 543; x_wconf 74' lang='lat' dir='ltr'><strong>eﬂ‘undebat.</strong></span> <span class='ocrx_word' id='word_1_24' title='bbox 1808 489 2076 558; x_wconf 84' lang='lat' dir='ltr'><strong>Quodque</strong></span> 
     </span>
    </p>
   </div>
   <div class='ocr_carea' id='block_1_7' title="bbox 500 582 2079 652">
    <p class='ocr_par' dir='ltr' id='par_1_7' title="bbox 500 582 2079 652">
     <span class='ocr_line' id='line_1_7' title="bbox 500 582 2079 652; baseline -0.006 -7"><span class='ocrx_word' id='word_1_25' title='bbox 500 606 631 646; x_wconf 98' lang='lat' dir='ltr'><strong>sane</strong></span> <span class='ocrx_word' id='word_1_26' title='bbox 663 586 914 644; x_wconf 89' lang='lat' dir='ltr'><strong>omnium</strong></span> <span class='ocrx_word' id='word_1_27' title='bbox 946 582 1317 639; x_wconf 83' lang='lat' dir='ltr'><strong>miserrimum</strong></span> <span class='ocrx_word' id='word_1_28' title='bbox 1350 590 1454 647; x_wconf 89' lang='lat' dir='ltr'><strong>est,</strong></span> <span class='ocrx_word' id='word_1_29' title='bbox 1490 582 1606 652; x_wconf 90' lang='lat' dir='ltr'><strong>ipsa</strong></span> <span class='ocrx_word' id='word_1_30' title='bbox 1634 597 1852 652; x_wconf 89' lang='lat' dir='ltr'><strong>quoque</strong></span> <span class='ocrx_word' id='word_1_31' title='bbox 1876 590 2079 636; x_wconf 67' lang='lat' dir='ltr'><strong>nostra:</strong></span> 
     </span>
    </p>
   </div>
   <div class='ocr_carea' id='block_1_8' title="bbox 499 673 2080 744">
    <p class='ocr_par' dir='ltr' id='par_1_8' title="bbox 499 673 2080 744">
     <span class='ocr_line' id='line_1_8' title="bbox 499 673 2080 744; baseline -0.003 -9"><span class='ocrx_word' id='word_1_32' title='bbox 499 680 623 735; x_wconf 87' lang='lat' dir='ltr'><strong>lidei</strong></span> <span class='ocrx_word' id='word_1_33' title='bbox 660 677 905 744; x_wconf 80' lang='lat' dir='ltr'><strong>svnibola</strong></span> <span class='ocrx_word' id='word_1_34' title='bbox 946 675 1181 730; x_wconf 85' lang='lat' dir='ltr'><strong>irridens</strong></span> <span class='ocrx_word' id='word_1_35' title='bbox 1213 690 1278 729; x_wconf 88' lang='lat' dir='ltr'><strong>ac</strong></span> <span class='ocrx_word' id='word_1_36' title='bbox 1312 673 1622 739; x_wconf 84' lang='lat' dir='ltr'><strong>ludiliraus,</strong></span> <span class='ocrx_word' id='word_1_37' title='bbox 1652 690 1719 728; x_wconf 77' lang='lat' dir='ltr'><strong>ex</strong></span> <span class='ocrx_word' id='word_1_38' title='bbox 1770 673 1990 728; x_wconf 86' lang='lat' dir='ltr'><strong>mimico</strong></span> <span class='ocrx_word' id='word_1_39' title='bbox 2016 688 2080 730; x_wconf 81' lang='lat' dir='ltr'><strong>ac</strong></span> 
     </span>
    </p>
   </div>
   <div class='ocr_carea' id='block_1_9' title="bbox 502 764 2081 834">
    <p class='ocr_par' dir='ltr' id='par_1_9' title="bbox 502 764 2081 834">
     <span class='ocr_line' id='line_1_9' title="bbox 502 764 2081 834; baseline -0.004 -8"><span class='ocrx_word' id='word_1_40' title='bbox 502 770 735 826; x_wconf 87' lang='lat' dir='ltr'><strong>ridiculo</strong></span> <span class='ocrx_word' id='word_1_41' title='bbox 800 782 902 823; x_wconf 91' lang='lat' dir='ltr'><strong>suo</strong></span> <span class='ocrx_word' id='word_1_42' title='bbox 962 764 1226 820; x_wconf 82' lang='lat' dir='ltr'><strong>comitatu</strong></span> <span class='ocrx_word' id='word_1_43' title='bbox 1287 765 1632 820; x_wconf 83' lang='lat' dir='ltr'><strong>constituens</strong></span> <span class='ocrx_word' id='word_1_44' title='bbox 1663 764 1756 834; x_wconf 86' lang='lat' dir='ltr'><strong>qui</strong></span> <span class='ocrx_word' id='word_1_45' title='bbox 1794 764 2081 819; x_wconf 83' lang='lat' dir='ltr'><strong>venerabi-</strong></span> 
     </span>
    </p>
   </div>
   <div class='ocr_carea' id='block_1_10' title="bbox 502 854 2083 920">
    <p class='ocr_par' dir='ltr' id='par_1_10' title="bbox 502 854 2083 920">
     <span class='ocr_line' id='line_1_10' title="bbox 502 854 2083 920; baseline -0.003 -4"><span class='ocrx_word' id='word_1_46' title='bbox 502 863 637 917; x_wconf 92' lang='lat' dir='ltr'><strong>lium</strong></span> <span class='ocrx_word' id='word_1_47' title='bbox 686 858 1034 915; x_wconf 73' lang='lat' dir='ltr'><strong>sacerdotum</strong></span> <span class='ocrx_word' id='word_1_48' title='bbox 1088 867 1266 912; x_wconf 61' lang='lat' dir='ltr'><strong>coetus</strong></span> <span class='ocrx_word' id='word_1_49' title='bbox 1322 854 1558 911; x_wconf 77' lang='lat' dir='ltr'><strong>formam</strong></span> <span class='ocrx_word' id='word_1_50' title='bbox 1621 855 1905 920; x_wconf 65' lang='lat' dir='ltr'><strong>referrent,</strong></span> <span class='ocrx_word' id='word_1_51' title='bbox 1938 856 2083 912; x_wconf 87' lang='lat' dir='ltr'><strong>deri-</strong></span> 
     </span>
    </p>
   </div>
   <div class='ocr_carea' id='block_1_11' title="bbox 501 947 2083 1018">
    <p class='ocr_par' dir='ltr' id='par_1_11' title="bbox 501 947 2083 1018">
     <span class='ocr_line' id='line_1_11' title="bbox 501 947 2083 1018; baseline -0.003 -8"><span class='ocrx_word' id='word_1_52' title='bbox 501 955 677 1010; x_wconf 88' lang='lat' dir='ltr'><strong>denda</strong></span> <span class='ocrx_word' id='word_1_53' title='bbox 726 952 818 1007; x_wconf 89' lang='lat' dir='ltr'><strong>illa</strong></span> <span class='ocrx_word' id='word_1_54' title='bbox 873 966 939 1007; x_wconf 91' lang='lat' dir='ltr'><strong>ac</strong></span> <span class='ocrx_word' id='word_1_55' title='bbox 973 950 1213 1006; x_wconf 72' lang='lat' dir='ltr'><strong>ostentui</strong></span> <span class='ocrx_word' id='word_1_56' title='bbox 1250 949 1503 1005; x_wconf 87' lang='lat' dir='ltr'><strong>habenda</strong></span> <span class='ocrx_word' id='word_1_57' title='bbox 1543 948 1867 1018; x_wconf 81' lang='lat' dir='ltr'><strong>exponebat.</strong></span> <span class='ocrx_word' id='word_1_58' title='bbox 1900 947 2083 1005; x_wconf 79' lang='lat' dir='ltr'><strong>Pauca</strong></span> 
     </span>
    </p>
   </div>
   <div class='ocr_carea' id='block_1_12' title="bbox 499 1040 2083 1113">
    <p class='ocr_par' dir='ltr' id='par_1_12' title="bbox 499 1040 2083 1113">
     <span class='ocr_line' id='line_1_12' title="bbox 499 1040 2083 1113; baseline -0.005 -10"><span class='ocrx_word' id='word_1_59' title='bbox 499 1064 565 1103; x_wconf 84' lang='lat' dir='ltr'><strong>ex</strong></span> <span class='ocrx_word' id='word_1_60' title='bbox 601 1046 717 1101; x_wconf 89' lang='lat' dir='ltr'><strong>illis</strong></span> <span class='ocrx_word' id='word_1_61' title='bbox 760 1043 1021 1108; x_wconf 82' lang='lat' dir='ltr'><strong>referam,</strong></span> <span class='ocrx_word' id='word_1_62' title='bbox 1062 1058 1171 1097; x_wconf 90' lang='lat' dir='ltr'><strong>non</strong></span> <span class='ocrx_word' id='word_1_63' title='bbox 1211 1042 1391 1113; x_wconf 88' lang='lat' dir='ltr'><strong>plura,</strong></span> <span class='ocrx_word' id='word_1_64' title='bbox 1433 1051 1493 1096; x_wconf 90' lang='lat' dir='ltr'><strong>ut</strong></span> <span class='ocrx_word' id='word_1_65' title='bbox 1533 1057 1598 1097; x_wconf 80' lang='lat' dir='ltr'><strong>ex</strong></span> <span class='ocrx_word' id='word_1_66' title='bbox 1639 1040 1831 1111; x_wconf 88' lang='lat' dir='ltr'><strong>paucis</strong></span> <span class='ocrx_word' id='word_1_67' title='bbox 1879 1056 2083 1112; x_wconf 82' lang='lat' dir='ltr'><strong>cogno-</strong></span> 
     </span>
    </p>
   </div>
   <div class='ocr_carea' id='block_1_13' title="bbox 498 1138 1025 1208">
    <p class='ocr_par' dir='ltr' id='par_1_13' title="bbox 498 1138 1025 1208">
     <span class='ocr_line' id='line_1_13' title="bbox 498 1138 1025 1208; baseline -0.011 -13"><span class='ocrx_word' id='word_1_68' title='bbox 498 1141 663 1195; x_wconf 88' lang='lat' dir='ltr'><strong>scatis</strong></span> <span class='ocrx_word' id='word_1_69' title='bbox 693 1148 747 1193; x_wconf 88' lang='lat' dir='ltr'><strong>et</strong></span> <span class='ocrx_word' id='word_1_70' title='bbox 791 1138 1025 1208; x_wconf 88' lang='lat' dir='ltr'><strong>reliqua.</strong></span> 
     </span>
    </p>
   </div>
   <div class='ocr_carea' id='block_1_14' title="bbox 565 1223 2085 1296">
    <p class='ocr_par' dir='ltr' id='par_1_14' title="bbox 565 1223 2085 1296">
     <span class='ocr_line' id='line_1_14' title="bbox 565 1223 2085 1296; baseline -0.005 -10"><span class='ocrx_word' id='word_1_71' title='bbox 565 1232 656 1286; x_wconf 73' lang='lat'><strong>2!.</strong></span> <span class='ocrx_word' id='word_1_72' title='bbox 709 1229 866 1295; x_wconf 86' lang='lat' dir='ltr'><strong>Quod</strong></span> <span class='ocrx_word' id='word_1_73' title='bbox 924 1230 967 1283; x_wconf 89' lang='lat' dir='ltr'><strong>is</strong></span> <span class='ocrx_word' id='word_1_74' title='bbox 1018 1227 1199 1296; x_wconf 84' lang='lat' dir='ltr'><strong>itaque</strong></span> <span class='ocrx_word' id='word_1_75' title='bbox 1252 1223 1498 1295; x_wconf 76' lang='lat' dir='ltr'><strong>aurigam</strong></span> <span class='ocrx_word' id='word_1_76' title='bbox 1548 1235 1731 1294; x_wconf 88' lang='lat' dir='ltr'><strong>ageret</strong></span> <span class='ocrx_word' id='word_1_77' title='bbox 1779 1239 2085 1293; x_wconf 86' lang='lat' dir='ltr'><strong>cursusque</strong></span> 
     </span>
    </p>
   </div>
   <div class='ocr_carea' id='block_1_15' title="bbox 497 1316 2085 1397">
    <p class='ocr_par' dir='ltr' id='par_1_15' title="bbox 497 1316 2085 1397">
     <span class='ocr_line' id='line_1_15' title="bbox 497 1316 2085 1397; baseline -0.006 -17"><span class='ocrx_word' id='word_1_78' title='bbox 497 1329 746 1397; x_wconf 80' lang='lat' dir='ltr'><strong>agitaret,</strong></span> <span class='ocrx_word' id='word_1_79' title='bbox 782 1336 1052 1391; x_wconf 89' lang='lat' dir='ltr'><strong>equorum</strong></span> <span class='ocrx_word' id='word_1_80' title='bbox 1086 1318 1272 1375; x_wconf 87' lang='lat' dir='ltr'><strong>currui</strong></span> <span class='ocrx_word' id='word_1_81' title='bbox 1317 1318 1523 1389; x_wconf 73' lang='lat' dir='ltr'><strong>auriga:</strong></span> <span class='ocrx_word' id='word_1_82' title='bbox 1554 1317 1754 1371; x_wconf 83' lang='lat' dir='ltr'><strong>amictu</strong></span> <span class='ocrx_word' id='word_1_83' title='bbox 1792 1317 1908 1385; x_wconf 87' lang='lat' dir='ltr'><strong>ipsc</strong></span> <span class='ocrx_word' id='word_1_84' title='bbox 1951 1316 2085 1371; x_wconf 88' lang='lat' dir='ltr'><strong>insi-</strong></span> 
     </span>
    </p>
   </div>
   <div class='ocr_carea' id='block_1_16' title="bbox 497 1407 2083 1479">
    <p class='ocr_par' dir='ltr' id='par_1_16' title="bbox 497 1407 2083 1479">
     <span class='ocr_line' id='line_1_16' title="bbox 497 1407 2083 1479; baseline -0.006 -8"><span class='ocrx_word' id='word_1_85' title='bbox 497 1419 630 1471; x_wconf 85' lang='lat' dir='ltr'><strong>dens</strong></span> <span class='ocrx_word' id='word_1_86' title='bbox 654 1424 709 1468; x_wconf 85' lang='lat' dir='ltr'><strong>et</strong></span> <span class='ocrx_word' id='word_1_87' title='bbox 732 1415 783 1467; x_wconf 92' lang='lat' dir='ltr'><strong>in</strong></span> <span class='ocrx_word' id='word_1_88' title='bbox 805 1413 1057 1469; x_wconf 84' lang='lat' dir='ltr'><strong>cursibus</strong></span> <span class='ocrx_word' id='word_1_89' title='bbox 1081 1410 1377 1479; x_wconf 86' lang='lat' dir='ltr'><strong>reciprocis</strong></span> <span class='ocrx_word' id='word_1_90' title='bbox 1399 1424 1524 1463; x_wconf 91' lang='lat' dir='ltr'><strong>cum</strong></span> <span class='ocrx_word' id='word_1_91' title='bbox 1547 1407 1759 1463; x_wconf 75' lang='lat' dir='ltr'><strong>aemulis</strong></span> <span class='ocrx_word' id='word_1_92' title='bbox 1775 1408 2083 1470; x_wconf 85' lang='lat' dir='ltr'><strong>decertans,</strong></span> 
     </span>
    </p>
   </div>
   <div class='ocr_carea' id='block_1_17' title="bbox 495 1499 2086 1574">
    <p class='ocr_par' dir='ltr' id='par_1_17' title="bbox 495 1499 2086 1574">
     <span class='ocr_line' id='line_1_17' title="bbox 495 1499 2086 1574; baseline -0.008 -9"><span class='ocrx_word' id='word_1_93' title='bbox 495 1518 614 1565; x_wconf 89' lang='lat' dir='ltr'><strong>tum</strong></span> <span class='ocrx_word' id='word_1_94' title='bbox 666 1508 810 1562; x_wconf 88' lang='lat' dir='ltr'><strong>intra</strong></span> <span class='ocrx_word' id='word_1_95' title='bbox 856 1506 1047 1561; x_wconf 87' lang='lat' dir='ltr'><strong>urbem</strong></span> <span class='ocrx_word' id='word_1_96' title='bbox 1095 1504 1379 1574; x_wconf 89' lang='lat' dir='ltr'><strong>ipsamque</strong></span> <span class='ocrx_word' id='word_1_97' title='bbox 1429 1501 1655 1571; x_wconf 78' lang='lat' dir='ltr'><strong>regiam,</strong></span> <span class='ocrx_word' id='word_1_98' title='bbox 1694 1508 1809 1555; x_wconf 86' lang='lat' dir='ltr'><strong>tum</strong></span> <span class='ocrx_word' id='word_1_99' title='bbox 1861 1500 1975 1554; x_wconf 91' lang='lat' dir='ltr'><strong>ruri</strong></span> <span class='ocrx_word' id='word_1_100' title='bbox 2030 1499 2086 1553; x_wconf 90' lang='lat' dir='ltr'><strong>in</strong></span> 
     </span>
    </p>
   </div>
   <div class='ocr_carea' id='block_1_18' title="bbox 495 1594 2087 1672">
    <p class='ocr_par' dir='ltr' id='par_1_18' title="bbox 495 1594 2087 1672">
     <span class='ocr_line' id='line_1_18' title="bbox 495 1594 2087 1672; baseline -0.008 -15"><span class='ocrx_word' id='word_1_101' title='bbox 495 1603 662 1672; x_wconf 86' lang='lat' dir='ltr'><strong>regiis</strong></span> <span class='ocrx_word' id='word_1_102' title='bbox 689 1599 897 1656; x_wconf 70' lang='lat' dir='ltr'><strong>aedibus</strong></span> <span class='ocrx_word' id='word_1_103' title='bbox 929 1614 1049 1668; x_wconf 78' lang='lat' dir='ltr'><strong>qua:</strong></span> <span class='ocrx_word' id='word_1_104' title='bbox 1071 1598 1125 1651; x_wconf 94' lang='lat' dir='ltr'><strong>in</strong></span> <span class='ocrx_word' id='word_1_105' title='bbox 1156 1596 1213 1651; x_wconf 83' lang='lat' dir='ltr'><strong>S.</strong></span> <span class='ocrx_word' id='word_1_106' title='bbox 1239 1594 1527 1650; x_wconf 80' lang='lat' dir='ltr'><strong>Mamantis</strong></span> <span class='ocrx_word' id='word_1_107' title='bbox 1555 1600 1705 1659; x_wconf 88' lang='lat' dir='ltr'><strong>sunt,</strong></span> <span class='ocrx_word' id='word_1_108' title='bbox 1731 1594 2087 1647; x_wconf 89' lang='lat' dir='ltr'><strong>immensam-</strong></span> 
     </span>
    </p>
   </div>
   <div class='ocr_carea' id='block_1_19' title="bbox 495 1685 2088 1766">
    <p class='ocr_par' dir='ltr' id='par_1_19' title="bbox 495 1685 2088 1766">
     <span class='ocr_line' id='line_1_19' title="bbox 495 1685 2088 1766; baseline -0.006 -17"><span class='ocrx_word' id='word_1_109' title='bbox 495 1712 600 1766; x_wconf 86' lang='lat' dir='ltr'><strong>que</strong></span> <span class='ocrx_word' id='word_1_110' title='bbox 627 1693 869 1764; x_wconf 67' lang='lat' dir='ltr'><strong>pecuniae</strong></span> <span class='ocrx_word' id='word_1_111' title='bbox 899 1692 1007 1746; x_wconf 81' lang='lat' dir='ltr'><strong>vim</strong></span> <span class='ocrx_word' id='word_1_112' title='bbox 1042 1691 1095 1744; x_wconf 93' lang='lat' dir='ltr'><strong>in</strong></span> <span class='ocrx_word' id='word_1_113' title='bbox 1132 1690 1251 1745; x_wconf 88' lang='lat' dir='ltr'><strong>istis</strong></span> <span class='ocrx_word' id='word_1_114' title='bbox 1279 1687 1600 1752; x_wconf 89' lang='lat' dir='ltr'><strong>insumeret,</strong></span> <span class='ocrx_word' id='word_1_115' title='bbox 1633 1685 1707 1741; x_wconf 87' lang='lat' dir='ltr'><strong>ita</strong></span> <span class='ocrx_word' id='word_1_116' title='bbox 1741 1685 2001 1740; x_wconf 89' lang='lat' dir='ltr'><strong>nimirum</strong></span> <span class='ocrx_word' id='word_1_117' title='bbox 2030 1694 2088 1740; x_wconf 88' lang='lat' dir='ltr'><strong>ut</strong></span> 
     </span>
    </p>
   </div>
   <div class='ocr_carea' id='block_1_20' title="bbox 494 1778 2081 1855">
    <p class='ocr_par' dir='ltr' id='par_1_20' title="bbox 494 1778 2081 1855">
     <span class='ocr_line' id='line_1_20' title="bbox 494 1778 2081 1855; baseline -0.006 -13"><span class='ocrx_word' id='word_1_118' title='bbox 494 1787 671 1842; x_wconf 88' lang='lat' dir='ltr'><strong>bellici</strong></span> <span class='ocrx_word' id='word_1_119' title='bbox 703 1794 953 1855; x_wconf 88' lang='lat' dir='ltr'><strong>sumptus</strong></span> <span class='ocrx_word' id='word_1_120' title='bbox 994 1783 1047 1836; x_wconf 91' lang='lat' dir='ltr'><strong>in</strong></span> <span class='ocrx_word' id='word_1_121' title='bbox 1084 1780 1525 1852; x_wconf 87' lang='lat' dir='ltr'><strong>spectaculorum</strong></span> <span class='ocrx_word' id='word_1_122' title='bbox 1547 1793 1612 1834; x_wconf 88' lang='lat' dir='ltr'><strong>ac</strong></span> <span class='ocrx_word' id='word_1_123' title='bbox 1641 1778 1891 1833; x_wconf 89' lang='lat' dir='ltr'><strong>ludorum</strong></span> <span class='ocrx_word' id='word_1_124' title='bbox 1922 1792 2081 1832; x_wconf 91' lang='lat' dir='ltr'><strong>usum</strong></span> 
     </span>
    </p>
   </div>
   <div class='ocr_carea' id='block_1_21' title="bbox 494 1872 2083 1946">
    <p class='ocr_par' dir='ltr' id='par_1_21' title="bbox 494 1872 2083 1946">
     <span class='ocr_line' id='line_1_21' title="bbox 494 1872 2083 1946; baseline -0.007 -9"><span class='ocrx_word' id='word_1_125' title='bbox 494 1890 963 1942; x_wconf 75' lang='lat' dir='ltr'><strong>converterentur,</strong></span> <span class='ocrx_word' id='word_1_126' title='bbox 988 1877 1358 1946; x_wconf 74' lang='lat' dir='ltr'><strong>Romanaeque</strong></span> <span class='ocrx_word' id='word_1_127' title='bbox 1399 1891 1537 1946; x_wconf 90' lang='lat' dir='ltr'><strong>opus</strong></span> <span class='ocrx_word' id='word_1_128' title='bbox 1572 1874 1626 1929; x_wconf 93' lang='lat' dir='ltr'><strong>in</strong></span> <span class='ocrx_word' id='word_1_129' title='bbox 1660 1874 1950 1945; x_wconf 88' lang='lat' dir='ltr'><strong>thymelica</strong></span> <span class='ocrx_word' id='word_1_130' title='bbox 1981 1872 2083 1928; x_wconf 89' lang='lat' dir='ltr'><strong>tri-</strong></span> 
     </span>
    </p>
   </div>
   <div class='ocr_carea' id='block_1_22' title="bbox 494 1966 2086 2047">
    <p class='ocr_par' dir='ltr' id='par_1_22' title="bbox 494 1966 2086 2047">
     <span class='ocr_line' id='line_1_22' title="bbox 494 1966 2086 2047; baseline -0.006 -19"><span class='ocrx_word' id='word_1_131' title='bbox 494 1975 657 2047; x_wconf 88' lang='lat' dir='ltr'><strong>pudia</strong></span> <span class='ocrx_word' id='word_1_132' title='bbox 682 1982 733 2027; x_wconf 88' lang='lat' dir='ltr'><strong>et</strong></span> <span class='ocrx_word' id='word_1_133' title='bbox 766 1970 1383 2041; x_wconf 74' lang='lat' dir='ltr'><strong>nugaseﬂ&#39;undcrenlur,</strong></span> <span class='ocrx_word' id='word_1_134' title='bbox 1403 1966 1746 2039; x_wconf 53' lang='lat' dir='ltr'><strong>zaﬁinque</strong></span> <span class='ocrx_word' id='word_1_135' title='bbox 1766 1966 2009 2036; x_wconf 87' lang='lat' dir='ltr'><strong>impuras</strong></span> <span class='ocrx_word' id='word_1_136' title='bbox 2031 1973 2086 2019; x_wconf 88' lang='lat' dir='ltr'><strong>et</strong></span> 
     </span>
    </p>
   </div>
   <div class='ocr_carea' id='block_1_23' title="bbox 495 2056 2085 2126">
    <p class='ocr_par' dir='ltr' id='par_1_23' title="bbox 495 2056 2085 2126">
     <span class='ocr_line' id='line_1_23' title="bbox 495 2056 2085 2126; baseline -0.005 -8"><span class='ocrx_word' id='word_1_137' title='bbox 495 2064 789 2119; x_wconf 88' lang='lat' dir='ltr'><strong>sceleratas</strong></span> <span class='ocrx_word' id='word_1_138' title='bbox 812 2058 1199 2115; x_wconf 79' lang='lat' dir='ltr'><strong>bacchationes</strong></span> <span class='ocrx_word' id='word_1_139' title='bbox 1243 2057 1585 2126; x_wconf 76' lang='lat' dir='ltr'><strong>lascivosque</strong></span> <span class='ocrx_word' id='word_1_140' title='bbox 1607 2070 1823 2113; x_wconf 86' lang='lat' dir='ltr'><strong>amores</strong></span> <span class='ocrx_word' id='word_1_141' title='bbox 1841 2056 2085 2111; x_wconf 85' lang='lat' dir='ltr'><strong>thesauri</strong></span> 
     </span>
    </p>
   </div>
   <div class='ocr_carea' id='block_1_24' title="bbox 492 2148 2083 2223">
    <p class='ocr_par' dir='ltr' id='par_1_24' title="bbox 492 2148 2083 2223">
     <span class='ocr_line' id='line_1_24' title="bbox 492 2148 2083 2223; baseline -0.004 -16"><span class='ocrx_word' id='word_1_142' title='bbox 492 2154 627 2223; x_wconf 82' lang='lat' dir='ltr'><strong>regii</strong></span> <span class='ocrx_word' id='word_1_143' title='bbox 660 2152 888 2222; x_wconf 80' lang='lat' dir='ltr'><strong>prodige</strong></span> <span class='ocrx_word' id='word_1_144' title='bbox 926 2148 1319 2217; x_wconf 81' lang='lat' dir='ltr'><strong>amuenterque</strong></span> <span class='ocrx_word' id='word_1_145' title='bbox 1348 2153 1793 2217; x_wconf 82' lang='lat' dir='ltr'><strong>exportarentur,</strong></span> <span class='ocrx_word' id='word_1_146' title='bbox 1840 2156 1899 2201; x_wconf 88' lang='lat' dir='ltr'><strong>ut</strong></span> <span class='ocrx_word' id='word_1_147' title='bbox 1937 2148 2083 2217; x_wconf 91' lang='lat' dir='ltr'><strong>quod</strong></span> 
     </span>
    </p>
   </div>
   <div class='ocr_carea' id='block_1_25' title="bbox 494 2237 2083 2304">
    <p class='ocr_par' dir='ltr' id='par_1_25' title="bbox 494 2237 2083 2304">
     <span class='ocr_line' id='line_1_25' title="bbox 494 2237 2083 2304; baseline -0.004 -4"><span class='ocrx_word' id='word_1_148' title='bbox 494 2245 755 2300; x_wconf 89' lang='lat' dir='ltr'><strong>omnibus</strong></span> <span class='ocrx_word' id='word_1_149' title='bbox 800 2251 992 2297; x_wconf 89' lang='lat' dir='ltr'><strong>notum</strong></span> <span class='ocrx_word' id='word_1_150' title='bbox 1035 2240 1108 2296; x_wconf 85' lang='lat' dir='ltr'><strong>sit</strong></span> <span class='ocrx_word' id='word_1_151' title='bbox 1156 2255 1221 2295; x_wconf 92' lang='lat' dir='ltr'><strong>ac</strong></span> <span class='ocrx_word' id='word_1_152' title='bbox 1269 2238 1664 2304; x_wconf 80' lang='lat' dir='ltr'><strong>manifestum,</strong></span> <span class='ocrx_word' id='word_1_153' title='bbox 1724 2237 2083 2294; x_wconf 88' lang='lat' dir='ltr'><strong>omittendum</strong></span> 
     </span>
    </p>
   </div>
   <div class='ocr_carea' id='block_1_26' title="bbox 495 2329 2083 2399">
    <p class='ocr_par' dir='ltr' id='par_1_26' title="bbox 495 2329 2083 2399">
     <span class='ocr_line' id='line_1_26' title="bbox 495 2329 2083 2399; baseline -0.004 -8"><span class='ocrx_word' id='word_1_154' title='bbox 495 2336 632 2391; x_wconf 92' lang='lat' dir='ltr'><strong>mihi</strong></span> <span class='ocrx_word' id='word_1_155' title='bbox 667 2351 787 2391; x_wconf 89' lang='lat' dir='ltr'><strong>esse</strong></span> <span class='ocrx_word' id='word_1_156' title='bbox 818 2334 968 2389; x_wconf 79' lang='lat' dir='ltr'><strong>duxi.</strong></span> <span class='ocrx_word' id='word_1_157' title='bbox 1013 2331 1169 2399; x_wconf 85' lang='lat' dir='ltr'><strong>Quod</strong></span> <span class='ocrx_word' id='word_1_158' title='bbox 1212 2340 1397 2388; x_wconf 89' lang='lat' dir='ltr'><strong>autem</strong></span> <span class='ocrx_word' id='word_1_159' title='bbox 1432 2347 1521 2387; x_wconf 90' lang='lat' dir='ltr'><strong>res</strong></span> <span class='ocrx_word' id='word_1_160' title='bbox 1545 2329 1764 2385; x_wconf 72' lang='lat' dir='ltr'><strong>divinas</strong></span> <span class='ocrx_word' id='word_1_161' title='bbox 1790 2329 1949 2386; x_wconf 89' lang='lat' dir='ltr'><strong>ludos</strong></span> <span class='ocrx_word' id='word_1_162' title='bbox 1980 2331 2083 2385; x_wconf 90' lang='lat' dir='ltr'><strong>sibi</strong></span> 
     </span>
    </p>
   </div>
   <div class='ocr_carea' id='block_1_27' title="bbox 494 2422 2083 2498">
    <p class='ocr_par' dir='ltr' id='par_1_27' title="bbox 494 2422 2083 2498">
     <span class='ocr_line' id='line_1_27' title="bbox 494 2422 2083 2498; baseline -0.004 -15"><span class='ocrx_word' id='word_1_163' title='bbox 494 2428 706 2492; x_wconf 80' lang='lat' dir='ltr'><strong>fecerit,</strong></span> <span class='ocrx_word' id='word_1_164' title='bbox 735 2443 913 2498; x_wconf 84' lang='lat' dir='ltr'><strong>exque</strong></span> <span class='ocrx_word' id='word_1_165' title='bbox 957 2428 1175 2496; x_wconf 85' lang='lat' dir='ltr'><strong>impuro</strong></span> <span class='ocrx_word' id='word_1_166' title='bbox 1206 2426 1555 2495; x_wconf 89' lang='lat' dir='ltr'><strong>obscenoque</strong></span> <span class='ocrx_word' id='word_1_167' title='bbox 1580 2440 1644 2482; x_wconf 90' lang='lat' dir='ltr'><strong>ac</strong></span> <span class='ocrx_word' id='word_1_168' title='bbox 1669 2424 1979 2481; x_wconf 80' lang='lat' dir='ltr'><strong>eﬂ&#39;eminatu</strong></span> <span class='ocrx_word' id='word_1_169' title='bbox 2007 2422 2083 2477; x_wconf 92' lang='lat' dir='ltr'><strong>illi</strong></span> 
     </span>
    </p>
   </div>
   <div class='ocr_carea' id='block_1_28' title="bbox 495 2517 2081 2590">
    <p class='ocr_par' dir='ltr' id='par_1_28' title="bbox 495 2517 2081 2590">
     <span class='ocr_line' id='line_1_28' title="bbox 495 2517 2081 2590; baseline -0.004 -14"><span class='ocrx_word' id='word_1_170' title='bbox 495 2522 890 2576; x_wconf 67' lang='lat' dir='ltr'><strong>adhaerentium</strong></span> <span class='ocrx_word' id='word_1_171' title='bbox 919 2518 1176 2575; x_wconf 83' lang='lat' dir='ltr'><strong>sodalitio</strong></span> <span class='ocrx_word' id='word_1_172' title='bbox 1196 2518 1561 2590; x_wconf 85' lang='lat' dir='ltr'><strong>patriarcham</strong></span> <span class='ocrx_word' id='word_1_173' title='bbox 1584 2534 1757 2574; x_wconf 91' lang='lat' dir='ltr'><strong>unum</strong></span> <span class='ocrx_word' id='word_1_174' title='bbox 1785 2517 2081 2582; x_wconf 79' lang='lat' dir='ltr'><strong>vocaverit,</strong></span> 
     </span>
    </p>
   </div>
   <div class='ocr_carea' id='block_1_29' title="bbox 494 2611 2083 2685">
    <p class='ocr_par' dir='ltr' id='par_1_29' title="bbox 494 2611 2083 2685">
     <span class='ocr_line' id='line_1_29' title="bbox 494 2611 2083 2685; baseline -0.004 -15"><span class='ocrx_word' id='word_1_175' title='bbox 494 2629 669 2685; x_wconf 82' lang='lat' dir='ltr'><strong>exque</strong></span> <span class='ocrx_word' id='word_1_176' title='bbox 713 2614 826 2669; x_wconf 88' lang='lat' dir='ltr'><strong>illis</strong></span> <span class='ocrx_word' id='word_1_177' title='bbox 871 2613 1126 2669; x_wconf 88' lang='lat' dir='ltr'><strong>undecim</strong></span> <span class='ocrx_word' id='word_1_178' title='bbox 1162 2611 1544 2683; x_wconf 87' lang='lat' dir='ltr'><strong>metropolitas</strong></span> <span class='ocrx_word' id='word_1_179' title='bbox 1593 2611 1913 2682; x_wconf 86' lang='lat' dir='ltr'><strong>designarit,</strong></span> <span class='ocrx_word' id='word_1_180' title='bbox 1960 2620 2083 2664; x_wconf 89' lang='lat' dir='ltr'><strong>tan-</strong></span> 
     </span>
    </p>
   </div>
   <div class='ocr_carea' id='block_1_30' title="bbox 494 2703 2083 2777">
    <p class='ocr_par' dir='ltr' id='par_1_30' title="bbox 494 2703 2083 2777">
     <span class='ocr_line' id='line_1_30' title="bbox 494 2703 2083 2777; baseline -0.001 -17"><span class='ocrx_word' id='word_1_181' title='bbox 494 2722 660 2777; x_wconf 90' lang='lat' dir='ltr'><strong>quam</strong></span> <span class='ocrx_word' id='word_1_182' title='bbox 703 2706 821 2777; x_wconf 90' lang='lat' dir='ltr'><strong>ipse</strong></span> <span class='ocrx_word' id='word_1_183' title='bbox 856 2706 922 2760; x_wconf 90' lang='lat' dir='ltr'><strong>ad</strong></span> <span class='ocrx_word' id='word_1_184' title='bbox 970 2705 1357 2775; x_wconf 87' lang='lat' dir='ltr'><strong>complendum</strong></span> <span class='ocrx_word' id='word_1_185' title='bbox 1400 2719 1690 2760; x_wconf 90' lang='lat' dir='ltr'><strong>numerum</strong></span> <span class='ocrx_word' id='word_1_186' title='bbox 1723 2703 2083 2759; x_wconf 89' lang='lat' dir='ltr'><strong>duodecimus</strong></span> 
     </span>
    </p>
   </div>
   <div class='ocr_carea' id='block_1_31' title="bbox 496 2794 2085 2862">
    <p class='ocr_par' dir='ltr' id='par_1_31' title="bbox 496 2794 2085 2862">
     <span class='ocr_line' id='line_1_31' title="bbox 496 2794 2085 2862; baseline -0.003 -9"><span class='ocrx_word' id='word_1_187' title='bbox 496 2798 660 2862; x_wconf 77' lang='lat' dir='ltr'><strong>foret,</strong></span> <span class='ocrx_word' id='word_1_188' title='bbox 706 2798 759 2851; x_wconf 87' lang='lat' dir='ltr'><strong>id</strong></span> <span class='ocrx_word' id='word_1_189' title='bbox 806 2813 934 2851; x_wconf 84' lang='lat' dir='ltr'><strong>vero</strong></span> <span class='ocrx_word' id='word_1_190' title='bbox 982 2797 1239 2851; x_wconf 89' lang='lat' dir='ltr'><strong>narrabo.</strong></span> <span class='ocrx_word' id='word_1_191' title='bbox 1276 2795 1580 2851; x_wconf 81' lang='lat' dir='ltr'><strong>Profanum</strong></span> <span class='ocrx_word' id='word_1_192' title='bbox 1626 2811 1691 2851; x_wconf 92' lang='lat' dir='ltr'><strong>ac</strong></span> <span class='ocrx_word' id='word_1_193' title='bbox 1730 2794 2085 2851; x_wconf 87' lang='lat' dir='ltr'><strong>sceleratissi-</strong></span> 
     </span>
    </p>
   </div>
   <div class='ocr_carea' id='block_1_32' title="bbox 498 2884 2082 2953">
    <p class='ocr_par' dir='ltr' id='par_1_32' title="bbox 498 2884 2082 2953">
     <span class='ocr_line' id='line_1_32' title="bbox 498 2884 2082 2953; baseline 0.001 -16"><span class='ocrx_word' id='word_1_194' title='bbox 498 2899 647 2938; x_wconf 83' lang='lat' dir='ltr'><strong>nium</strong></span> <span class='ocrx_word' id='word_1_195' title='bbox 680 2884 928 2938; x_wconf 83' lang='lat' dir='ltr'><strong>Grullnm</strong></span> <span class='ocrx_word' id='word_1_196' title='bbox 965 2884 1333 2952; x_wconf 86' lang='lat' dir='ltr'><strong>patriarcham</strong></span> <span class='ocrx_word' id='word_1_197' title='bbox 1368 2884 1668 2953; x_wconf 89' lang='lat' dir='ltr'><strong>appellans,</strong></span> <span class='ocrx_word' id='word_1_198' title='bbox 1693 2884 2082 2939; x_wconf 82' lang='lat' dir='ltr'><strong>archieratica-</strong></span> 
     </span>
    </p>
   </div>
   <div class='ocr_carea' id='block_1_33' title="bbox 495 2974 2081 3045">
    <p class='ocr_par' dir='ltr' id='par_1_33' title="bbox 495 2974 2081 3045">
     <span class='ocr_line' id='line_1_33' title="bbox 495 2974 2081 3045; baseline 0 -16"><span class='ocrx_word' id='word_1_199' title='bbox 495 2991 602 3045; x_wconf 90' lang='lat' dir='ltr'><strong>que</strong></span> <span class='ocrx_word' id='word_1_200' title='bbox 636 2991 772 3029; x_wconf 88' lang='lat' dir='ltr'><strong>auro</strong></span> <span class='ocrx_word' id='word_1_201' title='bbox 797 2977 1135 3029; x_wconf 89' lang='lat' dir='ltr'><strong>interstincta</strong></span> <span class='ocrx_word' id='word_1_202' title='bbox 1166 2989 1228 3029; x_wconf 89' lang='lat' dir='ltr'><strong>ac</strong></span> <span class='ocrx_word' id='word_1_203' title='bbox 1257 2974 1598 3045; x_wconf 64' lang='lat' dir='ltr'><strong>praefulgenti</strong></span> <span class='ocrx_word' id='word_1_204' title='bbox 1621 2984 1766 3031; x_wconf 82' lang='lat' dir='ltr'><strong>veste</strong></span> <span class='ocrx_word' id='word_1_205' title='bbox 1797 2974 2081 3041; x_wconf 88' lang='lat' dir='ltr'><strong>amiciens,</strong></span> 
     </span>
    </p>
   </div>
   <div class='ocr_carea' id='block_1_34' title="bbox 2180 475 3773 555">
    <p class='ocr_par' dir='ltr' id='par_1_34' title="bbox 2180 475 3773 555">
     <span class='ocr_line' id='line_1_34' title="bbox 2180 475 3773 555; baseline -0.005 -16"><span class='ocrx_word' id='word_1_206' title='bbox 2180 483 2420 555; x_wconf 75' lang='grc' dir='ltr'>ἀφειδῶς</span> <span class='ocrx_word' id='word_1_207' title='bbox 2465 482 2714 548; x_wconf 81' lang='grc' dir='ltr'>ὲξεκένου</span> <span class='ocrx_word' id='word_1_208' title='bbox 2752 480 2821 535; x_wconf 76' lang='grc' dir='ltr'><strong>τὰ</strong></span> <span class='ocrx_word' id='word_1_209' title='bbox 2856 479 3094 552; x_wconf 87' lang='grc' dir='ltr'>δημόσια</span> <span class='ocrx_word' id='word_1_210' title='bbox 3146 480 3434 551; x_wconf 76' lang='grc' dir='ltr'>χρήματα.</span> <span class='ocrx_word' id='word_1_211' title='bbox 3478 478 3588 531; x_wconf 69' lang='grc' dir='ltr'><strong>Καὶ</strong></span> <span class='ocrx_word' id='word_1_212' title='bbox 3614 478 3675 532; x_wconf 80' lang='grc' dir='ltr'>τὸ</span> <span class='ocrx_word' id='word_1_213' title='bbox 3702 475 3773 550; x_wconf 67' lang='grc' dir='ltr'>δὴ</span> 
     </span>
    </p>
   </div>
   <div class='ocr_carea' id='block_1_35' title="bbox 2182 571 3775 648">
    <p class='ocr_par' dir='ltr' id='par_1_35' title="bbox 2182 571 3775 648">
     <span class='ocr_line' id='line_1_35' title="bbox 2182 571 3775 648; baseline -0.004 -18"><span class='ocrx_word' id='word_1_214' title='bbox 2182 574 2578 648; x_wconf 80' lang='grc' dir='ltr'><strong>σχετλιώτατον</strong></span> <span class='ocrx_word' id='word_1_215' title='bbox 2599 617 2614 641; x_wconf 88' lang='grc'><strong>,</strong></span> <span class='ocrx_word' id='word_1_216' title='bbox 2666 574 2750 627; x_wconf 79' lang='grc' dir='ltr'>ὅτι</span> <span class='ocrx_word' id='word_1_217' title='bbox 2799 573 2895 627; x_wconf 85' lang='lat' dir='ltr'><strong>xui</strong></span> <span class='ocrx_word' id='word_1_218' title='bbox 2933 572 3074 626; x_wconf 78' lang='grc' dir='ltr'>αὐτὰ</span> <span class='ocrx_word' id='word_1_219' title='bbox 3105 572 3174 627; x_wconf 79' lang='grc' dir='ltr'>τὰ</span> <span class='ocrx_word' id='word_1_220' title='bbox 3204 572 3307 643; x_wconf 80' lang='grc' dir='ltr'>τῆς</span> <span class='ocrx_word' id='word_1_221' title='bbox 3342 572 3582 636; x_wconf 83' lang='grc' dir='ltr'>πίστεως</span> <span class='ocrx_word' id='word_1_222' title='bbox 3612 571 3775 643; x_wconf 79' lang='grc' dir='ltr'>ἡμῶν</span> 
     </span>
    </p>
   </div>
   <div class='ocr_carea' id='block_1_36' title="bbox 2183 662 3775 739">
    <p class='ocr_par' dir='ltr' id='par_1_36' title="bbox 2183 662 3775 739">
     <span class='ocr_line' id='line_1_36' title="bbox 2183 662 3775 739; baseline -0.003 -17"><span class='ocrx_word' id='word_1_223' title='bbox 2183 666 2432 739; x_wconf 76' lang='grc' dir='ltr'>σύμϐολα</span> <span class='ocrx_word' id='word_1_224' title='bbox 2475 666 2757 739; x_wconf 78' lang='grc' dir='ltr'><strong>χλευάζων</strong></span> <span class='ocrx_word' id='word_1_225' title='bbox 2804 662 2900 718; x_wconf 89' lang='lat' dir='ltr'><strong>xui</strong></span> <span class='ocrx_word' id='word_1_226' title='bbox 2949 664 3257 737; x_wconf 85' lang='grc' dir='ltr'>κερτομῶν,</span> <span class='ocrx_word' id='word_1_227' title='bbox 3304 663 3636 727; x_wconf 76' lang='grc' dir='ltr'><strong>ἀντιτύπους</strong></span> <span class='ocrx_word' id='word_1_228' title='bbox 3666 664 3775 718; x_wconf 85' lang='grc' dir='ltr'><strong>τῶν</strong></span> 
     </span>
    </p>
   </div>
   <div class='ocr_carea' id='block_1_37' title="bbox 2185 756 3775 833">
    <p class='ocr_par' dir='ltr' id='par_1_37' title="bbox 2185 756 3775 833">
     <span class='ocr_line' id='line_1_37' title="bbox 2185 756 3775 833; baseline -0.002 -19"><span class='ocrx_word' id='word_1_229' title='bbox 2185 761 2401 833; x_wconf 79' lang='grc' dir='ltr'>σεμνῶν</span> <span class='ocrx_word' id='word_1_230' title='bbox 2422 760 2613 831; x_wconf 82' lang='grc' dir='ltr'>ἱερέων</span> <span class='ocrx_word' id='word_1_231' title='bbox 2638 760 2703 813; x_wconf 75' lang='grc' dir='ltr'>ὲκ</span> <span class='ocrx_word' id='word_1_232' title='bbox 2728 758 2837 812; x_wconf 80' lang='grc' dir='ltr'>τῶν</span> <span class='ocrx_word' id='word_1_233' title='bbox 2862 776 2929 811; x_wconf 91' lang='grc' dir='ltr'><strong>πε</strong></span> <span class='ocrx_word' id='word_1_234' title='bbox 2938 759 2995 831; x_wconf 74' lang='grc' dir='ltr'>ρὶ</span> <span class='ocrx_word' id='word_1_235' title='bbox 3017 760 3184 813; x_wconf 80' lang='grc' dir='ltr'>αὑτὸν</span> <span class='ocrx_word' id='word_1_236' title='bbox 3211 759 3396 830; x_wconf 83' lang='grc' dir='ltr'>μίμων</span> <span class='ocrx_word' id='word_1_237' title='bbox 3419 758 3516 812; x_wconf 76' lang='lat' dir='ltr'><strong>xui</strong></span> <span class='ocrx_word' id='word_1_238' title='bbox 3546 756 3775 827; x_wconf 83' lang='grc' dir='ltr'>γελοίων</span> 
     </span>
    </p>
   </div>
   <div class='ocr_carea' id='block_1_38' title="bbox 2185 849 3773 925">
    <p class='ocr_par' dir='ltr' id='par_1_38' title="bbox 2185 849 3773 925">
     <span class='ocr_line' id='line_1_38' title="bbox 2185 849 3773 925; baseline -0.004 -17"><span class='ocrx_word' id='word_1_239' title='bbox 2185 854 2696 925; x_wconf 84' lang='grc' dir='ltr'>καταστησάμενος,</span> <span class='ocrx_word' id='word_1_240' title='bbox 2760 851 3142 923; x_wconf 72' lang='grc' dir='ltr'>μυκτηρισμὸν</span> <span class='ocrx_word' id='word_1_241' title='bbox 3196 852 3294 905; x_wconf 76' lang='grc' dir='ltr'>καὶ</span> <span class='ocrx_word' id='word_1_242' title='bbox 3347 850 3549 922; x_wconf 85' lang='grc' dir='ltr'>χλεύην</span> <span class='ocrx_word' id='word_1_243' title='bbox 3604 849 3773 903; x_wconf 81' lang='grc' dir='ltr'>ἐτίθει</span> 
     </span>
    </p>
   </div>
   <div class='ocr_carea' id='block_1_39' title="bbox 2183 941 3776 1016">
    <p class='ocr_par' dir='ltr' id='par_1_39' title="bbox 2183 941 3776 1016">
     <span class='ocr_line' id='line_1_39' title="bbox 2183 941 3776 1016; baseline -0.004 -16"><span class='ocrx_word' id='word_1_244' title='bbox 2183 946 2359 1000; x_wconf 81' lang='grc' dir='ltr'>ταῦτα</span> <span class='ocrx_word' id='word_1_245' title='bbox 2432 945 2526 1000; x_wconf 78' lang='grc' dir='ltr'><strong>καὶ</strong></span> <span class='ocrx_word' id='word_1_246' title='bbox 2596 944 2829 1015; x_wconf 85' lang='grc' dir='ltr'>γέλωτα.</span> <span class='ocrx_word' id='word_1_247' title='bbox 2878 947 3225 1016; x_wconf 79' lang='grc' dir='ltr'>Διηγήσομαι</span> <span class='ocrx_word' id='word_1_248' title='bbox 3286 942 3343 996; x_wconf 87' lang='grc' dir='ltr'><strong>δέ</strong></span> <span class='ocrx_word' id='word_1_249' title='bbox 3389 960 3516 996; x_wconf 86' lang='grc' dir='ltr'>τινα</span> <span class='ocrx_word' id='word_1_250' title='bbox 3558 941 3618 1008; x_wconf 76' lang='grc' dir='ltr'>ἐξ</span> <span class='ocrx_word' id='word_1_251' title='bbox 3673 941 3776 994; x_wconf 80' lang='grc' dir='ltr'>αὑ-</span> 
     </span>
    </p>
   </div>
   <div class='ocr_carea' id='block_1_40' title="bbox 2184 1033 3779 1108">
    <p class='ocr_par' dir='ltr' id='par_1_40' title="bbox 2184 1033 3779 1108">
     <span class='ocr_line' id='line_1_40' title="bbox 2184 1033 3779 1108; baseline -0.002 -16"><span class='ocrx_word' id='word_1_252' title='bbox 2184 1040 2313 1103; x_wconf 83' lang='grc' dir='ltr'>τῶν,</span> <span class='ocrx_word' id='word_1_253' title='bbox 2345 1039 2407 1092; x_wconf 81' lang='grc' dir='ltr'><strong>οὑ</strong></span> <span class='ocrx_word' id='word_1_254' title='bbox 2436 1038 2627 1107; x_wconf 81' lang='grc' dir='ltr'>πολλὰ,</span> <span class='ocrx_word' id='word_1_255' title='bbox 2674 1040 2762 1094; x_wconf 85' lang='grc' dir='ltr'>ἴνα</span> <span class='ocrx_word' id='word_1_256' title='bbox 2791 1040 2903 1094; x_wconf 81' lang='grc' dir='ltr'><strong>ἀπὸ</strong></span> <span class='ocrx_word' id='word_1_257' title='bbox 2954 1039 3062 1094; x_wconf 80' lang='grc' dir='ltr'><strong>τῶν</strong></span> <span class='ocrx_word' id='word_1_258' title='bbox 3094 1039 3292 1108; x_wconf 77' lang='grc' dir='ltr'>ὀλίγων</span> <span class='ocrx_word' id='word_1_259' title='bbox 3348 1036 3524 1105; x_wconf 83' lang='grc' dir='ltr'>γνῶτε</span> <span class='ocrx_word' id='word_1_260' title='bbox 3564 1037 3662 1089; x_wconf 69' lang='grc' dir='ltr'><strong>καὶ</strong></span> <span class='ocrx_word' id='word_1_261' title='bbox 3708 1033 3779 1089; x_wconf 81' lang='grc' dir='ltr'>τὰ</span> 
     </span>
    </p>
   </div>
   <div class='ocr_carea' id='block_1_41' title="bbox 2185 1130 2369 1185">
    <p class='ocr_par' dir='ltr' id='par_1_41' title="bbox 2185 1130 2369 1185">
     <span class='ocr_line' id='line_1_41' title="bbox 2185 1130 2369 1185; baseline 0.011 -2"><span class='ocrx_word' id='word_1_262' title='bbox 2185 1130 2369 1185; x_wconf 80' lang='grc' dir='ltr'>λοιπά.</span> 
     </span>
    </p>
   </div>
   <div class='ocr_carea' id='block_1_42' title="bbox 2260 1222 3781 1297">
    <p class='ocr_par' dir='ltr' id='par_1_42' title="bbox 2260 1222 3781 1297">
     <span class='ocr_line' id='line_1_42' title="bbox 2260 1222 3781 1297; baseline 0.002 -21"><span class='ocrx_word' id='word_1_263' title='bbox 2260 1222 2343 1295; x_wconf 73' lang='grc' dir='ltr'><strong>[Ρ.</strong></span> <span class='ocrx_word' id='word_1_264' title='bbox 2405 1223 2525 1297; x_wconf 73' lang='lat'><strong>152]</strong></span> <span class='ocrx_word' id='word_1_265' title='bbox 2580 1230 2687 1279; x_wconf 85' lang='lat' dir='ltr'><strong>xu&#39;.</strong></span> <span class='ocrx_word' id='word_1_266' title='bbox 2740 1224 2865 1278; x_wconf 81' lang='grc' dir='ltr'>Ὅτι</span> <span class='ocrx_word' id='word_1_267' title='bbox 2917 1223 3015 1294; x_wconf 80' lang='grc' dir='ltr'>μὲν</span> <span class='ocrx_word' id='word_1_268' title='bbox 3075 1223 3169 1277; x_wconf 80' lang='grc' dir='ltr'><strong>οὖν</strong></span> <span class='ocrx_word' id='word_1_269' title='bbox 3225 1223 3623 1295; x_wconf 81' lang='grc' dir='ltr'>ἀρματηλάτης</span> <span class='ocrx_word' id='word_1_270' title='bbox 3677 1225 3781 1279; x_wconf 73' lang='grc' dir='ltr'><strong>καὶ</strong></span> 
     </span>
    </p>
   </div>
   <div class='ocr_carea' id='block_1_43' title="bbox 2188 1313 3780 1389">
    <p class='ocr_par' dir='ltr' id='par_1_43' title="bbox 2188 1313 3780 1389">
     <span class='ocr_line' id='line_1_43' title="bbox 2188 1313 3780 1389; baseline 0 -19"><span class='ocrx_word' id='word_1_271' title='bbox 2188 1316 2401 1387; x_wconf 72' lang='grc' dir='ltr'>ἡνίοχος</span> <span class='ocrx_word' id='word_1_272' title='bbox 2447 1313 2536 1388; x_wconf 78' lang='grc' dir='ltr'>ἦν,</span> <span class='ocrx_word' id='word_1_273' title='bbox 2566 1318 2660 1371; x_wconf 74' lang='grc' dir='ltr'>ἐπὶ</span> <span class='ocrx_word' id='word_1_274' title='bbox 2681 1318 2726 1350; x_wconf 75' lang='grc'><strong>⁸³</strong></span> <span class='ocrx_word' id='word_1_275' title='bbox 2763 1316 2855 1371; x_wconf 79' lang='grc' dir='ltr'>τοῦ</span> <span class='ocrx_word' id='word_1_276' title='bbox 2883 1316 3074 1389; x_wconf 80' lang='grc' dir='ltr'>δίφρου</span> <span class='ocrx_word' id='word_1_277' title='bbox 3109 1316 3218 1369; x_wconf 85' lang='grc' dir='ltr'>τῶν</span> <span class='ocrx_word' id='word_1_278' title='bbox 3249 1317 3435 1370; x_wconf 77' lang='grc' dir='ltr'>ἵππων</span> <span class='ocrx_word' id='word_1_279' title='bbox 3474 1317 3594 1387; x_wconf 82' lang='grc' dir='ltr'>μεθ’</span> <span class='ocrx_word' id='word_1_280' title='bbox 3616 1318 3780 1389; x_wconf 78' lang='grc' dir='ltr'>ἡνιό-</span> 
     </span>
    </p>
   </div>
   <div class='ocr_carea' id='block_1_44' title="bbox 2186 1409 3842 1482">
    <p class='ocr_par' dir='ltr' id='par_1_44' title="bbox 2186 1409 3842 1482">
     <span class='ocr_line' id='line_1_44' title="bbox 2186 1409 3842 1482; baseline 0.001 -20"><span class='ocrx_word' id='word_1_281' title='bbox 2186 1429 2279 1481; x_wconf 83' lang='grc' dir='ltr'><strong>χου</strong></span> <span class='ocrx_word' id='word_1_282' title='bbox 2308 1409 2501 1480; x_wconf 77' lang='grc' dir='ltr'>στολῆς</span> <span class='ocrx_word' id='word_1_283' title='bbox 2532 1410 2900 1482; x_wconf 80' lang='grc' dir='ltr'>καθεζόμενος</span> <span class='ocrx_word' id='word_1_284' title='bbox 2935 1412 3028 1464; x_wconf 76' lang='grc' dir='ltr'><strong>καὶ</strong></span> <span class='ocrx_word' id='word_1_285' title='bbox 3064 1409 3201 1481; x_wconf 76' lang='grc' dir='ltr'>πρὸς</span> <span class='ocrx_word' id='word_1_286' title='bbox 3227 1411 3354 1473; x_wconf 72' lang='grc' dir='ltr'>τοὺς</span> <span class='ocrx_word' id='word_1_287' title='bbox 3379 1410 3633 1474; x_wconf 77' lang='grc' dir='ltr'><strong>διαύλους</strong></span> <span class='ocrx_word' id='word_1_288' title='bbox 3663 1410 3780 1463; x_wconf 81' lang='grc' dir='ltr'>τῶν</span> <span class='ocrx_word' id='word_1_289' title='bbox 3838 1461 3842 1463; x_wconf 21' lang='grc' dir='ltr'><em>Α</em></span> 
     </span>
    </p>
   </div>
   <div class='ocr_carea' id='block_1_45' title="bbox 2188 1501 3779 1574">
    <p class='ocr_par' dir='ltr' id='par_1_45' title="bbox 2188 1501 3779 1574">
     <span class='ocr_line' id='line_1_45' title="bbox 2188 1501 3779 1574; baseline 0.001 -19"><span class='ocrx_word' id='word_1_290' title='bbox 2188 1503 2408 1573; x_wconf 82' lang='grc' dir='ltr'>δρόμων</span> <span class='ocrx_word' id='word_1_291' title='bbox 2435 1504 2547 1565; x_wconf 85' lang='grc' dir='ltr'>τοῖς</span> <span class='ocrx_word' id='word_1_292' title='bbox 2564 1504 2895 1574; x_wconf 80' lang='grc' dir='ltr'><strong>ἀντιτέχνοις</strong></span> <span class='ocrx_word' id='word_1_293' title='bbox 2915 1501 3345 1573; x_wconf 68' lang='grc' dir='ltr'>διαμιλλώμενος</span> <span class='ocrx_word' id='word_1_294' title='bbox 3364 1502 3508 1555; x_wconf 73' lang='grc' dir='ltr'>ἔνδον</span> <span class='ocrx_word' id='word_1_295' title='bbox 3532 1521 3588 1556; x_wconf 87' lang='grc' dir='ltr'><strong>τε</strong></span> <span class='ocrx_word' id='word_1_296' title='bbox 3606 1505 3655 1536; x_wconf 77' lang='grc'><strong>’⁸</strong></span> <span class='ocrx_word' id='word_1_297' title='bbox 3675 1505 3779 1572; x_wconf 75' lang='grc' dir='ltr'><strong>τῆς</strong></span> 
     </span>
    </p>
   </div>
   <div class='ocr_carea' id='block_1_46' title="bbox 2192 1592 3779 1665">
    <p class='ocr_par' dir='ltr' id='par_1_46' title="bbox 2192 1592 3779 1665">
     <span class='ocr_line' id='line_1_46' title="bbox 2192 1592 3779 1665; baseline 0 -20"><span class='ocrx_word' id='word_1_298' title='bbox 2192 1592 2586 1665; x_wconf 70' lang='grc' dir='ltr'>βασιλευούσης</span> <span class='ocrx_word' id='word_1_299' title='bbox 2616 1593 2712 1648; x_wconf 82' lang='lat' dir='ltr'><strong>xui</strong></span> <span class='ocrx_word' id='word_1_300' title='bbox 2743 1594 2852 1648; x_wconf 86' lang='grc' dir='ltr'>τῶν</span> <span class='ocrx_word' id='word_1_301' title='bbox 2885 1593 3175 1665; x_wconf 85' lang='grc' dir='ltr'>βασιλείων</span> <span class='ocrx_word' id='word_1_302' title='bbox 3200 1593 3293 1647; x_wconf 74' lang='grc' dir='ltr'>καὶ</span> <span class='ocrx_word' id='word_1_303' title='bbox 3319 1594 3425 1658; x_wconf 79' lang='grc' dir='ltr'><strong>ἔξω</strong></span> <span class='ocrx_word' id='word_1_304' title='bbox 3457 1592 3600 1646; x_wconf 89' lang='grc' dir='ltr'><strong>κατά</strong></span> <span class='ocrx_word' id='word_1_305' title='bbox 3619 1592 3690 1647; x_wconf 77' lang='grc' dir='ltr'>τὰ</span> <span class='ocrx_word' id='word_1_306' title='bbox 3716 1595 3779 1646; x_wconf 78' lang='grc' dir='ltr'>ὲν</span> 
     </span>
    </p>
   </div>
   <div class='ocr_carea' id='block_1_47' title="bbox 2189 1685 3778 1759">
    <p class='ocr_par' dir='ltr' id='par_1_47' title="bbox 2189 1685 3778 1759">
     <span class='ocr_line' id='line_1_47' title="bbox 2189 1685 3778 1759; baseline -0.001 -21"><span class='ocrx_word' id='word_1_307' title='bbox 2189 1685 2266 1757; x_wconf 82' lang='grc' dir='ltr'>τῷ</span> <span class='ocrx_word' id='word_1_308' title='bbox 2326 1686 2420 1741; x_wconf 86' lang='grc' dir='ltr'><strong>τοῦ</strong></span> <span class='ocrx_word' id='word_1_309' title='bbox 2479 1688 2760 1759; x_wconf 78' lang='grc' dir='ltr'>μάρτυρος</span> <span class='ocrx_word' id='word_1_310' title='bbox 2808 1688 3111 1757; x_wconf 82' lang='grc' dir='ltr'>Μάμαντος</span> <span class='ocrx_word' id='word_1_311' title='bbox 3178 1685 3436 1756; x_wconf 74' lang='grc' dir='ltr'>βασιλικὰ</span> <span class='ocrx_word' id='word_1_312' title='bbox 3489 1686 3778 1757; x_wconf 69' lang='grc' dir='ltr'>ἐνδιαιτη-</span> 
     </span>
    </p>
   </div>
   <div class='ocr_carea' id='block_1_48' title="bbox 2193 1778 3779 1850">
    <p class='ocr_par' dir='ltr' id='par_1_48' title="bbox 2193 1778 3779 1850">
     <span class='ocr_line' id='line_1_48' title="bbox 2193 1778 3779 1850; baseline -0.001 -17"><span class='ocrx_word' id='word_1_313' title='bbox 2193 1796 2362 1850; x_wconf 82' lang='grc' dir='ltr'>ματα,</span> <span class='ocrx_word' id='word_1_314' title='bbox 2426 1778 2523 1833; x_wconf 83' lang='lat' dir='ltr'><strong>xui</strong></span> <span class='ocrx_word' id='word_1_315' title='bbox 2594 1781 2677 1834; x_wconf 85' lang='grc' dir='ltr'><strong>ὅτι</strong></span> <span class='ocrx_word' id='word_1_316' title='bbox 2749 1780 3047 1850; x_wconf 84' lang='grc' dir='ltr'>πάμπολλα</span> <span class='ocrx_word' id='word_1_317' title='bbox 3116 1781 3377 1850; x_wconf 78' lang='grc' dir='ltr'>χρήματα</span> <span class='ocrx_word' id='word_1_318' title='bbox 3441 1781 3522 1843; x_wconf 82' lang='grc' dir='ltr'>εἰς</span> <span class='ocrx_word' id='word_1_319' title='bbox 3598 1778 3779 1832; x_wconf 74' lang='grc' dir='ltr'>ταῦτα</span> 
     </span>
    </p>
   </div>
   <div class='ocr_carea' id='block_1_49' title="bbox 2189 1873 3777 1948">
    <p class='ocr_par' dir='ltr' id='par_1_49' title="bbox 2189 1873 3777 1948">
     <span class='ocr_line' id='line_1_49' title="bbox 2189 1873 3777 1948; baseline 0.002 -22"><span class='ocrx_word' id='word_1_320' title='bbox 2189 1873 2472 1943; x_wconf 76' lang='grc' dir='ltr'>ἀνήλισκε,</span> <span class='ocrx_word' id='word_1_321' title='bbox 2505 1873 2787 1948; x_wconf 85' lang='grc' dir='ltr'>θεωρικῶν</span> <span class='ocrx_word' id='word_1_322' title='bbox 2831 1876 3141 1945; x_wconf 81' lang='grc' dir='ltr'><strong>γενομένων</strong></span> <span class='ocrx_word' id='word_1_323' title='bbox 3186 1875 3294 1929; x_wconf 86' lang='grc' dir='ltr'>τῶν</span> <span class='ocrx_word' id='word_1_324' title='bbox 3334 1875 3777 1946; x_wconf 79' lang='grc' dir='ltr'>στρατιωτικῶν,</span> 
     </span>
    </p>
   </div>
   <div class='ocr_carea' id='block_1_50' title="bbox 2187 1966 3781 2038">
    <p class='ocr_par' dir='ltr' id='par_1_50' title="bbox 2187 1966 3781 2038">
     <span class='ocr_line' id='line_1_50' title="bbox 2187 1966 3781 2038; baseline 0.004 -21"><span class='ocrx_word' id='word_1_325' title='bbox 2187 1966 2284 2018; x_wconf 84' lang='lat' dir='ltr'><strong>xui</strong></span> <span class='ocrx_word' id='word_1_326' title='bbox 2310 1966 2417 2019; x_wconf 86' lang='grc' dir='ltr'><strong>ἀπὸ</strong></span> <span class='ocrx_word' id='word_1_327' title='bbox 2452 1966 2561 2020; x_wconf 85' lang='grc' dir='ltr'><strong>τῶν</strong></span> <span class='ocrx_word' id='word_1_328' title='bbox 2603 1966 2918 2036; x_wconf 82' lang='grc' dir='ltr'>πολεμικῶν</span> <span class='ocrx_word' id='word_1_329' title='bbox 2957 1967 3163 2034; x_wconf 70' lang='grc' dir='ltr'>τάξεων</span> <span class='ocrx_word' id='word_1_330' title='bbox 3211 1969 3292 2031; x_wconf 88' lang='grc' dir='ltr'><strong>είς</strong></span> <span class='ocrx_word' id='word_1_331' title='bbox 3339 1967 3436 2032; x_wconf 82' lang='grc' dir='ltr'>τὰς</span> <span class='ocrx_word' id='word_1_332' title='bbox 3470 1969 3781 2038; x_wconf 63' lang='grc' dir='ltr'>θυμελικὰς</span> 
     </span>
    </p>
   </div>
   <div class='ocr_carea' id='block_1_51' title="bbox 2189 2057 3777 2130">
    <p class='ocr_par' dir='ltr' id='par_1_51' title="bbox 2189 2057 3777 2130">
     <span class='ocr_line' id='line_1_51' title="bbox 2189 2057 3777 2130; baseline -0.007 -6"><span class='ocrx_word' id='word_1_333' title='bbox 2189 2058 2443 2130; x_wconf 71' lang='grc' dir='ltr'>ὀρχήσεις</span> <span class='ocrx_word' id='word_1_334' title='bbox 2472 2059 2569 2112; x_wconf 78' lang='lat' dir='ltr'><strong>xui</strong></span> <span class='ocrx_word' id='word_1_335' title='bbox 2606 2058 2807 2129; x_wconf 84' lang='grc' dir='ltr'>λέσχας</span> <span class='ocrx_word' id='word_1_336' title='bbox 2834 2061 2862 2112; x_wconf 84' lang='grc' dir='ltr'>ὀ</span> <span class='ocrx_word' id='word_1_337' title='bbox 2892 2059 3205 2129; x_wconf 72' lang='grc' dir='ltr'><strong>Ῥωμαϊκὸς</strong></span> <span class='ocrx_word' id='word_1_338' title='bbox 3239 2057 3481 2129; x_wconf 69' lang='grc' dir='ltr'>ἐξεχεῖτο</span> <span class='ocrx_word' id='word_1_339' title='bbox 3514 2060 3777 2126; x_wconf 82' lang='grc' dir='ltr'>πλοῦτος,</span> 
     </span>
    </p>
   </div>
   <div class='ocr_carea' id='block_1_52' title="bbox 2189 2147 3782 2221">
    <p class='ocr_par' dir='ltr' id='par_1_52' title="bbox 2189 2147 3782 2221">
     <span class='ocr_line' id='line_1_52' title="bbox 2189 2147 3782 2221; baseline 0 -19"><span class='ocrx_word' id='word_1_340' title='bbox 2189 2148 2283 2202; x_wconf 77' lang='grc' dir='ltr'>καὶ</span> <span class='ocrx_word' id='word_1_341' title='bbox 2308 2150 2389 2211; x_wconf 84' lang='grc' dir='ltr'><strong>είς</strong></span> <span class='ocrx_word' id='word_1_342' title='bbox 2419 2149 2670 2217; x_wconf 82' lang='grc' dir='ltr'>ἀσελγεῖς</span> <span class='ocrx_word' id='word_1_343' title='bbox 2698 2148 2795 2203; x_wconf 74' lang='grc' dir='ltr'>καὶ</span> <span class='ocrx_word' id='word_1_344' title='bbox 2824 2150 3184 2220; x_wconf 74' lang='grc' dir='ltr'>παρανόμους</span> <span class='ocrx_word' id='word_1_345' title='bbox 3215 2150 3479 2220; x_wconf 75' lang='grc' dir='ltr'>βακχείας</span> <span class='ocrx_word' id='word_1_346' title='bbox 3512 2150 3608 2203; x_wconf 77' lang='grc' dir='ltr'>καὶ</span> <span class='ocrx_word' id='word_1_347' title='bbox 3631 2147 3782 2221; x_wconf 74' lang='grc' dir='ltr'>ἔρω-</span> 
     </span>
    </p>
   </div>
   <div class='ocr_carea' id='block_1_53' title="bbox 2187 2239 3780 2314">
    <p class='ocr_par' dir='ltr' id='par_1_53' title="bbox 2187 2239 3780 2314">
     <span class='ocr_line' id='line_1_53' title="bbox 2187 2239 3780 2314; baseline 0.004 -23"><span class='ocrx_word' id='word_1_348' title='bbox 2187 2258 2285 2305; x_wconf 88' lang='grc' dir='ltr'><strong>τας</strong></span> <span class='ocrx_word' id='word_1_349' title='bbox 2300 2239 2545 2304; x_wconf 81' lang='grc' dir='ltr'>ἀσώτους</span> <span class='ocrx_word' id='word_1_350' title='bbox 2567 2241 2793 2305; x_wconf 82' lang='grc' dir='ltr'>ἀσώτως</span> <span class='ocrx_word' id='word_1_351' title='bbox 2814 2243 2909 2297; x_wconf 78' lang='grc' dir='ltr'>καὶ</span> <span class='ocrx_word' id='word_1_352' title='bbox 2931 2244 3096 2314; x_wconf 75' lang='grc' dir='ltr'>ῥύδην</span> <span class='ocrx_word' id='word_1_353' title='bbox 3114 2243 3470 2312; x_wconf 78' lang='grc' dir='ltr'>ὲξεφοροῦντο</span> <span class='ocrx_word' id='word_1_354' title='bbox 3486 2245 3535 2296; x_wconf 86' lang='grc' dir='ltr'>οἱ</span> <span class='ocrx_word' id='word_1_355' title='bbox 3558 2243 3780 2313; x_wconf 81' lang='grc' dir='ltr'>βασιλι-</span> 
     </span>
    </p>
   </div>
   <div class='ocr_carea' id='block_1_54' title="bbox 2186 2328 3780 2406">
    <p class='ocr_par' dir='ltr' id='par_1_54' title="bbox 2186 2328 3780 2406">
     <span class='ocr_line' id='line_1_54' title="bbox 2186 2328 3780 2406; baseline 0.002 -19"><span class='ocrx_word' id='word_1_356' title='bbox 2186 2335 2273 2387; x_wconf 75' lang='grc' dir='ltr'><strong>κοὶ</strong></span> <span class='ocrx_word' id='word_1_357' title='bbox 2299 2332 2583 2405; x_wconf 72' lang='grc' dir='ltr'>θησαυροὶ,</span> <span class='ocrx_word' id='word_1_358' title='bbox 2607 2334 2683 2399; x_wconf 87' lang='grc' dir='ltr'><strong>ώς</strong></span> <span class='ocrx_word' id='word_1_359' title='bbox 2708 2337 2841 2389; x_wconf 79' lang='grc' dir='ltr'>πᾶσι</span> <span class='ocrx_word' id='word_1_360' title='bbox 2865 2336 3143 2406; x_wconf 76' lang='grc' dir='ltr'>γνώριμον</span> <span class='ocrx_word' id='word_1_361' title='bbox 3173 2337 3265 2389; x_wconf 79' lang='grc' dir='ltr'><strong>καὶ</strong></span> <span class='ocrx_word' id='word_1_362' title='bbox 3293 2336 3610 2406; x_wconf 81' lang='grc' dir='ltr'>καταφανὲς</span> <span class='ocrx_word' id='word_1_363' title='bbox 3636 2328 3780 2390; x_wconf 75' lang='grc' dir='ltr'>καθ-</span> 
     </span>
    </p>
   </div>
   <div class='ocr_carea' id='block_1_55' title="bbox 2190 2424 3779 2498">
    <p class='ocr_par' dir='ltr' id='par_1_55' title="bbox 2190 2424 3779 2498">
     <span class='ocr_line' id='line_1_55' title="bbox 2190 2424 3779 2498; baseline 0.002 -19"><span class='ocrx_word' id='word_1_364' title='bbox 2190 2424 2364 2489; x_wconf 87' lang='grc' dir='ltr'>εστὼς</span> <span class='ocrx_word' id='word_1_365' title='bbox 2407 2426 2682 2497; x_wconf 82' lang='grc' dir='ltr'>παρήσειν</span> <span class='ocrx_word' id='word_1_366' title='bbox 2744 2445 2834 2498; x_wconf 87' lang='grc' dir='ltr'><strong>μοι</strong></span> <span class='ocrx_word' id='word_1_367' title='bbox 2883 2427 3026 2481; x_wconf 86' lang='grc' dir='ltr'>δοκῶ</span> <span class='ocrx_word' id='word_1_368' title='bbox 3058 2442 3073 2457; x_wconf 82' lang='lat'><strong><em>°</em></strong></span> <span class='ocrx_word' id='word_1_369' title='bbox 3107 2428 3187 2481; x_wconf 79' lang='grc' dir='ltr'>ὅτι</span> <span class='ocrx_word' id='word_1_370' title='bbox 3234 2428 3290 2481; x_wconf 81' lang='grc' dir='ltr'>δὲ</span> <span class='ocrx_word' id='word_1_371' title='bbox 3333 2428 3403 2481; x_wconf 66' lang='grc' dir='ltr'>τὰ</span> <span class='ocrx_word' id='word_1_372' title='bbox 3462 2428 3581 2481; x_wconf 81' lang='grc' dir='ltr'>θεῖα</span> <span class='ocrx_word' id='word_1_373' title='bbox 3636 2447 3779 2483; x_wconf 86' lang='grc' dir='ltr'>κατ-</span> 
     </span>
    </p>
   </div>
   <div class='ocr_carea' id='block_1_56' title="bbox 2189 2513 3783 2590">
    <p class='ocr_par' dir='ltr' id='par_1_56' title="bbox 2189 2513 3783 2590">
     <span class='ocr_line' id='line_1_56' title="bbox 2189 2513 3783 2590; baseline 0.003 -21"><span class='ocrx_word' id='word_1_374' title='bbox 2189 2513 2406 2581; x_wconf 77' lang='grc' dir='ltr'>έπαιξε,</span> <span class='ocrx_word' id='word_1_375' title='bbox 2446 2516 2545 2570; x_wconf 87' lang='lat' dir='ltr'><strong>xui</strong></span> <span class='ocrx_word' id='word_1_376' title='bbox 2612 2515 2723 2571; x_wconf 79' lang='grc' dir='ltr'>ἀπὸ</span> <span class='ocrx_word' id='word_1_377' title='bbox 2770 2517 2879 2570; x_wconf 84' lang='grc' dir='ltr'><strong>τῶν</strong></span> <span class='ocrx_word' id='word_1_378' title='bbox 2931 2518 3201 2573; x_wconf 86' lang='grc' dir='ltr'>συνόντων</span> <span class='ocrx_word' id='word_1_379' title='bbox 3245 2519 3395 2588; x_wconf 81' lang='grc' dir='ltr'>αὑτῷ</span> <span class='ocrx_word' id='word_1_380' title='bbox 3429 2520 3645 2590; x_wconf 82' lang='grc' dir='ltr'>μιαρῶν</span> <span class='ocrx_word' id='word_1_381' title='bbox 3677 2520 3783 2575; x_wconf 76' lang='grc' dir='ltr'>καὶ</span> 
     </span>
    </p>
   </div>
   <div class='ocr_carea' id='block_1_57' title="bbox 2186 2608 3781 2683">
    <p class='ocr_par' dir='ltr' id='par_1_57' title="bbox 2186 2608 3781 2683">
     <span class='ocr_line' id='line_1_57' title="bbox 2186 2608 3781 2683; baseline 0.002 -20"><span class='ocrx_word' id='word_1_382' title='bbox 2186 2608 2439 2679; x_wconf 78' lang='grc' dir='ltr'>ἀσελγῶν</span> <span class='ocrx_word' id='word_1_383' title='bbox 2466 2608 2812 2679; x_wconf 84' lang='grc' dir='ltr'>ἀνδρογύνων</span> <span class='ocrx_word' id='word_1_384' title='bbox 2859 2611 2954 2663; x_wconf 76' lang='grc' dir='ltr'><strong>καὶ</strong></span> <span class='ocrx_word' id='word_1_385' title='bbox 2997 2612 3346 2681; x_wconf 83' lang='grc' dir='ltr'>πατριάρχην</span> <span class='ocrx_word' id='word_1_386' title='bbox 3384 2611 3481 2667; x_wconf 74' lang='grc' dir='ltr'>ἕνα</span> <span class='ocrx_word' id='word_1_387' title='bbox 3520 2612 3781 2683; x_wconf 77' lang='grc' dir='ltr'>ὠνόμαζε</span> 
     </span>
    </p>
   </div>
   <div class='ocr_carea' id='block_1_58' title="bbox 2185 2701 3782 2775">
    <p class='ocr_par' dir='ltr' id='par_1_58' title="bbox 2185 2701 3782 2775">
     <span class='ocr_line' id='line_1_58' title="bbox 2185 2701 3782 2775; baseline 0.002 -21"><span class='ocrx_word' id='word_1_388' title='bbox 2185 2704 2280 2755; x_wconf 79' lang='grc' dir='ltr'>καὶ</span> <span class='ocrx_word' id='word_1_389' title='bbox 2330 2702 2734 2774; x_wconf 75' lang='grc' dir='ltr'>μητροπολίτας</span> <span class='ocrx_word' id='word_1_390' title='bbox 2773 2702 2837 2757; x_wconf 76' lang='grc' dir='ltr'>ἐκ</span> <span class='ocrx_word' id='word_1_391' title='bbox 2878 2701 3083 2757; x_wconf 82' lang='grc' dir='ltr'>τούτων</span> <span class='ocrx_word' id='word_1_392' title='bbox 3139 2704 3419 2775; x_wconf 68' lang='grc' dir='ltr'>ἀφώρισεν</span> <span class='ocrx_word' id='word_1_393' title='bbox 3476 2704 3672 2758; x_wconf 78' lang='grc' dir='ltr'>ἕνδεκα</span> <span class='ocrx_word' id='word_1_394' title='bbox 3698 2706 3782 2769; x_wconf 81' lang='grc' dir='ltr'>ὡς</span> 
     </span>
    </p>
   </div>
   <div class='ocr_carea' id='block_1_59' title="bbox 2186 2792 3781 2870">
    <p class='ocr_par' dir='ltr' id='par_1_59' title="bbox 2186 2792 3781 2870">
     <span class='ocr_line' id='line_1_59' title="bbox 2186 2792 3781 2870; baseline 0.005 -26"><span class='ocrx_word' id='word_1_395' title='bbox 2186 2792 2352 2847; x_wconf 76' lang='grc' dir='ltr'>αὑτοῦ</span> <span class='ocrx_word' id='word_1_396' title='bbox 2394 2793 2845 2868; x_wconf 79' lang='grc' dir='ltr'>συμπληροῦντος</span> <span class='ocrx_word' id='word_1_397' title='bbox 2884 2796 2977 2849; x_wconf 83' lang='grc' dir='ltr'>τὸν</span> <span class='ocrx_word' id='word_1_398' title='bbox 3010 2796 3217 2850; x_wconf 89' lang='grc' dir='ltr'>δώδεκα</span> <span class='ocrx_word' id='word_1_399' title='bbox 3237 2797 3284 2829; x_wconf 79' lang='grc'><strong>⁹¹</strong></span> <span class='ocrx_word' id='word_1_400' title='bbox 3325 2797 3579 2870; x_wconf 77' lang='grc' dir='ltr'>ἀριθμὸν,</span> <span class='ocrx_word' id='word_1_401' title='bbox 3615 2798 3781 2852; x_wconf 72' lang='grc' dir='ltr'>τοῦτο</span> 
     </span>
    </p>
   </div>
   <div class='ocr_carea' id='block_1_60' title="bbox 2187 2882 3780 2959">
    <p class='ocr_par' dir='ltr' id='par_1_60' title="bbox 2187 2882 3780 2959">
     <span class='ocr_line' id='line_1_60' title="bbox 2187 2882 3780 2959; baseline 0.004 -23"><span class='ocrx_word' id='word_1_402' title='bbox 2187 2882 2247 2936; x_wconf 72' lang='grc' dir='ltr'>δὲ</span> <span class='ocrx_word' id='word_1_403' title='bbox 2278 2884 2325 2917; x_wconf 78' lang='grc'><strong>⁹⁸</strong></span> <span class='ocrx_word' id='word_1_404' title='bbox 2357 2882 2711 2956; x_wconf 74' lang='grc' dir='ltr'>διηγήσομαι,</span> <span class='ocrx_word' id='word_1_405' title='bbox 2775 2886 2880 2940; x_wconf 84' lang='grc' dir='ltr'><strong>Τὸν</strong></span> <span class='ocrx_word' id='word_1_406' title='bbox 2919 2886 3027 2955; x_wconf 80' lang='grc' dir='ltr'>γὰρ</span> <span class='ocrx_word' id='word_1_407' title='bbox 3074 2887 3242 2958; x_wconf 76' lang='grc' dir='ltr'>ἐναγῆ</span> <span class='ocrx_word' id='word_1_408' title='bbox 3296 2890 3387 2941; x_wconf 72' lang='grc' dir='ltr'><strong>καὶ</strong></span> <span class='ocrx_word' id='word_1_409' title='bbox 3423 2888 3780 2959; x_wconf 80' lang='grc' dir='ltr'>μιαρώτατον</span> 
     </span>
    </p>
   </div>
   <div class='ocr_carea' id='block_1_61' title="bbox 2195 2977 3779 3051">
    <p class='ocr_par' dir='ltr' id='par_1_61' title="bbox 2195 2977 3779 3051">
     <span class='ocr_line' id='line_1_61' title="bbox 2195 2977 3779 3051; baseline 0 -18"><span class='ocrx_word' id='word_1_410' title='bbox 2195 2981 2404 3033; x_wconf 80' lang='grc' dir='ltr'>ἐκεῖνον</span> <span class='ocrx_word' id='word_1_411' title='bbox 2448 2977 2686 3049; x_wconf 79' lang='grc' dir='ltr'>Γρῦλλον</span> <span class='ocrx_word' id='word_1_412' title='bbox 2724 2979 2771 3011; x_wconf 87' lang='lat'><strong>”</strong></span> <span class='ocrx_word' id='word_1_413' title='bbox 2795 2979 2856 3032; x_wconf 81' lang='grc' dir='ltr'>τὸ</span> <span class='ocrx_word' id='word_1_414' title='bbox 2903 2978 2995 3033; x_wconf 76' lang='grc' dir='ltr'>τοῦ</span> <span class='ocrx_word' id='word_1_415' title='bbox 3041 2979 3379 3051; x_wconf 82' lang='grc' dir='ltr'>πατριάρχου</span> <span class='ocrx_word' id='word_1_416' title='bbox 3425 2980 3779 3051; x_wconf 74' lang='grc' dir='ltr'>ἐπιφημίσας</span> 
     </span>
    </p>
   </div>
   <div class='ocr_carea' id='block_1_62' title="bbox 494 3066 2080 3150">
    <p class='ocr_par' dir='ltr' id='par_1_62' title="bbox 494 3066 2080 3137">
     <span class='ocr_line' id='line_1_62' title="bbox 494 3066 2080 3137; baseline 0.001 -16"><span class='ocrx_word' id='word_1_417' title='bbox 494 3077 722 3137; x_wconf 83' lang='lat' dir='ltr'><strong>tumque</strong></span> <span class='ocrx_word' id='word_1_418' title='bbox 746 3067 821 3120; x_wconf 87' lang='lat' dir='ltr'><strong>illi</strong></span> <span class='ocrx_word' id='word_1_419' title='bbox 849 3066 1230 3135; x_wconf 83' lang='lat' dir='ltr'><strong>om0phorium</strong></span> <span class='ocrx_word' id='word_1_420' title='bbox 1257 3066 1567 3136; x_wconf 74' lang='lat' dir='ltr'><strong>imponens,</strong></span> <span class='ocrx_word' id='word_1_421' title='bbox 1590 3081 1690 3122; x_wconf 85' lang='lat' dir='ltr'><strong>nec</strong></span> <span class='ocrx_word' id='word_1_422' title='bbox 1714 3082 1823 3121; x_wconf 91' lang='lat' dir='ltr'><strong>non</strong></span> <span class='ocrx_word' id='word_1_423' title='bbox 1852 3068 1906 3121; x_wconf 93' lang='lat' dir='ltr'><strong>in</strong></span> <span class='ocrx_word' id='word_1_424' title='bbox 1933 3068 2080 3122; x_wconf 86' lang='lat' dir='ltr'><strong>ordi-</strong></span> 
     </span>
    </p>
   </div>
   <div class='ocr_carea' id='block_1_63' title="bbox 2187 3066 3782 3150">
    <p class='ocr_par' dir='ltr' id='par_1_63' title="bbox 2187 3070 3782 3144">
     <span class='ocr_line' id='line_1_63' title="bbox 2187 3070 3782 3144; baseline 0.001 -20"><span class='ocrx_word' id='word_1_425' title='bbox 2187 3071 2379 3140; x_wconf 81' lang='grc' dir='ltr'>ὅνομα,</span> <span class='ocrx_word' id='word_1_426' title='bbox 2434 3071 2529 3122; x_wconf 78' lang='grc' dir='ltr'><strong>καὶ</strong></span> <span class='ocrx_word' id='word_1_427' title='bbox 2579 3071 2943 3142; x_wconf 82' lang='grc' dir='ltr'>ἀρχιερατικῇ</span> <span class='ocrx_word' id='word_1_428' title='bbox 2998 3070 3188 3124; x_wconf 78' lang='grc' dir='ltr'>τοῦτον</span> <span class='ocrx_word' id='word_1_429' title='bbox 3242 3073 3619 3144; x_wconf 81' lang='grc' dir='ltr'>χρυσοστίκτῳ</span> <span class='ocrx_word' id='word_1_430' title='bbox 3677 3077 3782 3129; x_wconf 65' lang='grc' dir='ltr'><strong>καὶ</strong></span> 
     </span>
    </p>
   </div>
   <div class='ocr_carea' id='block_1_64' title="bbox 495 3157 2082 3229">
    <p class='ocr_par' dir='ltr' id='par_1_64' title="bbox 495 3157 2082 3229">
     <span class='ocr_line' id='line_1_64' title="bbox 495 3157 2082 3229; baseline 0 -15"><span class='ocrx_word' id='word_1_431' title='bbox 495 3176 563 3214; x_wconf 88' lang='lat' dir='ltr'><strong>ne</strong></span> <span class='ocrx_word' id='word_1_432' title='bbox 593 3158 1062 3229; x_wconf 89' lang='lat' dir='ltr'><strong>metropolitarum</strong></span> <span class='ocrx_word' id='word_1_433' title='bbox 1095 3157 1232 3213; x_wconf 89' lang='lat' dir='ltr'><strong>alios</strong></span> <span class='ocrx_word' id='word_1_434' title='bbox 1264 3158 1543 3223; x_wconf 88' lang='lat' dir='ltr'><strong>undecim,</strong></span> <span class='ocrx_word' id='word_1_435' title='bbox 1577 3159 1655 3213; x_wconf 90' lang='lat' dir='ltr'><strong>uti</strong></span> <span class='ocrx_word' id='word_1_436' title='bbox 1704 3158 1950 3214; x_wconf 89' lang='lat' dir='ltr'><strong>dicebam</strong></span> <span class='ocrx_word' id='word_1_437' title='bbox 1970 3200 1985 3227; x_wconf 88' lang='lat'><strong>,</strong></span> <span class='ocrx_word' id='word_1_438' title='bbox 2017 3175 2082 3214; x_wconf 80' lang='lat' dir='ltr'><strong>ex</strong></span> 
     </span>
    </p>
   </div>
   <div class='ocr_carea' id='block_1_65' title="bbox 494 3251 2086 3319">
    <p class='ocr_par' dir='ltr' id='par_1_65' title="bbox 494 3251 2086 3319">
     <span class='ocr_line' id='line_1_65' title="bbox 494 3251 2086 3319; baseline 0.002 -13"><span class='ocrx_word' id='word_1_439' title='bbox 494 3253 683 3306; x_wconf 82' lang='lat' dir='ltr'><strong>eodem</strong></span> <span class='ocrx_word' id='word_1_440' title='bbox 727 3253 828 3307; x_wconf 84' lang='lat' dir='ltr'><strong>sibi</strong></span> <span class='ocrx_word' id='word_1_441' title='bbox 881 3252 1278 3307; x_wconf 67' lang='lat' dir='ltr'><strong>adhaerentium</strong></span> <span class='ocrx_word' id='word_1_442' title='bbox 1327 3251 1582 3307; x_wconf 73' lang='lat' dir='ltr'><strong>sodalitio</strong></span> <span class='ocrx_word' id='word_1_443' title='bbox 1616 3253 1977 3319; x_wconf 86' lang='lat' dir='ltr'><strong>constituens,</strong></span> <span class='ocrx_word' id='word_1_444' title='bbox 2022 3267 2086 3309; x_wconf 88' lang='lat' dir='ltr'><strong>ac</strong></span> 
     </span>
    </p>
   </div>
   <div class='ocr_carea' id='block_1_66' title="bbox 495 3343 2083 3417">
    <p class='ocr_par' dir='ltr' id='par_1_66' title="bbox 495 3343 2083 3417">
     <span class='ocr_line' id='line_1_66' title="bbox 495 3343 2083 3417; baseline 0.001 -18"><span class='ocrx_word' id='word_1_445' title='bbox 495 3346 876 3399; x_wconf 90' lang='lat' dir='ltr'><strong>duodecimum</strong></span> <span class='ocrx_word' id='word_1_446' title='bbox 906 3360 965 3399; x_wconf 87' lang='lat' dir='ltr'><strong>se</strong></span> <span class='ocrx_word' id='word_1_447' title='bbox 1003 3346 1178 3413; x_wconf 89' lang='lat' dir='ltr'><strong>ipsum</strong></span> <span class='ocrx_word' id='word_1_448' title='bbox 1211 3343 1450 3397; x_wconf 77' lang='lat' dir='ltr'><strong>Colonia:</strong></span> <span class='ocrx_word' id='word_1_449' title='bbox 1490 3344 1961 3417; x_wconf 88' lang='lat' dir='ltr'><strong>archiepiscopum</strong></span> <span class='ocrx_word' id='word_1_450' title='bbox 1987 3362 2083 3401; x_wconf 86' lang='lat' dir='ltr'><strong>vo-</strong></span> 
     </span>
    </p>
   </div>
   <div class='ocr_carea' id='block_1_67' title="bbox 494 3430 2086 3503">
    <p class='ocr_par' dir='ltr' id='par_1_67' title="bbox 494 3430 2086 3503">
     <span class='ocr_line' id='line_1_67' title="bbox 494 3430 2086 3503; baseline -0.001 -12"><span class='ocrx_word' id='word_1_451' title='bbox 494 3436 691 3498; x_wconf 85' lang='lat' dir='ltr'><strong>citans,</strong></span> <span class='ocrx_word' id='word_1_452' title='bbox 726 3430 973 3502; x_wconf 60' lang='lat' dir='ltr'><strong>praebens</strong></span> <span class='ocrx_word' id='word_1_453' title='bbox 1014 3434 1241 3503; x_wconf 83' lang='lat' dir='ltr'><strong>singulis</strong></span> <span class='ocrx_word' id='word_1_454' title='bbox 1268 3433 1557 3497; x_wconf 84' lang='lat' dir='ltr'><strong>citharam,</strong></span> <span class='ocrx_word' id='word_1_455' title='bbox 1586 3448 1747 3503; x_wconf 86' lang='lat' dir='ltr'><strong>quam</strong></span> <span class='ocrx_word' id='word_1_456' title='bbox 1780 3437 1882 3490; x_wconf 92' lang='lat' dir='ltr'><strong>sub</strong></span> <span class='ocrx_word' id='word_1_457' title='bbox 1904 3451 2086 3491; x_wconf 84' lang='lat' dir='ltr'><strong>sacer-</strong></span> 
     </span>
    </p>
   </div>
   <div class='ocr_carea' id='block_1_68' title="bbox 494 3525 2081 3598">
    <p class='ocr_par' dir='ltr' id='par_1_68' title="bbox 494 3525 2081 3598">
     <span class='ocr_line' id='line_1_68' title="bbox 494 3525 2081 3598; baseline 0.001 -19"><span class='ocrx_word' id='word_1_458' title='bbox 494 3528 660 3581; x_wconf 87' lang='lat' dir='ltr'><strong>dotali</strong></span> <span class='ocrx_word' id='word_1_459' title='bbox 694 3526 898 3580; x_wconf 88' lang='lat' dir='ltr'><strong>amictu</strong></span> <span class='ocrx_word' id='word_1_460' title='bbox 933 3525 1157 3591; x_wconf 82' lang='lat' dir='ltr'><strong>l‘erreut,</strong></span> <span class='ocrx_word' id='word_1_461' title='bbox 1200 3535 1253 3581; x_wconf 90' lang='lat' dir='ltr'><strong>et</strong></span> <span class='ocrx_word' id='word_1_462' title='bbox 1296 3527 1617 3596; x_wconf 72' lang='lat' dir='ltr'><strong>praecipiens</strong></span> <span class='ocrx_word' id='word_1_463' title='bbox 1652 3528 1723 3581; x_wconf 86' lang='lat' dir='ltr'><strong>ita</strong></span> <span class='ocrx_word' id='word_1_464' title='bbox 1751 3535 1923 3583; x_wconf 88' lang='lat' dir='ltr'><strong>tectas</strong></span> <span class='ocrx_word' id='word_1_465' title='bbox 1960 3528 2081 3598; x_wconf 85' lang='lat' dir='ltr'><strong>pul-</strong></span> 
     </span>
    </p>
   </div>
   <div class='ocr_carea' id='block_1_69' title="bbox 495 3617 2083 3687">
    <p class='ocr_par' dir='ltr' id='par_1_69' title="bbox 495 3617 2083 3687">
     <span class='ocr_line' id='line_1_69' title="bbox 495 3617 2083 3687; baseline -0.002 -13"><span class='ocrx_word' id='word_1_466' title='bbox 495 3636 643 3684; x_wconf 86' lang='lat' dir='ltr'><strong>sare,</strong></span> <span class='ocrx_word' id='word_1_467' title='bbox 668 3620 749 3674; x_wconf 89' lang='lat' dir='ltr'><strong>sic</strong></span> <span class='ocrx_word' id='word_1_468' title='bbox 779 3634 902 3673; x_wconf 90' lang='lat' dir='ltr'><strong>cum</strong></span> <span class='ocrx_word' id='word_1_469' title='bbox 934 3618 1044 3672; x_wconf 86' lang='lat' dir='ltr'><strong>illis</strong></span> <span class='ocrx_word' id='word_1_470' title='bbox 1073 3618 1266 3672; x_wconf 87' lang='lat' dir='ltr'><strong>ludens</strong></span> <span class='ocrx_word' id='word_1_471' title='bbox 1297 3631 1360 3669; x_wconf 89' lang='lat' dir='ltr'><strong>ac</strong></span> <span class='ocrx_word' id='word_1_472' title='bbox 1395 3617 1647 3672; x_wconf 88' lang='lat' dir='ltr'><strong>deridens</strong></span> <span class='ocrx_word' id='word_1_473' title='bbox 1682 3618 2083 3687; x_wconf 83' lang='lat' dir='ltr'><strong>traducensque</strong></span> 
     </span>
    </p>
   </div>
   <div class='ocr_carea' id='block_1_70' title="bbox 493 3709 2078 3781">
    <p class='ocr_par' dir='ltr' id='par_1_70' title="bbox 493 3709 2078 3781">
     <span class='ocr_line' id='line_1_70' title="bbox 493 3709 2078 3781; baseline -0.001 -15"><span class='ocrx_word' id='word_1_474' title='bbox 493 3727 605 3766; x_wconf 89' lang='lat' dir='ltr'><strong>rem</strong></span> <span class='ocrx_word' id='word_1_475' title='bbox 629 3726 843 3766; x_wconf 85' lang='lat' dir='ltr'><strong>sacram</strong></span> <span class='ocrx_word' id='word_1_476' title='bbox 881 3710 1334 3781; x_wconf 79' lang='lat' dir='ltr'><strong>peragebat,cum</strong></span> <span class='ocrx_word' id='word_1_477' title='bbox 1365 3710 1609 3764; x_wconf 81' lang='lat' dir='ltr'><strong>scelestis</strong></span> <span class='ocrx_word' id='word_1_478' title='bbox 1635 3709 2078 3778; x_wconf 85' lang='lat' dir='ltr'><strong>scclcstissimus,</strong></span> 
     </span>
    </p>
   </div>
   <div class='ocr_carea' id='block_1_71' title="bbox 493 3801 2079 3873">
    <p class='ocr_par' dir='ltr' id='par_1_71' title="bbox 493 3801 2079 3873">
     <span class='ocr_line' id='line_1_71' title="bbox 493 3801 2079 3873; baseline -0.001 -16"><span class='ocrx_word' id='word_1_479' title='bbox 493 3819 616 3857; x_wconf 93' lang='lat' dir='ltr'><strong>cum</strong></span> <span class='ocrx_word' id='word_1_480' title='bbox 651 3802 896 3873; x_wconf 76' lang='lat' dir='ltr'><strong>profanis</strong></span> <span class='ocrx_word' id='word_1_481' title='bbox 926 3802 1147 3872; x_wconf 90' lang='lat' dir='ltr'><strong>impius.</strong></span> <span class='ocrx_word' id='word_1_482' title='bbox 1188 3802 1322 3855; x_wconf 87' lang='lat' dir='ltr'><strong>Cum</strong></span> <span class='ocrx_word' id='word_1_483' title='bbox 1357 3811 1566 3856; x_wconf 87' lang='lat' dir='ltr'><strong>secreta</strong></span> <span class='ocrx_word' id='word_1_484' title='bbox 1602 3801 1844 3871; x_wconf 86' lang='lat' dir='ltr'><strong>precatio</strong></span> <span class='ocrx_word' id='word_1_485' title='bbox 1876 3802 2079 3856; x_wconf 84' lang='lat' dir='ltr'><strong>recita-</strong></span> 
     </span>
    </p>
   </div>
   <div class='ocr_carea' id='block_1_72' title="bbox 492 3893 2077 3965">
    <p class='ocr_par' dir='ltr' id='par_1_72' title="bbox 492 3893 2077 3965">
     <span class='ocr_line' id='line_1_72' title="bbox 492 3893 2077 3965; baseline -0.001 -14"><span class='ocrx_word' id='word_1_486' title='bbox 492 3897 672 3962; x_wconf 86' lang='lat' dir='ltr'><strong>batur,</strong></span> <span class='ocrx_word' id='word_1_487' title='bbox 718 3896 920 3951; x_wconf 79' lang='lat' dir='ltr'><strong>sensim</strong></span> <span class='ocrx_word' id='word_1_488' title='bbox 971 3910 1036 3949; x_wconf 90' lang='lat' dir='ltr'><strong>ac</strong></span> <span class='ocrx_word' id='word_1_489' title='bbox 1077 3895 1203 3949; x_wconf 89' lang='lat' dir='ltr'><strong>lene</strong></span> <span class='ocrx_word' id='word_1_490' title='bbox 1240 3893 1465 3949; x_wconf 87' lang='lat' dir='ltr'><strong>citharis</strong></span> <span class='ocrx_word' id='word_1_491' title='bbox 1497 3902 1739 3963; x_wconf 88' lang='lat' dir='ltr'><strong>strepere</strong></span> <span class='ocrx_word' id='word_1_492' title='bbox 1770 3893 2077 3965; x_wconf 86' lang='lat' dir='ltr'><strong>injunctum</strong></span> 
     </span>
    </p>
   </div>
   <div class='ocr_carea' id='block_1_73' title="bbox 490 3988 2079 4045">
    <p class='ocr_par' dir='ltr' id='par_1_73' title="bbox 490 3988 2079 4045">
     <span class='ocr_line' id='line_1_73' title="bbox 490 3988 2079 4045; baseline 0.001 -1"><span class='ocrx_word' id='word_1_493' title='bbox 490 3998 657 4045; x_wconf 88' lang='lat' dir='ltr'><strong>erat:</strong></span> <span class='ocrx_word' id='word_1_494' title='bbox 702 4004 827 4044; x_wconf 91' lang='lat' dir='ltr'><strong>cum</strong></span> <span class='ocrx_word' id='word_1_495' title='bbox 890 4002 1022 4043; x_wconf 75' lang='lat' dir='ltr'><strong>vero</strong></span> <span class='ocrx_word' id='word_1_496' title='bbox 1080 3989 1414 4043; x_wconf 85' lang='lat' dir='ltr'><strong>sacerdotem</strong></span> <span class='ocrx_word' id='word_1_497' title='bbox 1477 4004 1664 4044; x_wconf 80' lang='lat' dir='ltr'><strong>vocem</strong></span> <span class='ocrx_word' id='word_1_498' title='bbox 1725 3988 1940 4045; x_wconf 76' lang='lat' dir='ltr'><strong>elevare</strong></span> <span class='ocrx_word' id='word_1_499' title='bbox 1991 3991 2079 4045; x_wconf 70' lang='lat' dir='ltr'><strong>vel</strong></span> 
     </span>
    </p>
   </div>
   <div class='ocr_carea' id='block_1_74' title="bbox 491 4081 2079 4155">
    <p class='ocr_par' dir='ltr' id='par_1_74' title="bbox 491 4081 2079 4155">
     <span class='ocr_line' id='line_1_74' title="bbox 491 4081 2079 4155; baseline -0.001 -15"><span class='ocrx_word' id='word_1_500' title='bbox 491 4085 718 4140; x_wconf 73' lang='lat' dir='ltr'><strong>chorum</strong></span> <span class='ocrx_word' id='word_1_501' title='bbox 744 4081 1074 4153; x_wconf 86' lang='lat' dir='ltr'><strong>respondere</strong></span> <span class='ocrx_word' id='word_1_502' title='bbox 1103 4090 1322 4150; x_wconf 83' lang='lat' dir='ltr'><strong>tempus</strong></span> <span class='ocrx_word' id='word_1_503' title='bbox 1346 4083 1626 4152; x_wconf 87' lang='lat' dir='ltr'><strong>poscebat,</strong></span> <span class='ocrx_word' id='word_1_504' title='bbox 1663 4091 1775 4137; x_wconf 89' lang='lat' dir='ltr'><strong>tum</strong></span> <span class='ocrx_word' id='word_1_505' title='bbox 1814 4084 1919 4139; x_wconf 90' lang='lat' dir='ltr'><strong>illis</strong></span> <span class='ocrx_word' id='word_1_506' title='bbox 1953 4099 2079 4155; x_wconf 83' lang='lat' dir='ltr'><strong>gra-</strong></span> 
     </span>
    </p>
   </div>
   <div class='ocr_carea' id='block_1_75' title="bbox 490 4174 2077 4249">
    <p class='ocr_par' dir='ltr' id='par_1_75' title="bbox 490 4174 2077 4249">
     <span class='ocr_line' id='line_1_75' title="bbox 490 4174 2077 4249; baseline 0.001 -18"><span class='ocrx_word' id='word_1_507' title='bbox 490 4180 629 4232; x_wconf 74' lang='lat' dir='ltr'><strong>viter</strong></span> <span class='ocrx_word' id='word_1_508' title='bbox 660 4178 866 4249; x_wconf 88' lang='lat' dir='ltr'><strong>plectro</strong></span> <span class='ocrx_word' id='word_1_509' title='bbox 902 4175 1134 4245; x_wconf 85' lang='lat' dir='ltr'><strong>pulsatis</strong></span> <span class='ocrx_word' id='word_1_510' title='bbox 1168 4176 1415 4229; x_wconf 85' lang='lat' dir='ltr'><strong>intonare</strong></span> <span class='ocrx_word' id='word_1_511' title='bbox 1456 4174 1703 4243; x_wconf 89' lang='lat' dir='ltr'><strong>decebat,</strong></span> <span class='ocrx_word' id='word_1_512' title='bbox 1738 4177 2077 4248; x_wconf 88' lang='lat' dir='ltr'><strong>melodiaque</strong></span> 
     </span>
    </p>
   </div>
   <div class='ocr_carea' id='block_1_76' title="bbox 490 4266 2076 4331">
    <p class='ocr_par' dir='ltr' id='par_1_76' title="bbox 490 4266 2076 4331">
     <span class='ocr_line' id='line_1_76' title="bbox 490 4266 2076 4331; baseline -0.001 -9"><span class='ocrx_word' id='word_1_513' title='bbox 490 4267 826 4324; x_wconf 80' lang='lat' dir='ltr'><strong>adstantium</strong></span> <span class='ocrx_word' id='word_1_514' title='bbox 875 4280 1060 4331; x_wconf 84' lang='lat' dir='ltr'><strong>aures,</strong></span> <span class='ocrx_word' id='word_1_515' title='bbox 1090 4276 1145 4319; x_wconf 90' lang='lat' dir='ltr'><strong>et</strong></span> <span class='ocrx_word' id='word_1_516' title='bbox 1176 4275 1234 4319; x_wconf 87' lang='lat' dir='ltr'><strong>ut</strong></span> <span class='ocrx_word' id='word_1_517' title='bbox 1266 4266 1412 4320; x_wconf 79' lang='lat' dir='ltr'><strong>clare</strong></span> <span class='ocrx_word' id='word_1_518' title='bbox 1466 4266 1804 4331; x_wconf 87' lang='lat' dir='ltr'><strong>audirentur,</strong></span> <span class='ocrx_word' id='word_1_519' title='bbox 1837 4268 2076 4322; x_wconf 88' lang='lat' dir='ltr'><strong>circum-</strong></span> 
     </span>
    </p>
   </div>
   <div class='ocr_carea' id='block_1_77' title="bbox 490 4358 2075 4428">
    <p class='ocr_par' dir='ltr' id='par_1_77' title="bbox 490 4358 2075 4428">
     <span class='ocr_line' id='line_1_77' title="bbox 490 4358 2075 4428; baseline -0.001 -11"><span class='ocrx_word' id='word_1_520' title='bbox 490 4376 711 4417; x_wconf 82' lang='lat' dir='ltr'><strong>sonare.</strong></span> <span class='ocrx_word' id='word_1_521' title='bbox 763 4360 844 4414; x_wconf 87' lang='lat' dir='ltr'><strong>Ad</strong></span> <span class='ocrx_word' id='word_1_522' title='bbox 894 4359 1009 4414; x_wconf 74' lang='lat' dir='ltr'><strong>luce</strong></span> <span class='ocrx_word' id='word_1_523' title='bbox 1058 4358 1230 4413; x_wconf 82' lang='lat' dir='ltr'><strong>sacris</strong></span> <span class='ocrx_word' id='word_1_524' title='bbox 1280 4358 1449 4425; x_wconf 86' lang='lat' dir='ltr'><strong>vasis,</strong></span> <span class='ocrx_word' id='word_1_525' title='bbox 1503 4358 1774 4428; x_wconf 85' lang='lat' dir='ltr'><strong>lapidibus</strong></span> <span class='ocrx_word' id='word_1_526' title='bbox 1820 4358 2075 4427; x_wconf 87' lang='lat' dir='ltr'><strong>pretiosis</strong></span> 
     </span>
    </p>
   </div>
   <div class='ocr_carea' id='block_1_78' title="bbox 2191 3160 3781 3233">
    <p class='ocr_par' dir='ltr' id='par_1_78' title="bbox 2191 3160 3781 3233">
     <span class='ocr_line' id='line_1_78' title="bbox 2191 3160 3781 3233; baseline -0.002 -18"><span class='ocrx_word' id='word_1_527' title='bbox 2191 3160 2577 3233; x_wconf 80' lang='grc' dir='ltr'>ύπερλάμπρῳ</span> <span class='ocrx_word' id='word_1_528' title='bbox 2612 3163 2902 3230; x_wconf 83' lang='grc' dir='ltr'>κοσμήσας</span> <span class='ocrx_word' id='word_1_529' title='bbox 2942 3160 3101 3231; x_wconf 81' lang='grc' dir='ltr'>στολῇ</span> <span class='ocrx_word' id='word_1_530' title='bbox 3145 3164 3237 3215; x_wconf 74' lang='grc' dir='ltr'>καὶ</span> <span class='ocrx_word' id='word_1_531' title='bbox 3261 3161 3576 3232; x_wconf 81' lang='grc' dir='ltr'>ὠμοφόριον</span> <span class='ocrx_word' id='word_1_532' title='bbox 3609 3178 3781 3233; x_wconf 83' lang='grc' dir='ltr'>περι-</span> 
     </span>
    </p>
   </div>
   <div class='ocr_carea' id='block_1_79' title="bbox 2188 3251 3783 3325">
    <p class='ocr_par' dir='ltr' id='par_1_79' title="bbox 2188 3251 3783 3325">
     <span class='ocr_line' id='line_1_79' title="bbox 2188 3251 3783 3325; baseline -0.001 -17"><span class='ocrx_word' id='word_1_533' title='bbox 2188 3254 2325 3319; x_wconf 64' lang='grc' dir='ltr'>θεὶς,</span> <span class='ocrx_word' id='word_1_534' title='bbox 2370 3256 2467 3307; x_wconf 71' lang='grc' dir='ltr'><strong>καὶ</strong></span> <span class='ocrx_word' id='word_1_535' title='bbox 2504 3256 2560 3307; x_wconf 85' lang='grc' dir='ltr'>ὲν</span> <span class='ocrx_word' id='word_1_536' title='bbox 2604 3251 2756 3317; x_wconf 78' lang='grc' dir='ltr'>τάξει</span> <span class='ocrx_word' id='word_1_537' title='bbox 2784 3252 3203 3325; x_wconf 87' lang='grc' dir='ltr'>μητροπολιτῶν</span> <span class='ocrx_word' id='word_1_538' title='bbox 3255 3253 3477 3325; x_wconf 80' lang='grc' dir='ltr'>ἐτέρους</span> <span class='ocrx_word' id='word_1_539' title='bbox 3507 3254 3606 3308; x_wconf 78' lang='grc' dir='ltr'>ἒνα</span> <span class='ocrx_word' id='word_1_540' title='bbox 3636 3256 3783 3324; x_wconf 71' lang='grc' dir='ltr'>πρὸς</span> 
     </span>
    </p>
   </div>
   <div class='ocr_carea' id='block_1_80' title="bbox 2185 3345 3781 3419">
    <p class='ocr_par' dir='ltr' id='par_1_80' title="bbox 2185 3345 3781 3419">
     <span class='ocr_line' id='line_1_80' title="bbox 2185 3345 3781 3419; baseline 0.001 -20"><span class='ocrx_word' id='word_1_541' title='bbox 2185 3349 2301 3409; x_wconf 86' lang='grc' dir='ltr'>τοῖς</span> <span class='ocrx_word' id='word_1_542' title='bbox 2344 3346 2499 3408; x_wconf 83' lang='grc' dir='ltr'>δέκα,</span> <span class='ocrx_word' id='word_1_543' title='bbox 2530 3347 2605 3409; x_wconf 80' lang='grc' dir='ltr'>ὡς</span> <span class='ocrx_word' id='word_1_544' title='bbox 2630 3345 2869 3417; x_wconf 80' lang='grc' dir='ltr'>εἴρηται,</span> <span class='ocrx_word' id='word_1_545' title='bbox 2899 3346 2965 3398; x_wconf 81' lang='grc' dir='ltr'>ἐκ</span> <span class='ocrx_word' id='word_1_546' title='bbox 2994 3346 3087 3399; x_wconf 75' lang='grc' dir='ltr'>τοῦ</span> <span class='ocrx_word' id='word_1_547' title='bbox 3118 3345 3281 3399; x_wconf 81' lang='grc' dir='ltr'>αὑτοῦ</span> <span class='ocrx_word' id='word_1_548' title='bbox 3306 3346 3417 3399; x_wconf 86' lang='grc' dir='ltr'>τῶν</span> <span class='ocrx_word' id='word_1_549' title='bbox 3448 3346 3781 3419; x_wconf 75' lang='grc' dir='ltr'>ὁμογνωμό-</span> 
     </span>
    </p>
   </div>
   <div class='ocr_carea' id='block_1_81' title="bbox 2186 3430 3781 3507">
    <p class='ocr_par' dir='ltr' id='par_1_81' title="bbox 2186 3430 3781 3507">
     <span class='ocr_line' id='line_1_81' title="bbox 2186 3430 3781 3507; baseline 0.001 -18"><span class='ocrx_word' id='word_1_550' title='bbox 2186 3453 2293 3489; x_wconf 88' lang='grc' dir='ltr'>νων</span> <span class='ocrx_word' id='word_1_551' title='bbox 2327 3434 2475 3507; x_wconf 82' lang='grc' dir='ltr'>αὐτῷ</span> <span class='ocrx_word' id='word_1_552' title='bbox 2510 3435 2786 3505; x_wconf 84' lang='grc' dir='ltr'>συνεδρίου</span> <span class='ocrx_word' id='word_1_553' title='bbox 2843 3436 3138 3502; x_wconf 78' lang='grc' dir='ltr'>σκευάσας,</span> <span class='ocrx_word' id='word_1_554' title='bbox 3181 3437 3275 3490; x_wconf 75' lang='grc' dir='ltr'><strong>καὶ</strong></span> <span class='ocrx_word' id='word_1_555' title='bbox 3313 3430 3621 3490; x_wconf 78' lang='grc' dir='ltr'>δωδέκατον</span> <span class='ocrx_word' id='word_1_556' title='bbox 3645 3439 3781 3491; x_wconf 65' lang='lat' dir='ltr'><strong>Eun-</strong></span> 
     </span>
    </p>
   </div>
   <div class='ocr_carea' id='block_1_82' title="bbox 2186 3526 3777 3599">
    <p class='ocr_par' dir='ltr' id='par_1_82' title="bbox 2186 3526 3777 3599">
     <span class='ocr_line' id='line_1_82' title="bbox 2186 3526 3777 3599; baseline 0.003 -19"><span class='ocrx_word' id='word_1_557' title='bbox 2186 3527 2275 3581; x_wconf 79' lang='grc' dir='ltr'>τὸν</span> <span class='ocrx_word' id='word_1_558' title='bbox 2306 3527 2618 3591; x_wconf 85' lang='grc' dir='ltr'>Κολωνείας</span> <span class='ocrx_word' id='word_1_559' title='bbox 2648 3526 2923 3597; x_wconf 82' lang='grc' dir='ltr'>ὀνομάσας</span> <span class='ocrx_word' id='word_1_560' title='bbox 2955 3527 3415 3599; x_wconf 83' lang='grc' dir='ltr'>ἀρχιεπίσκοπον,</span> <span class='ocrx_word' id='word_1_561' title='bbox 3468 3530 3565 3583; x_wconf 77' lang='grc' dir='ltr'><strong>καὶ</strong></span> <span class='ocrx_word' id='word_1_562' title='bbox 3605 3530 3777 3586; x_wconf 76' lang='grc' dir='ltr'>κιθά-</span> 
     </span>
    </p>
   </div>
   <div class='ocr_carea' id='block_1_83' title="bbox 2190 3617 3781 3696">
    <p class='ocr_par' dir='ltr' id='par_1_83' title="bbox 2190 3617 3781 3696">
     <span class='ocr_line' id='line_1_83' title="bbox 2190 3617 3781 3696; baseline 0.003 -23"><span class='ocrx_word' id='word_1_563' title='bbox 2190 3635 2289 3691; x_wconf 81' lang='grc' dir='ltr'><strong>ραν</strong></span> <span class='ocrx_word' id='word_1_564' title='bbox 2315 3620 2549 3677; x_wconf 72' lang='grc' dir='ltr'>ἕκαστον</span> <span class='ocrx_word' id='word_1_565' title='bbox 2576 3617 2779 3672; x_wconf 77' lang='grc' dir='ltr'>ἔσωθεν</span> <span class='ocrx_word' id='word_1_566' title='bbox 2804 3619 2903 3689; x_wconf 82' lang='grc' dir='ltr'>τῆς</span> <span class='ocrx_word' id='word_1_567' title='bbox 2952 3621 3236 3693; x_wconf 80' lang='grc' dir='ltr'>ίερατικῆς</span> <span class='ocrx_word' id='word_1_568' title='bbox 3271 3621 3466 3694; x_wconf 83' lang='grc' dir='ltr'>στολῆς</span> <span class='ocrx_word' id='word_1_569' title='bbox 3508 3625 3781 3696; x_wconf 66' lang='grc' dir='ltr'>ἐπιφέρε-</span> 
     </span>
    </p>
   </div>
   <div class='ocr_carea' id='block_1_84' title="bbox 2187 3711 3774 3787">
    <p class='ocr_par' dir='ltr' id='par_1_84' title="bbox 2187 3711 3774 3787">
     <span class='ocr_line' id='line_1_84' title="bbox 2187 3711 3774 3787; baseline 0.004 -24"><span class='ocrx_word' id='word_1_570' title='bbox 2187 3711 2312 3764; x_wconf 83' lang='grc' dir='ltr'>σθαι</span> <span class='ocrx_word' id='word_1_571' title='bbox 2339 3711 2483 3775; x_wconf 71' lang='grc' dir='ltr'>δοὺς,</span> <span class='ocrx_word' id='word_1_572' title='bbox 2511 3711 2605 3764; x_wconf 83' lang='lat' dir='ltr'><strong>xui</strong></span> <span class='ocrx_word' id='word_1_573' title='bbox 2640 3712 2843 3775; x_wconf 85' lang='grc' dir='ltr'>ταύτας</span> <span class='ocrx_word' id='word_1_574' title='bbox 2886 3711 3133 3767; x_wconf 77' lang='grc' dir='ltr'>κάτωθεν</span> <span class='ocrx_word' id='word_1_575' title='bbox 3160 3716 3391 3787; x_wconf 81' lang='grc' dir='ltr'>ὑπηχεῖν</span> <span class='ocrx_word' id='word_1_576' title='bbox 3430 3718 3774 3787; x_wconf 83' lang='grc' dir='ltr'>προστάξας,</span> 
     </span>
    </p>
   </div>
   <div class='ocr_carea' id='block_1_85' title="bbox 2185 3802 3778 3882">
    <p class='ocr_par' dir='ltr' id='par_1_85' title="bbox 2185 3802 3778 3882">
     <span class='ocr_line' id='line_1_85' title="bbox 2185 3802 3778 3882; baseline 0.003 -25"><span class='ocrx_word' id='word_1_577' title='bbox 2185 3802 2327 3857; x_wconf 73' lang='grc' dir='ltr'>οὕτω</span> <span class='ocrx_word' id='word_1_578' title='bbox 2364 3806 2461 3858; x_wconf 69' lang='grc' dir='ltr'>σὺν</span> <span class='ocrx_word' id='word_1_579' title='bbox 2486 3804 2671 3868; x_wconf 86' lang='grc' dir='ltr'>αὑτοῖς</span> <span class='ocrx_word' id='word_1_580' title='bbox 2694 3806 2792 3877; x_wconf 83' lang='grc' dir='ltr'><strong>τὴν</strong></span> <span class='ocrx_word' id='word_1_581' title='bbox 2828 3805 2981 3877; x_wconf 74' lang='grc' dir='ltr'>ἱερὰν</span> <span class='ocrx_word' id='word_1_582' title='bbox 3004 3805 3165 3876; x_wconf 79' lang='grc' dir='ltr'>δῆθεν</span> <span class='ocrx_word' id='word_1_583' title='bbox 3196 3807 3406 3871; x_wconf 76' lang='grc' dir='ltr'>παίζων</span> <span class='ocrx_word' id='word_1_584' title='bbox 3437 3812 3529 3862; x_wconf 86' lang='lat' dir='ltr'><strong>xui</strong></span> <span class='ocrx_word' id='word_1_585' title='bbox 3561 3827 3778 3882; x_wconf 62' lang='grc' dir='ltr'>κατορς</span> 
     </span>
    </p>
   </div>
   <div class='ocr_carea' id='block_1_86' title="bbox 2183 3894 3773 3971">
    <p class='ocr_par' dir='ltr' id='par_1_86' title="bbox 2183 3894 3773 3971">
     <span class='ocr_line' id='line_1_86' title="bbox 2183 3894 3773 3971; baseline 0.006 -25"><span class='ocrx_word' id='word_1_586' title='bbox 2183 3894 2451 3965; x_wconf 84' lang='grc' dir='ltr'>χούμενος</span> <span class='ocrx_word' id='word_1_587' title='bbox 2491 3895 2736 3948; x_wconf 78' lang='grc' dir='ltr'>ἐπετέλει</span> <span class='ocrx_word' id='word_1_588' title='bbox 2798 3897 3197 3967; x_wconf 80' lang='grc' dir='ltr'>μυσταγωγίαν</span> <span class='ocrx_word' id='word_1_589' title='bbox 3246 3899 3338 3952; x_wconf 84' lang='lat' dir='ltr'><strong>xui</strong></span> <span class='ocrx_word' id='word_1_590' title='bbox 3394 3899 3773 3971; x_wconf 81' lang='grc' dir='ltr'>λειτουργίαν,</span> 
     </span>
    </p>
   </div>
   <div class='ocr_carea' id='block_1_87' title="bbox 2185 3988 3775 4063">
    <p class='ocr_par' dir='ltr' id='par_1_87' title="bbox 2185 3988 3775 4063">
     <span class='ocr_line' id='line_1_87' title="bbox 2185 3988 3775 4063; baseline 0.004 -24"><span class='ocrx_word' id='word_1_591' title='bbox 2185 3988 2325 4057; x_wconf 86' lang='grc' dir='ltr'><strong>μετά</strong></span> <span class='ocrx_word' id='word_1_592' title='bbox 2364 3988 2473 4041; x_wconf 86' lang='grc' dir='ltr'>τῶν</span> <span class='ocrx_word' id='word_1_593' title='bbox 2500 3988 2843 4060; x_wconf 86' lang='grc' dir='ltr'>παμμιάρων</span> <span class='ocrx_word' id='word_1_594' title='bbox 2872 3991 2900 4042; x_wconf 83' lang='grc' dir='ltr'>ὁ</span> <span class='ocrx_word' id='word_1_595' title='bbox 2928 3988 3273 4060; x_wconf 86' lang='grc' dir='ltr'>μιαρώτατος</span> <span class='ocrx_word' id='word_1_596' title='bbox 3296 3994 3336 4057; x_wconf 81' lang='grc'>¹,</span> <span class='ocrx_word' id='word_1_597' title='bbox 3372 3992 3510 4062; x_wconf 87' lang='grc' dir='ltr'>μετὰ</span> <span class='ocrx_word' id='word_1_598' title='bbox 3530 3992 3649 4046; x_wconf 81' lang='grc' dir='ltr'>τῶν</span> <span class='ocrx_word' id='word_1_599' title='bbox 3678 3995 3775 4063; x_wconf 66' lang='grc' dir='ltr'><strong>βε-</strong></span> 
     </span>
    </p>
   </div>
   <div class='ocr_carea' id='block_1_88' title="bbox 2180 4077 3777 4156">
    <p class='ocr_par' dir='ltr' id='par_1_88' title="bbox 2180 4077 3777 4156">
     <span class='ocr_line' id='line_1_88' title="bbox 2180 4077 3777 4156; baseline 0.006 -26"><span class='ocrx_word' id='word_1_600' title='bbox 2180 4077 2412 4150; x_wconf 73' lang='grc' dir='ltr'>δήλωνὸ</span> <span class='ocrx_word' id='word_1_601' title='bbox 2448 4081 2672 4151; x_wconf 78' lang='grc' dir='ltr'>ἐναγής.</span> <span class='ocrx_word' id='word_1_602' title='bbox 2726 4082 2838 4135; x_wconf 78' lang='grc' dir='ltr'><strong>Καὶ</strong></span> <span class='ocrx_word' id='word_1_603' title='bbox 2882 4082 2973 4135; x_wconf 83' lang='grc' dir='ltr'><strong>ὅτε</strong></span> <span class='ocrx_word' id='word_1_604' title='bbox 3006 4080 3106 4154; x_wconf 84' lang='grc' dir='ltr'>μὲν</span> <span class='ocrx_word' id='word_1_605' title='bbox 3157 4083 3544 4155; x_wconf 77' lang='grc' dir='ltr'>μυστηριώδης</span> <span class='ocrx_word' id='word_1_606' title='bbox 3604 4086 3777 4156; x_wconf 82' lang='grc' dir='ltr'>δῆθεν</span> 
     </span>
    </p>
   </div>
   <div class='ocr_carea' id='block_1_89' title="bbox 2181 4170 3769 4246">
    <p class='ocr_par' dir='ltr' id='par_1_89' title="bbox 2181 4170 3769 4246">
     <span class='ocr_line' id='line_1_89' title="bbox 2181 4170 3769 4246; baseline 0.006 -24"><span class='ocrx_word' id='word_1_607' title='bbox 2181 4170 2315 4240; x_wconf 79' lang='grc' dir='ltr'>εὐχὴ</span> <span class='ocrx_word' id='word_1_608' title='bbox 2358 4170 2597 4239; x_wconf 72' lang='grc' dir='ltr'>ἐλέγετο,</span> <span class='ocrx_word' id='word_1_609' title='bbox 2650 4171 2835 4241; x_wconf 62' lang='grc' dir='ltr'><strong>⁴ίλρέμα</strong></span> <span class='ocrx_word' id='word_1_610' title='bbox 2867 4172 2965 4235; x_wconf 75' lang='grc' dir='ltr'><strong>τὰς</strong></span> <span class='ocrx_word' id='word_1_611' title='bbox 2992 4172 3230 4243; x_wconf 75' lang='grc' dir='ltr'>κιθάρας</span> <span class='ocrx_word' id='word_1_612' title='bbox 3256 4174 3365 4228; x_wconf 81' lang='grc' dir='ltr'>ἔδει</span> <span class='ocrx_word' id='word_1_613' title='bbox 3402 4176 3724 4246; x_wconf 69' lang='grc' dir='ltr'>ὑποφωνεῖν</span> <span class='ocrx_word' id='word_1_614' title='bbox 3752 4194 3769 4210; x_wconf 76' lang='grc'><strong>⁸</strong></span> 
     </span>
    </p>
   </div>
   <div class='ocr_carea' id='block_1_90' title="bbox 2180 4263 3775 4341">
    <p class='ocr_par' dir='ltr' id='par_1_90' title="bbox 2180 4263 3775 4341">
     <span class='ocr_line' id='line_1_90' title="bbox 2180 4263 3775 4341; baseline 0.004 -24"><span class='ocrx_word' id='word_1_615' title='bbox 2180 4265 2268 4318; x_wconf 81' lang='grc' dir='ltr'>ὅτε</span> <span class='ocrx_word' id='word_1_616' title='bbox 2294 4265 2351 4318; x_wconf 75' lang='grc' dir='ltr'>δὲ</span> <span class='ocrx_word' id='word_1_617' title='bbox 2382 4265 2574 4336; x_wconf 70' lang='grc' dir='ltr'>ἱερέως</span> <span class='ocrx_word' id='word_1_618' title='bbox 2596 4263 2959 4336; x_wconf 80' lang='grc' dir='ltr'>ὲκφώνησινῆ</span> <span class='ocrx_word' id='word_1_619' title='bbox 2985 4264 3115 4318; x_wconf 82' lang='grc' dir='ltr'>λαοῦ</span> <span class='ocrx_word' id='word_1_620' title='bbox 3142 4267 3439 4335; x_wconf 78' lang='grc' dir='ltr'>ἀμοιϐαίαν</span> <span class='ocrx_word' id='word_1_621' title='bbox 3469 4269 3775 4341; x_wconf 79' lang='grc' dir='ltr'>ἀπόκρισιν</span> 
     </span>
    </p>
   </div>
   <div class='ocr_carea' id='block_1_91' title="bbox 2179 4357 3771 4436">
    <p class='ocr_par' dir='ltr' id='par_1_91' title="bbox 2179 4357 3771 4436">
     <span class='ocr_line' id='line_1_91' title="bbox 2179 4357 3771 4436; baseline 0.003 -24"><span class='ocrx_word' id='word_1_622' title='bbox 2179 4360 2208 4412; x_wconf 86' lang='grc' dir='ltr'>ὁ</span> <span class='ocrx_word' id='word_1_623' title='bbox 2241 4358 2478 4428; x_wconf 72' lang='grc' dir='ltr'>χρόνοςί</span> <span class='ocrx_word' id='word_1_624' title='bbox 2530 4357 2855 4426; x_wconf 74' lang='grc' dir='ltr'>ὑπέϐαλλεν,</span> <span class='ocrx_word' id='word_1_625' title='bbox 2908 4361 3003 4413; x_wconf 66' lang='grc' dir='ltr'>ἐπὶ</span> <span class='ocrx_word' id='word_1_626' title='bbox 3061 4359 3207 4431; x_wconf 82' lang='grc' dir='ltr'>μέγα</span> <span class='ocrx_word' id='word_1_627' title='bbox 3260 4361 3361 4426; x_wconf 76' lang='grc' dir='ltr'>τὰς</span> <span class='ocrx_word' id='word_1_628' title='bbox 3390 4362 3637 4434; x_wconf 82' lang='grc' dir='ltr'>κιθάρας</span> <span class='ocrx_word' id='word_1_629' title='bbox 3689 4363 3771 4436; x_wconf 76' lang='grc' dir='ltr'>τῷ</span> 
     </span>
    </p>
   </div>
   <div class='ocr_carea' id='block_1_92' title="bbox 491 4427 2080 4523">
    <p class='ocr_par' dir='ltr' id='par_1_92' title="bbox 491 4427 2068 4523">
     <span class='ocr_line' id='line_1_92' title="bbox 491 4427 2068 4523; baseline 0 -15"><span class='ocrx_word' id='word_1_630' title='bbox 491 4453 1026 4523; x_wconf 81' lang='lat' dir='ltr'><strong>margaritarumque</strong></span> <span class='ocrx_word' id='word_1_631' title='bbox 1085 4451 1249 4523; x_wconf 64' lang='grc'><strong>245</strong></span> <span class='ocrx_word' id='word_1_632' title='bbox 1302 4452 1512 4523; x_wconf 80' lang='lat' dir='ltr'><strong>fulgore</strong></span> <span class='ocrx_word' id='word_1_633' title='bbox 1563 4427 2068 4519; x_wconf 82' lang='lat' dir='ltr'><strong>intermicantibus,</strong></span> 
     </span>
    </p>
   </div>
   <div class='ocr_carea' id='block_1_93' title="bbox 2187 4427 3770 4523">
    <p class='ocr_par' dir='ltr' id='par_1_93' title="bbox 2187 4427 3770 4522">
     <span class='ocr_line' id='line_1_93' title="bbox 2187 4427 3770 4522; baseline 0.005 -20"><span class='ocrx_word' id='word_1_634' title='bbox 2187 4427 2448 4521; x_wconf 67' lang='grc' dir='ltr'>πλήκτρῳ</span> <span class='ocrx_word' id='word_1_635' title='bbox 2523 4450 2861 4520; x_wconf 86' lang='grc' dir='ltr'>κρουομένας</span> <span class='ocrx_word' id='word_1_636' title='bbox 2935 4427 3074 4504; x_wconf 30' lang='grc' dir='ltr'>ἔδει-</span> <span class='ocrx_word' id='word_1_637' title='bbox 3128 4427 3283 4522; x_wconf 60' lang='grc' dir='ltr'>ἦχεῖν</span> <span class='ocrx_word' id='word_1_638' title='bbox 3357 4453 3450 4507; x_wconf 84' lang='lat' dir='ltr'><strong>xui</strong></span> <span class='ocrx_word' id='word_1_639' title='bbox 3527 4427 3770 4518; x_wconf 48' lang='lat' dir='ltr'><strong>iam»;</strong></span> 
     </span>
    </p>
   </div>
   <div class='ocr_carea' id='block_1_94' title="bbox 488 4541 2070 4612">
    <p class='ocr_par' dir='ltr' id='par_1_94' title="bbox 488 4541 2070 4612">
     <span class='ocr_line' id='line_1_94' title="bbox 488 4541 2070 4612; baseline 0.001 -16"><span class='ocrx_word' id='word_1_640' title='bbox 488 4552 823 4612; x_wconf 84' lang='lat' dir='ltr'><strong>argentoque</strong></span> <span class='ocrx_word' id='word_1_641' title='bbox 873 4551 925 4596; x_wconf 88' lang='lat' dir='ltr'><strong>et</strong></span> <span class='ocrx_word' id='word_1_642' title='bbox 965 4558 1101 4596; x_wconf 89' lang='lat' dir='ltr'><strong>auro</strong></span> <span class='ocrx_word' id='word_1_643' title='bbox 1155 4541 1429 4606; x_wconf 82' lang='lat' dir='ltr'><strong>conﬂatis,</strong></span> <span class='ocrx_word' id='word_1_644' title='bbox 1477 4542 1678 4611; x_wconf 83' lang='lat' dir='ltr'><strong>quibus</strong></span> <span class='ocrx_word' id='word_1_645' title='bbox 1708 4556 1818 4607; x_wconf 81' lang='lat' dir='ltr'><strong>non</strong></span> <span class='ocrx_word' id='word_1_646' title='bbox 1854 4556 1981 4597; x_wconf 90' lang='lat' dir='ltr'><strong>raro</strong></span> <span class='ocrx_word' id='word_1_647' title='bbox 2017 4544 2070 4598; x_wconf 90' lang='lat' dir='ltr'><strong>in</strong></span> 
     </span>
    </p>
   </div>
   <div class='ocr_carea' id='block_1_95' title="bbox 486 4633 2073 4706">
    <p class='ocr_par' dir='ltr' id='par_1_95' title="bbox 486 4633 2073 4706">
     <span class='ocr_line' id='line_1_95' title="bbox 486 4633 2073 4706; baseline 0.001 -17"><span class='ocrx_word' id='word_1_648' title='bbox 486 4638 664 4689; x_wconf 87' lang='lat' dir='ltr'><strong>sacris</strong></span> <span class='ocrx_word' id='word_1_649' title='bbox 704 4635 979 4704; x_wconf 80' lang='lat' dir='ltr'><strong>mysteriis</strong></span> <span class='ocrx_word' id='word_1_650' title='bbox 1008 4650 1140 4689; x_wconf 89' lang='lat' dir='ltr'><strong>usus</strong></span> <span class='ocrx_word' id='word_1_651' title='bbox 1171 4633 1369 4699; x_wconf 79' lang='lat' dir='ltr'><strong>fuerat,</strong></span> <span class='ocrx_word' id='word_1_652' title='bbox 1400 4635 1571 4703; x_wconf 86' lang='lat' dir='ltr'><strong>sinapi</strong></span> <span class='ocrx_word' id='word_1_653' title='bbox 1604 4643 1924 4705; x_wconf 87' lang='lat' dir='ltr'><strong>acctumque</strong></span> <span class='ocrx_word' id='word_1_654' title='bbox 1950 4636 2073 4706; x_wconf 85' lang='lat' dir='ltr'><strong>inji-</strong></span> 
     </span>
    </p>
   </div>
   <div class='ocr_carea' id='block_1_96' title="bbox 487 4726 2074 4798">
    <p class='ocr_par' dir='ltr' id='par_1_96' title="bbox 487 4726 2074 4798">
     <span class='ocr_line' id='line_1_96' title="bbox 487 4726 2074 4798; baseline 0.001 -17"><span class='ocrx_word' id='word_1_655' title='bbox 487 4738 715 4793; x_wconf 82' lang='lat' dir='ltr'><strong>Crcntcs,</strong></span> <span class='ocrx_word' id='word_1_656' title='bbox 765 4728 845 4782; x_wconf 87' lang='lat' dir='ltr'><strong>sic</strong></span> <span class='ocrx_word' id='word_1_657' title='bbox 882 4727 1100 4782; x_wconf 86' lang='lat' dir='ltr'><strong>sodales</strong></span> <span class='ocrx_word' id='word_1_658' title='bbox 1132 4727 1300 4781; x_wconf 89' lang='lat' dir='ltr'><strong>multo</strong></span> <span class='ocrx_word' id='word_1_659' title='bbox 1338 4741 1461 4783; x_wconf 91' lang='lat' dir='ltr'><strong>cum</strong></span> <span class='ocrx_word' id='word_1_660' title='bbox 1496 4726 1608 4781; x_wconf 89' lang='lat' dir='ltr'><strong>risu</strong></span> <span class='ocrx_word' id='word_1_661' title='bbox 1634 4726 1924 4798; x_wconf 73' lang='lat' dir='ltr'><strong>verbisque</strong></span> <span class='ocrx_word' id='word_1_662' title='bbox 1954 4738 2074 4783; x_wconf 82' lang='lat' dir='ltr'><strong>tur-</strong></span> 
     </span>
    </p>
   </div>
   <div class='ocr_carea' id='block_1_97' title="bbox 489 4818 2073 4889">
    <p class='ocr_par' dir='ltr' id='par_1_97' title="bbox 489 4818 2073 4889">
     <span class='ocr_line' id='line_1_97' title="bbox 489 4818 2073 4889; baseline 0.005 -20"><span class='ocrx_word' id='word_1_663' title='bbox 489 4818 648 4886; x_wconf 84' lang='lat' dir='ltr'><strong>pibus</strong></span> <span class='ocrx_word' id='word_1_664' title='bbox 688 4827 741 4873; x_wconf 77' lang='lat' dir='ltr'><strong>et</strong></span> <span class='ocrx_word' id='word_1_665' title='bbox 789 4820 1062 4883; x_wconf 89' lang='lat' dir='ltr'><strong>obscenis,</strong></span> <span class='ocrx_word' id='word_1_666' title='bbox 1097 4820 1580 4889; x_wconf 75' lang='lat' dir='ltr'><strong>spurcissiinisque</strong></span> <span class='ocrx_word' id='word_1_667' title='bbox 1618 4829 1672 4874; x_wconf 89' lang='lat' dir='ltr'><strong>et</strong></span> <span class='ocrx_word' id='word_1_668' title='bbox 1718 4821 2073 4877; x_wconf 74' lang='lat' dir='ltr'><strong>exsecrandis</strong></span> 
     </span>
    </p>
   </div>
   <div class='ocr_carea' id='block_1_98' title="bbox 488 4910 1884 4981">
    <p class='ocr_par' dir='ltr' id='par_1_98' title="bbox 488 4910 1884 4981">
     <span class='ocr_line' id='line_1_98' title="bbox 488 4910 1884 4981; baseline 0.005 -19"><span class='ocrx_word' id='word_1_669' title='bbox 488 4910 754 4981; x_wconf 79' lang='lat' dir='ltr'><strong>gestibus,</strong></span> <span class='ocrx_word' id='word_1_670' title='bbox 798 4912 1202 4979; x_wconf 86' lang='lat' dir='ltr'><strong>impertiebant.</strong></span> <span class='ocrx_word' id='word_1_671' title='bbox 1238 4910 1435 4966; x_wconf 83' lang='lat' dir='ltr'><strong>Verum</strong></span> <span class='ocrx_word' id='word_1_672' title='bbox 1468 4913 1582 4968; x_wconf 74' lang='lat' dir='ltr'><strong>lucc</strong></span> <span class='ocrx_word' id='word_1_673' title='bbox 1617 4912 1884 4969; x_wconf 88' lang='lat' dir='ltr'><strong>sinamus.</strong></span> 
     </span>
    </p>
   </div>
   <div class='ocr_carea' id='block_1_99' title="bbox 2179 4540 3773 4614">
    <p class='ocr_par' dir='ltr' id='par_1_99' title="bbox 2179 4540 3773 4614">
     <span class='ocr_line' id='line_1_99' title="bbox 2179 4540 3773 4614; baseline 0.004 -20"><span class='ocrx_word' id='word_1_674' title='bbox 2179 4558 2303 4596; x_wconf 91' lang='grc' dir='ltr'>στον</span> <span class='ocrx_word' id='word_1_675' title='bbox 2349 4540 2526 4595; x_wconf 86' lang='grc' dir='ltr'>αὑτῶν</span> <span class='ocrx_word' id='word_1_676' title='bbox 2558 4541 2655 4614; x_wconf 81' lang='grc' dir='ltr'>τὴν</span> <span class='ocrx_word' id='word_1_677' title='bbox 2718 4542 2989 4613; x_wconf 83' lang='grc' dir='ltr'>μελῳδίαν</span> <span class='ocrx_word' id='word_1_678' title='bbox 3042 4543 3426 4602; x_wconf 84' lang='grc' dir='ltr'>καθίστασθαι.</span> <span class='ocrx_word' id='word_1_679' title='bbox 3483 4542 3621 4599; x_wconf 80' lang='grc' dir='ltr'>Εἶτα</span> <span class='ocrx_word' id='word_1_680' title='bbox 3653 4550 3773 4609; x_wconf 77' lang='grc' dir='ltr'>τοῖς</span> 
     </span>
    </p>
   </div>
   <div class='ocr_carea' id='block_1_100' title="bbox 2178 4635 3768 4712">
    <p class='ocr_par' dir='ltr' id='par_1_100' title="bbox 2178 4635 3768 4712">
     <span class='ocr_line' id='line_1_100' title="bbox 2178 4635 3768 4712; baseline 0.003 -23"><span class='ocrx_word' id='word_1_681' title='bbox 2178 4636 2398 4690; x_wconf 85' lang='grc' dir='ltr'>σκεύεσι</span> <span class='ocrx_word' id='word_1_682' title='bbox 2434 4637 2548 4699; x_wconf 70' lang='grc' dir='ltr'>τοῖς</span> <span class='ocrx_word' id='word_1_683' title='bbox 2605 4636 2793 4707; x_wconf 78' lang='grc' dir='ltr'>ίεροτς,</span> <span class='ocrx_word' id='word_1_684' title='bbox 2844 4635 3003 4690; x_wconf 76' lang='grc' dir='ltr'>ἅτινα</span> <span class='ocrx_word' id='word_1_685' title='bbox 3050 4636 3218 4701; x_wconf 86' lang='grc' dir='ltr'>λίθοις</span> <span class='ocrx_word' id='word_1_686' title='bbox 3263 4639 3466 4708; x_wconf 88' lang='grc' dir='ltr'>τιμίοις</span> <span class='ocrx_word' id='word_1_687' title='bbox 3499 4640 3596 4693; x_wconf 71' lang='grc' dir='ltr'><strong>καὶ</strong></span> <span class='ocrx_word' id='word_1_688' title='bbox 3621 4658 3768 4712; x_wconf 82' lang='grc' dir='ltr'>μαρ-</span> 
     </span>
    </p>
   </div>
   <div class='ocr_carea' id='block_1_101' title="bbox 2178 4728 3768 4803">
    <p class='ocr_par' dir='ltr' id='par_1_101' title="bbox 2178 4728 3768 4803">
     <span class='ocr_line' id='line_1_101' title="bbox 2178 4728 3768 4803; baseline 0.001 -20"><span class='ocrx_word' id='word_1_689' title='bbox 2178 4729 2365 4803; x_wconf 81' lang='grc' dir='ltr'>γάρων</span> <span class='ocrx_word' id='word_1_690' title='bbox 2419 4731 2811 4799; x_wconf 81' lang='grc' dir='ltr'>κατεκοσμεττο</span> <span class='ocrx_word' id='word_1_691' title='bbox 2838 4728 3214 4801; x_wconf 81' lang='grc' dir='ltr'>φαιδρότησιν,</span> <span class='ocrx_word' id='word_1_692' title='bbox 3268 4730 3326 4798; x_wconf 76' lang='grc' dir='ltr'><strong>ἐξ</strong></span> <span class='ocrx_word' id='word_1_693' title='bbox 3378 4732 3628 4803; x_wconf 85' lang='grc' dir='ltr'>ἀργύρου</span> <span class='ocrx_word' id='word_1_694' title='bbox 3669 4733 3768 4787; x_wconf 74' lang='grc' dir='ltr'><strong>καὶ</strong></span> 
     </span>
    </p>
   </div>
   <div class='ocr_carea' id='block_1_102' title="bbox 2177 4822 3764 4896">
    <p class='ocr_par' dir='ltr' id='par_1_102' title="bbox 2177 4822 3764 4896">
     <span class='ocr_line' id='line_1_102' title="bbox 2177 4822 3764 4896; baseline 0.001 -21"><span class='ocrx_word' id='word_1_695' title='bbox 2177 4822 2383 4894; x_wconf 76' lang='grc' dir='ltr'>χρυσοῦ</span> <span class='ocrx_word' id='word_1_696' title='bbox 2440 4823 2994 4892; x_wconf 76' lang='grc' dir='ltr'>κατεσκευασμένοις,</span> <span class='ocrx_word' id='word_1_697' title='bbox 3045 4822 3079 4876; x_wconf 76' lang='grc' dir='ltr'>θ.</span> <span class='ocrx_word' id='word_1_698' title='bbox 3140 4825 3233 4878; x_wconf 69' lang='grc' dir='ltr'><strong>καὶ</strong></span> <span class='ocrx_word' id='word_1_699' title='bbox 3267 4824 3764 4896; x_wconf 76' lang='grc' dir='ltr'>λελειτουργηκότα</span> 
     </span>
    </p>
   </div>
   <div class='ocr_carea' id='block_1_103' title="bbox 2177 4914 3764 4987">
    <p class='ocr_par' dir='ltr' id='par_1_103' title="bbox 2177 4914 3764 4987">
     <span class='ocr_line' id='line_1_103' title="bbox 2177 4914 3764 4987; baseline 0.001 -20"><span class='ocrx_word' id='word_1_700' title='bbox 2177 4915 2437 4978; x_wconf 82' lang='grc' dir='ltr'>πολλάκις</span> <span class='ocrx_word' id='word_1_701' title='bbox 2470 4917 2537 4986; x_wconf 79' lang='grc' dir='ltr'>τῇ</span> <span class='ocrx_word' id='word_1_702' title='bbox 2574 4914 2694 4987; x_wconf 75' lang='grc' dir='ltr'>θείᾳ</span> <span class='ocrx_word' id='word_1_703' title='bbox 2722 4915 3080 4987; x_wconf 72' lang='grc' dir='ltr'>μυσταγωγία</span> <span class='ocrx_word' id='word_1_704' title='bbox 3110 4917 3428 4987; x_wconf 72' lang='grc' dir='ltr'>ἐτύγχανεν,</span> <span class='ocrx_word' id='word_1_705' title='bbox 3458 4919 3516 4969; x_wconf 82' lang='grc' dir='ltr'>ὲν</span> <span class='ocrx_word' id='word_1_706' title='bbox 3547 4918 3764 4978; x_wconf 78' lang='grc' dir='ltr'>τούτοις</span> 
     </span>
    </p>
   </div>
   <div class='ocr_carea' id='block_1_104' title="bbox 485 5007 3764 5082">
    <p class='ocr_par' dir='ltr' id='par_1_104' title="bbox 485 5007 3764 5082">
     <span class='ocr_line' id='line_1_104' title="bbox 485 5007 3764 5082; baseline 0.001 -19"><span class='ocrx_word' id='word_1_707' title='bbox 485 5008 666 5063; x_wconf 78' lang='grc' dir='ltr'>τοίνυν</span> <span class='ocrx_word' id='word_1_708' title='bbox 687 5007 872 5077; x_wconf 84' lang='grc' dir='ltr'>σίνηπι</span> <span class='ocrx_word' id='word_1_709' title='bbox 908 5008 1002 5059; x_wconf 81' lang='lat' dir='ltr'><strong>xui</strong></span> <span class='ocrx_word' id='word_1_710' title='bbox 1036 5007 1155 5073; x_wconf 78' lang='grc' dir='ltr'>δξος</span> <span class='ocrx_word' id='word_1_711' title='bbox 1179 5009 1507 5077; x_wconf 77' lang='grc' dir='ltr'>ὲμόαλόντες</span> <span class='ocrx_word' id='word_1_712' title='bbox 1541 5009 1685 5063; x_wconf 68' lang='grc' dir='ltr'>οὕτω</span> <span class='ocrx_word' id='word_1_713' title='bbox 1722 5009 2065 5080; x_wconf 86' lang='grc' dir='ltr'>μετεδίδοσαν</span> <span class='ocrx_word' id='word_1_714' title='bbox 2096 5011 2206 5073; x_wconf 84' lang='grc' dir='ltr'>τοῖς</span> <span class='ocrx_word' id='word_1_715' title='bbox 2241 5013 2449 5082; x_wconf 84' lang='grc' dir='ltr'>ὁμοίοις</span> <span class='ocrx_word' id='word_1_716' title='bbox 2518 5012 2657 5082; x_wconf 81' lang='grc' dir='ltr'><strong>μετά</strong></span> <span class='ocrx_word' id='word_1_717' title='bbox 2717 5010 2915 5064; x_wconf 79' lang='grc' dir='ltr'>πολλοῦ</span> <span class='ocrx_word' id='word_1_718' title='bbox 2958 5010 3051 5064; x_wconf 74' lang='grc' dir='ltr'>τοῦ</span> <span class='ocrx_word' id='word_1_719' title='bbox 3106 5013 3311 5081; x_wconf 73' lang='grc' dir='ltr'>μεταξὺ</span> <span class='ocrx_word' id='word_1_720' title='bbox 3358 5012 3599 5081; x_wconf 83' lang='grc' dir='ltr'>γέλωτος</span> <span class='ocrx_word' id='word_1_721' title='bbox 3666 5022 3764 5066; x_wconf 71' lang='grc' dir='ltr'>καὶ</span> 
     </span>
    </p>
   </div>
   <div class='ocr_carea' id='block_1_105' title="bbox 486 5094 2570 5174">
    <p class='ocr_par' dir='ltr' id='par_1_105' title="bbox 486 5094 2570 5174">
     <span class='ocr_line' id='line_1_105' title="bbox 486 5094 2570 5174; baseline 0.002 -22"><span class='ocrx_word' id='word_1_722' title='bbox 486 5101 749 5172; x_wconf 68' lang='grc' dir='ltr'>ῥημάτων</span> <span class='ocrx_word' id='word_1_723' title='bbox 768 5094 1011 5166; x_wconf 77' lang='grc' dir='ltr'>αίσχρῶν</span> <span class='ocrx_word' id='word_1_724' title='bbox 1039 5097 1130 5148; x_wconf 85' lang='lat' dir='ltr'><strong>xui</strong></span> <span class='ocrx_word' id='word_1_725' title='bbox 1162 5100 1457 5166; x_wconf 80' lang='grc' dir='ltr'>σχημάτων</span> <span class='ocrx_word' id='word_1_726' title='bbox 1505 5099 1895 5171; x_wconf 85' lang='grc' dir='ltr'>ἀποτροπαίων</span> <span class='ocrx_word' id='word_1_727' title='bbox 1948 5102 2043 5156; x_wconf 83' lang='lat' dir='ltr'><strong>xui</strong></span> <span class='ocrx_word' id='word_1_728' title='bbox 2078 5100 2371 5174; x_wconf 81' lang='grc' dir='ltr'>βδελυρῶν.</span> <span class='ocrx_word' id='word_1_729' title='bbox 2420 5098 2570 5157; x_wconf 79' lang='grc' dir='ltr'>Εἶεν.</span> 
     </span>
    </p>
   </div>
   <div class='ocr_carea' id='block_1_106' title="bbox 554 5188 2070 5265">
    <p class='ocr_par' dir='ltr' id='par_1_106' title="bbox 554 5188 2070 5265">
     <span class='ocr_line' id='line_1_106' title="bbox 554 5188 2070 5265; baseline 0 -20"><span class='ocrx_word' id='word_1_730' title='bbox 554 5192 642 5245; x_wconf 75' lang='lat'><strong>22.</strong></span> <span class='ocrx_word' id='word_1_731' title='bbox 671 5193 806 5247; x_wconf 79' lang='lat' dir='ltr'><strong>Cum</strong></span> <span class='ocrx_word' id='word_1_732' title='bbox 839 5188 1131 5258; x_wconf 87' lang='lat' dir='ltr'><strong>aliquando</strong></span> <span class='ocrx_word' id='word_1_733' title='bbox 1156 5189 1541 5246; x_wconf 86' lang='lat' dir='ltr'><strong>sanctissimus</strong></span> <span class='ocrx_word' id='word_1_734' title='bbox 1571 5194 1881 5262; x_wconf 85' lang='lat' dir='ltr'><strong>patriarcha</strong></span> <span class='ocrx_word' id='word_1_735' title='bbox 1913 5193 2070 5265; x_wconf 81' lang='lat' dir='ltr'><strong>lgna-</strong></span> 
     </span>
    </p>
   </div>
   <div class='ocr_carea' id='block_1_107' title="bbox 485 5280 2067 5354">
    <p class='ocr_par' dir='ltr' id='par_1_107' title="bbox 485 5280 2067 5354">
     <span class='ocr_line' id='line_1_107' title="bbox 485 5280 2067 5354; baseline 0.003 -20"><span class='ocrx_word' id='word_1_736' title='bbox 485 5283 612 5348; x_wconf 86' lang='lat' dir='ltr'><strong>tius,</strong></span> <span class='ocrx_word' id='word_1_737' title='bbox 658 5283 1032 5339; x_wconf 79' lang='lat' dir='ltr'><strong>ecclesiastico</strong></span> <span class='ocrx_word' id='word_1_738' title='bbox 1071 5280 1223 5336; x_wconf 79' lang='lat' dir='ltr'><strong>outni</strong></span> <span class='ocrx_word' id='word_1_739' title='bbox 1271 5290 1414 5336; x_wconf 74' lang='lat' dir='ltr'><strong>cwtu</strong></span> <span class='ocrx_word' id='word_1_740' title='bbox 1468 5293 1521 5337; x_wconf 89' lang='lat' dir='ltr'><strong>et</strong></span> <span class='ocrx_word' id='word_1_741' title='bbox 1571 5286 1763 5341; x_wconf 87' lang='lat' dir='ltr'><strong>ordine</strong></span> <span class='ocrx_word' id='word_1_742' title='bbox 1815 5286 2067 5354; x_wconf 78' lang='lat' dir='ltr'><strong>stipatus,</strong></span> 
     </span>
    </p>
   </div>
   <div class='ocr_carea' id='block_1_108' title="bbox 488 5376 2065 5448">
    <p class='ocr_par' dir='ltr' id='par_1_108' title="bbox 488 5376 2065 5448">
     <span class='ocr_line' id='line_1_108' title="bbox 488 5376 2065 5448; baseline 0.004 -23"><span class='ocrx_word' id='word_1_743' title='bbox 488 5376 605 5444; x_wconf 80' lang='lat' dir='ltr'><strong>pias</strong></span> <span class='ocrx_word' id='word_1_744' title='bbox 639 5379 1066 5448; x_wconf 85' lang='lat' dir='ltr'><strong>supplicationes</strong></span> <span class='ocrx_word' id='word_1_745' title='bbox 1093 5378 1145 5432; x_wconf 90' lang='lat' dir='ltr'><strong>in</strong></span> <span class='ocrx_word' id='word_1_746' title='bbox 1180 5377 1423 5446; x_wconf 84' lang='lat' dir='ltr'><strong>pomerio</strong></span> <span class='ocrx_word' id='word_1_747' title='bbox 1452 5388 1607 5432; x_wconf 81' lang='lat' dir='ltr'><strong>extra</strong></span> <span class='ocrx_word' id='word_1_748' title='bbox 1645 5395 1835 5435; x_wconf 89' lang='lat' dir='ltr'><strong>muros</strong></span> <span class='ocrx_word' id='word_1_749' title='bbox 1867 5379 2065 5444; x_wconf 85' lang='lat' dir='ltr'><strong>obiret,</strong></span> 
     </span>
    </p>
   </div>
   <div class='ocr_carea' id='block_1_109' title="bbox 483 5469 2067 5541">
    <p class='ocr_par' dir='ltr' id='par_1_109' title="bbox 483 5469 2067 5541">
     <span class='ocr_line' id='line_1_109' title="bbox 483 5469 2067 5541; baseline 0.003 -19"><span class='ocrx_word' id='word_1_750' title='bbox 483 5475 537 5522; x_wconf 90' lang='lat' dir='ltr'><strong>et</strong></span> <span class='ocrx_word' id='word_1_751' title='bbox 580 5469 646 5523; x_wconf 88' lang='lat' dir='ltr'><strong>ad</strong></span> <span class='ocrx_word' id='word_1_752' title='bbox 684 5470 929 5527; x_wconf 83' lang='lat' dir='ltr'><strong>divinum</strong></span> <span class='ocrx_word' id='word_1_753' title='bbox 964 5471 1238 5541; x_wconf 89' lang='lat' dir='ltr'><strong>quoddam</strong></span> <span class='ocrx_word' id='word_1_754' title='bbox 1276 5469 1535 5541; x_wconf 83' lang='lat' dir='ltr'><strong>templum</strong></span> <span class='ocrx_word' id='word_1_755' title='bbox 1566 5484 1828 5528; x_wconf 83' lang='lat' dir='ltr'><strong>consueta</strong></span> <span class='ocrx_word' id='word_1_756' title='bbox 1857 5473 2067 5528; x_wconf 85' lang='lat' dir='ltr'><strong>cantica</strong></span> 
     </span>
    </p>
   </div>
   <div class='ocr_carea' id='block_1_110' title="bbox 2252 5194 3763 5267">
    <p class='ocr_par' dir='ltr' id='par_1_110' title="bbox 2252 5194 3763 5267">
     <span class='ocr_line' id='line_1_110' title="bbox 2252 5194 3763 5267; baseline 0.004 -20"><span class='ocrx_word' id='word_1_757' title='bbox 2252 5194 2357 5267; x_wconf 78' lang='grc' dir='ltr'>κβ’.</span> <span class='ocrx_word' id='word_1_758' title='bbox 2395 5195 2503 5248; x_wconf 78' lang='grc' dir='ltr'>Τοῦ</span> <span class='ocrx_word' id='word_1_759' title='bbox 2525 5195 2579 5249; x_wconf 76' lang='grc' dir='ltr'>δὲ</span> <span class='ocrx_word' id='word_1_760' title='bbox 2608 5196 2913 5265; x_wconf 87' lang='grc' dir='ltr'>ἀγιωτάτου</span> <span class='ocrx_word' id='word_1_761' title='bbox 2944 5198 3282 5267; x_wconf 76' lang='grc' dir='ltr'>πατριάρχου</span> <span class='ocrx_word' id='word_1_762' title='bbox 3309 5198 3573 5265; x_wconf 80' lang='grc' dir='ltr'>’ῐγνατίου</span> <span class='ocrx_word' id='word_1_763' title='bbox 3604 5200 3763 5267; x_wconf 79' lang='grc' dir='ltr'>ποτὲ,</span> 
     </span>
    </p>
   </div>
   <div class='ocr_carea' id='block_1_111' title="bbox 2183 5284 3766 5358">
    <p class='ocr_par' dir='ltr' id='par_1_111' title="bbox 2183 5284 3766 5358">
     <span class='ocr_line' id='line_1_111' title="bbox 2183 5284 3766 5358; baseline 0.003 -21"><span class='ocrx_word' id='word_1_764' title='bbox 2183 5287 2321 5355; x_wconf 82' lang='grc' dir='ltr'>μετὰ</span> <span class='ocrx_word' id='word_1_765' title='bbox 2346 5284 2526 5357; x_wconf 84' lang='grc' dir='ltr'>πάσης</span> <span class='ocrx_word' id='word_1_766' title='bbox 2550 5285 2651 5356; x_wconf 80' lang='grc' dir='ltr'>τῆς</span> <span class='ocrx_word' id='word_1_767' title='bbox 2679 5288 2807 5355; x_wconf 72' lang='grc' dir='ltr'>περὶ</span> <span class='ocrx_word' id='word_1_768' title='bbox 2837 5287 3001 5340; x_wconf 79' lang='grc' dir='ltr'>αὑτὸν</span> <span class='ocrx_word' id='word_1_769' title='bbox 3024 5288 3490 5357; x_wconf 78' lang='grc' dir='ltr'>ὲκκλησιαστικῆς</span> <span class='ocrx_word' id='word_1_770' title='bbox 3525 5289 3766 5358; x_wconf 60' lang='lat'><strong>809090-</strong></span> 
     </span>
    </p>
   </div>
   <div class='ocr_carea' id='block_1_112' title="bbox 2181 5376 3766 5452">
    <p class='ocr_par' dir='ltr' id='par_1_112' title="bbox 2181 5376 3766 5452">
     <span class='ocr_line' id='line_1_112' title="bbox 2181 5376 3766 5452; baseline 0.005 -24"><span class='ocrx_word' id='word_1_771' title='bbox 2181 5377 2304 5448; x_wconf 89' lang='grc' dir='ltr'>ρίας</span> <span class='ocrx_word' id='word_1_772' title='bbox 2352 5378 2445 5431; x_wconf 79' lang='grc' dir='ltr'><strong>καὶ</strong></span> <span class='ocrx_word' id='word_1_773' title='bbox 2475 5376 2706 5443; x_wconf 78' lang='grc' dir='ltr'>τάξεως,</span> <span class='ocrx_word' id='word_1_774' title='bbox 2734 5378 3031 5441; x_wconf 85' lang='grc' dir='ltr'>λιτανείαις</span> <span class='ocrx_word' id='word_1_775' title='bbox 3061 5379 3082 5410; x_wconf 85' lang='grc'><strong><em>⁸</em></strong></span> <span class='ocrx_word' id='word_1_776' title='bbox 3115 5379 3343 5448; x_wconf 79' lang='grc' dir='ltr'>πρόοδον</span> <span class='ocrx_word' id='word_1_777' title='bbox 3394 5381 3501 5451; x_wconf 89' lang='grc' dir='ltr'><strong>πρὸ</strong></span> <span class='ocrx_word' id='word_1_778' title='bbox 3538 5382 3639 5452; x_wconf 73' lang='grc' dir='ltr'>τῆς</span> <span class='ocrx_word' id='word_1_779' title='bbox 3676 5383 3766 5436; x_wconf 83' lang='grc' dir='ltr'><strong>πό-</strong></span> 
     </span>
    </p>
   </div>
   <div class='ocr_carea' id='block_1_113' title="bbox 2177 5470 3770 5546">
    <p class='ocr_par' dir='ltr' id='par_1_113' title="bbox 2177 5470 3770 5546">
     <span class='ocr_line' id='line_1_113' title="bbox 2177 5470 3770 5546; baseline 0.006 -23"><span class='ocrx_word' id='word_1_780' title='bbox 2177 5470 2313 5533; x_wconf 85' lang='grc' dir='ltr'>λεως</span> <span class='ocrx_word' id='word_1_781' title='bbox 2368 5472 2693 5541; x_wconf 83' lang='grc' dir='ltr'>ποιουμένου</span> <span class='ocrx_word' id='word_1_782' title='bbox 2739 5472 2835 5525; x_wconf 73' lang='grc' dir='ltr'><strong>καὶ</strong></span> <span class='ocrx_word' id='word_1_783' title='bbox 2881 5473 3018 5543; x_wconf 84' lang='grc' dir='ltr'>πρός</span> <span class='ocrx_word' id='word_1_784' title='bbox 3049 5489 3168 5527; x_wconf 87' lang='grc' dir='ltr'>τινα</span> <span class='ocrx_word' id='word_1_785' title='bbox 3197 5475 3565 5546; x_wconf 69' lang='grc' dir='ltr'>πορευομένου</span> <span class='ocrx_word' id='word_1_786' title='bbox 3618 5475 3770 5533; x_wconf 82' lang='grc' dir='ltr'>θεῖον</span> 
     </span>
    </p>
   </div>
   <div class='ocr_carea' id='block_1_114' title="bbox 1782 5579 2473 5641">
    <p class='ocr_par' dir='ltr' id='par_1_114' title="bbox 1782 5579 2473 5641">
     <span class='ocr_line' id='line_1_114' title="bbox 1782 5579 2473 5641; baseline 0 -4"><span class='ocrx_word' id='word_1_787' title='bbox 1782 5584 2018 5641; x_wconf 76' lang='lat' dir='ltr'><strong>VARIIE</strong></span> <span class='ocrx_word' id='word_1_788' title='bbox 2067 5579 2473 5641; x_wconf 69' lang='lat' dir='ltr'><strong>LECTIONES.</strong></span> 
     </span>
    </p>
   </div>
   <div class='ocr_carea' id='block_1_115' title="bbox 553 5677 1931 5750">
    <p class='ocr_par' dir='ltr' id='par_1_115' title="bbox 553 5677 1931 5750">
     <span class='ocr_line' id='line_1_115' title="bbox 553 5677 1931 5750; baseline 0.004 -20"><span class='ocrx_word' id='word_1_789' title='bbox 553 5680 597 5711; x_wconf 81' lang='lat'>&quot;</span> <span class='ocrx_word' id='word_1_790' title='bbox 633 5678 745 5750; x_wconf 64' lang='grc' dir='ltr'>ἐπὶ]</span> <span class='ocrx_word' id='word_1_791' title='bbox 778 5681 842 5731; x_wconf 74' lang='grc' dir='ltr'><strong>ἐκ</strong></span> <span class='ocrx_word' id='word_1_792' title='bbox 876 5677 935 5732; x_wconf 87' lang='grc' dir='ltr'><strong>Ρ.</strong></span> <span class='ocrx_word' id='word_1_793' title='bbox 1012 5680 1056 5711; x_wconf 76' lang='grc'><strong>’⁸</strong></span> <span class='ocrx_word' id='word_1_794' title='bbox 1083 5697 1142 5731; x_wconf 85' lang='grc' dir='ltr'><strong>τε</strong></span> <span class='ocrx_word' id='word_1_795' title='bbox 1179 5695 1300 5750; x_wconf 65' lang='lat' dir='ltr'><strong>om.</strong></span> <span class='ocrx_word' id='word_1_796' title='bbox 1325 5678 1382 5732; x_wconf 83' lang='lat' dir='ltr'><strong>P.</strong></span> <span class='ocrx_word' id='word_1_797' title='bbox 1462 5681 1506 5711; x_wconf 68' lang='grc' dir='ltr'><strong>’τ</strong></span> <span class='ocrx_word' id='word_1_798' title='bbox 1538 5678 1843 5732; x_wconf 82' lang='grc' dir='ltr'>δωδέκατον</span> <span class='ocrx_word' id='word_1_799' title='bbox 1876 5680 1931 5735; x_wconf 88' lang='grc' dir='ltr'><strong>Ρ.</strong></span> 
     </span>
    </p>
   </div>
   <div class='ocr_carea' id='block_1_116' title="bbox 484 5749 1841 5822">
    <p class='ocr_par' dir='ltr' id='par_1_116' title="bbox 484 5749 1841 5822">
     <span class='ocr_line' id='line_1_116' title="bbox 484 5749 1841 5822; baseline 0 -18"><span class='ocrx_word' id='word_1_800' title='bbox 484 5749 829 5822; x_wconf 72' lang='grc' dir='ltr'>μιαρώτατος</span> <span class='ocrx_word' id='word_1_801' title='bbox 855 5750 916 5803; x_wconf 80' lang='grc' dir='ltr'><strong>Ρ.</strong></span> <span class='ocrx_word' id='word_1_802' title='bbox 994 5752 1013 5782; x_wconf 85' lang='grc'><strong><em>²</em></strong></span> <span class='ocrx_word' id='word_1_803' title='bbox 1038 5752 1064 5802; x_wconf 86' lang='grc' dir='ltr'>ὁ</span> <span class='ocrx_word' id='word_1_804' title='bbox 1088 5751 1247 5821; x_wconf 75' lang='grc' dir='ltr'>χορὸς</span> <span class='ocrx_word' id='word_1_805' title='bbox 1284 5749 1342 5805; x_wconf 89' lang='lat' dir='ltr'><strong>P.</strong></span> <span class='ocrx_word' id='word_1_806' title='bbox 1422 5752 1441 5784; x_wconf 85' lang='grc'>³</span> <span class='ocrx_word' id='word_1_807' title='bbox 1476 5750 1749 5814; x_wconf 77' lang='grc' dir='ltr'>λιτανείας</span> <span class='ocrx_word' id='word_1_808' title='bbox 1780 5752 1841 5804; x_wconf 77' lang='grc' dir='ltr'><strong>Δ.</strong></span> 
     </span>
    </p>
   </div>
   <div class='ocr_carea' id='block_1_117' title="bbox 2012 5676 2242 5748">
    <p class='ocr_par' dir='ltr' id='par_1_117' title="bbox 2012 5676 2242 5748">
     <span class='ocr_line' id='line_1_117' title="bbox 2012 5676 2242 5748; baseline 0 -18"><span class='ocrx_word' id='word_1_809' title='bbox 2012 5678 2056 5709; x_wconf 65' lang='grc' dir='ltr'><strong>εδ</strong></span> <span class='ocrx_word' id='word_1_810' title='bbox 2088 5678 2149 5748; x_wconf 71' lang='grc' dir='ltr'><strong>δὴ</strong></span> <span class='ocrx_word' id='word_1_811' title='bbox 2180 5676 2242 5731; x_wconf 77' lang='grc' dir='ltr'><strong>Α.</strong></span> 
     </span>
    </p>
   </div>
   <div class='ocr_carea' id='block_1_118' title="bbox 2343 5674 3771 5753">
    <p class='ocr_par' dir='ltr' id='par_1_118' title="bbox 2343 5674 3771 5753">
     <span class='ocr_line' id='line_1_118' title="bbox 2343 5674 3771 5753; baseline 0.016 -28"><span class='ocrx_word' id='word_1_812' title='bbox 2343 5678 2386 5707; x_wconf 63' lang='lat'><strong>9&quot;</strong></span> <span class='ocrx_word' id='word_1_813' title='bbox 2415 5675 2650 5747; x_wconf 74' lang='grc' dir='ltr'>Γρῦλλον</span> <span class='ocrx_word' id='word_1_814' title='bbox 2688 5674 3047 5746; x_wconf 82' lang='lat' dir='ltr'><strong>Barberiuus,</strong></span> <span class='ocrx_word' id='word_1_815' title='bbox 3080 5676 3471 5752; x_wconf 67' lang='grc' dir='ltr'>ΓροῦλλσκλΑΡ.</span> <span class='ocrx_word' id='word_1_816' title='bbox 3552 5683 3567 5712; x_wconf 75' lang='grc'>³</span> <span class='ocrx_word' id='word_1_817' title='bbox 3615 5698 3771 5753; x_wconf 65' lang='grc' dir='ltr'>ποιμα</span> 
     </span>
    </p>
   </div>
  </div>
