3994 6220
191 225 296 322 est

1271 253 1419 315 LIB.
1453 253 1520 315 ν.
1538 279 1594 290 ·-
1635 252 1996 316 BASILIUS
2027 251 2359 314 MACEDO.

3362 255 3472 323 262

203 371 326 424 ναὸν
363 369 503 440 μετὰ
527 367 624 438 τῆς
662 367 916 438 είωουίας
952 366 1034 440 [Ρ.
1056 366 1177 439 155]
1213 367 1362 442 ἱερᾶς
1398 367 1662 439 μελῳδίας
1687 369 1771 421 καὶ

1884 366 2218 424 modulando
2269 365 2522 438 religiosa
2559 381 2757 437 pompa
2802 366 3181 440 modestiaque
3210 371 3475 439 procede-

197 459 610 524 καταστάσεως,
643 457 848 529 συνέὸη
887 457 984 512 καὶ
1021 457 1112 512 τὸν
1142 458 1379 530 δυσσεϐῆ
1412 460 1509 513 καὶ
1541 457 1776 530 βέϐηλον

194 552 285 606 τοῦ
310 550 581 623 βασιλέως
607 550 631 581 ⁸
664 549 1014 623 πατριάρχην
1053 549 1312 622 Γρῦλλον,
1339 549 1619 622 ἱερατικὴν
1656 569 1778 604 στο-

195 645 289 714 λὴν
323 643 711 713 ἀμπεχόμενον
763 643 859 697 καὶ
895 643 1004 712 δνῳ
1048 643 1440 713 ἐποχούμενον,
1487 643 1626 714 μετὰ
1670 644 1779 699 τῶν

193 734 638 806 δυσσεϐεστέρων
664 733 832 788 αὐτοῦ
857 734 1266 806 μητροπολιτῶν
1288 737 1380 790 καὶ
1409 736 1589 807 πάσης
1611 735 1778 791 αὑτοῦ

191 829 290 898 τῆς
318 827 527 897 σκηνῆς
560 844 619 880 τε
651 829 747 880 καὶ
769 828 1080 899 Σατυρικῆς
1135 829 1354 899 χορείας
1403 826 1502 883 καὶ
1546 829 1776 896 τάξεως.

191 920 467 976 ἀκόλουθα
495 920 605 973 τῶν
635 919 857 974 οἰκείων
890 920 1146 988 πράξεων
1174 920 1485 991 θυμελικῶς
1507 923 1778 992 ἐπιτραγ-

198 1013 468 1087 ῳδοῦντας
518 1015 614 1067 καὶ
665 1012 892 1085 ᾄδοντας
922 1014 981 1080 ἐξ
1025 1014 1276 1077 ἐναντίας
1317 1018 1536 1086 χωρεῖν.
1587 1014 1674 1077 Ὠς
1721 1013 1778 1067 δὲ
1805 1056 1818 1066 .

193 1108 416 1179 πλησίον
444 1109 714 1176 ἐγένοντο,
769 1108 882 1170 τοῖς
901 1107 1073 1178 ὤμοις
1100 1108 1226 1171 τοὺς
1246 1107 1475 1176 φελόνας
1507 1109 1775 1178 μετεωρί-

196 1218 381 1264 σαντες
428 1199 527 1253 καὶ
566 1200 668 1262 τὰς
719 1199 954 1270 κιθάρας
1001 1199 1366 1271 εὐτονώτερον
1419 1199 1775 1270 κρούσαντες,

195 1296 283 1348 καὶ
312 1295 538 1365 ῥήματα
564 1293 662 1346 καὶ
687 1291 910 1362 ᾄσματα
937 1293 1172 1364 πορνικὰ
1214 1293 1358 1348 κατὰ
1405 1295 1498 1346 τὸν
1539 1293 1778 1362 φθόγγον

191 1384 283 1439 τοῦ
321 1385 519 1455 μέλους
547 1384 643 1437 τοῦ
670 1383 817 1454 ἱεροῦ
851 1385 1268 1455 ἀντεπᾲδοντες,
1303 1387 1397 1440 καὶ
1427 1386 1685 1449 Πανικῶς
1709 1403 1772 1438 τε

192 1478 282 1530 καὶ
312 1476 640 1548 Σατυρικῶς
682 1477 1038 1547 σκιρτῶντες,
1074 1478 1169 1533 καὶ
1193 1477 1650 1548 κυμϐαλίζοντες,
1681 1479 1776 1533 καὶ

189 1568 261 1630 ὡς
292 1566 650 1638 ἀντιτέχνους
709 1567 836 1630 τοὺς
891 1568 1056 1637 ἱερεῖς
1076 1568 1096 1598 ⁸
1129 1569 1224 1621 καὶ
1251 1568 1345 1622 τὸν
1379 1568 1645 1640 ἀρχιερέα
1671 1587 1775 1640 μυ-

190 1656 574 1727 κτηρίσαντες,
623 1657 724 1727 τὴν
780 1657 1097 1730 διαδολικὴν
1152 1660 1373 1729 χορείαν
1408 1661 1501 1713 καὶ
1546 1660 1772 1732 πορείαν

1883 471 1985 528 ret,
2031 461 2260 532 conligit
2309 469 2363 514 ut
2400 470 2453 515 et
2493 460 2694 531 impius
2739 460 3113 531 profanusqne
3163 462 3472 531 patriarcha

1881 551 2127 616 Grullus,
2161 550 2486 605 sacerdotali
2524 550 2662 605 stola
2706 551 2930 607 indutus
2963 552 3230 622 asinoque
3262 561 3472 616 vectus,

1881 659 2007 700 cum
2061 643 2427 712 metropolitis
2482 644 2600 712 ejus
2662 643 2835 712 ipsam
2892 643 3221 713 impietatem
3277 643 3473 714 majori

1881 735 2157 808 impietate
2231 737 2618 805 superantibus
2685 736 2946 806 omnique
3033 750 3131 790 sua
3194 751 3359 792 scena
3420 747 3474 791 et

1882 826 2132 896 Satyrico
2184 827 2354 882 choro
2397 837 2562 896 atque
2589 827 2802 891 ordine,
2849 842 2948 895 pro
2987 841 3208 881 suornrn
3243 842 3468 896 operum

1880 916 2090 971 ratione
2141 917 2557 987 thymelicorum
2595 932 2744 971 more
2779 933 2953 985 nugas
2995 917 3197 988 tragice
3241 932 3472 987 exagge-

1879 1009 2054 1063 rando
2097 1024 2162 1063 ae
2203 1009 2566 1070 concinendo,
2600 1008 2843 1064 adversis
2868 1007 3138 1066 frontibus
3171 1026 3472 1068 concurre-

1877 1109 1980 1155 ret.
2043 1100 2292 1171 Cumque
2343 1117 2513 1172 prope
2557 1101 2812 1164 i'uissent,
2852 1101 3072 1171 rejectis
3110 1103 3163 1157 in
3210 1103 3470 1158 humeros

1877 1191 2216 1262 sublatisque
2284 1193 2498 1263 penulis
2553 1193 2871 1263 pleclroque
2922 1192 3171 1262 graviore
3239 1195 3468 1264 pulsatis

1876 1283 1924 1336 ei
1954 1283 2124 1349 haris,
2150 1280 2425 1353 verbaque
2467 1284 2775 1340 meretricia
2821 1298 2886 1337 ac
2929 1299 3168 1340 canones
3201 1285 3265 1338 ad
3298 1300 3469 1342 sacra:

1878 1375 2160 1429 modulum
2187 1376 2459 1431 cantionis
2481 1391 2546 1431 ex
2572 1375 2801 1432 adverso
2828 1377 3193 1440 cantillantes,
3237 1378 3470 1431 Panum-

1877 1485 1982 1540 que
2005 1469 2057 1523 in
2084 1485 2289 1523 morem
2316 1481 2368 1524 et
2393 1467 2709 1541 Satyrorum
2730 1470 3090 1540 tripudiantes
3107 1486 3170 1525 ac
3198 1471 3468 1542 cymbalis

1875 1570 2313 1632 perstrepentes,
2375 1561 2629 1632 velutque
2678 1563 2811 1617 artis
2866 1564 3091 1618 aemulos
3148 1565 3467 1620 sai-erdotes

1877 1656 2237 1725 divinumque
2271 1655 2572 1711 antistitem
2618 1671 2751 1711 naso
2786 1656 3198 1724 suspendentes.
3231 1657 3468 1710 diaboli-

188 1721 425 1818 διήνυον.
457 1721 772 1819 Πυθόμενος
804 1748 859 1802 δὲ
900 1751 928 1802 ὀ
978 1721 1073 1803 του
1318 1721 1631 1824 ἀρχιερεὺς,
1673 1753 1770 1806 καὶ

1875 1764 1992 1805 eam
2027 1749 2283 1804 chuream
2318 1749 2529 1820 iterque
2573 1750 2926 1820 par-agebant.
2962 1747 3286 1804 Sciscitatus
3333 1764 3462 1805 vero

189 1838 380 1908 μαθὼν
433 1838 634 1903 οἵτινές
694 1841 806 1892 είσι
837 1839 931 1892 καὶ
981 1839 1132 1910 παρὰ
1167 1841 1311 1905 τίνος
1363 1842 1457 1894 καὶ
1501 1843 1594 1896 ἐπὶ
1640 1841 1770 1913 ποία

187 1931 460 2000 προςάτει
537 1930 916 2001 συνέστησαν,
968 1931 1144 1985 πολλὰ
1204 1933 1614 2000 καταστενάξας
1679 1935 1772 1987 καὶ

185 2025 681 2095 ἀποκλαυσάμενος
727 2025 820 2076 τὸν
861 2027 1159 2097 κορυφαῖον
1195 2026 1404 2081 τούτων
1440 2028 1535 2082 καὶ
1576 2027 1770 2092 αἴτιον,

183 2117 282 2168 καὶ
313 2115 452 2186 μετὰ
484 2116 735 2186 δακρύων
764 2115 856 2168 τοῦ
890 2116 1029 2169 θεοῦ
1059 2117 1276 2188 δεηθεὶς
1301 2118 1499 2186 στῆσαι
1528 2118 1626 2190 τὴν
1661 2135 1770 2173 τοι·

185 2205 366 2274 αὐτην
393 2206 738 2277 βλασφημίαν
773 2207 868 2260 καὶ
919 2207 1080 2279 ὓϐριν
1106 2213 1201 2262 καὶ
1229 2209 1581 2265 διασκεδάσαι
1620 2211 1772 2283 παρὰ

187 2299 293 2351 τὸν
319 2298 452 2370 ᾅδην
479 2301 601 2363 τοὺς
628 2299 932 2364 δυσσεϐεῖς,
972 2300 1057 2352 ἵνα
1087 2299 1162 2372 μὴ
1189 2300 1528 2370 βεϐηλῶνται
1551 2302 1622 2358 τὰ
1642 2303 1774 2371 ἆγια

184 2390 284 2442 καὶ
321 2391 386 2442 τὰ
413 2391 658 2460 μυστικὰ
680 2388 775 2442 καὶ
807 2389 982 2443 σεπτὰ
1003 2390 1393 2461 διασύρωνται,
1421 2392 1522 2464 τῆς
1550 2409 1773 2463 προκει-

186 2468 351 2550 μένης
385 2479 662 2550 ὑμνῳδὶας
696 2480 954 2552 ἐχόμενος
980 2480 1078 2551 τὴν
1105 2481 1334 2554 πορείαν
1360 2482 1600 2558 διήνυεν.

248 2666 355 2727 κγ’.
391 2659 622 2713 Ἀλλοτέ
659 2671 792 2715 ποτε
827 2662 921 2714 ἐπὶ
951 2662 1247 2735 φαυλισμῷ
1289 2663 1450 2735 δῆθεν
1480 2664 1576 2718 τοῦ
1602 2665 1770 2720 ἀοιδί-

185 2767 283 2819 μου
307 2750 510 2804 τοῦτου
542 2751 564 2781 ⁸
620 2752 883 2820 Ἰγνατίου
936 2753 1030 2805 τοῦ
1118 2756 1460 2827 πατριάρχου
1519 2757 1612 2811 καὶ
1669 2757 1772 2827 τῆς

183 2841 393 2906 οἰκείας
428 2844 644 2913 μητρὸς
679 2845 986 2917 ἐμπαιγμῷ
1025 2847 1053 2898 ὁ
1088 2846 1315 2918 ἀνόητος
1348 2850 1442 2901 καὶ
1473 2847 1772 2920 παραπλὴξ

184 2935 429 3005 βασιλεὺς
447 2936 694 2988 τοιοῦτόν
714 2955 764 2988 τι
795 2937 1308 3011 ἐδραματούργησεν
1337 2957 1348 2971 ·
1377 2941 1466 2994 Ἐν
1501 2942 1578 3011 τῷ
1600 2943 1771 3015 ὑπερ-

181 3027 420 3100 λάμπρῳ
450 3029 902 3102 Χρυσοτρικλῐνῳ
954 3031 1047 3084 ἐπὶ
1077 3032 1171 3086 τοῦ
1196 3034 1216 3063 ⁷
1273 3032 1549 3103 βασιλείου
1575 3035 1766 3107 θρόνου
1795 3069 1838 3129 c

180 3121 608 3191 προκαϐεσθεὶς,
662 3122 756 3175 καὶ
801 3122 893 3176 τὸν
943 3125 1304 3196 αίσχρότατον
1347 3125 1583 3197 Γρῦλλον
1629 3128 1770 3199 μετὰ

178 3214 280 3265 τῶν
310 3213 725 3284 ἀρχιερατικῶν
747 3215 1058 3286 ἐνδυμάτων
1089 3217 1164 3281 ὡς
1204 3219 1284 3281 είς
1319 3219 1490 3291 ὄνομα
1519 3219 1613 3272 τοῦ
1637 3221 1770 3291 ἁλη-

175 3307 281 3372 Θὼς
309 3309 665 3379 πατριάρχου
706 3310 1074 3380 πλησιαίτατα
1098 3311 1291 3365 ἑαυτοῦ
1321 3312 1343 3343 ⁸
1383 3313 1770 3383 παρακαθισά-

184 3419 361 3471 μενος,
400 3404 498 3455 καὶ
526 3403 626 3472 τὴν
660 3401 908 3474 ἀρχιερεῖ
939 3403 1072 3456 Θεοῦ
1118 3405 1438 3474 πρέπουσαν
1475 3405 1767 3476 ἀπονέμων

181 3495 363 3567 τιμὴν,
406 3498 506 3550 καὶ
552 3497 692 3567 μετὰ
722 3498 816 3550 τοῦ
840 3501 938 3569 τῆς
968 3499 1213 3569 κεφαλῆς
1250 3501 1608 3572 καλύμματος
1647 3504 1768 3554 ἐπι-

181 3590 499 3660 κρὺπηῖκασθαι
585 3590 682 3660 τὴν
737 3591 1021 3659 ἐξάγιστον
1096 3592 1347 3660 γενειάδα
1420 3594 1766 3664 πεποιηκὼς,

181 3681 278 3750 τὴν
323 3681 463 3734 ἰδίαν
510 3681 722 3752 μητέρα
771 3683 858 3735 διά
897 3699 1040 3745 τινος
1087 3682 1197 3735 τῶν
1240 3685 1644 3755 Οαλαμηπόλων
1674 3686 1762 3738 es-

181 3766 387 3834 νούχων
414 3766 589 3834 δηλοῖ,
625 3765 701 3829 ὡς
737 3766 800 3818 '0
829 3765 1154 3834 ἁγιώτατος
1183 3769 1554 3840 πατριάρχης
1589 3770 1770 3839 Ἰγνάο

181 3871 308 3922 no;-
329 3855 598 3910 ἐνταῦθα
615 3858 743 3926 μετ’
761 3857 907 3926 ἐμοῦ
933 3858 1378 3928 συγκαθέζεται,
1412 3861 1510 3914 καὶ
1533 3865 1584 3917 εί
1617 3862 1771 3926 βού-

175 3953 276 4003 λει
314 3949 526 4004 λαϐεῖν
548 3949 662 4016 τὴν
693 3950 889 4019 εὐχὴν
913 3952 1128 4014 αὑτοῦ,
1161 3951 1306 4008 ἐλθὲ
1330 3954 1427 4010 καί
1457 3956 1584 4024 μετ’
1617 3955 1763 4025 ἐμοῦ

176 4041 503 4110 τυγχάνεις
528 4041 740 4111 αὐτῆς.
810 4043 1025 4116 Ἐκείνη
1065 4045 1121 4098 δὲ
1147 4041 1237 4099 οἷα
1274 4045 1595 4118 φιλευσεϐὴς
1628 4049 1766 4119 γυνὴ

172 4135 281 4187 καὶ
309 4135 581 4203 φιλόθεος,
615 4136 782 4189 πάθον
811 4136 981 4190 πολὺν
1021 4140 1116 4192 καὶ
1161 4140 1347 4192 πίστιν
1376 4139 1603 4204 ζέουσαν
1633 4139 1768 4210 πρὸς

171 4227 279 4278 τὸν
323 4227 632 4295 ἁγιώτατον
665 4229 984 4300 κεκτημένη
1022 4229 1304 4298 Ἰγνάτιον,
1341 4230 1648 4293 σπουδαίως
1675 4233 1769 4283 Ex-

167 4319 467 4388 δραμοῦσα
515 4319 592 4383 ὡς
641 4321 866 4393 ἢκουσε,
925 4327 1021 4376 καὶ
1058 4324 1191 4393 μηδὲ
1238 4325 1482 4378 ἀτενίσαι
1533 4324 1598 4378 δι’
1635 4324 1768 4378 αίδὼ

1875 1840 1968 1896 Dei
2012 1842 2212 1912 pra-sul
2242 1881 2256 1905 ,
2299 1842 2627 1911 discensque
2667 1843 2892 1912 quinam
2935 1851 3118 1897 essent
3171 1853 3224 1896 et
3273 1857 3304 1896 a
3355 1859 3467 1912 quo

1871 1949 2047 2004 quave
2072 1934 2137 1988 de
2165 1949 2332 1988 causa
2368 1933 2636 1988 conﬂatus
2677 1931 2842 2004 246
2877 1933 2982 1988 illis
3022 1942 3215 1997 cmtus,
3246 1933 3314 1988 ab
3355 1933 3469 1989 imo

1874 2035 2095 2097 pectore
2143 2027 2304 2080 ducto
2336 2025 2577 2096 suspirio
2611 2017 3255 2096 horumqueprincipem
3301 2033 3467 2096 atque

1874 2127 2152 2174 auctorem
2209 2117 2526 2188 deplorans,
2561 2117 2805 2187 fusisque
2850 2118 2916 2172 ad
2966 2117 3133 2174 Deum
3173 2133 3296 2173 cum
3336 2117 3465 2174 ﬂetu

1873 2210 2149 2280 precibus,
2209 2220 2267 2266 ut
2325 2210 2657 2282 ejuscemodi
2716 2209 3066 2280 blasphemia:
3121 2225 3186 2264 ac
3253 2211 3466 2280 injuria:

1875 2302 2034 2358 [idem
2075 2304 2376 2374 imponeret
2416 2303 2721 2373 impiosque
2770 2318 2937 2371 penes
2983 2302 3258 2357 infernum
3299 2303 3460 2358 dissi-

1869 2383 2046 2466 paret,
2080 2410 2146 2450 ne
2172 2406 2360 2451 sancta
2389 2393 2810 2466 profanarentur
2845 2394 3185 2464 mysticaquc
3211 2409 3274 2449 ac
3297 2408 3460 2448 vene-

1874 2485 2043 2538 randa
2091 2484 2170 2539 sic
2215 2484 2520 2555 procaciter
2564 2483 2946 2551 irriderentur,
2992 2483 3308 2538 institutum
3357 2483 3466 2540 sibi

1873 2574 1976 2629 iter
2007 2573 2473 2646 hymnodiamque
2512 2573 2884 2644 prosequitur.

1943 2665 2034 2721 25.
2076 2666 2194 2720 Alia
2247 2666 2373 2720 item
2408 2665 2545 2729 vice,
2592 2673 2653 2720 ut
2688 2664 2955 2736 inclytum
2983 2663 3163 2718 virum
3194 2664 3462 2737 lgnatium

1872 2759 2238 2832 patriarcham
2259 2758 2589 2813 contumelia
2606 2756 2843 2812 alliceret
2869 2757 3154 2828 ipsamque
3177 2765 3459 2826 parentem

1871 2849 2140 2914 irrideret,
2197 2866 2386 2906 amens
2433 2859 2723 2920 menteque
2765 2858 2961 2919 captus
3003 2851 3302 2920 imperator
3353 2849 3461 2906 tale

1871 2941 2002 3013 quid
2022 2941 2487 2996 comminiscitur:
2509 2941 2567 2996 In
2585 2938 2903 3014 praefulgido
2926 2957 2990 2998 ac
3019 2941 3260 2996 rutilanti
3291 2957 3459 2998 aureo

1872 3033 2108 3088 triclinio
2150 3033 2293 3100 regia
2330 3033 2456 3088 sede
2505 3033 2772 3101 sublimis,
2830 3032 3208 3103 impurissimo
3264 3032 3457 3088 Grullo

1872 3124 2249 3180 archieraticis
2289 3125 2533 3180 vestibus
2572 3125 2781 3190 induto,
2823 3125 2943 3180 loco
2975 3126 3088 3179 reri
3126 3125 3456 3194 patriarcha:

1871 3215 2119 3285 proxima
2170 3213 2296 3268 sede
2334 3213 2577 3267 assidere
2601 3215 2779 3283 jusso,
2810 3229 2870 3268 ac
2898 3215 2988 3281 qui
3025 3212 3116 3267 Dei
3151 3213 3454 3268 antistitem

1871 3307 2096 3362 decebat
2125 3307 2334 3360 honore
2373 3307 2447 3360 illi
2482 3307 2740 3376 cultuque
2771 3306 3035 3369 adhibito,
3066 3307 3458 3376 compulsoque

1873 3401 2304 3471 impurissimam
2339 3416 2402 3455 ac
2434 3399 2726 3455 nefandam
2758 3399 2979 3453 barbam
3010 3399 3208 3467 capitis
3237 3399 3460 3469 integu-

1872 3505 2053 3550 mento
2078 3495 2347 3566 obtegere,
2380 3493 2542 3547 matri
2565 3508 2677 3547 sua:
2707 3506 2802 3561 per
2829 3491 3142 3545 eunuchum
3165 3493 3456 3562 quemdam

1870 3605 1899 3642 e
1926 3603 2082 3641 sacro
2114 3585 2370 3640 cubiculo
2397 3584 2638 3648 mandat,
2666 3583 2848 3635 adesse
2871 3581 3263 3634 sanctissimum
3288 3582 3460 3651 patri-

1872 3681 2089 3737 urcltam
2133 3677 2405 3754 Ignah'um
2454 3695 2516 3732 ac
2550 3693 2723 3731 secum
2765 3675 2987 3741 sedere;
3027 3685 3073 3728 et
3106 3684 3160 3727 ut
3190 3675 3384 3733 veniat.
3413 3675 3460 3728 si

1870 3792 1988 3829 eum
2046 3774 2169 3828 bene
2233 3773 2334 3826 sibi
2387 3771 2594 3841 precari
2639 3769 2780 3846 rem,
2831 3785 2892 3822 ac
2929 3785 3035 3821 una
3081 3784 3256 3821 secum
3310 3767 3458 3820 illius

1871 3883 2080 3935 compos
2123 3865 2382 3918 orationis
2417 3864 2534 3932 ﬁeri
2569 3871 2729 3932 optet.
2765 3859 2881 3927 Illa,
2915 3864 2990 3915 uti
3041 3859 3457 3931 religiosissima

1874 3957 2078 4027 Deique
2113 3973 2327 4019 amans,
2372 3956 2644 4026 ingentem
2681 3954 2883 4008 amoris
2909 3954 3018 4007 vim
3067 3953 3459 4022 ardentemque

1873 4051 2030 4105 (idem
2065 4065 2190 4118 erga
2217 4047 2622 4103 sanctissimum
2656 4045 3023 4118 patriarcham
3056 4054 3235 4110 nacta,
3260 4045 3456 4100 simul-

1872 4159 1936 4197 ac
1969 4141 2216 4205 audivit,
2256 4139 2457 4194 festiue
2507 4153 2726 4208 egressa
2776 4151 3212 4206 accurrensque,
3251 4150 3316 4190 ac
3356 4151 3456 4190 nec

1873 4237 2062 4292 oculos
2084 4235 2272 4290 tollere
2301 4234 2544 4303 satisque
2572 4232 2853 4286 intendere
2879 4247 2988 4302 pra:
3007 4231 3212 4299 pudore
3243 4230 3452 4294 valens,

1873 4337 2134 4400 extraque
2182 4343 2399 4383 onmem
2454 4325 2741 4386 malitiam,
2778 4338 2880 4379 nec
2910 4323 3062 4394 pravi
3109 4322 3312 4392 aliquid
3359 4329 3454 4376 aut

165 4405 483 4476 δυναμένη,
516 4407 622 4471 ἔξω
641 4407 698 4461 δὲ
723 4409 904 4478 πάσης
927 4410 1127 4472 κακίας
1155 4411 1250 4462 καὶ
1278 4411 1536 4477 ὑπονοίας
1565 4413 1769 4482 τυγχά-

1875 4421 2055 4477 dolum
2090 4420 2385 4490 suspicata,
2429 4419 2495 4474 ad
2534 4417 2696 4490 247
2729 4417 2905 4472 sancti
2939 4416 3217 4482 antistitis,
3262 4424 3316 4470 ut
3349 4415 3450 4470 sibi

162 4515 355 4552 νουσα
372 4504 465 4552 καὶ
499 4501 667 4571 μηδὲν
699 4519 750 4554 τι
781 4501 982 4568 φαῦλον
1017 4503 1430 4571 ὑποτοπήσασα,
1459 4503 1768 4574 προσέπεσε

161 4593 296 4654 τοῖς
322 4592 506 4656 ποσὶν,
531 4593 729 4660 ἐδόκει,
757 4592 851 4646 τοῦ
878 4593 1032 4662 ἁγίου
1066 4595 1276 4647 ἐκείνου
1316 4596 1640 4667 ἀρχιερέως,
1674 4597 1770 4651 καὶ

161 4682 328 4751 ὑπὲρ
364 4682 534 4752 αὐτῆς
560 4683 741 4736 ἐδέετο
766 4682 1048 4752 εὔχεσθαι.
1077 4683 1164 4756 [Ρ.
1192 4683 1317 4757 154]
1359 4685 1418 4738 Ὀ
1439 4686 1494 4738 δὲ
1517 4687 1771 4757 παμμίαο

165 4789 278 4842 ρος
309 4775 520 4836 ὲκείνος
546 4775 647 4844 τῆς
678 4774 951 4846 καθέδρας
972 4776 1152 4846 ὀλίγον
1177 4775 1502 4847 ὑπεγερθεὶς
1527 4778 1621 4832 καὶ
1649 4777 1768 4833 dit"

159 4865 356 4935 αὐτῆς
380 4867 691 4921 τούναντίον
715 4870 1110 4939 ἀποστραφεὶς,
1137 4868 1306 4940 ὀνώδη
1328 4870 1499 4941 ψόφον
1523 4871 1630 4924 ἀπὸ
1656 4861 1765 4925 τῶν

165 4960 452 5029 μυσαρῶν
486 4960 741 5029 ἔγκάτων
769 4963 948 5031 ἀφεὶς,
986 4961 1122 5033 πρὸς
1157 4961 1328 5034 αὐτὴν
1358 4962 1765 5034 ἀπεφθέγξατο,

162 5053 269 5105 ἔστι
306 5051 442 5107 Ἵνα
469 5051 555 5122 μὴ
587 5053 795 5122 λέγῃς,
825 5053 997 5123 κυρὰ,
1028 5055 1106 5122 ὡς
1139 5054 1282 5109 οὐδὲ
1316 5056 1433 5111 κάν
1469 5057 1656 5125 τούτῳ
1696 5075 1768 5112 σε

154 5139 588 5210 ἠξιωσὰμεθα.
634 5141 742 5196 Τοῦ
771 5143 829 5196 δὲ
861 5143 1126 5212 βασιλέως
1155 5146 1639 5218 ἀνακαγχάσαντος
1674 5150 1769 5202 καὶ

157 5233 353 5286 αὑτοῦ
383 5236 478 5288 τοῦ
529 5235 885 5308 παμσεὸήλου
947 5239 1298 5310 παμμέγεθες
1349 5242 1766 5309 ὲκγελὰσαντος,

153 5329 283 5382 καὶ
330 5329 502 5399 πολλὰ
551 5331 1133 5402 καταφλυαρησάντων
1165 5334 1198 5405 ἢ
1234 5331 1433 5404 μᾶλλον
1466 5333 1542 5406 τῷ
1593 5353 1771 5408 παρα-

1873 4513 2178 4580 videhatur,
2231 4513 2393 4584 pedes
2429 4511 2686 4582 procidit,
2724 4516 2986 4578 rogatque
3028 4522 3124 4576 pro
3165 4523 3222 4561 se
3262 4522 3453 4576 preces

1873 4607 2046 4662 fundi.
2075 4606 2145 4661 At
2181 4604 2603 4661 scelestissimus
2642 4601 2732 4656 ille
2771 4599 3053 4669 paululum
3092 4613 3122 4652 e
3167 4599 3296 4653 sella
3334 4613 3454 4651 sese

1870 4698 2102 4768 erigens,
2134 4696 2292 4766 eique
2328 4695 2551 4750 dorsum
2573 4692 2886 4756 ohvcrtens,
2913 4687 3126 4743 asinino
3146 4687 3350 4758 crepitu
3385 4688 3454 4740 ab

1871 4790 2221 4849 exsecrandis
2248 4788 2468 4859 exploso
2499 4784 2824 4850 visceribus,
2855 4781 2934 4836 sic
2964 4795 3084 4833 eam
3115 4779 3306 4833 allatus
3346 4791 3452 4843 (ε’,

1867 4883 1950 4942 Ne
1988 4883 2162 4947 dicas,
2216 4881 2449 4943 domina,
2488 4877 2626 4948 quod
2659 4892 2722 4930 ne
2770 4875 2866 4928 hoc
2900 4873 3111 4944 quidem
3152 4882 3198 4926 te
3238 4872 3454 4943 dignam

1867 4975 2200 5031 duxerimus.
2242 4971 2337 5027 llis
2369 4972 2695 5040 imperatore
2734 4966 3065 5023 cacchinnos
3104 4965 3448 5019 sustollunte,

1869 5069 2097 5140 ipsoque
2147 5064 2238 5118 illo
2263 5063 2636 5132 impurissimo
2673 5062 2782 5115 risu
2816 5057 3208 5130 procacissime
3257 5055 3452 5115 druso,

1868 5159 2212 5232 plurimaque
2241 5157 2306 5211 iis
2334 5155 2749 5218 blaterantibus,
2783 5170 2875 5210 seu
2918 5151 3100 5222 potius
3132 5147 3272 5203 male
3318 5160 3455 5199 sano

1876 5251 2125 5322 sincipite
2155 5248 2474 5305 stultissime
2498 5259 2772 5318 mStroque
2795 5241 3276 5315 obgannientibus,
3306 5255 3454 5296 com-

1877 5323 2118 5397 mentum
2155 5354 2482 5411 agnoscens,
2525 5337 2834 5408 factamque
2869 5335 3137 5400 fraudem,
3189 5327 3453 5402 Augusta.

151 5421 342 5490 φόρφ
371 5423 472 5493 τῆς
515 5422 756 5495 γνώμης
775 5425 1098 5494 ἅλογώτατα
1128 5427 1617 5500 ὲξοιστρησάντων,
1650 5433 1770 5485 ἐπι-

1876 5435 2111 5504 altisque
2154 5432 2446 5504 gemitibus
2488 5432 2820 5503 nequissima
2851 5427 3163 5499 deplorans,
3194 5426 3453 5494 dirasque

147 5511 393 5580 γνοῦσα
413 5514 473 5567 τδ
525 5515 756 5586 πλάσμα
802 5516 910 5586 καὶ,
951 5516 1049 5588 τὴν
1094 5519 1312 5591 ἀπάτην
1339 5521 1371 5591 ἡ
1399 5520 1641 5592 βασιλὶς,
1676 5525 1769 5576 καὶ

1877 5529 2140 5600 plurimas
2165 5525 2220 5581 in
2256 5525 2677 5595 liliumjactans,
2701 5524 2767 5578 ad
2788 5531 3093 5578 extremum
3122 5519 3323 5576 edixit:
3347 5517 3450 5586 En,

1441 5615 1690 5672 'VARlA'}
1751 5615 2154 5676 LECTIUNES.

248 5701 286 5734 ⁸
312 5703 402 5762 τοῦ
429 5708 697 5778 βασιλέως
727 5707 931 5766 οιιὶ.Ῥ.
1006 5711 1027 5742 ⁸
1061 5709 1238 5780 ἱεροὺς
1267 5710 1327 5765 Α.
1405 5711 1424 5740 ⁶
1455 5710 1642 5764 τοῦτον
1675 5717 1731 5765 .t.
1815 5715 1834 5745 ⁷
1869 5715 1959 5771 τοῦ
1993 5730 2100 5767 om.
2145 5711 2201 5767 Ρ.
2285 5713 2304 5741 ⁸
2329 5710 2522 5766 ἑαυτοῦ
2555 5728 2662 5764 uni.
2696 5710 2752 5764 P.
2829 5710 2850 5740 ⁹
2998 5705 3056 5764 Ρ.
