3994 6220
273 310 365 373 265

1345 308 1489 369 LIB.
1532 309 1599 370 V.
1641 332 1702 343 η-
1756 310 2109 376 BASILIUS
2136 315 2470 377 MACEDO.

3407 307 3515 373 ‘266

261 426 395 492 mir;
417 419 509 487 Οἷς
535 423 602 494 δὴ
634 424 837 495 μᾶλλον
872 422 1180 487 ύπενδιδοῦς
1210 425 1238 476 ὁ
1269 422 1523 494 βασιλεὺς
1555 424 1649 499 καὶ
1685 441 1809 477 πει-

1933 427 2187 497 idemque
2208 428 2414 483 habens
2442 428 2735 484 inferendae
2762 427 2964 484 Basilio
2982 425 3135 482 necis
3166 426 3515 483 occasionem

260 517 465 585 θόμενος
490 513 722 567 θάνατον
750 514 828 584 τῷ
862 513 1129 583 Βασιλείῳ
1160 512 1420 584 ἐτύρευεν
1442 513 1506 578 ⁸⁷,
1530 515 1626 567 καὶ
1650 516 1822 586 ἀφορ·

260 612 355 680 μὴν
386 611 564 679 ἐζήτει
593 607 694 677 τῆς
724 608 1060 675 ἀναιρέσεως
1108 606 1355 675 εὔλογον,
1380 607 1494 661 ἀλλ’
1526 609 1624 679 ούχ
1669 607 1822 682 εὔρι-

256 722 390 759 σκεν.
422 703 514 767 Εἰς
535 702 792 756 τοσοῦτον
813 702 868 755 δὲ
900 701 1143 773 προῆλθε
1191 702 1258 756 τὰ
1285 702 1386 772 τῆς
1420 702 1620 773 μανίας
1655 703 1823 758 αὑτοῦ

252 793 382 846 ὥστε
425 791 562 862 πρὸς
616 790 719 863 τὴν
771 790 1041 862 λαθραίαν
1092 794 1346 864 χωρῆσαι
1394 794 1681 865 ἀναίρεσιν
1728 795 1824 849 καί

252 902 353 939 τισι
376 884 481 937 τῶν
498 884 607 939 ἀπὸ
637 882 730 937 τοῦ
757 885 1103 954 παλαμναίου
1128 885 1432 957 συνεδρίου,
1458 882 1540 950 οἷς
1557 888 1623 940 τὰ
1647 888 1825 942 πάντα

251 978 481 1051 ἐθάρρει,
543 970 982 1049 προτρέψασθαι,
1009 979 1139 1032 ὃταν
1182 980 1265 1043 εἰς
1319 980 1495 1052 θήραν
1539 980 1823 1046 ἐξέλθωσι,

252 1071 511 1140 προφάσει
538 1070 630 1124 τοῦ
648 1069 711 1123 τὸ
741 1069 931 1141 θηρίον
958 1069 1143 1140 βαλεῖν
1182 1072 1468 1127 ἀκοντίσαι
1497 1074 1594 1145 τὴν
1623 1074 1825 1143 λόγχην

252 1166 361 1219 κατ’
403 1164 567 1219 αύτοῦ
617 1164 713 1217 καὶ
754 1164 926 1229 οὓτως
982 1164 1147 1220 αὐτὸν
1200 1164 1633 1238 διαχρήσασθαιο
1686 1168 1825 1239 ὅπερ

252 1252 343 1325 εἷς,
388 1258 461 1323 ῶς
497 1275 658 1327 φασι,
717 1256 1042 1328 πεποιηκὼς
1098 1258 1195 1312 καὶ
1255 1260 1414 1329 ἀφεὶς
1461 1259 1525 1314 τὸ
1575 1260 1827 1315 ἀκόντιον

251 1348 404 1405 αύτοῦ
447 1348 546 1419 μὲν
574 1349 816 1419 ἥμαρτε,
857 1348 953 1402 καὶ
1007 1350 1374 1421 παραδραμὸν
1402 1352 1463 1405 τὸ
1495 1352 1623 1422 δόρυ
1657 1369 1827 1422 προσ-

250 1442 420 1510 επάγη
452 1443 518 1511 τῇ
544 1443 641 1510 γῇ,
674 1440 838 1495 αὐτὸν
888 1440 946 1495 δὲ
987 1444 1016 1496 ό
1047 1443 1229 1515 ἵππος.
1252 1442 1454 1513 αἴφνης
1495 1443 1587 1497 τὸν
1611 1443 1827 1514 χαλινὸν

249 1532 476 1586 ἐνδακὼν
535 1532 631 1586 καὶ
690 1533 1051 1603 συναρπάσας
1102 1534 1243 1588 κατὰ
1269 1533 1365 1587 τοῦ
1402 1534 1659 1607 κρημνοῦ
1724 1536 1827 1588 ἀπ-

249 1626 575 1689 εδὶσκευσεν,
636 1623 714 1686 ὡς
757 1623 853 1676 ἀπ’
901 1625 1112 1679 ἐκείνου
1149 1624 1246 1678 τοῦ
1286 1624 1582 1695 πτώματος
1624 1628 1720 1679 καὶ
1766 1627 1827 1680 τὸ

247 1718 390 1780 τέλος
414 1716 588 1770 ἐλθεῖν
619 1716 709 1769 ἐπ’
750 1716 793 1748 ⁸⁸
826 1717 1013 1782 αὐτὸν,
1056 1718 1145 1772 ὅτε
1178 1719 1275 1771 καὶ
1309 1719 1547 1789 ἀνόνητα
1575 1718 1618 1750 ¹⁹
1655 1736 1823 1789 μετα-

248 1810 556 1880 μελόμενος,
609 1806 687 1872 ῶς
737 1825 893 1878 φασι,
942 1811 1055 1874 τοῖς
1107 1809 1462 1881 συμμύσταις
1509 1810 1827 1881 ἐπέσκηπτε

249 1902 324 1973 μὴ
347 1900 615 1972 τολμῆσαι
638 1901 785 1955 κατὰ
818 1900 913 1954 τοῦ
943 1902 1197 1957 ἀναιτίου
1256 1903 1560 1976 ἐπιχειρεῖν
1589 1902 1687 1957 τοῦ
1716 1904 1827 1958 λοι-

245 1994 369 2061 ποῦ,
390 1995 435 2049 εί
466 1994 541 2065 μὴ
562 1993 836 2065 τολμῆσαι
868 1994 916 2026 ⁸⁸
955 1994 1101 2048 κατὰ
1124 1997 1218 2048 τὸν
1250 1996 1440 2066 ὅμοιον
1489 1996 1711 2067 ὄλεθρον
1734 2015 1828 2051 πε-

246 2091 360 2143 σεῖν
392 2089 482 2141 καὶ
513 2086 700 2140 αὐτοί*
735 2086 829 2141 καί
852 2103 976 2141 τινα
1001 2086 1113 2141 τῶν
1155 2087 1405 2142 εὐλαϐῶν
1441 2088 1829 2160 προσκαλεσά-

254 2195 410 2250 μενος
470 2179 603 2249 μετὰ
660 2177 769 2232 τῶν
817 2176 1030 2231 λοιπῶν
1094 2178 1467 2250 ἀτοπημάτων
1508 2181 1674 2235 αὑτοῦ
1731 2184 1826 2236 καὶ

252 2272 485 2343 ἀνομιῶν
514 2271 789 2326 καὶτοῦτο
819 2270 1284 2343 ἐξωμολογήσατο
1308 2272 1405 2326 καὶ
1442 2260 1820 2344 ἐξηγόρεύσεν.

318 2372 412 2421 κε’.
463 2366 546 2430 Ὠς
568 2367 615 2419 δ’
641 2365 744 2420 ούκ
773 2360 888 2435 εἶχε
915 2365 1102 2419 λοιπὸν
1132 2367 1317 2436 εὑρεῖν
1344 2368 1372 2420 ὁ
1398 2367 1657 2437 βασιλεὺς
1684 2368 1825 2438 πρὸς

244 2460 304 2513 τὸ
327 2459 531 2514 ἀνελεῖν
554 2459 721 2513 αὐτὸν
755 2461 923 2530 πόρον
946 2460 979 2533 ἢ
1014 2461 1314 2533 πρόφασιν,
1341 2461 1424 2525 είς
1464 2461 1660 2533 ἐτέραν
1689 2459 1823 2535 ἦλθε

246 2552 437 2624 βουλὴν
469 2552 719 2625 πονηράν
747 2569 808 2606 τε
847 2553 947 2607 καὶ
981 2552 1244 2624 ἄθεσμον.
1288 2554 1684 2610 Ἐὁουλεύσατο
1713 2550 1823 2628 γάρ

244 2648 574 2721 ἐπεμϐαλεῖν
611 2649 728 2711 τοῖς
785 2648 1090 2719 σκήπτροις
1132 2648 1227 2702 καὶ
1255 2647 1445 2718 ἕτερον
1491 2648 1820 2721 σύγκληρον.

244 2742 349 2794 Καὶ
389 2740 456 2810 δὴ
519 2741 613 2795 τὸν
671 2742 793 2793 κατ’
838 2738 1160 2808 ἐπωνυμίαν
1208 2738 1551 2793 Βασιλικῖνον
1592 2740 1820 2809 ἐκεῖνον,

243 2831 325 2906 [Ρ.
358 2831 486 2905 156]
536 2831 635 2886 ἐνα
674 2833 770 2887 καὶ
804 2832 968 2886 αὑτὸν
1012 2831 1107 2885 τού
1141 2831 1493 2901 παλαμναίου
1542 2832 1821 2904 συνεδρίου

243 2925 603 2996 τυγχάνοντα,
635 2923 837 2994 φαῦλον
900 2923 994 2978 καὶ
1041 2924 1239 2996 μιαρὸν
1288 2924 1580 2995 θηλυδρίαν
1612 2942 1672 2979 τε
1727 2926 1824 2980 καὶ

244 3019 555 3088 φιλόκωμον
576 3017 644 3083 ⁸⁸,
668 3016 777 3070 ἀπὸ
807 3016 906 3087 τῆς
940 3016 1287 3088 Νικομήδους
1315 3016 1661 3089 ὁρμώμενον,
1694 3018 1823 3090 ὁμό-

242 3127 389 3179 γνιον
412 3109 645 3180 ἀδελφὸν
672 3110 768 3163 τοῦ
806 3111 950 3165 κατὰ
1000 3110 1092 3165 τὸν
1122 3109 1486 3181 Καπνογένην
1520 3112 1820 3164 Κωνστανε
1850 3119 1895 3179 c

242 3202 411 3266 τίνου,
444 3201 543 3256 τοῦ
574 3202 657 3265 δὶς
696 3203 792 3272 τὴν
820 3202 915 3256 τοῦ
961 3201 1211 3273 ὑπάρχου
1252 3202 1392 3272 μετὰ
1428 3201 1606 3257 ταῦτα
1642 3204 1828 3272 ἐγχει-

244 3295 524 3366 ρισθέντος
541 3295 721 3366 ἀρχήν
740 3310 754 3323 ·
788 3296 911 3349 τότε
945 3295 1004 3349 δὲ
1048 3297 1107 3350 ἐν
1141 3298 1255 3360 τοῖς
1281 3294 1602 3349 ἐλαύνουσιν
1624 3296 1705 3359 είς
1725 3297 1830 3367 τὴν

244 3390 530 3460 βασιλικὴν
565 3389 770 3459 τριήρη
814 3389 1239 3460 κατειλεγμένος
1289 3387 1553 3459 ἐτύγχανε
1583 3389 1652 3445 ’³.
1690 3388 1831 3443 Τού-

242 3498 328 3537 τον
385 3481 453 3554 δὴ
487 3480 579 3535 τὸν
616 3480 931 3551 δυσώνυμον
960 3482 1302 3537 Βασιλικίνον
1343 3479 1520 3535 ἐνδύει
1549 3482 1679 3535 ποτὲ
1703 3481 1831 3553 μὴν

244 3575 628 3645 πολυύμνητον
696 3574 983 3645 βασιλικὴν
1041 3574 1333 3647 πορφύραν
1380 3572 1475 3628 καὶ
1531 3573 1624 3628 τὸν
1667 3574 1828 3646 περί-

245 3687 409 3724 οπτον
469 3671 566 3723 καὶ
624 3666 916 3737 ἐπίφθονον
962 3666 1229 3735 στέφανον
1279 3651 1539 3736 ’χλαμύδα
1593 3681 1653 3718 τε
1688 3666 1831 3732 πάγ-

247 3779 449 3834 χρυσον
489 3760 588 3814 καὶ
643 3760 712 3813 τὰ
773 3758 1095 3828 κοκκοὸαφῆ
1163 3757 1260 3811 καὶ
1292 3757 1339 3789 ⁸³
1387 3754 1603 3810 διάλιθα
1637 3755 1833 3809 πέδιλα

244 3858 341 3910 καὶ
392 3851 563 3910 τᾶλλα
607 3854 705 3922 τῆς
746 3850 1027 3923 βασιλείας
1080 3850 1349 3922 ἐπίσημα,
1388 3850 1574 3920 ἐξάγει
1624 3866 1683 3903 τε
1734 3849 1833 3902 αύ-

245 3942 338 3996 τδν
389 3944 525 4015 πρὸς
556 3942 659 4012 τὴν
716 3941 1023 4013 σύγκλητον
1079 3941 1177 4010 τῆς
1234 3941 1418 4011 χειρδς
1461 3940 1581 4010 ἅμα
1612 3940 1831 4011 κρατῶν

246 4034 346 4089 καὶ
376 4033 674 4105 ὑπουργῶν
701 4032 873 4104 αὐτῷ,
902 4032 979 4096 ὼς
1005 4032 1035 4086 ὁ
1064 4031 1259 4102 Νέρων
1291 4032 1500 4094 ἐκεῖνος
1538 4031 1710 4086 πάλαι
1740 4033 1832 4085 τὸν

250 4127 657 4200 πολυθρύλητον
696 4127 936 4199 Ἔρωτα,
961 4123 1055 4179 καί
1087 4141 1257 4198 φησιν
1292 4123 1387 4178 ἐπὶ
1418 4122 1621 4189 λέξεως
1642 4139 1657 4153 ·

392 4350 581 4421 flans
614 4348 840 4417 πάντες
869 4349 1064 4420 ὑμεῖς,
1096 4350 1195 4421 καὶ
1239 4349 1609 4421 θαυμάσατε.

388 4416 528 4490 Ἆρα
557 4424 630 4475 οὐ
664 4416 877 4490 πρέπει
907 4416 1098 4476 αὐτόν
1127 4416 1281 4476 εἶναι
1303 4416 1608 4486 βασιλέος

392 4488 631 4559 Πρῶτον
655 4488 774 4560 μὲν
796 4488 957 4560 εἶδος
988 4490 1163 4556 ἄξιον
1190 4492 1574 4560 τυραννίδος,

397 4564 463 4615 Τὸ
488 4563 774 4629 δεύτερον
801 4563 869 4617 δὲ
895 4562 1179 4631 συμφυὲς
1206 4563 1375 4616 πέλει
1398 4562 1645 4631 στέφος,

396 4632 665 4688 Ἀπαντα
690 4633 742 4686 δ’
775 4633 1096 4704 ἀρμόζουσι
1130 4633 1279 4702 πρὸς
1301 4632 1418 4702 τὴν
1444 4633 1626 4698 ἀξίαν
1646 4648 1658 4661 ·

244 4820 338 4862 και
381 4810 532 4863 Em“
557 4810 760 4863 Πόσον
786 4808 868 4879 ἦν
899 4809 1155 4864 κάλλιον
1200 4808 1419 4864 τοῦτόν
1454 4826 1535 4880 με
1582 4808 1835 4878 ποιῆσαι

236 4900 511 4966 ,ϐἄσιλέα
542 4902 580 4973 ἦ
605 4902 714 4956 τόν
741 4902 1072 4957 Βασίλειον
1100 4903 1120 4957 !
1150 4902 1339 4957 Ταῦτα
1387 4903 1591 4968 πάντες
1622 4905 1669 4957 οἱ
1698 4904 1841 4958 κατὰ

240 4998 308 5045 τὰ
341 4995 595 5065 βασίλεια
626 4994 830 5058 ἰδόντες
858 5011 917 5047 τε
963 4995 1056 5049 καὶ
1084 4995 1415 5060 ἀκούσαντες
1448 4995 1672 5065 ἔμειναν
1698 4998 1835 5067 ἁχα-

241 5089 353 5150 νεῖς
388 5088 455 5153 ⁸³,
491 5086 926 5157 ἐκπληττόμενοι
955 5086 1054 5157 τὴν
1091 5087 1402 5157 παράλογον
1433 5088 1492 5154 ἐξ
1521 5088 1835 5160 ἀφροσύνης

239 5177 333 5230 τοῦ
376 5179 651 5245 βασιλέως
704 5180 1109 5253 ἐμϐροντησίαν
1143 5198 1203 5233 τε
1254 5182 1349 5235 καὶ
1389 5183 1720 5253 παρακοπήν
1764 5183 1832 5238 ’⁸.

238 5272 439 5340 Οὕτως
463 5274 534 5349 ἦν
570 5276 861 5348 ἄνθρωπος
898 5277 1003 5330 ὑπὸ
1037 5278 1136 5346 τῆς
1164 5278 1504 5347 κατακοροῦς
1530 5276 1702 5348 μέθης
1742 5279 1836 5333 καὶ

238 5366 351 5418 τῶν
382 5369 649 5441 ἀθέσμων
680 5372 775 5423 καὶ
812 5370 1063 5439 ἀσελγῶν
1096 5370 1354 5441 πράξεων
1381 5370 1518 5434 ὅλως
1547 5370 1657 5424 τῶν
1687 5371 1835 5425 δεόν-

234 5471 346 5511 των
390 5460 705 5534 ἐξεστηκὼς
728 5462 821 5516 καὶ
861 5462 1173 5534 φρενοπλὴξ
1198 5463 1293 5517 καὶ
1332 5463 1679 5536 παράφορος.

1928 520 2205 591 captabat,
2275 520 2507 591 ejusque
2563 522 2782 577 tollendi
2838 521 3106 575 rationem
3159 517 3515 573 verisimilem

1926 611 2206 680 quwrebat
2234 627 2247 678 ;
2281 612 2374 665 sed
2403 612 2552 665 nulla
2587 610 2927 681 suppetebat.
2950 610 3188 664 Tantum
3213 624 3345 664 vero
3374 608 3521 663 illius

1927 702 2083 756 furor
2122 702 2411 770 processit,
2446 713 2504 758 ut
2533 713 2587 759 et
2621 705 2688 759 ad
2722 704 2993 761 occultam
3029 717 3221 757 necem
3267 700 3517 757 animum

1929 795 2207 866 impulerit
2240 816 2255 865 ;
2292 814 2457 868 quam
2494 800 2772 856 nonnullis
2811 815 2877 856 ex
2926 799 3250 855 sicariorum
3289 797 3380 853 illo
3404 799 3520 851 col-

1928 891 2090 962 legio,
2112 892 2314 962 quibus
2339 892 2521 947 omnia
2544 894 2817 956 credebat,
2850 892 3149 957 commisit,
3176 900 3234 945 ut
3258 890 3518 945 nimirum

1929 994 2180 1039 venatum
2232 994 2517 1049 exeuntes,
2564 994 2826 1055 tanquam
2879 986 3107 1040 bestiam
3163 982 3515 1055 percussuri,

1928 1077 2144 1131 hastam
2179 1076 2231 1130 in
2277 1092 2403 1132 eum
2448 1076 2725 1131 mitterent
2760 1091 2935 1146 eaque
2974 1060 3514 1129 ratione'necarent.

1928 1165 1983 1220 ld
2017 1167 2309 1236 quemdam
2344 1177 2593 1238 patrasse
2623 1167 2826 1232 ferunt,
2874 1167 3155 1236 missoque
3188 1166 3416 1234 Spiculo,
3449 1165 3518 1217 ab

1930 1273 1996 1313 co
2045 1260 2353 1325 aberrasse,
2400 1261 2814 1328 praevolansque
2857 1259 3023 1313 telum
3073 1259 3240 1312 humo
3279 1258 3515 1313 defixum

1929 1364 2074 1413 esse,
2129 1365 2331 1420 equum
2368 1365 2495 1405 vero
2546 1361 2771 1420 repente
2821 1350 3162 1405 mordentem
3204 1348 3357 1404 frena
3411 1364 3518 1403 una

1929 1456 2116 1496 secum
2154 1450 2370 1512 raptum
2403 1457 2502 1512 per
2532 1442 2762 1512 abrupta
2798 1456 2927 1497 saxa
2954 1440 3288 1512 prtecipitem
3319 1438 3516 1511 egisse,

1930 1542 2093 1603 atque
2123 1549 2189 1589 eo
2216 1551 2346 1589 casu
2377 1535 2529 1590 illum
2556 1535 2723 1589 vitam
2754 1535 2961 1591 finisse.
2984 1534 3214 1600 Quando
3236 1543 3291 1589 et
3313 1533 3517 1588 frustra

1928 1627 2245 1695 poenitentia
2303 1627 2525 1682 ductum
2566 1627 2719 1682 aiunt
2773 1626 3052 1682 sodalibus
3110 1629 3398 1681 mandasse
3451 1642 3519 1681 ne

1930 1719 2187 1790 deinceps
2224 1720 2495 1776 insontem
2538 1720 2760 1791 aggredi
2791 1720 3075 1785 auderent,
3125 1719 3229 1774 nisi
3269 1719 3436 1773 velint
3466 1729 3520 1772 et

1932 1811 2033 1881 ipsi
2065 1812 2254 1866 eodem
2284 1822 2445 1881 atque
2474 1812 2564 1867 ille
2590 1812 2758 1867 exitio
2791 1812 2954 1866 vitam
2997 1826 3198 1882 ponere
3235 1830 3249 1879 ;
3285 1811 3517 1867 accersi-

1930 1912 2092 1974 toque
2114 1903 2277 1974 250
2300 1904 2419 1958 viro
2444 1905 2682 1974 quodam
2714 1903 2987 1974 religioso,
3016 1918 3140 1958 cum
3159 1903 3280 1959 aliis
3306 1902 3519 1958 delictis

1930 1997 2047 2053 suis
2076 2012 2140 2051 ac
2180 1997 2504 2061 sceleribus,
2542 1999 2647 2053 hoc
2673 2010 2893 2067 quoque
2928 2011 3084 2052 sacra
3109 1996 3518 2067 exhomologesi

1927 2089 2262 2160 expiandum
2296 2089 2526 2160 putavit.

1999 2358 2089 2412 25.
2131 2357 2267 2413 Cum
2311 2366 2495 2411 autem
2531 2356 2832 2425 imperator
2867 2355 3073 2408 nullam
3108 2352 3252 2407 viam
3294 2361 3390 2407 aut
3421 2366 3519 2407 oc-

1936 2449 2222 2502 casionem
2272 2447 2544 2501 inveniret
2591 2444 2947 2501 interimendi
2983 2442 3270 2508 Basilium,
3296 2442 3365 2497 ad
3413 2442 3520 2497 alia

1927 2540 2183 2605 consilia,
2235 2540 2505 2595 scelerata
2556 2537 2781 2609 quidem
2838 2552 2905 2593 ac
2954 2536 3211 2602 nefanda,
3261 2536 3515 2591 vertitur.

1926 2629 2131 2702 Nempe
2168 2646 2359 2688 secum
2416 2631 2534 2701 ipse
2579 2628 2870 2685 constituit
2904 2638 2962 2683 ut
3007 2638 3062 2683 et
3110 2628 3279 2683 alium
3315 2627 3523 2699 pariter

1926 2722 2200 2779 haeredem
2261 2722 2492 2793 sceptris
2550 2720 2828 2776 immittat.
2871 2720 2950 2776 Ac
2992 2736 3127 2778 sane
3163 2721 3521 2778 Basilicinum

1926 2816 2106 2879 illum,
2137 2814 2219 2870 sic
2248 2813 2607 2884 appellatum,
2635 2828 2806 2868 unum
2838 2821 2893 2868 et
2929 2813 3109 2883 ipsum
3146 2814 3341 2869 nefarii
3372 2814 3520 2871 illius

1925 2906 2160 2976 collegii,
2194 2905 2475 2960 hominem
2507 2919 2745 2975 nequam
2774 2919 2839 2959 ac
2869 2905 3197 2960 sceleratum
3237 2906 3522 2962 eﬂ‘emina-

1927 3006 2155 3065 tumque
2192 3006 2247 3050 et
2279 2994 2419 3066 gulae
2443 2995 2801 3065 mancipium,
2833 2994 3152 3052 Nicomedia
3199 2998 3518 3064 oriundum,

1928 3088 2153 3144 fratrem
2207 3102 2530 3158 germanum
2598 3087 2946 3144 Constantini
3004 3088 3369 3161 Capnogenaz,
3424 3093 3521 3163 qui

1930 3190 2121 3251 postea
2156 3180 2326 3235 semel
2352 3180 2663 3249 iterumque
2695 3180 2940 3251 praifecti
2966 3180 3118 3236 urbis
3159 3198 3357 3239 munus
3387 3184 3521 3239 ade-

1932 3266 2057 3343 ptus
2086 3284 2205 3329 est:
2250 3281 2383 3327 tunc
2429 3285 2560 3325 vero
2591 3271 2735 3325 inter
2780 3273 2944 3341 regiae
2997 3274 3236 3330 triremis
3290 3276 3523 3345 remiges

1932 3365 2208 3435 ascriptus
2268 3372 2407 3419 erat.
2462 3360 2618 3417 llunc
2668 3362 2852 3432 itaque
2907 3360 3206 3418 infaustum
3266 3363 3519 3420 Basilici-

1932 3472 2064 3511 num
2094 3453 2428 3526 quandoque
2460 3452 2629 3524 regia,
2660 3452 2851 3507 multis
2877 3452 3193 3510 nominibus
3226 3454 3521 3521 celebrata,

1933 3549 2170 3605 induens
2193 3561 2459 3618 purpura,
2497 3544 2897 3616 spectabilique
2921 3554 3086 3616 atque
3106 3548 3353 3601 omnium
3378 3550 3525 3603 votis

1933 3641 2238 3713 expetenda
2299 3638 2465 3710 capiti
2521 3637 2781 3708 imposita
2840 3654 3067 3705 corona,
3129 3640 3525 3712 clilamydeque

1935 3735 2241 3791 lioloseriea
2274 3733 2540 3799 adhibita,
2577 3741 2633 3788 et
2662 3733 2941 3789 coccineis
2971 3734 3353 3807 lapidibusque
3398 3751 3522 3806 prec

1936 3829 2093 3883 tiosis
2141 3825 2509 3882 interstinctis
2547 3825 2773 3892 calceis,
2812 3824 3047 3897 aliisque
3080 3827 3246 3898 regiis
3290 3828 3524 3899 insigni~

1936 3920 2058 3984 bus,
2111 3917 2181 3972 ad
2225 3926 2479 3973 senatum
2514 3917 2706 3972 eduxit
2746 3933 2913 3973 manu
2971 3929 3182 3985 tenens,
3230 3921 3391 3991 eique
3427 3936 3525 3990 pro

1934 4010 2173 4065 ministri
2211 4009 2459 4079 partibus
2498 4008 2835 4080 obsequens,
2871 4010 3017 4065 baud
3066 4010 3226 4066 aliter
3270 4025 3335 4066 ac
3384 4010 3527 4067 Nero

1934 4102 2025 4157 ille
2071 4101 2349 4170 quondam
2397 4100 2916 4159 decantatissimum
2952 4102 3402 4174 Erotem.Atqne
3456 4102 3526 4158 ad

1934 4194 2160 4250 verbum
2202 4192 2296 4248 ait:

2049 4330 2229 4386 Videte
2259 4346 2459 4397 omnes,
2491 4338 2541 4384 et
2568 4330 2937 4387 admiramini.

2042 4403 2124 4456 An
2171 4419 2274 4455 non
2312 4403 2553 4456 convenit
2599 4402 2702 4471 ipsi
2744 4403 2887 4471 regia
2926 4401 3205 4472 dignitas?

2044 4472 2288 4527 Primum
2329 4473 2537 4544 quidem
2580 4475 2776 4540 species
2828 4471 2994 4542 digna
3022 4471 3273 4540 imperio:

2043 4543 2348 4599 Secundum
2387 4555 2562 4598 autem
2608 4545 2882 4614 Congenita
2935 4555 3012 4596 est
3060 4559 3277 4608 corona,

2042 4614 2277 4687 Suntque
2302 4615 2553 4685 dignitati
2597 4630 2829 4685 congrua
2861 4614 3060 4667 omnia.
3110 4616 3113 4619 ’

2047 4796 2264 4861 Quanto
2289 4799 2474 4852 melius
2513 4808 2627 4852 erat
2668 4816 2749 4852 me
2787 4799 2924 4852 hunc
2963 4798 3120 4869 251
3159 4800 3528 4869 imperatorem

1942 4889 2129 4959 fecisse
2187 4908 2345 4959 quam
2385 4889 2698 4945 Basiliam?
2754 4892 2880 4947 Haec
2926 4893 3017 4961 qui
3075 4894 3129 4947 in
3186 4892 3332 4962 regia
3372 4906 3531 4948 erant

1943 4982 2183 5037 universi
2222 4981 2470 5037 videntes
2523 4986 2585 5036 (ϊ
2631 4983 2936 5047 audientes,
2998 4985 3159 5039 defixi
3215 4994 3527 5049 steterunt,

1944 5082 2152 5127 tantam
2209 5074 2307 5126 viri
2342 5074 2649 5128 vecordiam
2683 5084 2967 5145 stupentes
3018 5077 3328 5145 ruentisque
3376 5095 3535 5132 θηξιό

1945 5165 2178 5220 sionem.
2214 5165 2306 5221 Sic
2336 5167 2597 5223 nimirum
2623 5184 2733 5239 prm
2756 5169 3048 5223 immodica
3070 5168 3334 5224 ebrietate
3360 5172 3535 5225 scele-

1943 5258 2314 5329 stissimisque
2370 5276 2435 5315 ac
2484 5261 2878 5330 impurissimis
2950 5260 3205 5327 actibus,
3261 5260 3531 5331 quidquid

1944 5367 2174 5419 prorsus
2206 5354 2416 5409 honesti
2470 5370 2536 5409 ac
2583 5354 2741 5408 oflicii
2778 5363 2862 5408 est
2912 5364 3259 5420 excusserat,
3310 5364 3534 5408 emota:-

1944 5458 2050 5512 que
2094 5445 2296 5500 mentis
2354 5446 2810 5516 insanusque.ac
2859 5445 3102 5502 titubans
3152 5446 3365 5502 ratione
3391 5456 3529 5502 erat.

1560 5602 1799 5658 VARUE
1835 5604 2246 5662 LECTIONES.

307 5717 355 5747 "
381 5716 649 5788 ἐθήρευεν
679 5716 760 5788 Ρ,
818 5717 863 5749 ¹⁸
894 5719 973 5781 εἰς
1006 5717 1067 5771 Ρ.
1148 5719 1190 5751 ¹⁹
1211 5720 1303 5771 καὶ
1344 5718 1578 5787 ἀνόνητα
1628 5719 1903 5772 Combeils
1930 5738 1941 5771 :
1965 5719 2020 5771 δὲ
2057 5721 2262 5787 ἀνόητα
2295 5718 2399 5773 Μ’.

1250 5790 1291 5819 ’³
1321 5792 1407 5842 καὶ
1453 5806 1520 5843 an
1548 5805 1578 5845 e
1607 5789 1819 5845 διάλιθα
1853 5807 1963 5845 om.
1988 5791 2048 5846 Ρ.
2126 5791 2168 5819 ’³
2205 5790 2309 5861 ὅτι]
2343 5792 2400 5843 οιῖι
2425 5789 2486 5844 1'.

232 5802 413 5856 κομον
449 5787 519 5843 Α.
596 5789 641 5820 ⁸⁸
676 5787 937 5860 ἐτύγχανε
963 5807 1074 5844 om.
1113 5788 1171 5843 P.

575 5883 853 5945 Parnm.
894 5884 1014 5946 Gn.
1064 5884 1227 5947 CIX.

2501 5719 3214 5794 "’10).p.i;saz]Bekﬁaatzv?
3306 5723 3345 5753 ¹¹
3382 5720 3532 5794 φιλέ-

2564 5795 2607 5825 ²³
2634 5787 2854 5862 ἀφάνώξ
2889 5794 2945 5847 Ι).
2992 5787 3004 5794 ⁷
3024 5796 3069 5826 ³⁵
3093 5787 3447 5864 παρατρτιπῆν
3471 5787 3531 5841 Ρ.

3102 5890 3140 5949 9
