3994 6220
464 295 568 360 271

468 505 560 575 qui
594 485 858 558 hactenus
890 501 1162 557 secundas
1190 499 1244 553 in
1294 498 1577 568 republica
1612 499 1854 563 tenebat,
1894 498 2046 553 Basi-

467 596 575 650 lius
604 611 619 660 ;
648 604 812 665 atque
833 593 902 648 ab
926 591 1289 662 optimatibus
1316 588 1789 662 inferioribusque
1833 592 2047 646 ordini-

468 688 571 741 bus
600 687 861 756 omnique
893 684 1135 740 exercitu
1161 693 1216 738 et
1259 682 1469 753 reliqua
1503 682 1712 738 urbana
1744 684 1921 754 plebe,
1957 684 2050 754 qui

466 790 519 834 et
548 788 708 835 antea
745 778 1087 848 supplicibus
1118 792 1149 831 a
1182 776 1292 831 Deo
1327 777 1469 832 votis
1505 777 1573 833 iis
1629 778 2050 846 exposcebatur,

467 875 770 943 imperator
794 872 1143 926 ‘acclamatus
1182 880 1286 925 est.
1316 871 1367 925 ls
1413 885 1564 937 vero,
1611 886 1738 925 mox
1777 886 1841 926 ac
1870 872 2053 941 reipu-

466 964 623 1018 blicae
654 961 811 1016 clavo
855 960 1113 1016 admotus
1146 969 1254 1023 est,
1281 969 1393 1014 tum
1425 975 1484 1015 se
1516 958 1633 1032 ipse
1683 969 1797 1016 tum
1834 960 2051 1030 imperii

470 1055 715 1110 habenas
758 1053 870 1109 Deo
901 1053 1130 1119 dicavit,
1151 1052 1266 1107 haec
1293 1054 1477 1108 verbis
1503 1054 1840 1109 solemnibus
1863 1070 2053 1123 orans,

466 1148 674 1204 Christe
701 1164 816 1210 rex,
852 1148 942 1218 qui
972 1156 1064 1201 tuo
1086 1146 1298 1216 judicio
1323 1163 1385 1200 ac
1420 1157 1551 1201 nutu
1578 1148 1856 1218 imperium
1887 1150 2052 1217 adep-

471 1254 555 1296 tus
598 1243 723 1309 sim,
779 1240 876 1295 tibi
922 1240 1060 1293 illud
1105 1241 1308 1309 pariter
1347 1256 1527 1311 meque
1564 1241 1736 1310 ipsum
1785 1258 2054 1298 consecro.

466 1334 707 1406 Moxque
758 1333 1045 1388 accersitis
1091 1340 1317 1387 senatus
1362 1333 1699 1403 primoribus
1742 1334 2055 1404 muniisque

463 1427 702 1499 publicis
748 1441 814 1481 ac
858 1424 1219 1496 dignitatibus
1265 1425 1725 1496 praecellentibus,
1772 1427 1839 1482 iis
1866 1441 2053 1482 coram

464 1520 739 1590 regiorum
782 1517 1171 1573 thesaurorum
1210 1532 1413 1587 penum
1447 1518 1703 1588 aperuit;
1746 1533 1847 1575 nec
1898 1518 2053 1574 aliud

464 1611 765 1682 quidquam
798 1625 866 1684 ex
897 1619 1049 1665 tanta
1076 1610 1437 1681 pecuniarum
1470 1610 1522 1665 vi
1554 1611 1840 1667 inventum
1884 1627 2052 1682 quam

464 1704 569 1758 tria
600 1702 892 1766 duntaxat,
928 1702 1396 1772 quemadmodum
1426 1701 1592 1771 paulo
1620 1709 1751 1757 ante
1783 1700 2053 1765 dicebam,

464 1794 813 1850 centenaria.
848 1792 1034 1859 Quare
1075 1792 1345 1864 indagans
1377 1793 1682 1863 imperator
1714 1794 1939 1863 expensi
1971 1810 2055 1849 co.

464 1888 663 1953 dicem,
691 1901 869 1957 eoque
898 1886 1126 1941 invento
1155 1884 1297 1954 apud
1333 1899 1518 1941 senem
1554 1884 1848 1955 quemdam
1875 1898 2071 1941 eunu-'

464 1981 656 2045 chum,
722 1979 993 2035 Basiliam
1055 1978 1583 2049 protospatharium,
1635 1979 2057 2051 intelligensquc

466 2088 574 2144 quo
605 2073 709 2127 illae
736 2072 1033 2135 abiissent,
1059 2086 1185 2126 cum
1210 2070 1567 2140 optimatibus
1590 2070 1710 2141 ejus
1758 2072 1836 2127 rei
1886 2086 2054 2128 Causa

466 2167 762 2224 consilium
827 2165 1040 2220 habuit.
1088 2162 1299 2219 Horum
1336 2177 1446 2218 una
1503 2178 1738 2219 concors
1783 2165 2055 2220 sententia

466 2258 592 2324 fuit,
623 2258 773 2329 ipsos
800 2258 894 2328 qui
928 2258 1072 2311 male
1097 2264 1446 2325 acceperant,
1475 2255 1529 2309 in
1554 2255 1810 2309 :erarium
1850 2255 2058 2310 referre

466 2362 739 2422 oportere.
768 2350 1079 2421 imperator
1111 2348 1277 2420 256
1301 2348 1496 2419 judicii
1521 2349 1881 2404 acrimoniam
1915 2358 2055 2404 tem-

467 2458 688 2514 perans,
737 2443 1028 2498 semissem
1069 2454 1417 2511 receptarum
1464 2441 1517 2495 in
1567 2442 1824 2496 aerarium
1876 2442 2058 2511 publi-

466 2550 590 2591 cum
622 2535 856 2604 singulis
887 2533 1239 2589 referendam
1274 2533 1483 2588 sanxit.
1528 2524 1853 2589 ltafaetum
1885 2544 1971 2589 est
2000 2543 2061 2589 ut

466 2639 521 2681 et
558 2626 688 2692 illis,
728 2625 833 2681 etsi
867 2624 1019 2679 nulla
1049 2623 1200 2693 digni
1228 2624 1607 2679 muniﬁcentia
1634 2633 1816 2691 erant,
1847 2626 2059 2696 accepti

324 2764 333 2777 ,
408 2752 415 2757 ι
468 2716 713 2770 muneris
737 2730 866 2785 pars
892 2714 1036 2768 baud
1064 2714 1262 2784 exigua
1287 2715 1530 2781 cederet,
1558 2725 1614 2770 et
1652 2725 1898 2771 trecenta
1932 2733 2059 2773 cen-

468 2809 680 2864 tenaria
711 2809 780 2862 ad
828 2808 1084 2861 marium
1133 2807 1424 2876 .publieum
1468 2806 1754 2873 redirent;
1810 2809 1955 2863 unde
2002 2810 2057 2863 in

468 2901 791 2971 urgentibus
817 2900 1055 2971 negotiis
1082 2899 1506 2953 subministrare
1533 2900 1698 2969 cepit
1734 2901 2052 2971 imperator,

468 3009 648 3065 exque
674 2991 835 3048 oliieii
871 2992 1083 3046 ratione
1122 3006 1234 3045 rem
1277 2991 1549 3061 publicam
1582 3007 1794 3063 gerere.

1571 295 2083 359 THEOPHANES
2113 300 2673 365 CONTINUATUS.

537 410 629 464 28.
662 407 818 465 Illico
846 417 1026 463 autem
1062 406 1137 461 ad
1186 419 1456 461 summam
1492 418 1677 459 rerum
1705 406 2047 475 provehitur,
2082 410 2129 468 Α

2231 410 2316 481 [Ρ.
2354 412 2475 483 159]
2506 412 2613 483 κη’.
2657 412 2967 483 Προάγεται
2989 412 3045 465 δέ
3079 410 3239 472 εὑθὺς
3264 410 3356 466 ἐπὶ
3391 412 3489 485 τὴν
3522 414 3734 467 πάντων

2159 501 2380 572 ἀρχὴνὸ
2414 504 2574 573 μέχρι
2603 502 2755 555 τοῦδε
2793 501 3129 573 δευτερεύων
3184 501 3391 574 ταύτης
3438 503 3731 569 Βασίλειος.

2160 595 2255 645 καὶ
2285 594 2438 664 παρά
2484 611 2543 646 τε
2566 594 2667 664 τῆς
2693 593 2914 665 ἐντίμου
2966 593 3162 665 βουλῆς
3192 595 3289 649 καὶ
3320 594 3429 648 τῶν
3462 596 3732 667 61:06qu-

2161 685 2338 737 κότων
2380 684 2680 755 ταγμάτων
2710 686 2805 737 καὶ
2836 682 3038 747 παντὸς
3067 681 3163 736 τοῦ
3208 681 3618 753 στρατεύματος
3648 685 3739 737 καὶ

2159 775 2256 831 τοῦ
2292 776 2450 849 ὄχλου
2509 775 2601 830 τοῦ
2650 776 2875 830 ἀστικοῦ
2906 774 2935 826 ό
2968 776 3065 829 καὶ
3107 774 3215 845 πρὸ
3248 773 3531 844 τούτουδϋ
3560 775 3737 844 ίκετη-

2163 870 2336 941 ρικῶν
2400 869 2576 940 εὑχῶν
2657 868 3084 939 ἐπιζητούμενος
3160 864 3557 937 ἀναγορεύεται
3646 866 3743 918 αὑ-

2159 962 2450 1033 τοκράτωρ
2504 961 2805 1026 Βασίλειος.
2841 963 2937 1027 ’ος
3006 960 3125 1032 ἅμα
3174 958 3253 1031 τῷ
3307 958 3603 1030 παρελθεῖν
3651 959 3741 1011 ἐπὶ

2160 1055 2261 1127 τὴν
2288 1054 2395 1108 τῶν
2427 1055 2564 1108 ὅλων
2590 1054 2765 1125 ἀρχὴν
2794 1054 2888 1107 xui.
2921 1052 3114 1107 ἐαυτὸν
3139 1052 3236 1107 καὶ
3264 1052 3360 1115 τὰς
3385 1050 3482 1105 τοῦ
3508 1054 3741 1123 κράτους

2161 1148 2320 1218 ἡνίας
2349 1147 2469 1218 Θεῷ
2495 1149 2869 1212 ἀνατέθεικεν,
2902 1146 3203 1217 εὐξάμενος
3226 1147 3320 1199 ἐπὶ
3345 1144 3545 1212 λέξεως
3578 1144 3704 1197 τάδε
3724 1162 3739 1177 ο

2160 1241 2380 1309 Χριστὲ
2432 1241 2720 1306 βασιλεῦ,
2777 1240 2851 1309 τῇ
2883 1238 2967 1309 σῇ
3010 1240 3205 1307 κρίσει
3258 1237 3375 1306 τὴν
3415 1238 3745 1302 ,ϐασιλείαν

2158 1334 2509 1406 δεξάμενος,
2527 1336 2627 1390 σοι
2644 1336 2742 1389 καὶ
2762 1336 2987 1402 ταύτην
3005 1333 3100 1388 καί
3122 1333 3385 1402 ἐμαυτὸν
3404 1332 3739 1401 ἀνατίθημι.

2162 1427 2687 1500 Προσκαλεσάμενος
2766 1427 2822 1480 δὲ
2854 1427 3053 1481 αὐτίκα
3096 1426 3223 1490 τοὺς
3300 1424 3401 1493 τῆς
3453 1426 3743 1495 γερουσίας

2161 1520 2458 1591 προκίτους
2492 1523 2588 1575 καὶ
2620 1521 2666 1552 ⁵⁸
2699 1522 2757 1574 ἐν
2782 1518 3058 1591 ἀξιώμασι
3106 1516 3467 1591 προῦχοντας,
3506 1518 3625 1589 μετ’
3648 1520 3746 1572 αὑ-

2160 1615 2268 1669 τῶν
2302 1615 2395 1669 τὸν
2421 1614 2534 1668 τῶν
2567 1614 2859 1687 βασιλείων
2878 1613 3174 1685 θησαυρῶν
3204 1612 3247 1644 δ¹
3272 1611 3474 1682 ἀνέῳξε
3493 1611 3741 1682 φύλακα·

2161 1706 2259 1761 καὶ
2291 1706 2447 1761 οὐδὲν
2498 1706 2692 1779 ἕτερον
2736 1709 2802 1761 ἐκ
2852 1706 2947 1760 τοῦ
2997 1704 3257 1760 τοσούτου
3302 1703 3414 1757 τῶν
3442 1702 3743 1774 χρημάτων

2159 1797 2404 1869 πλήθους
2434 1799 2635 1871 εὑρέθη
2668 1800 2810 1869 πλὴν
2837 1798 2963 1869 τρία
2985 1798 3082 1851 καὶ
3114 1798 3272 1868 μόνα,
3301 1794 3485 1858 καθὼς
3517 1795 3616 1867 ήδη
3650 1795 3743 1848 καὶ

2158 1891 2267 1961 πρὸ
2291 1891 2477 1960 ὀλίγου
2510 1909 2599 1962 μοι
2664 1891 2907 1963 εἴρηται,
2966 1887 3321 1960 κεντηνάρια.
3355 1889 3605 1957 Ζητήσας
3650 1884 3745 1938 οὑν

2158 1985 2187 2037 ό
2214 1983 2471 2055 βασιλεὺς
2502 1983 2600 2056 τὴν
2633 1984 2733 2052 τῆς
2776 1980 2961 2048 ἐξόδου
3015 1979 3400 2053 καταγραφὴν,
3468 1980 3561 2032 καὶ
3618 1977 3748 2031 ταύο

2158 2092 2258 2146 την
2317 2074 2495 2146 εὑρὼν
2550 2075 2705 2145 παρὰ
2754 2092 2860 2128 τινι
2918 2074 3028 2127 τῶν
3069 2072 3342 2143 εὐνούχων
3402 2070 3620 2140 γέροντι
3665 2067 3748 2139 τῷ

2160 2168 2650 2241 πρωτοσπαθαρίῳ
2729 2169 2774 2201 δ’
2820 2167 3129 2238 Βασιλείῳ,
3207 2162 3303 2219 καῖὶ
3377 2165 3540 2232 γνοὺς
3609 2162 3744 2216 ὅπου

2158 2261 2335 2316 ταῦτα
2372 2262 2645 2334 ἐχώρησε,
2710 2262 2907 2333 βουλὴν
2944 2261 3075 2331 περὶ
3108 2259 3298 2314 τούτου
3347 2261 3461 2320 τοῖς
3501 2256 3749 2329 ἀρίστοις

2161 2349 2479 2422 προῦθηκεν
2501 2369 2513 2381 ·
2577 2344 2653 2405 ὧν
2680 2353 2713 2423 ἡ
2746 2351 2927 2421 ψῆφος
2980 2348 3279 2421 ὁμοφώνως
3308 2347 3613 2417 συνᾴδουσα
3645 2344 3748 2399 αὑ-

2160 2445 2287 2509 τοὺς
2316 2445 2558 2509 ἐκείνους
2590 2444 2720 2507 τοὺς
2752 2444 2942 2508 κακῶς
2968 2444 3144 2497 ταῦτα
3171 2441 3440 2502 λαϐόντας
3462 2438 3749 2508 ἀντιστρέ-

2158 2533 2258 2604 ψαι
2286 2534 2423 2607 πρὸς
2449 2535 2509 2588 τὸ
2536 2536 2819 2605 δημόσιον,
2842 2537 2869 2588 ό
2892 2533 3144 2605 βασιλεὺς
3172 2532 3235 2586 τὸ
3254 2532 3395 2600 ἄγαν
3421 2528 3750 2600 ὑποθραύων

2158 2628 2369 2682 δίκαιον
2426 2628 2525 2693 τὰς
2578 2629 2837 2699 ἡμισείας
2870 2622 3055 2697 ὧνπερ
3105 2623 3300 2679 ἔλαϐον
3334 2624 3560 2677 ἐκαστοι
3600 2622 3752 2675 ἀντι-

2164 2719 2400 2791 στρέψαι
2433 2720 2574 2792 πρὸς
2628 2722 2689 2774 τὸ
2744 2719 3023 2792 βασιλικὸν
3052 2720 3300 2790 ταμιεῖον
3329 2714 3603 2770 ἐκέλευσε.
3637 2713 3751 2766 Καὶ

2162 2811 2336 2877 οὑτως
2368 2813 2569 2883 συνέϐη
2602 2812 2899 2876 κάκείνοις,
2933 2814 2981 2865 εί
3021 2812 3117 2864 καὶ
3146 2808 3357 2874 ἀνάξιοι
3389 2807 3570 2875 πάσης
3592 2804 3748 2874 φιλο-

2164 2906 2353 2977 τιμίας
2377 2904 2697 2975 ἐτύγχανον,
2732 2905 2833 2957 οὑκ
2870 2903 3053 2973 ὀλίγον
3086 2904 3165 2955 ἐτι
3200 2897 3615 2971 περιλειφθῆναι
3647 2898 3751 2967 τῆς

2154 2998 2388 3071 δωρεᾶς,
2419 2999 2513 3051 καὶ¹
2536 2997 2615 3068 τῷ
2640 2995 2904 3067 βασιλικῷ
2924 2992 3418 3067 θησαυροφυλακίῳ
3446 2988 3745 3061 τριακόσια

468 3084 861 3154 ἐπεισαχθῆναι
881 3082 927 3114 ⁸³
947 3076 1302 3155 κεντηνάρια,
1331 3084 1424 3154 ἀφ’
1451 3079 1525 3137 ὧν
1576 3086 1635 3138 ἐν
1669 3088 1801 3166 τοῖς,
1839 3087 2155 3159 ἐπείγουσιν
2174 3092 2376 3163 ἤρξατο
2400 3094 2658 3163 χορηγεῖν
2687 3089 2784 3145 καὶ
2829 3089 3057 3152 δεόντως
3090 3090 3118 3141 ό
3144 3088 3191 3123 ⁸⁸
3223 3084 3478 3157 βασιλεὺς
3502 3082 3747 3139 διοικεῖν,

538 3176 632 3231 29.
662 3174 783 3242 Qua
811 3175 902 3231 die
943 3176 1158 3245 imperii
1187 3191 1460 3233 summam
1497 3178 1726 3249 adeptus
1778 3189 1865 3237 est
1907 3181 2056 3239 Basi-

2243 3186 2347 3241 κθ’.
2372 3186 2531 3241 Κατὰ
2583 3186 2641 3241 δὲ
2682 3183 2783 3256 τὴν
2817 3184 3031 3255 ἡμέραν
3080 3181 3201 3235 καθ’
3231 3181 3299 3250 ἢν
3332 3180 3423 3232 ἐπὶ
3458 3177 3558 3249 τὴν
3587 3178 3750 3230 αὑτο-

468 3270 598 3334 lius,
624 3269 775 3324 velut
802 3268 913 3323 Deo
944 3269 1321 3325 Romanarum
1366 3286 1547 3325 rerum
1589 3272 1642 3326 in
1689 3273 1887 3329 melius
1935 3292 2060 3329 mu-

468 3361 694 3416 tationis
760 3359 980 3427 indice,
1040 3361 1341 3416 multorum
1388 3371 1719 3432 tropaeorum
1774 3368 1949 3421 nuntii
2002 3370 2061 3424 in

469 3460 763 3522 augustam
832 3454 975 3505 hanc
1038 3451 1229 3505 urbem
1290 3452 1669 3520 advenerunt,
1762 3457 2062 3528 multisque

468 3542 803 3597 Christianis
850 3550 1117 3595 assertam
1172 3557 1237 3594 ex
1284 3544 1602 3611 captivitate
1644 3546 1948 3604 libertatem
1992 3551 2061 3606 ad

470 3649 593 3691 eam
618 3636 887 3704 perlatum
919 3642 1022 3690 est.
1056 3632 1262 3705 Pompa
1293 3635 1478 3706 itaque
1509 3653 1837 3710 progressus
1886 3644 2061 3713 impe-

472 3738 628 3782 rator
657 3727 725 3781 ad
751 3741 1010 3795 ntagnum
1039 3725 1134 3783 Dei
1168 3728 1451 3798 templum,
1477 3730 1565 3786 cui
1596 3731 1665 3786 ab
1696 3732 1817 3803 ejus
1842 3737 2061 3805 sapien-

472 3820 547 3875 tia
606 3834 809 3875 nomen
837 3829 945 3883 est,
981 3835 1192 3891 proque
1239 3821 1501 3878 omnibus
1534 3823 1702 3879 simul
1756 3826 2057 3894 gratiarum

471 3912 696 3969 actione
753 3911 1104 3983 perfunctus,
1161 3912 1445 3970 redeundo
1498 3917 1819 3973 consularia
1858 3921 2062 3990 sparsit

470 4020 726 4069 munera,
785 4004 1174 4075 ingentemque
1222 4006 1329 4059 vim
1390 4008 1771 4077 pecuniarum,
1826 4026 1934 4064 non
1990 4026 2059 4067 ex

470 4097 710 4167 publicis
743 4096 908 4167 (qua:
952 4112 1061 4151 non
1120 4096 1538 4169 suppetebant),
1571 4100 1667 4156 sed
1700 4116 1765 4156 ex
1795 4105 2054 4174 propriis,

470 4206 609 4263 quas
637 4202 765 4246 ante
793 4192 1133 4261 possederat,
1160 4192 1214 4246 in
1241 4192 1492 4249 subditos
1516 4194 1840 4267 plebemque
1870 4199 2060 4252 distri-

468 4282 609 4339 buit.
648 4281 800 4337 Uxor
831 4296 1052 4352 quoque
1087 4282 1327 4339 Eudocia
1371 4299 1497 4339 cum
1539 4286 1729 4341 liberis
1786 4288 2058 4343 Constan-

471 4376 588 4431 tino
627 4384 681 4430 et
726 4373 932 4441 Leone,
962 4375 1079 4445 pari
1112 4385 1168 4429 et
1195 4375 1313 4446 ipsa
1343 4376 1656 4447 largitione,
1692 4379 1891 4434 multas
1922 4381 2057 4435 civi-

403 4489 412 4498 ·
469 4470 577 4525 bus
606 4470 871 4541 pecunias
898 4484 963 4523 ex
993 4469 1111 4524 suis
1141 4471 1409 4538 erogavit.
1434 4472 1511 4525 Ac
1553 4471 1679 4527 licet
1717 4486 1783 4527 eo
1813 4482 2057 4543 tempore

2166 3280 2415 3352 κράτορα
2434 3276 2598 3350 ἦλθεν
2624 3278 2848 3350 ἀρχὴνό
2890 3274 3191 3340 Βασίλειος,
3241 3273 3429 3343 ὥσπερ
3472 3270 3749 3323 ἐνδεικνυ-

2122 3428 2145 3453 ,⁸
2168 3375 2332 3445 μένου
2362 3373 2498 3426 Θεοῦ
2549 3372 2647 3442 τὴν
2704 3375 2797 3425 ἐπὶ
2844 3370 2912 3423 τά
2959 3370 3197 3440 κρείττω
3255 3365 3362 3419 τῶν
3416 3362 3749 3432 Ῥωμαϊκῶν

2160 3458 2509 3533 ’πραγμάτων
2562 3462 2888 3533 μεταὸολὴν,
2945 3458 3143 3529 συνέϐη
3197 3455 3408 3511 πολλῶν
3460 3454 3750 3508 ἐπινικίων

2163 3556 2423 3624 ἀγγελίαν
2459 3555 2559 3625 τὴν
2595 3553 2989 3625 βασιλεύουσαν
3020 3552 3229 3621 ταύτην
3268 3547 3603 3604 καταλαϐεῖν
3655 3546 3752 3598 καὶ

2163 3649 2466 3720 ἀνάρρυσιν
2496 3648 2738 3718 πλήθους
2781 3642 3143 3716 αίχμαλὼτων
3184 3639 3527 3711 Χριστιανῶν
3554 3639 3752 3706 ἀγγελο

2164 3737 2343 3807 θῆναι.
2369 3738 2601 3808 Πρόοδον
2619 3735 2712 3792 οὖν
2730 3739 2758 3790 ό
2780 3735 3031 3808 βασιλεὺς
3058 3735 3150 3787 ἐπὶ
3169 3734 3260 3786 τὸν
3296 3733 3471 3803 μέγαν
3500 3730 3595 3783 τοῦ
3611 3728 3751 3782 Θεοῦ

2162 3828 2288 3883 ναὸν
2322 3828 2415 3883 τὸν
2431 3828 2531 3899 τῆς
2549 3829 2760 3883 ἐκείνου
2802 3828 3005 3897 Σοφίας
3029 3824 3317 3893 ἐπώνυμον
3352 3821 3750 3893 ποιησάμενος,

2162 3924 2255 3976 καὶ
2279 3921 2378 3985 τὰς
2411 3922 2540 3994 περὶ
2562 3922 2780 3976 πάντων
2795 3919 2933 3991 ὁμοῦ
2955 3918 3303 3990 εὐχαριστίας
3320 3916 3469 3986 αὑτῷ
3486 3914 3749 3979 ἀποδοὺς,

2162 4017 2220 4069 ἐν
2244 4016 2322 4087 τῷ
2350 4016 2715 4086 ὑποστρέφειν
2773 4014 3099 4079 ὑπάτευσεν,
3126 4011 3222 4065 καὶ
3253 4012 3511 4082 χρήματα
3546 4008 3749 4073 πολλὰ,

2160 4109 2261 4163 οὑκ
2289 4110 2353 4161 ὲκ
2390 4107 2497 4161 τῶν
2520 4106 2798 4177 δημοσίων
2840 4102 2982 4175 (οὑδὲ
3011 4102 3122 4173 γὰρ
3151 4097 3264 4173 ἦν),
3292 4101 3405 4153 ἀλλ’
3427 4101 3492 4152 ἐκ
3523 4099 3641 4151 τῶν
3673 4098 3753 4150 οἰ-

2162 4198 2346 4263 κείων,
2363 4198 2399 4251 ἆ
2424 4198 2689 4265 ἐκέκτητο
2709 4195 2999 4266 πρότερον,
3016 4192 3129 4256 τοῖς
3152 4191 3415 4261 ὑπηκόοις
3448 4190 3750 4263 διένειμεν.

2161 4291 2271 4343 Καὶ
2307 4288 2549 4361 ἡτούτου
2580 4288 2637 4341 δέ
2668 4287 2902 4355 σύζυγος
2923 4285 3207 4353 Εὑδοκίαή
3239 4282 3451 4353 βασιλὶς
3483 4280 3605 4351 ἅμα
3632 4283 3756 4344 τοῖς

2162 4381 2297 4441 υἱοῖς
2356 4381 2754 4450 Κωνσταντίνῳ
2808 4380 2903 4432 καὶ
2936 4377 3125 4431 Λέοντι
3159 4374 3516 4429 ὑπατεύσασα
3572 4373 3757 4426 πολλα

2159 4476 2225 4545 τῇ
2256 4472 2506 4545 πολιτείᾳ
2548 4475 2811 4544 χρήματα
2866 4472 2975 4526 ἀπὸ
3017 4472 3124 4525 τῶν
3151 4469 3355 4539 ἑαυτῆς
3401 4468 3756 4539 ἐδωρήσατο.

472 4563 774 4634 imperator
800 4563 971 4618 multa
1001 4562 1181 4618 adhuc
1211 4564 1285 4617 rei
1318 4565 1641 4620 nummariae
1663 4574 1902 4637 egestate
1926 4582 2053 4637 pre-

2164 4566 2312 4638 Πλὴν
2338 4566 2386 4619 εί
2416 4566 2511 4619 καὶ
2526 4566 2647 4618 τότε
2680 4565 2762 4619 ἔτι
2794 4565 3055 4627 ἐσπάνιζε
3082 4563 3383 4635 χρημάτων
3402 4562 3429 4612 ό
3465 4559 3762 4628 βασιλεὺς,

473 4666 739 4725 meretur,
772 4658 851 4712 uti
885 4657 1095 4711 dictum
1123 4666 1232 4721 est,
1258 4666 1447 4727 postea
1478 4666 1661 4715 tamen
1692 4659 1890 4714 uberes
1917 4660 2052 4716 satis

474 4766 607 4821 opes
645 4752 873 4821 adeptus
905 4757 1011 4817 est,
1056 4752 1254 4822 partim
1293 4750 1514 4822 quidem
1574 4750 1669 4806 Dei
1716 4766 1943 4807 munere
1989 4766 2053 4807 ac

474 4850 611 4896 nutu
636 4842 706 4896 ob
728 4842 850 4911 ejus
878 4843 932 4897 in
966 4858 1235 4913 pauperes
1263 4841 1693 4898 misericordiam
1730 4858 1795 4897 ac
1833 4843 2054 4913 aquita-

471 4942 605 4999 tem,
642 4932 828 4985 multis
861 4933 966 4987 sub
1000 4942 1145 4987 terra
1176 4934 1411 4991 occultis
1442 4936 1718 4991 thesauris
1744 4935 1835 4990 illo
1867 4950 2051 4991 rerum

432 5008 715 5099 ἰιοιίεηιε
742 5025 797 5080 in
840 5025 1015 5080 lucem
1059 5025 1221 5097 257
1277 5027 1604 5096 productis;
1662 5028 1863 5099 partim
1922 5043 2055 5084 vero

468 5122 635 5176 etiam
672 5136 737 5175 ex
764 5133 903 5174 auro
932 5118 1080 5187 quod
1115 5118 1167 5172 in
1213 5119 1431 5189 privato
1463 5120 1810 5190 imperatoris
1834 5121 2049 5188 aerario,

470 5213 616 5281 quod
650 5227 844 5283 nempe
874 5212 995 5282 ejus
1025 5210 1286 5266 decessor
1336 5211 1570 5267 Michael
1615 5213 1868 5270 conﬂatis
1899 5229 2053 5285 egre-

473 5302 575 5377 giae
604 5308 823 5363 fabricae
856 5306 1355 5378 pulcherrimisque
1382 5305 1638 5376 operibus
1673 5311 1874 5377 (aurea
1905 5306 2056 5363 scili-

471 5410 559 5455 cet
598 5401 679 5456 sic
712 5413 903 5456 vocata
960 5402 1205 5471 platano,
1254 5400 1469 5455 duobus
1512 5414 1649 5454 auro
1704 5401 1893 5456 solidis
1930 5416 2055 5471 gry-

474 5494 719 5564 phibus,
787 5496 1127 5567 totidemque
1206 5510 1343 5549 auro
1395 5493 1701 5550 ductilibus
1776 5493 2049 5556 leonibus,

2161 4658 2351 4729 ὦσπερ
2380 4659 2618 4729 εἴρηται,
2642 4656 2727 4730 [Ρ.
2761 4655 2886 4728 160]
2920 4656 3055 4710 ἀλλά
3086 4655 3224 4725 μετά
3245 4651 3416 4706 ταῦτα
3462 4654 3770 4722 προσετέα-

2161 4768 2283 4804 νετο
2332 4752 2427 4804 καὶ
2483 4750 2689 4820 ἐτέρων
2716 4750 2760 4781 ⁸³
2784 4749 3087 4820 χρημάτων
3115 4745 3317 4816 πλῆθος
3345 4742 3495 4813 αὑτῷ
3531 4744 3765 4806 ἱκανὸν,

2162 4844 2323 4898 τοῦτο
2353 4844 2450 4915 μὲν
2486 4842 2624 4896 Θεοῦ
2679 4841 2769 4896 διὰ
2816 4842 2909 4894 τὸν
2945 4841 3083 4911 πρὸς
3129 4839 3257 4900 τοὺς
3304 4837 3549 4905 πένητας
3596 4833 3772 4886 ἔλεον

2163 4935 2329 4991 αὑτοῦ
2386 4937 2482 4989 καὶ
2528 4934 2629 5006 τὴν
2683 4932 3033 5001 δικαιοσύνην
3064 4929 3295 4991 πολλοὺς
3340 4926 3450 4979 τῶν
3496 4924 3606 4977 ὑπὸ
3648 4925 3770 4994 γῆν

2165 5026 2457 5100 θησαυρῶν
2487 5028 2545 5081 ἐν
2574 5028 2698 5090 ταῖς
2756 5024 2992 5097 ἡμέραις
3046 5021 3215 5076 αὑτοῦ
3247 5022 3325 5083 εἰς
3357 5018 3473 5088 φῶς
3518 5017 3773 5085 εὐδοκή-

2159 5137 2351 5184 σαντος
2389 5118 2693 5189 προελθεῖν,
2721 5117 2883 5173 τοῦτο
2910 5118 2965 5171 δὲ
2988 5116 3085 5171 καὶ
3113 5116 3222 5170 ἀπὸ
3250 5114 3347 5167 τοῦ
3382 5115 3440 5165 ἐν
3466 5110 3545 5181 τῷ
3558 5110 3772 5179 εἰδικῷ

2157 5214 2477 5287 εὑρεθέντος
2505 5211 2731 5284 χρυσοῦ,
2770 5212 2831 5266 ὃν
2870 5213 2899 5265 ό
2956 5205 3472 5281 προδεόασιλευκὼς
3517 5202 3770 5273 Μιχαὴλ

2155 5310 2223 5362 τὰ
2250 5307 2513 5362 κάλλιστα
2546 5306 2655 5359 τῶν
2686 5305 2863 5375 ἔργων
2921 5302 3331 5374 συγχωνεύσας,
3365 5298 3511 5366 λέγω
3542 5295 3611 5367 δὴ
3646 5296 3771 5365 τὴν

2157 5399 2370 5471 χρυσῆν
2413 5398 2629 5468 ἐκείνην
2659 5396 3004 5468 καλουμένην
3047 5394 3319 5447 πλάτανον
3352 5391 3445 5445 καὶ
3477 5390 3612 5451 τοὺς
3660 5387 3773 5439 δύο

2158 5490 2487 5561 ὁλοχρύσους
2504 5489 2722 5560 γρῦπας
2735 5489 2969 5552 καὶτοὺς
2989 5488 3083 5565 δύο
3101 5486 3339 5559 χρυσοῦς
3356 5480 3774 5552 σφυρηλάτους

1787 5610 2017 5666 VARI/Ii
2057 5607 2453 5663 LECTIONES.

543 5704 588 5736 ⁸ο
614 5701 708 5757 καὶ
736 5718 845 5757 om.
880 5703 941 5757 Α.
1018 5702 1059 5734 ⁸⁸
1090 5703 1363 5774 θησαυρὸν
1411 5708 1475 5759 Α.
1553 5705 1595 5736 ³⁸
1626 5704 1732 5758 τῶν
1760 5702 2269 5774 πρωτοσπαθαρίων
2309 5706 2371 5755 Α.

479 5794 567 5849 ρον
589 5773 656 5832 Α.

2454 5704 2493 5731 ³³
2519 5700 2945 5771 ἐπισυναχθῆναι
2980 5701 3045 5759 Α.
3123 5701 3167 5733 ⁸⁵
3197 5701 3225 5752 ὀ
3256 5712 3367 5754 om.
3402 5695 3463 5749 P.
3542 5693 3592 5727 ’⁵⁸
3628 5694 3781 5749 ’ἑτε-
