3994 6220
246 328 341 392 273

1316 341 1462 402 LIB.
1504 341 1573 403 V.
1605 366 1674 376 -
1700 340 2053 407 BASILIUS
2089 348 2407 409 MACEDO.

3396 352 3503 413 ρτι

244 445 440 506 λέοντας
493 442 585 495 καὶ
649 443 711 496 τὸ
756 443 1050 517 ὁλόχρυσον
1077 448 1310 520 ὄργανον
1346 452 1441 505 καὶ
1495 451 1661 522 ἐτερα
1692 450 1800 505 τῶν

1927 469 2150 526 utroque
2201 458 2377 512 solido
2412 472 2639 527 organo,
2678 459 2949 529 variaque
2970 459 3077 514 alia
3157 476 3360 517 mensae
3405 482 3500 517 su-

241 538 324 589 ἐπὶ
351 536 448 605 τῆς
476 538 759 609 τραπέζης
781 543 1159 612 χρυσωμάτων
1189 545 1327 615 ἔργα
1345 546 1579 618 διάφορα
1596 550 1690 603 καὶ
1706 550 1805 614 τάς

247 628 509 698 βασιλικάς
536 647 597 683 τε
626 631 723 685 καὶ
766 634 1175 703 αύγουστιακὰς
1209 638 1405 703 στολάς
1455 642 1550 695 καὶ
1577 641 1677 708 τὰς
1703 642 1805 717 ἄρ-

243 740 377 791 χουσι
410 723 671 794 μεγάλοις
714 726 1073 798 ἀρμαζούσας
1102 730 1361 803 ἐσθῆτας,
1394 735 1577 799 πάσας
1598 754 1807 809 τυγχα-

221 815 421 909 Ινούσας
450 810 815 890 χρυσοϋφεῖςο
868 822 905 877 δι
932 823 998 894 δὴ
1056 824 1238 879 πάντα
1284 830 1694 899 συγχωνεύσας,
1729 831 1806 897 ὡς

243 908 495 975 λέλεκται,
529 912 611 975 είς
632 912 703 967 τὰ
728 913 851 968 καθ’
877 915 1073 987 ἡδονὴν
1101 917 1253 989 αὐτῷ
1292 918 1519 992 ἔμελλεν
1555 922 1808 995 ἀποχρή-

245 1001 425 1054 σασθαι
450 1018 465 1032 ο
492 1006 1052 1077 προαναρπασθὲντος
1072 1009 1131 1064 δέ
1151 1011 1365 1066 ἐκείνου
1397 1012 1599 1084 εὑρέθη
1622 1015 1651 1068 ό
1677 1032 1810 1086 χρυ-

244 1086 343 1150 σὸς,
368 1089 463 1143 καὶ
494 1093 793 1165 χαραχθεὶς
826 1097 907 1161 είς
940 1098 1157 1155 ἅπαντα
1201 1101 1393 1171 γέγονε
1427 1106 1701 1175 χρήσιμος
1730 1106 1811 1177 τῷ

244 1183 435 1256 βασιλεῖ
457 1198 474 1215 ο
502 1184 602 1238 Δεῖ
627 1186 761 1256 γὰρ,
793 1187 948 1258 φησὶ,
976 1192 1322 1261 χρημάτων,
1358 1196 1460 1250 καὶ
1496 1195 1645 1252 ἄνευ
1673 1198 1812 1253 τού-

244 1294 347 1330 των
379 1276 566 1333 οὐδὲν
600 1278 735 1333 ἐστι
769 1281 1051 1350 γενέσθαι
1108 1283 1235 1340 τῶν
1296 1286 1584 1345 δεόντων.
1648 1290 1813 1345 Ἀλλὰ

242 1370 384 1423 τοῦτο
411 1372 513 1441 μὲν
547 1371 796 1444 ὕστερον.

306 1461 369 1517 λ’.
401 1463 537 1517 Τότε
567 1464 647 1531 δέ,
680 1466 913 1538 ἐπείπερ
976 1468 1070 1522 ἐπὶ
1099 1469 1210 1525 τῶν
1256 1472 1358 1542 τῆς
1402 1474 1583 1545 ἀρχῆς
1608 1476 1813 1532 οἰάκων

241 1558 337 1611 ὑπὸ
354 1557 455 1627 τῆς
482 1557 748 1629 Προνοίας
772 1558 1163 1630 προϐιϐασθεὶς
1187 1561 1446 1617 ἐκάθισεν
1464 1567 1493 1619 ό
1507 1565 1811 1639 Βασίλειος,

239 1650 387 1713 εὐθὺς
408 1649 522 1704 ἀπὸ
553 1650 845 1721 γραμμῆς,
876 1650 1068 1721 φασὶν,
1101 1652 1253 1718 ἄξιος
1297 1654 1600 1720 ἐσπούδαζε
1636 1659 1814 1728 φανῆ-

238 1758 321 1793 ναι
346 1740 439 1793 τοῦ
477 1739 746 1811 μεγέθους
775 1741 870 1794 τοῦ
935 1742 1285 1815 πράγματος,
1326 1747 1424 1800 καὶ
1461 1747 1682 1820 νύκτωρ
1736 1751 1815 1804 δι-

241 1831 506 1905 ηγρύπνει
537 1834 635 1887 καὶ
669 1832 787 1903 μεθ’
816 1835 1033 1904 ἡμέραν
1085 1837 1387 1905 διεσκόπει,
1421 1840 1601 1896 πάντα
1644 1843 1816 1899 κινῶν

238 1924 488 1995 λογισμὸν
516 1926 610 1977 καὶ¹
646 1926 757 1977 πᾶν
790 1928 1042 1997 στρέφων
1074 1928 1376 2002 βούλευμα,
1419 1934 1570 1997 ὅπως
1604 1935 1814 2004 ἀγαθοῦ

234 2035 372 2080 τινος
394 2016 569 2081 αῐτιος
598 2018 713 2079 τοῖς
741 2019 833 2071 ὑπ’
868 2020 1033 2101 αὑτὸν
1088 2023 1265 2077 ἅπασι
1292 2025 1505 2093 γένοιτο
1542 2027 1638 2082 καὶ
1665 2029 1815 2094 ὅπως

235 2108 329 2162 ἐπὶ
348 2111 410 2160 τὸ
440 2107 665 2177 ἄμεινον
712 2110 927 2182 ἐμφανῆ
983 2114 1080 2167 καὶ
1122 2114 1371 2187 μεγάλην
1408 2118 1717 2191 μεταϐολὴν
1744 2121 1815 2175 τά

237 2202 536 2271 πράγματα
582 2201 827 2274 δέξηται.
861 2206 972 2259 Καὶ
1021 2208 1217 2276 πρῶτα
1256 2211 1357 2280 μὲν
1387 2212 1481 2267 ἐπὶ
1511 2213 1614 2278 τὰς
1637 2216 1815 2288 ἀρχὰς

239 2290 551 2360 ἀδωρότατα
578 2294 713 2381 τοὺς
741 2294 961 2351 πάντων
996 2297 1257 2367 ἀρίστους
1287 2302 1649 2376 ἐκλεγόμενος
1679 2325 1816 2381 προ-

236 2381 510 2448 εϐάλλετο,
543 2380 626 2450 οἷς
669 2381 740 2457 ἦν
770 2388 863 2441 καὶ
889 2389 1121 2456 οἴκοθεν,
1151 2390 1249 2447 ἅτε
1279 2394 1526 2465 ἀρίστοις
1546 2392 1688 2466 οὖσι,
1719 2380 1816 2454 καὶ

236 2475 340 2528 άπὸ
384 2476 487 2546 τῆς
543 2476 809 2549 ἀκριϐοῦς
879 2480 973 2534 τοῦ
1033 2482 1414 2554 βασιλεύοντος
1469 2491 1815 2561 ἐπισκέψεως

236 2568 447 2638 πρῶτον
482 2569 646 2641 ἔργον
713 2571 809 2626 καὶ
854 2574 1181 2647 σπούδασμα
1238 2578 1302 2633 τὺ
1343 2581 1453 2651 πρὸ
1491 2581 1600 2638 τῶν
1636 2583 1816 2640 ἄλλων

234 2659 492 2739 τὰςίδίας
516 2663 711 2732 χεῖρας
749 2663 999 2736 καθαράς
1050 2667 1158 2721 ἀπὸ
1196 2670 1453 2724 παντοίου
1488 2672 1817 2742 διαφυλάξαι

233 2750 546 2824 λήμματος,
578 2749 683 2807 εἷθ’
711 2753 887 2821 οὕτως
910 2759 1103 2812 πασῶν
1133 2760 1244 2816 τῶν
1286 2762 1502 2833 ἀρετῶν
1538 2765 1700 2821 πλέον
1731 2786 1815 2821 τι-

236 2845 405 2913 μῆσαι
440 2845 817 2918 δικαιοσύνην,
840 2851 937 2903 καὶ
988 2851 1206 2923 ἰσότητα
1250 2858 1673 2925 παρασκευάσαι
1714 2861 1816 2932 ἐμ-

232 2936 622 2993 πολιτεύεσθαι
675 2940 995 3012 πανταχοῦ,
1054 2944 1149 2997 καὶ
1204 2945 1264 3000 τὸ
1351 2947 1426 3019 μὴ
1507 2952 1817 3007 καταδυνα-

234 3030 526 3085 στεύεσθαι
590 3031 701 3085 ὑπὸ
763 3033 875 3088 τῶν
939 3034 1316 3093 πλουτούντων
1361 3042 1490 3106 τοὺς
1546 3044 1811 3117 πένητας,

1911 554 2168 623 pellectili
2198 554 2313 623 ipsa
2341 569 2529 617 aurea,
2560 554 3047 623 impcrialibusque
3069 562 3124 609 et
3144 555 3503 626 Augustiacis

1912 642 2270 708 indumentis,
2311 658 2744 713 magnorumque
2771 643 3075 713 principum
3121 660 3186 699 ac
3218 647 3498 716 magistra-

1914 742 2068 788 tuum
2099 735 2364 799 vestibus,
2400 736 2613 791 cunctis
2643 751 2780 790 auro
2816 736 3140 803 contextis),
3174 738 3250 791 uti
3287 737 3495 793 dictum

1911 832 2018 888 est,
2090 836 2416 894 reposuerat
2473 842 2539 881 ac
2587 842 2687 897 pro
2741 828 2966 883 libidine
3027 827 3304 884 abusurus
3360 840 3501 883 erat.
3527 827 3551 897 δ’

1911 914 2190 987 Praerepto
2220 917 2369 973 enim
2402 918 2495 974 illo
2524 934 2719 973 aurum
2754 930 3029 989 repertum
3062 930 3164 987 est,
3198 914 3551 1026 signatum-ﬁ

1914 1007 2358 1079 queimperatori
2390 1011 2442 1065 in
2472 1011 2729 1066 omnibus
2752 1027 3014 1081 perquam
3042 1014 3171 1068 utile
3198 1013 3320 1071 fuit.
3354 1014 3502 1084 Opus

1912 1103 2054 1155 enim
2088 1102 2198 1157 aiti
2242 1119 2353 1157 esse
2376 1103 2651 1171 pecuniis;
2713 1121 2804 1159 nec
2850 1105 2897 1158 si
2946 1105 3138 1173 desint,
3186 1106 3305 1176 ﬁeri
3354 1124 3506 1177 posse

1914 1190 2127 1260 aliquid
2182 1207 2364 1245 eorum
2413 1208 2529 1261 qua:
2551 1192 2753 1247 deceat.
2793 1191 2899 1248 Sed
2926 1193 3043 1249 hare
3076 1204 3269 1266 postea
3305 1211 3505 1252 evene-

1916 1290 2065 1337 runt.

1988 1464 2077 1520 50.
2109 1463 2262 1520 Tunc
2293 1478 2425 1520 vero
2453 1465 2899 1535 quandoquidem
2937 1466 3004 1520 ad
3060 1467 3509 1538 imperii'guber-

1920 1557 2114 1611 nacula
2148 1557 2348 1612 divina
2379 1557 2735 1627 providentiae
2790 1566 2925 1612 nutu
2989 1558 3227 1616 Basilius
3267 1562 3506 1625 sederat,

1920 1649 2112 1704 statim
2148 1664 2178 1704 a
2205 1649 2371 1715 linea,
2401 1659 2459 1704 ut
2482 1650 2660 1713 aiunt,
2693 1646 2940 1720 ipsisque
2971 1651 3285 1708 carceribus
3314 1654 3509 1709 sedulo

1920 1758 2143 1813 operam
2172 1743 2356 1813 posuit
2384 1750 2444 1797 ut
2467 1742 2601 1796 nihil
2629 1742 2703 1803 rei
2746 1742 3113 1812 magnitudini
3156 1744 3332 1813 impar
3359 1745 3511 1800 vide-

1923 1844 2096 1891 retur.
2130 1834 2321 1906 Itaque
2355 1844 2518 1889 noctu
2566 1834 2789 1904 pervigil
2821 1836 2982 1902 :erat,
3038 1834 3275 1890 interdiu
3325 1836 3511 1891 animo

1923 1927 2271 1999 dispiciebat,
2296 1928 2501 1982 nullam
2526 1942 2636 1982 non
2676 1942 2907 1983 movens
2957 1928 3251 1994 rationem,
3300 1928 3511 1983 nullum

1924 2038 2035 2078 non
2093 2022 2385 2078 consilium
2435 2037 2684 2086 versans,
2737 2030 2797 2075 ut
2850 2020 2978 2075 boni
3029 2020 3265 2092 alicujus
3320 2034 3514 2078 auctor

1923 2114 2162 2179 subditis
2216 2115 2371 2170 ﬁeret
2431 2122 2485 2171 et
2540 2122 2601 2169 ut
2661 2114 2931 2169 illustrem
2990 2129 3361 2185 magnamque
3424 2131 3515 2172 res

1927 2207 2288 2262 mutationem
2352 2206 2407 2261 in
2445 2206 2642 2262 melius
2691 2206 3023 2278 acciperent.
3086 2204 3226 2262 Hinc
3273 2208 3514 2278 primum

1924 2299 2439 2371 incorruptissimus
2466 2298 2582 2369 ipse
2625 2297 2889 2368 nullaque
2940 2312 3232 2352 uulnerum
3292 2297 3454 2353 sorde
3483 2312 3515 2351 α

1925 2393 2058 2448 recti
2119 2392 2259 2447 libra
2314 2390 2598 2447 declinans
2666 2390 2913 2444 omnium
2972 2388 3210 2459 Optimos
3264 2387 3506 2442 delectos

1923 2486 2303 2556 promovebat,
2332 2484 2532 2553 quibus
2558 2483 2753 2553 partim
2784 2498 2813 2537 a
2838 2497 2895 2538 se
2924 2481 3089 2552 ipsis,
3122 2489 3181 2534 ut
3201 2479 3295 2549 qui
3322 2478 3529 2547 optimi‘

1923 2586 2104 2644 erant,
2128 2578 2325 2648 partim
2344 2591 2474 2631 vero
2492 2576 2561 2630 ab
2579 2573 2922 2643 imperatoris
2938 2570 3511 2641 sedulainspeetione,

1925 2670 2163 2742 primum
2214 2683 2353 2739 epus
2401 2682 2465 2722 ac
2505 2666 2750 2722 studium
2792 2672 2916 2721 erat
2960 2672 3020 2718 ut
3053 2678 3164 2733 prae
3215 2661 3443 2733 reliquis
3477 2678 3525 2717 a~

1925 2763 2124 2836 quovis
2154 2777 2383 2818 munere
2414 2760 2581 2831 258
2606 2774 2804 2814 manus
2837 2772 3005 2828 puras
3039 2764 3355 2823 servarent;
3391 2764 3507 2810 tum

1926 2868 1987 2914 ut
2015 2872 2125 2928 prae
2161 2854 2420 2911 erunibus
2460 2851 2755 2907 virtutibus
2780 2849 3048 2921 justitiam
3081 2849 3343 2915 c'olerent,
3365 2856 3421 2905 et
3452 2858 3530 2903 ut‘

1928 2947 2128 3018 ubique
2159 2947 2389 3016 aequitas
2406 2944 2609 3014 vigeret
2631 2941 2942 3014 diligentem
2972 2954 3194 3011 operam
3223 2948 3513 3006 navarent,

1930 3056 2033 3096 nec
2063 3038 2384 3095 a'divitibus
2440 3049 2713 3107 pauperes
2765 3034 3001 3106 opprimi
3048 3033 3133 3087 vel
3178 3047 3511 3103 quemquam

236 3126 371 3195 μηδὲ
392 3125 603 3189 ἀδίκως
631 3125 808 3198 ζημία
837 3128 960 3182 τινὰ
992 3128 1415 3200 ύποϐάλλεσθαι,
1435 3135 1573 3191 ἀλλὰ
1588 3138 1816 3207 ῥύεσθαι

1929 3134 2153 3190 innoxie
2204 3146 2407 3186 noxam
2460 3129 2648 3185 subire
2699 3128 2963 3191 sinerent,
3017 3126 3117 3182 sed
3178 3125 3399 3194 inopem
3457 3134 3529 3179 et

232 3216 444 3287 πένητα
467 3217 563 3271 καὶ
598 3218 815 3290 πτωχὸν
863 3220 929 3274 ἐκ
967 3222 1154 3293 χειρὸς
1202 3229 1587 3298 στερεωτέρων
1626 3230 1820 3297 αὐτοῦ,

234 3309 330 3362 καὶ
361 3309 517 3363 κατὰ
547 3310 745 3382 μικρὸν
767 3312 1059 3367 ἀναλαϐεῖν
1088 3315 1218 3379 τοὺς
1261 3317 1589 3389 ἀνθρώπους
1609 3321 1820 3396 οὕσπερ

232 3403 341 3455 ἀπὸ
370 3402 493 3455 τῶν
538 3404 866 3469 φθασάντων
927 3406 1044 3478 ⁴ᾔδει
1106 3406 1574 3480 λειποψυχοῦντάς
1628 3432 1686 3468 τε
1728 3418 1823 3471 καὶ

234 3494 621 3561 ἐκλείποντας,
677 3497 772 3549 καὶ
817 3498 1270 3570 άναῤῥωννύντας
1305 3502 1405 3555 ἐπὶ
1445 3504 1547 3573 τῆς
1586 3504 1823 3577 ἀρχαίας

236 3586 489 3649 ἅπαντας
518 3587 811 3658 εὐετηρίας
831 3590 1157 3656 σπουδάζειν
1186 3594 1580 3668 ἀποκαθιστᾷν.
1600 3592 1700 3654 Ὧν
1731 3600 1825 3654 καὶ

234 3676 323 3729 διὰ
376 3677 481 3747 τὴν
527 3676 587 3742 ἐξ
637 3678 818 3750 ἀρχῆς
855 3681 995 3752 πρὸς
1021 3683 1091 3737 τὰ
1125 3682 1320 3754 βελτίω
1353 3686 1527 3757 ῥοπὴν
1566 3689 1825 3759 (τοιοῦτοι

235 3770 347 3840 γὰρ
384 3770 613 3835 πάντως
640 3772 689 3824 oi
715 3773 1089 3848 ἐκλεγόμενοι)
1148 3777 1244 3830 καὶ
1299 3778 1388 3833 διὰ
1418 3781 1522 3853 τὴν
1557 3783 1653 3837 τοῦ
1684 3801 1825 3856 κρα-

234 3863 464 3928 τοῦντος
494 3865 629 3935 περὶ
662 3864 838 3920 ταῦτα
878 3869 1116 3941 σπουδὴν
1163 3869 1249 3941 ῘΡ.
1280 3871 1407 3945 161]
1452 3875 1547 3929 καὶ
1585 3877 1826 3949 ἐγρηγο-

239 3959 398 4026 ρυῖαν
430 3957 745 4027 πανταχόσε
772 3958 1095 4031 περίϐλεψιν
1127 3964 1207 4026 είς
1240 3964 1349 4018 πᾶν
1380 3965 1441 4019 τὸ
1469 3966 1587 4022 δέον
1617 3969 1826 4041 προθύ-

239 4063 359 4114 μως
408 4047 680 4115 ἀλλήλους
730 4047 1136 4119 ὑπερϐαλέσθαι
1173 4052 1597 4124 ἁμιλλωμένων,
1636 4057 1827 4113 ἅπασα

240 4139 342 4208 μιν
364 4139 556 4193 ἀδικία
578 4140 740 4206 εὐθὺς
759 4142 867 4195 ἀπὸ
888 4142 1108 4198 πάντων
1122 4145 1407 4215 ἠλαύνετο,
1428 4149 1604 4203 καὶτὸ
1619 4150 1829 4206 δίκαιον

235 4230 709 4305 ἐπαρρησιάζετο,
736 4234 831 4288 καὶ
863 4237 919 4288 al
972 4236 1105 4307 πρὶν
1136 4238 1279 4310 ὑπὲρ
1307 4244 1406 4305 τὰς
1442 4242 1693 4315 Βριάρεω
1714 4247 1829 4316 χεῖ-

238 4340 332 4393 ρες
372 4324 516 4395 πρὸς
572 4325 643 4377 τὰ
706 4324 964 4397 ἀλλότρια
1001 4328 1377 4400 ἐκτεινόμέναι
1408 4332 1826 4408 ἐκνεναρκωμέ-

235 4431 359 4476 ναις
383 4414 579 4485 ῶσπερ
601 4415 696 4468 καὶ
717 4416 1079 4486 παρειμέναις
1096 4418 1384 4489 ἐῴκεισαν,
1413 4425 1507 4477 καὶ
1534 4426 1604 4479 τὰ
1625 4427 1827 4500 ἀσθενῆ

237 4506 354 4577 πρὸ
389 4506 584 4559 τούτου
641 4506 749 4560 τῶν
798 4510 1045 4580 πενήτων
1082 4511 1218 4582 μέλη
1259 4512 1599 4584 ἐρῤὡννυντο
1636 4518 1725 4573 διὰ
1768 4522 1830 4575 τὸ

237 4597 425 4660 ἀδεῶς
479 4598 712 4652 ἕκαστον
766 4598 865 4671 τὴν
899 4602 1106 4656 οἰκείαν
1162 4602 1334 4673 βῶλον
1371 4606 1700 4677 ἐργάζεσθαι
1734 4614 1830 4667 καὶ

239 4689 336 4744 τὸν
370 4690 507 4745 ἴδιον
531 4692 845 4763 ἀμπελῶνα
861 4695 1231 4766 καρποῦσθαι,
1259 4698 1356 4752 καὶ
1386 4699 1486 4771 τὴν
1520 4702 1707 4759 ἐλαίαν
1737 4707 1832 4762 καὶ

239 4784 345 4856 τὴν
376 4787 555 4855 συκῆν
575 4787 675 4856 τὴν
711 4787 972 4858 πατρῴαν
1010 4790 1217 4862 μηδένα
1246 4787 1516 4851 εἶναι’τδν
1543 4798 1829 4869 τολμῶντα

242 4876 354 4929 ὑπὸ
390 4878 490 4949 τὴν
513 4879 711 4933 ἐαυτοῦ
740 4880 785 4911 ⁵⁸
840 4882 1117 4935 ποιεῖσθαι
1151 4882 1427 4953 ἐξουσίαν,
1455 4888 1570 4943 ἀλλ’
1601 4890 1830 4948 ἕκαστον

243 4968 304 5019 ἐν
333 4969 407 5038 τῇ
432 4969 655 5040 συνήθει
687 4971 781 5025 καὶ
794 4974 1025 5045 πατρῴα
1046 4974 1254 5031 τούτων
1276 4982 1404 5052 σκιᾷ
1431 4981 1829 5042 ἀναπαύεσθαι.

246 5060 363 5114 Καὶ
386 5061 534 5116 οὕτω
562 5064 662 5134 μὲν
690 5066 819 5135 περὶ
846 5066 889 5097 δ’
919 5066 1011 5120 τὸν
1041 5067 1147 5121 ὑπὸ
1176 5072 1335 5141 χεῖρα
1360 5074 1536 5127 πάντα
1573 5076 1703 5129 λαὸν
1723 5077 1833 5131 τῶν

245 5167 308 5205 τε
331 5154 529 5225 χωρῶν
554 5157 653 5210 καὶ
674 5156 860 5210 τόπων
886 5157 979 5212 καὶ
1008 5159 1216 5214 πόλεων
1249 5165 1347 5231 τῆς
1373 5162 1568 5217 ἐαυτοῦ
1603 5166 1833 5238 ἐπικρα-

248 5245 408 5310 τείας
449 5250 478 5301 ὁ
526 5248 759 5318 εὐσεϐὴς
782 5248 1056 5318 διεγένετο
1111 5250 1385 5316 βασιλεύς.
1421 5255 1486 5309 Εἰ
1515 5255 1572 5307 δέ
1610 5273 1695 5321 τις
1720 5252 1833 5313 οἷον

249 5335 380 5400 ὅξος
410 5338 606 5404 κακίας
634 5339 693 5394 εν
725 5358 831 5395 τινι
866 5342 1108 5414 στερεῶς
1147 5339 1206 5398 εὖ
1244 5344 1391 5414 μάλα
1420 5348 1831 5420 συναθροισθεὶς

252 5426 363 5481 ὑπὸ
382 5431 491 5484 τῶν
506 5433 650 5487 κατὰ
672 5432 837 5505 μέρος
854 5434 1136 5506 ἀρχόντων
1155 5438 1559 5511 μεταϐληθῆναι
1592 5442 1624 5512 ἢ
1652 5443 1833 5498 τέλεον

254 5519 565 5594 ἐκκοπῆναι
625 5526 726 5597 οὐχ
773 5520 886 5589 οἷός
936 5544 996 5581 τε
1041 5523 1134 5598 ῆν,
1182 5529 1250 5582 δι’
1290 5531 1460 5585 αὑτοῦ
1496 5534 1833 5591 ἐκείνουιτοῦ

324 5621 361 5653 ⁸⁹
390 5618 671 5677 Demosth.
705 5617 922 5693 Olyntlt.
953 5618 995 5675 Ι.
1072 5630 1087 5669 ι
1130 5620 1273 5679 Psal.
1306 5640 1484 5695 χχχιιι,
1520 5625 1605 5681 Ιθ.

1925 3223 2245 3295 egenumde
2270 3237 2433 3276 manu
2466 3220 2760 3274 fortiorum
2812 3218 3089 3287 eriperent
3121 3216 3138 3267 ι
3175 3234 3190 3283 ;
3220 3214 3510 3287 paulatim-

1925 3335 2035 3391 que
2064 3333 2160 3374 eos
2188 3322 2502 3373 reerearent
2523 3328 2665 3384 quos
2704 3311 2774 3367 ob
2803 3310 3202 3379 prieteritorum
3249 3308 3508 3380 injuriam

1927 3412 2114 3467 animo
2138 3407 2380 3479 delinqui
2405 3412 2677 3461 noverant
2725 3417 2790 3458 ac
2815 3401 3036 3466 collabi,
3071 3415 3279 3472 eosque
3325 3400 3511 3455 suble-

1927 3513 2120 3559 vantes
2170 3502 2237 3556 ad
2278 3498 2569 3571 pristinam
2631 3511 2824 3553 omnes
2882 3493 3198 3550 felicitatem
3252 3507 3525 3564 reparare-

1929 3599 2231 3655 studercnt.
2277 3592 2341 3648 Hi
2376 3605 2563 3664 porro,
2592 3600 2707 3645 tum
2747 3602 2858 3660 qua
2893 3587 2995 3658 ipsi
3036 3586 3150 3658 jam
3205 3585 3365 3642 initio
3413 3602 3508 3640 ra-

1928 3690 2078 3745 tione
2119 3703 2183 3743 ac
2224 3694 2418 3756 sponte
2446 3682 2515 3738 ad
2549 3682 2805 3737 virtutem
2849 3679 3101 3750 propensi
3153 3686 3311 3733 erant
3342 3676 3521 3749 (tales-

1929 3780 2076 3834 enim
2107 3777 2335 3832 omnino
2366 3772 2680 3844 deligebat),
2702 3781 2817 3826 tum
2842 3770 3198 3840 imperatoris
3219 3770 3367 3826 circa
3397 3767 3515 3824 hace

1931 3870 2296 3928 sollicitudine
2333 3882 2398 3922 ac
2430 3866 2576 3936 vigili
2613 3866 2668 3918 in
2691 3864 2951 3919 omnibus
2999 3860 3527 3931 eircmnspectione,.

1930 3978 2054 4018 cum
2091 3977 2149 4017 se
2180 3957 2451 4014 mutuo‘in
2480 3954 2631 4011 omni
2659 3954 3048 4022 oﬂiciigenere
3075 3966 3338 4021 superare
3379 3966 3513 4004 con-

1930 4054 2238 4119 tenderent,
2269 4049 2453 4107 statim
2485 4048 2666 4103 omnis
2706 4046 2977 4118 injustitia
3008 4045 3076 4100 ab
3103 4044 3360 4099 omnibus
3389 4058 3515 4114 pro-

1933 4151 2021 4202 cul
2052 4145 2347 4206 facessere,
2379 4157 2443 4198 ac
2471 4138 2862 4212 jnstitiaomni
2887 4137 3066 4208 palam
3095 4135 3200 4191 coli
3223 4135 3472 4190 libertate
3496 4152 3519 4200 ;.

1935 4252 2245 4308 manusque
2304 4251 2470 4306 supra
2519 4248 2684 4304 quam
2741 4232 2947 4285 Briarei
2989 4238 3159 4285 antea
3206 4227 3273 4283 ad
3337 4227 3523 4283 aliena.

1934 4330 2197 4402 rapienda
2243 4335 2478 4384 extentae
2536 4322 2767 4392 torpidis
2819 4319 3253 4392 stupefactisque
3310 4315 3517 4372 similes

1934 4427 2187 4482 decidere
2213 4442 2230 4491 ;
2260 4424 2587 4491 inﬁrmaque
2613 4418 2768 4488 prius
2791 4428 3092 4486 egenorum
3121 4411 3368 4466 membra
3427 4416 3517 4464 ro-

1861 4489 1912 4546 ι)
1938 4523 2043 4577 bur
2071 4521 2322 4589 viresque
2353 4515 2625 4585 accipere,
2661 4510 2866 4565 ideirco
2898 4505 3160 4561 nimirum
3210 4503 3357 4573 quod
3399 4501 3516 4558 sin-

1940 4615 2085 4687 gulis
2120 4628 2276 4668 suam
2310 4611 2476 4666 libere
2519 4604 2901 4663 exercentibus
2952 4592 3191 4673 glebam,
3235 4597 3520 4667 vineaeque

1940 4715 2205 4778 proventu
2239 4702 2547 4759 fruentibus
2572 4699 2838 4767 avitaeque
2864 4693 3023 4749 olivae
3064 4707 3129 4748 ac
3166 4691 3324 4753 ﬁcus,
3358 4702 3518 4743 nemo

1940 4807 2059 4854 erat
2083 4797 2177 4867 qui
2214 4796 2326 4849 haec
2375 4792 2477 4848 sibi
2501 4790 2695 4860 quavis
2730 4785 2933 4857 injuria
2964 4796 3230 4853 usurpare
3269 4779 3516 4844 auderet,

1942 4887 2037 4943 sed
2066 4885 2300 4954 quisque
2347 4882 2401 4935 in
2443 4881 2640 4934 horum
2693 4883 2959 4933 consueta
3011 4872 3266 4942 avitaque
3324 4869 3517 4924 umbra

1940 4974 2372 5046 conquiesceret.
2403 4972 2460 5025 In
2506 4970 2655 5024 hunc
2684 4983 2744 5024 se
2789 4966 3012 5021 modum
3069 4964 3193 5035 pius
3222 4962 3519 5032 imperator

1938 5086 2065 5140 erga
2099 5081 2289 5123 omnes
2342 5064 2591 5122 subditos
2639 5060 2895 5124 habebat,
2926 5068 3039 5114 tum
3071 5055 3165 5127 qui
3206 5055 3319 5109 ruri
3352 5053 3520 5140 inque

1939 5139 2155 5231 oppidis
2187 5168 2300 5213 tum
2332 5155 2427 5226 qui
2456 5154 2509 5209 in
2545 5152 2771 5208 urbibus
2814 5150 3067 5221 agebant,
3102 5151 3371 5216 quantum
3408 5139 3520 5194 Ro-

1941 5256 2088 5312 mani
2114 5252 2324 5324 imperii
2355 5248 2520 5320 259
2548 5261 2669 5302 sese
2707 5245 2845 5300 ditio
2877 5237 3246 5313 protrahebat.
3284 5233 3379 5288 Sin
3415 5248 3516 5286 au-

1940 5359 2049 5404 tem
2085 5346 2283 5416 aliquis
2322 5342 2489 5397 veluti
2522 5339 2743 5395 malitize
2794 5349 2982 5390 ramus
3027 5332 3082 5385 in
3116 5329 3304 5398 aliquo
3338 5325 3517 5380 valide

1942 5441 2107 5498 nimis
2136 5437 2495 5509 conglobatus
2534 5449 2563 5487 a
2596 5427 2968 5502 singularibus
2992 5421 3262 5494 praefectis
3307 5430 3518 5475 ac’ma-

1943 5534 2262 5608 gistratibus
2293 5536 2385 5586 aut
2424 5525 2655 5583 convelli
2704 5530 2799 5578 aut
2844 5517 3088 5577 exscindi
3134 5513 3358 5569 munitio
3408 5525 3517 5564 non

1561 5722 1794 5781 VARUS
1837 5718 2241 5781 LECTIONES.

339 5808 384 5838 "
417 5809 575 5866 αὐτοῦ
616 5809 677 5868 Ρ.
753 5811 798 5846 ⁸⁷
839 5812 964 5886 περὶ
998 5827 1106 5870 om.
1132 5814 1195 5868 Δ.
