3994 6220
406 227 421 234 ’
472 271 577 336 275

1569 277 2077 338 THEOPIIANES
2114 279 2391 340 CONTIN
2404 279 2672 340 UATUS.

3636 272 3736 336 ea:

397 451 400 454 ,
475 398 709 458 poterat,
751 390 1036 461 ipsiusmet
1071 393 1414 461 in'iperatoris
1441 409 1604 463 opera
1656 395 1865 448 meliori
1901 395 2054 466 fruge

2167 398 2540 466 βασιλεύοντος
2596 397 2628 466 ἣ
2696 392 3132 465 μετεϐάλλετοῆ
3195 390 3426 448 ἀλλοίως
3484 408 3596 454 πως
3651 410 3746 459 τ-,ν

474 486 928 555 componebatur,
965 496 1058 541 aut
1099 497 1244 542 certe
1277 487 1442 540 rariis
1476 488 1596 542 aliis
1629 489 1804 543 modis
1833 489 2059 542 medici-

477 594 602 631 nam
649 579 972 648 accipiebat.
1016 578 1151 632 Cum
1183 581 1328 633 enim
1360 579 1601 649 optimus
1631 580 1720 634 hic
1757 581 2059 650 imperator

474 688 572 741 per
596 686 812 726 onmem
846 673 951 726 late
972 671 1228 725 ditionem
1262 670 1583 740 injustitiam
1604 686 1828 740 prorsus
1859 672 2058 726 exstir-

475 780 606 834 pare
633 764 1007 828 contenderet,
1047 764 1246 833 ubique
1278 764 1491 820 sancita
1524 765 1694 819 edidit
1745 765 1910 834 inque
1935 781 2057 820 om-

478 874 574 912 nes
607 857 918 927 provincias
961 857 1132 920 misit,
1167 859 1366 926 quibus
1403 858 1552 912 datio
1589 857 1770 912 onmis
1813 872 1876 912 ac
1924 873 2060 926 prtu-

476 952 662 1016 statio,
701 966 810 1020 pl‘tP.
845 950 1035 1004 inclita
1077 951 1206 1004 olim
1236 967 1404 1020 prava
1453 951 1856 1006 consuetudine
1915 948 2061 1004 haud

475 1044 650 1097 aliena
681 1058 709 1097 a
750 1043 964 1097 ratione
994 1043 1132 1106 visa,
1163 1043 1458 1097 tolicbatur
1505 1059 1576 1110 ac.
1611 1043 2060 1107 exscindebatur,

475 1138 765 1206 omnisque
799 1138 1086 1207 atqualitas
1115 1151 1177 1191 ac
1203 1137 1412 1206 justitia
1446 1138 1594 1191 velut
1623 1153 1652 1191 a
1686 1136 1897 1207 prolixo
1921 1150 2062 1206 quo-

475 1230 599 1286 dam
637 1231 832 1285 exsilio
865 1247 928 1284 ac
971 1230 1093 1298 fuga
1122 1231 1174 1284 in
1213 1232 1335 1285 vitae
1382 1247 1540 1286 usum
1582 1231 1770 1285 reduci
1813 1230 2064 1298 interque

476 1325 724 1379 homines
753 1326 1174 1378 novum~vivere
1203 1325 1510 1378 videbatur.

545 1417 637 1470 51.
673 1415 854 1470 Sedet
893 1418 984 1486 qui
1015 1415 1304 1487 adjudicia
1333 1416 1512 1470 idonei
1549 1430 1722 1485 exque
1753 1414 2062 1484 disciplinis

475 1508 530 1562 in
562 1524 683 1562 eam
723 1525 834 1562 rem
868 1510 1124 1564 instructi
1169 1510 1305 1563 satis
1346 1509 1628 1578 animique
1675 1508 1946 1563 sententia
2002 1523 2065 1562 ac

477 1602 757 1656 voluntate
798 1603 1038 1673 religiosi
1076 1603 1384 1672 integrique
1420 1602 1813 1666 noscebantur,
1849 1601 2065 1654 collatis

474 1693 781 1748 honoribus
843 1695 912 1749 ab
966 1695 1246 1749 humiliozi
1312 1695 1480 1765 gradu
1535 1694 1830 1748 sustollens
1897 1701 2062 1761 atque

483 1788 778 1853 cvaltaus,
831 1789 1141 1858 annuisque
1199 1787 1486 1856 stipendiis
1533 1798 1585 1841 et
1634 1786 2061 1840 frumentatione

476 1877 711 1946 aliisque
746 1878 1065 1932 muneribus
1097 1877 1392 1931 liberaliter
1427 1878 1662 1941 donans,
1699 1891 1791 1946 per
1816 1875 2060 1945 singulos

477 1971 870 2038 propemolum
905 1971 1055 2023 vicos
1090 1969 1391 2038 (laurosque
1423 1969 1707 2039 religiosas
1743 1969 2058 2024 couStituit.

475 2061 831 2117 Potissimum
877 2077 1027 2122 vero,
1077 2077 1240 2132 quam
1295 2060 1525 2117 Chalces
1575 2070 1791 2123 vocant,
1841 2061 2060 2130 conspi-

477 2163 637 2202 cuam
668 2148 798 2203 olim
823 2164 886 2204 ac
914 2149 1290 2204 admirandam
1315 2151 1511 2216 aedem,
1566 2152 1828 2221 temporis
1861 2151 2062 2220 injuria

476 2255 784 2310 eorumque
816 2242 907 2311 qui
943 2257 1126 2296 rerum
1159 2242 1314 2312 potiti
1343 2252 1501 2298 erant
1527 2243 1851 2314 negligentia
1884 2241 2062 2312 (forte

475 2333 641 2388 etiam
686 2334 1063 2389 incendiorum
1097 2334 1184 2403 vi)
1234 2334 1423 2392 multis
1476 2336 1528 2390 in
1584 2335 1720 2390 locis
1765 2336 2061 2391 labefacta-

476 2433 612 2491 tam,
645 2425 896 2482 obsoleto
931 2435 1076 2482 tecto
1113 2442 1176 2482 ac
1199 2427 1526 2494 collabcnte,
1562 2429 1679 2499 ipse
1711 2439 1764 2483 et
1797 2429 1980 2483 labore
2011 2439 2065 2483 et

475 2517 719 2587 profusis
751 2520 1063 2591 sumptibus
1091 2519 1416 2590 expurgavit
1456 2531 1616 2592 atque
1649 2520 1860 2586 refecit,
1901 2521 2064 2593 260

474 2609 767 2680 forumque
793 2609 1056 2680 judiciale
1089 2611 1405 2680 destinavit,
1442 2614 1724 2686 Areopago
1758 2612 2065 2684 llelireaque

477 2703 650 2756 multo
681 2704 988 2771 augustius.
1020 2701 1130 2759 Nec
1181 2704 1426 2773 judicum
1467 2707 1812 2762 solummodo
1850 2707 2063 2763 delectu

476 2810 541 2848 ac
567 2795 910 2863 promotione
941 2795 1050 2849 illis
1077 2797 1311 2866 providit
1339 2798 1430 2866 qui
1460 2813 1518 2852 se
1549 2799 1749 2868 injuria
1785 2800 1902 2853 lmdi
1929 2815 2064 2868 quc-

475 2895 749 2951 rercntur,
777 2887 868 2942 sed
898 2897 951 2941 et
975 2887 1187 2942 diurnis
1228 2889 1502 2944 alimentis
1534 2890 1600 2945 iis
1631 2891 1942 2946 constitutis
1972 2892 2062 2960 qui

477 2997 506 3033 a
545 2979 950 3050 potentiox-ibus
981 2995 1077 3049 per
1116 2982 1224 3035 vim
1277 2983 1523 3052 quotidie
1559 2983 1610 3036 in
1650 2985 1838 3038 urbem
1876 2985 2064 3038 trahe-

2166 492 2412 560 ἰατρείαν
2461 490 2698 560 ἐδέχετο.
2755 487 2949 543 Τέλεον
2985 488 3092 557 γὰρ
3133 485 3327 555 ἐξᾶραι
3363 482 3627 537 πάντοθεν
3653 485 3748 552 τὴν

2165 583 2381 638 ἀδικίαν
2421 585 2448 636 ὁ
2482 583 2772 654 κράτιστος
2817 573 2974 643 οὗτος
3016 579 3338 647 φιλονεικῶν
3379 575 3658 645 πανταχοῦ
3696 595 3750 629 τε

2165 677 2513 746 διατάγματα
2541 675 2758 736 ἐξέθετο
2785 675 2878 726 καὶ
2911 672 3050 727 κατὰ
3086 673 3265 725 πᾶσαν
3301 667 3488 739 χώραν
3521 668 3753 735 ἐξέπεμ-

2165 772 2285 841 ψεν,
2314 771 2380 823 δι’
2405 764 2480 823 ὧν
2515 771 2664 822 πᾶσα
2712 767 2859 830 δόσις
2894 767 3058 836 μέχρι
3101 765 3222 817 τότε
3269 764 3332 818 τὸ
3362 761 3587 830 εὓλογον
3614 761 3755 829 ἔχειν

2164 861 2400 919 δοκοῦσα
2457 861 2546 914 διὰ
2597 860 2697 930 τὴν
2757 858 3000 927 πονηρὰν
3051 855 3160 908 ἀπὸ
3210 856 3405 924 χρόνου
3465 853 3758 922 συνήθειαν

2167 957 2421 1027 ἀνῃρεῖτο
2483 955 2578 1006 καὶ
2627 951 2978 1018 ἐξεκὸπτετο,
3033 947 3128 1000 καὶ
3192 944 3440 1015 ἰσονομία
3483 945 3637 996 πᾶσα
3667 943 3759 995 καὶ

2167 1047 2479 1114 δικαιοσύνη
2513 1045 2703 1114 ὥσπερ
2738 1043 2846 1096 ἀπὸ
2895 1057 3042 1103 τινος
3071 1036 3390 1120 ’ὑπερορίου
3437 1035 3618 1105 φυγῆς
3648 1033 3761 1085 £66-

2168 1159 2254 1196 κει
2286 1140 2536 1194 κατιέναι
2560 1139 2696 1210 πρὸς
2730 1139 2820 1190 τὸν
2843 1137 2956 1208 βίον
2991 1135 3086 1194 καὶ
3110 1135 3221 1196 τοίς
3244 1129 3554 1202 ἀνθρώποις
3583 1131 3760 1200 ἐμπο-

2170 1232 2510 1286 λιτεύεσθαι.

2241 1422 2343 1475 λα’.
2389 1419 2550 1472 Ἀλλὰ
2581 1417 2677 1469 καὶ
2726 1416 2852 1478 τοὺς
2903 1415 2982 1475 εἰς
3029 1411 3090 1464 τὸ
3146 1410 3354 1481 κρίνειν
3389 1405 3759 1475 ἐπιτηδείους,

2170 1516 2278 1568 ἀπὸ
2305 1513 2403 1584 μὲν
2443 1513 2486 1542 ⁸⁸
2515 1509 2858 1580 μαθημάτων
2890 1505 3033 1576 ἔχειν
3059 1504 3117 1556 τὸ
3151 1504 3192 1534 ‘9
3221 1501 3406 1556 ίκανὸν
3438 1516 3760 1570 μαρτυρουε

2173 1609 2388 1678 μένους,
2439 1604 2547 1658 ἀπὸ
2576 1603 2632 1655 δέ
2667 1601 2891 1671 γνώμης
2921 1599 3017 1652 καὶ
3047 1596 3421 1668 προαιρέσεως
3447 1593 3507 1646 τὸ
3536 1590 3762 1652 εὐσεϐές

2169 1718 2227 1754 τε
2264 1701 2359 1753 καὶ
2384 1697 2790 1766 ἀδωρόληπτον,
2829 1691 3106 1762 ἁξιὼμασί
3148 1707 3207 1742 τε
3237 1688 3335 1757 τῆς
3361 1684 3763 1754 ταπεινοτέρας

2168 1791 2426 1860 βαθμίδος
2459 1787 2775 1858 ὑπεραίρων
2825 1786 2919 1838 καὶ
2974 1782 3196 1852 ἀνυψῶν
3234 1780 3328 1837 καὶ
3371 1780 3551 1850 ρογῶν
3575 1780 3762 1831 ἐνιαυο

2169 1882 2298 1935 σίων
2328 1880 2576 1934 ἐκθέσεσι
2617 1879 2711 1930 καὶ
2737 1874 3062 1946 σιτηρεσίων
3094 1873 3270 1928 ἄλλων
3303 1873 3396 1924 καὶ
3426 1869 3761 1940 φιλοτιμιῶν

2169 1974 2435 2043 τταροχαῖς
2465 1969 2808 2038 δεξιούμενος
2837 1968 2974 2021 κατὰ
3000 1968 3184 2020 πᾶσαν
3212 1963 3401 2034 σχεδὸν
3431 1961 3638 2029 ἀγυιὰν
3670 1963 3763 2012 καὶ

2167 2067 2274 2116 πᾶν
2317 2064 2515 2131 εὐαγὲς
2582 2062 2908 2130 ἐνδιαίτημα
2955 2060 3384 2128 ἐγκατέστησεν.
3428 2054 3762 2125 Ἐξαιρὲτως

2165 2157 2222 2211 δὲ
2256 2157 2634 2226 τὸλεγόμενον
2658 2156 2758 2224 τῆς
2791 2153 3010 2223 Χαλκῆς
3063 2150 3450 2222 λαμπρότατον
3491 2149 3555 2200 τὸ
3585 2147 3764 2200 πάλαι

2167 2251 2262 2303 καὶ
2293 2249 2625 2316 ἁξιὰγαστον
2655 2250 2887 2316 οἴκημα,
2929 2245 3006 2314 τῷ
3041 2244 3221 2314 χρόνῳ
3251 2243 3344 2296 καὶ
3369 2245 3436 2312 τῇ
3470 2239 3583 2293 τῶν
3619 2255 3763 2308 κρα-

2165 2341 2399 2395 τούντων
2433 2338 2699 2411 ῥᾳθυμία,
2719 2340 2849 2400 ίσως
2869 2336 2924 2390 δὲ
2954 2335 3050 2389 καλ⁵
3073 2334 3183 2388 ἀπό
3202 2351 3362 2387 τινων
3381 2329 3766 2402 ἐμπρησμῶν,

2166 2431 2310 2484 κατᾶ
2351 2431 2496 2502 μέρη
2523 2428 2699 2481 πολλὰ
2732 2427 2990 2500 διαρρυὲν
3019 2426 3112 2479 καὶ
3139 2424 3237 2495 τὴν
3277 2422 3481 2494 ὀροφὴν
3515 2413 3778 2490 πονήσα-¹

2170 2542 2270 2578 σαν
2297 2522 2556 2592 ἐσχηκδς,
2596 2521 2760 2584 αὐτὸς
2795 2520 2890 2573 καὶ
2925 2517 3074 2587 πόνῳ
3105 2517 3200 2570 καὶ
3227 2517 3498 2578 δαπάναις
3530 2516 3766 2584 συχναῖς

2167 2615 2490 2685 ἀπεκάθηρέ
2544 2632 2602 2668 τε
2650 2613 2742 2668 καὶ
2795 2612 3224 2683 περιεποιήσατο
3261 2609 3355 2662 καὶ
3407 2607 3589 2660 κοινὸν
3624 2623 3767 2660 κατ-

2169 2710 2366 2778 έστησε
2397 2705 2771 2775 δικαστήριον,
2817 2700 3031 2771 Ἀρείου
3060 2717 3119 2754 τε
3158 2700 3331 2766 πάγου
3369 2701 3464 2751 καὶ
3504 2697 3767 2756 Ἢλιαίεις

2172 2800 2520 2870 σεμνότερον.
2552 2798 2627 2850 Οὐ
2665 2797 2825 2866 μόνον
2852 2795 2909 2849 δὲ
2961 2794 3047 2848 διὰ
3079 2795 3175 2864 τῆς
3204 2792 3314 2845 τῶν
3355 2790 3562 2861 κριτῶν
3602 2789 3769 2842 ἐκλο-

2171 2897 2275 2961 γῆς
2296 2909 2349 2946 τε
2379 2892 2470 2944 καὶ
2498 2889 2770 2960 προϐολῆς
2803 2888 2848 2918 ⁸ο
2893 2887 3020 2949 τοὺς
3058 2883 3361 2940 ἀδικεῖσθαι
3397 2882 3484 2954 [ι’.
3511 2881 3640 2953 162]
3668 2883 3767 2935 λέ-

2170 3003 2367 3054 γοντας
2423 2986 2529 3036 τῶν
2583 2983 2810 3036 δικαίων
2844 2979 3134 3050 τυγχάνειν
3181 2978 3570 3048 προενοήσατο,
3619 2975 3769 3028 ἀλλὰ

475 3081 690 3128 rentur.
725 3071 942 3128 Veritus
969 3071 1114 3127 enim
1146 3089 1213 3127 ne
1243 3075 1539 3130 necessarii
1581 3086 1920 3131 commeatus
1967 3093 2055 3146 pc-

2167 3081 2261 3132 za‘t
2297 3079 2384 3131 διὰ
2415 3078 2511 3147 τῆς
2542 3075 2789 3146 παροχῆς
2844 3077 2940 3144 τῆς
2993 3071 3117 3126 καθ’
3155 3072 3373 3141 ἡμέραν
3407 3071 3612 3139 τροφῆς
3646 3069 3768 3121 τῶν

477 3165 634 3218 nuria
685 3164 915 3219 necdum
960 3165 1214 3220 absoluto
1249 3168 1465 3238 negotio
1498 3167 1640 3222 haud
1673 3184 1800 3223 raro
1830 3169 2057 3239 quidam

474 3256 612 3310 urbe
666 3257 1024 3322 excederent,
1079 3256 1412 3312 sufﬁcientes
1471 3259 1754 3314 constituit
1817 3260 2058 3324 redime,

476 3349 620 3404 unde
650 3358 864 3405 actores
885 3361 1332 3420 procurarentur,
1354 3353 1524 3406 donec
1552 3369 1580 3406 a
1600 3353 1785 3422 judice
1812 3354 1958 3407 dicta
1982 3354 2061 3408 eis

476 3443 744 3495 sententia
775 3453 942 3497 esset.
974 3441 1085 3498 Nec
1113 3443 1228 3498 ista
1270 3444 1434 3497 modo
1465 3444 1586 3513 ejus
1636 3445 1853 3498 inventa
1879 3445 1944 3498 ad
1975 3445 2060 3498 in-

471 3537 676 3604 juriam
727 3537 947 3604 penitus
1015 3535 1427 3605 profligandam,
1485 3537 1577 3592 sed
1619 3549 1668 3592 et
1713 3539 1951 3606 Suipsum
2006 3539 2058 3592 in

479 3629 618 3679 hanc
657 3625 862 3680 dedidit
891 3635 1119 3693 partem.
1152 3623 1287 3679 Cum
1317 3627 1458 3679 enim
1485 3643 1515 3680 a
1556 3628 1816 3682 ducendis
1852 3629 2062 3682 exerci-

478 3718 624 3770 tibus
649 3725 743 3768 aut
769 3715 965 3770 dandis
996 3716 1277 3784 re5ponsis
1309 3717 1672 3787 undequaque
1716 3719 2059 3772 adventanti-

477 3810 578 3863 bus
615 3808 806 3879 legatis
837 3810 885 3862 ei
920 3819 1160 3875 vacaret,
1189 3811 1304 3879 ipse
1328 3825 1385 3864 se
1413 3811 1536 3864 aula
1556 3811 1870 3867 subducens
1892 3813 2059 3884 inque

477 3899 681 3954 Geiiico
718 3900 897 3970 posito
925 3899 1181 3954 tribunali
1211 3901 1325 3972 (sic
1363 3902 1507 3958 dicto
1539 3903 1678 3967 loco,
1706 3904 1780 3958 uti
1823 3905 2056 3971 videtur,

476 3993 623 4061 quod
655 4007 721 4048 ex
756 3992 905 4047 omni
936 3993 1055 4047 loco
1086 3993 1152 4047 ad
1178 3994 1426 4064 publicas
1457 3996 1696 4050 rationes
1721 4011 1786 4052 eo
1816 3998 2056 4053 conflue-

477 4087 636 4157 rent)
668 4103 764 4144 eos
794 4086 885 4157 qui
919 4103 948 4141 a
986 4087 1291 4158 publicanis
1319 4088 1464 4143 haud
1502 4105 1648 4154 raro,
1679 4098 1738 4143 ut
1778 4087 1891 4145 fere
1921 4106 2057 4145 cou-

477 4179 637 4251 tingit
667 4179 737 4234 ob
775 4179 988 4248 imperii
1021 4180 1458 4250 amplitudinem,
1485 4181 1682 4250 injuria
1713 4181 2058 4236 allicerentur

476 4288 539 4328 ac
567 4273 714 4327 velut
748 4273 813 4327 ad
850 4283 1167 4343 prytaneum
1204 4274 1269 4327 ad
1320 4273 1590 4343 ejusmodi
1631 4274 1823 4342 judicii
1871 4274 2052 4328 locum

475 4364 837 4435 confugerent
864 4380 1103 4435 suasque
1137 4365 1600 4434 expostulationes
1630 4365 1906 4426 olferrent,
1941 4379 2055 4417 rna-

2168 3172 2262 3224 én‘.
2293 3174 2356 3240 τῇ
2383 3170 2534 3239 παρα
2563 3168 2670 3220 τῶν
2705 3166 3071 3237 ἰσχυωτέρων
3101 3163 3192 3234 βίᾳ
3214 3163 3472 3216 ἑκάστοτε
3499 3162 3636 3231 πρὸς
3653 3163 3772 3230 τὴν

2169 3262 2564 3332 βασιλεύουσαν
2614 3257 3082 3326 ἀναγκαζομένων
3137 3245 3483 3326 εἰσέρχεσθὲιι
3555 3254 3767 3315 Δείσας

2166 3355 2274 3423 γὰρ
2311 3355 2385 3422 μὴ
2418 3352 2624 3422 ἀπορία
2655 3349 2763 3402 τῶν
2794 3348 3114 3417 ἐπιτηδείων
3151 3348 3410 3408 πολλάκις
3450 3346 3594 3406 τινὲς
3648 3346 3768 3412 πρὸ

2165 3443 2258 3495 τοῦ
2291 3445 2464 3512 πέρας
2500 3441 2599 3510 τὴν
2628 3439 2747 3493 κατ’
2789 3439 2986 3500 αὐτοὺς
3037 3438 3298 3490 ὑπίθεσιν
3353 3435 3614 3502 δέξασθαι
3644 3435 3766 3486 τῶν

2164 3534 2287 3605 ’τῇδε
2343 3533 2767 3603 ἀναλωρῆσωσιν
2825 3531 3086 3602 πρόσοδον
3147 3529 3423 3600 ἀρκοῦσαν
3467 3529 3767 3598 ἀφώρισεν

2166 3621 2349 3696 ἀφ’ἧς
2378 3628 2424 3679 ot
2462 3625 2504 3656 ⁸⁸
2538 3623 2899 3692 ἐγκαλοῦντες
2945 3623 3088 3676 κατά
3135 3641 3294 3676 τινων
3352 3620 3764 3689 ἁπετρέφοντο,

2163 3721 2265 3782 ἕως
2290 3719 2387 3792 τὴν
2407 3718 2513 3770 ἀπὸ
2535 3717 2629 3770 τοῦ
2647 3715 2900 3770 δικαστοῦ
2921 3717 3197 3784 ἀπόφασιν
3232 3714 3445 3768 ἔλαϐον.
3472 3715 3547 3767 Οὐ
3579 3713 3764 3767 ταῦτα

2163 3813 2218 3865 δὲ
2239 3813 2378 3882 μονα
2415 3811 2551 3881 πρὸς
2610 3809 2710 3880 τὴν
2751 3810 2994 3879 παντελῆ
3017 3811 3116 3879 τῆς
3168 3809 3381 3871 ἀδικίας
3411 3809 3764 3880 ἐπενοήσατο

2163 3904 2562 3974 ἐξολόθρευσιν,
2589 3903 2726 3958 ἀλλὰ
2753 3903 2849 3958 καὶ
2905 3902 3099 3956 ἐαυτὸν
3137 3904 3216 3964 είς
3258 3902 3317 3954 τὸ
3343 3901 3554 3956 τοιοῦτο
3583 3901 3763 3972 μέρος

2163 3999 2406 4052 ἐπέδωκε
2429 4015 2440 4028 ·
2478 4001 2569 4052 καὶ
2596 4000 2725 4052 ὅταν
2766 3999 2926 4067 ἔτυχε
2961 3999 3068 4052 τῶν
3130 3995 3429 4066 στρατειῶν
3471 3995 3763 4064 σχολάζων

2163 4094 2258 4147 καὶ
2279 4092 2372 4145 τοῦ
2397 4093 2761 4163 χρηματίζειν
2813 4095 2934 4154 ταῖς
2993 4091 3372 4160 ἁπανταχόθεν
3403 4089 3759 4159 πρεσϐείαις,

2164 4187 2326 4249 αὐτὸς
2384 4187 2493 4238 τῶν
2549 4185 2838 4256 βασιλείων
2895 4184 3206 4239 ὑποκατιὼν
3259 4187 3350 4236 καὶ
3406 4185 3486 4246 εἰς
3547 4185 3612 4236 τὸ
3670 4185 3763 4236 διὰ

2161 4279 2288 4342 τοὺς
2319 4279 2364 4309 ⁵¹
2387 4278 2729 4346 πανταχόθεν
2751 4280 2831 4341 εἰς
2878 4279 3011 4332 αὐτὸ
3063 4279 3473 4348 συντρέχοντας,
3523 4277 3602 4338 ὡς
3649 4277 3765 4328 ἔοι-

2165 4388 2280 4432 κεν,
2314 4371 2608 4440 λεγόμενον
2668 4371 2892 4424 Γενικδν
2939 4372 3301 4439 καθεζόμενος
3341 4373 3464 4433 τοὺς
3510 4370 3620 4423 ὑπὸ
3645 4370 3762 4422 τῶν

475 4471 582 4525 gno
612 4455 799 4510 labore.
826 4456 1157 4525 assiduaque
1185 4455 1460 4526 diligentia
1489 4456 1860 4518 exaininabat,
1894 4467 2058 4523 atque

2167 4463 2604 4530 εἰσπραττόντων
2662 4465 2790 4526 τοὺς
2844 4464 3143 4533 δημοσίους
3198 4464 3396 4534 φόρους
3461 4462 3755 4523 πολλάκις,

477 4552 530 4603 in
564 4565 688 4604 eum
719 4549 940 4604 modum
976 4548 1043 4602 iis
1069 4546 1163 4617 qui
1211 4547 1409 4616 injuria
1452 4548 1827 4602 allieichanlur
1860 4547 2056 4600 vindex

476 4644 734 4709 sedebat;
769 4658 861 4698 eos
889 4658 1019 4696 vero
1048 4641 1139 4712 qui
1169 4640 1461 4704 faciebant,
1497 4641 1672 4712 poenis
1711 4658 1739 4696 a
1769 4642 1883 4713 lege
1923 4659 2057 4713 pras-

475 4734 718 4803 scriptis,
781 4749 846 4787 nc
903 4733 1031 4786 talia
1089 4732 1346 4802 deinceps
1401 4731 1687 4796 auderent,
1727 4734 2054 4790 dcterrebat.

478 4824 798 4879 Subsecutis
833 4824 1029 4878 deinde
1073 4825 1410 4895 temporibus
1467 4824 1605 4879 fama
1653 4835 1754 4892 est,
1806 4842 1931 4881 cum
1989 4827 2056 4881 ad

475 4930 600 4969 eum
628 4914 818 4984 judicii
852 4914 1030 4968 locum
1066 4925 1225 4986 atque
1253 4915 1558 4984 palaestram
1590 4923 1910 4974 accessisset
1947 4920 2055 4976 illis

477 5011 672 5078 vindex
703 5007 922 5064 futurus
967 5010 1060 5079 qui
1100 5013 1204 5064 ulla
1248 5011 1447 5081 injuria
1483 5014 1856 5083 pulsarentur,
1891 5015 2050 5088 261

475 5105 694 5160 nemine
721 5105 1124 5174 expostulante,
1173 5118 1298 5158 cum
1329 5105 1380 5156 in
1431 5116 1664 5160 mentem
1714 5110 1956 5164 venisset
1992 5127 2058 5166 ne

475 5193 613 5248 forte
646 5196 892 5265 ingressu
915 5195 980 5250 ad
1017 5194 1192 5265 ipsum
1222 5196 1644 5265 prohiberentur
1665 5201 1757 5269 qui
1789 5202 2051 5258 damnum

479 5285 698 5352 aliquod
741 5289 944 5358 injuste
987 5297 1328 5359 paterentur,
1370 5305 1432 5343 ex
1478 5291 1797 5360 stipantium
1834 5297 2058 5356 cohorte

479 5375 696 5432 misisse
727 5381 818 5447 qui
848 5397 942 5450 per
982 5382 1128 5435 varia
1161 5381 1314 5436 urbis
1363 5383 1474 5436 loca
1530 5384 1890 5453 inquirerent.
1925 5404 2054 5442 num

475 5467 601 5536 quis
625 5468 892 5526 adversus
922 5472 1158 5542 aliquem
1191 5475 1582 5544 expostularet.
1614 5476 1714 5532 Ubi
1751 5480 2052 5548 redierunt,

475 5559 684 5615 nullum
731 5577 790 5618 se
822 5562 1093 5619 invenisse
1127 5565 1373 5623 dicentes
1416 5568 1506 5638 qui
1560 5571 1904 5640 querelarum
1957 5576 2056 5630 ali-

2164 4549 2251 4607 οία
2299 4552 2609 4624 συμϐαίνει,
2655 4555 2744 4608 διὰ
2795 4553 2855 4606 τὸ
2907 4554 3138 4624 μέγεθος
3181 4555 3277 4624 τῆς
3311 4556 3485 4624 ἀρχῆς
3524 4553 3753 4606 ἀδικου-

2171 4647 2368 4716 μένους
2441 4646 2538 4700 καὶ
2587 4645 2779 4716 ὥσπερ
2832 4649 2909 4710 εἰς
2952 4646 3130 4700 κοινὸν
3179 4649 3512 4717 πρυτανεῖον
3547 4649 3632 4708 είς
3688 4646 3760 4696 τὸ

2165 4739 2408 4794 τοιοῦτον
2473 4739 2841 4811 διαιτητήριον
2944 4740 3390 4808 καταφεύγοντας
3475 4739 3571 4792 καὶ
3653 4739 3761 4800 τὰς

2160 4834 2368 4898 οἰκείας
2443 4833 2735 4902 ἐγκλήσεις
2799 4833 3278 4902 προϐαλλομένους
3359 4833 3501 4904 μετὰ
3582 4834 3756 4887 πόνου

2167 4925 2363 4978 πολλοῦ
2393 4925 2489 4979 καὶ
2544 4925 2742 4996 συχνῆς
2790 4925 3108 4996 ἐπιμελείας
3152 4925 3440 4992 ἐξήταζεν,
3478 4927 3575 4979 καὶ
3609 4924 3760 4978 οὕτω

2164 5022 2274 5082 τοῖς
2316 5019 2696 5088 ἀδικουμένοις
2764 5021 3043 5090 ἐπήμυνεν
3096 5021 3190 5072 καὶ
3245 5020 3369 5082 τοὺς
3422 5019 3762 5082 ἀδικοῦντας

2167 5114 2335 5166 ἔπαυε
2357 5113 2442 5165 διὰ
2482 5113 2580 5181 τῆς
2606 5113 2839 5182 νομίμου
2881 5112 3148 5182 τιμωρίας
3176 5111 3270 5164 τοῦ
3317 5114 3517 5181 μηκέτι
3545 5113 3764 5181 τολμᾷν

2165 5205 2236 5259 τὰ
2269 5204 2492 5259 τοιαῦτα
2523 5207 2718 5256 ποιεῖν.
2768 5203 2994 5273 Χρδνοις
3026 5202 3082 5255 δέ
3114 5203 3341 5274 ὕστερον
3368 5202 3589 5271 λέγεταί
3618 5217 3760 5252 ποτε

2168 5299 2454 5352 κατελθεῖν
2486 5298 2565 5360 εἰς
2595 5298 2693 5366 τὴν
2723 5295 2982 5364 τοιαύτην
3033 5296 3320 5366 διατριϐὴν
3350 5297 3489 5366 πρὸς
3512 5297 3611 5367 τὴν
3639 5296 3763 5346 τῶν

2167 5391 2544 5460 ἀδικουμένων
2600 5388 2881 5458 ἐκδίκησιν
2908 5406 2919 5418 ·
2971 5389 3046 5451 ὼς
3086 5389 3131 5441 δ’
3155 5388 3346 5458 ἔτυχεν
3369 5389 3548 5452 οὐδεὶς
3575 5391 3758 5454 ἐγκα-

2164 5483 2292 5548 λῶν,
2327 5483 2676 5552 ὑποτοπήσας
2705 5482 2810 5534 ὑπό
2855 5499 3014 5534 τινων
3042 5482 3138 5550 τῆς
3179 5483 3315 5551 πρὸς
3347 5481 3512 5534 αὐτὸν
3539 5479 3758 5534 εἰσόδου

2166 5573 2537 5643 ἁνείρ-λεσθαι,
2571 5574 2696 5635 τοὺς
2733 5573 2859 5641 περὶ
2891 5571 3051 5625 αὑτὸν
3083 5573 3420 5644 δορυφόρους
3455 5569 3759 5626 ἀπέστειλε

1745 5670 1828 5726 VA
1840 5670 1879 5726 Β
1891 5672 1981 5728 ιίΕ
2021 5672 2425 5727 LECTIUNES.

542 5753 586 5784 "
621 5753 745 5826 μένῘ
770 5755 876 5808 τῶν
907 5754 967 5811 Ρ.
1040 5757 1087 5810 ἔτ’
1125 5760 1186 5812 τὸ
1215 5777 1321 5817 om.
1356 5761 1414 5816 l‘.
1495 5766 1538 5798 5°
1568 5765 1873 5835 προσϐολῆς
1913 5769 1970 5821 Α.

2053 5771 2094 5801 ⁸⁸
2127 5773 2172 5822 οἰ
2210 5786 2315 5823 uni.
2363 5768 2422 5823 Ρ.

2503 5770 2545 5796 ⁵³
2576 5765 2723 5835 τοὺς]
2753 5765 2810 5818 τδ
2850 5767 2974 5828 τοὺς
3015 5764 3126 5820 ΔΡ.
