3994 6220
460 319 568 389 279

1573 328 2083 395 THEOPHANES
2103 337 2247 400 CON
2251 341 2540 405 TINUAT
2551 343 2663 405 US.

3640 344 3751 411 280

466 436 546 491 nti
599 436 838 494 maxime
882 436 1046 511 lignis
1089 437 1341 494 dulcibus
1387 438 1766 497 adnascuntur
1810 459 2035 513 vermes,

2149 451 2224 516 ὡς
2254 457 2367 519 τοῖς
2387 455 2616 525 γλυκέσι
2640 455 2876 528 μάλιστα
2909 457 3018 513 τῶν
3049 458 3221 525 ξύλων
3248 446 3302 514 οἱ
3325 460 3627 533 σκώληκες,
3648 467 3744 520 καὶ

468 527 709 599 malique
778 530 1051 587 daemones
1099 545 1405 585 annuortnn
1468 540 1625 588 terra:
1680 546 2043 604 proventuum

469 618 800 691 frugumque
837 622 1069 677 ubertati
1107 622 1412 679 invidentes
1439 639 1743 693 pravorum,
1761 628 2043 683 hominum

466 729 635 785 opera
685 716 953 770 bonorum
1004 715 1343 773 feracitatem
1386 719 1716 776 conturbare
1748 733 2041 787 conantur,

464 822 530 861 ex
566 808 758 862 horum
789 823 1016 863 numero
1075 810 1144 865 ad
1205 809 1555 880 imperatoris
1603 812 1772 869 vitam
1829 814 2045 870 insidiis

463 899 722 969 ferroque
749 901 1105 969 appetendam
1140 903 1393 958 instructi
1426 902 1745 976 Symbalius
1779 921 1843 961 ac
1873 906 2045 963 Geor-

464 990 586 1059 gius
615 1008 738 1045 cum
774 992 1056 1049 hominum
1088 993 1424 1051 nefariorum
1454 1012 1519 1053 ac
1551 997 1841 1067 impiorum
1860 999 2039 1054 turba.

464 1080 620 1134 Haud
657 1089 837 1136 tamen
869 1083 1097 1138 omnino
1125 1084 1204 1141 eis
1244 1086 1432 1153 licuit,
1472 1103 1579 1144 non
1609 1090 1824 1144 sinente
1852 1090 1958 1145 Deo
1990 1101 2047 1144 ut

463 1168 723 1239 depressa
769 1172 1091 1245 devictaque
1134 1177 1343 1231 malitia
1384 1178 1533 1234 brevi
1582 1179 1740 1251 quasi
1780 1181 2047 1251 reparatis

464 1263 672 1319 viribus
725 1266 1129 1323 convivisceret
1189 1285 1367 1341 exque
1417 1272 1551 1327 orbe
1596 1273 1909 1345 aequitatem
1980 1290 2047 1331 ac

459 1355 733 1422 justitiam
786 1358 1030 1428 pelleret.
1056 1359 1484 1431 Conjuratorum
1513 1380 1623 1420 uno
1653 1366 1918 1436 prodente
1949 1382 2045 1422 eo-

463 1463 585 1502 rum
621 1448 673 1503 in
700 1460 948 1522 apertum
977 1454 1205 1509 deducta
1229 1456 1565 1515 machinatio
1588 1470 1693 1515 est.
1724 1459 2046 1519 Subsecutis

462 1541 713 1597 criminis
749 1544 969 1601 indiciis
993 1547 1283 1620 evictaque
1324 1565 1513 1617 causa,
1545 1552 1722 1621 legum
1757 1555 2047 1609 severitate

461 1642 766 1688 extremum
801 1635 1123 1695 imminebat
1149 1641 1510 1712 supplicium,
1547 1654 1607 1700 ut
1637 1644 1897 1701 nimirum
1948 1647 2045 1702 bo-

458 1742 662 1799 norum
707 1730 950 1786 omnium
998 1734 1407 1806 proscriptione
1436 1736 1711 1793 damnatis
1737 1739 1901 1799 etiam
1936 1740 2043 1794 vita

459 1821 817 1879 adimeretur.
872 1825 944 1879 At
994 1829 1247 1899 generosi
1302 1830 1563 1900 principis
1593 1832 1886 1889 clementia
1937 1850 2047 1890 una

459 1916 727 1971 duntaxat
771 1913 1061 1975 oculorum
1093 1920 1409 1990 eilossione,
1459 1939 1651 1980 eorum
1703 1927 2048 1984 solummodo

458 2006 554 2077 qui
582 2009 736 2077 pravi
764 2012 984 2066 consilii
1014 2024 1269 2071 auctores
1300 2018 1649 2085 exstiterant,
1692 2035 1909 2088 pcenam
1953 2021 2046 2076 dc-

458 2098 667 2169 ﬁnivit;
724 2103 1011 2175 magisque
1084 2105 1347 2164 ultionem
1394 2110 1713 2167 moderatus
1765 2124 1930 2179 esset,
1991 2115 2045 2169 ni

456 2202 803 2262 perspectum
831 2196 1119 2254 habuisset
1139 2214 1350 2255 summa
1389 2201 1444 2255 in
1476 2218 1569 2258 eos
1594 2203 1883 2260 clementia
1907 2207 2046 2262 alios

456 2299 675 2356 quoque
709 2286 777 2341 ad
822 2286 964 2343 idem
1001 2290 1183 2346 scelus
1222 2292 1533 2347 audendum
1562 2308 1917 2364 provocatum
1950 2298 2041 2365 iri,

455 2387 686 2448 tumque
739 2378 1067 2451 adigendum
1120 2399 1181 2438 se
1237 2388 1552 2441 necessario
1610 2389 1677 2442 ad
1740 2392 2044 2453 atrociores

456 2486 650 2539 poenas
675 2473 994 2544 exigendas.
1030 2473 1241 2532 Idcirco
1260 2494 1346 2545 ea,
1379 2495 1544 2551 quam
1570 2482 1702 2549 dixi,
1729 2499 1888 2553 poena
1929 2494 2042 2541 tum

454 2562 563 2617 illis
592 2562 757 2637 264
783 2568 1119 2633 pmnitentite
1155 2579 1368 2642 tempus
1425 2573 1679 2643 praebuit,
1725 2584 1839 2630 tum
1871 2577 2045 2635 malos

452 2654 694 2728 reliquos
733 2659 1000 2715 coercuit.
1033 2661 1273 2719 Studens
1312 2673 1491 2720 autem
1527 2668 1789 2738 majorem
1837 2669 1891 2723 in
1924 2686 2043 2725 mo-

450 2748 577 2801 dum
604 2764 794 2804 eornm
828 2753 1126 2822 reprimere
1157 2756 1371 2813 animos
1412 2759 1508 2829 qui
1559 2760 1761 2831 injuste
1800 2761 2031 2818 aliorum

451 2844 693 2901 aedibus
750 2844 984 2911 inhiant,
1052 2860 1385 2918 omnemque
1435 2850 1542 2905 illis
1598 2866 1749 2922 spem
1804 2854 2040 2921 auferre,

454 2934 595 2991 ﬁlios
630 2946 763 2991 natu
794 2937 1033 3007 majores
1085 2939 1515 2997 Constantinum
1557 2953 1724 3015 atque
1777 2946 2036 3013 Leonem,

451 3026 601 3095 regie
627 3025 743 3096 jam
771 3027 1034 3084 educatos
1081 3045 1144 3084 ac
1168 3032 1417 3087 eruditos
1447 3034 1710 3105 omnique
1736 3036 1935 3092 virtute
1972 3054 2039 3093 ex

2081 1798 2120 1853 Β

2150 550 2216 619 τῇ
2245 554 2487 621 κοσμικῇ
2539 551 2800 625 εὐετηρίᾳ
2831 554 2925 607 καὶ
2980 555 3207 627 εὐθηνίᾳ
3269 556 3636 626 βασκαίνοντα
3674 560 3743 612 τὰ

2150 640 2331 707 φαῦλα
2363 641 2619 713 δαιμόνια
2665 644 2755 698 διὰ
2812 646 3067 719 πονηρῶν
3123 647 3430 719 ἀνθρώπων
3487 651 3747 720 πειρᾶται

2149 730 2249 802 τὴν
2278 732 2388 786 τῶν
2431 734 2657 803 ἀγαθῶν
2708 738 3044 810 συνταράξαι
3072 739 3268 810 φορὰν,
3310 741 3376 794 ὲκ
3413 740 3623 794 τούτων
3653 742 3751 793 καὶ

2148 824 2325 896 τούτῳ
2378 827 2651 899 συσκευὴν
2697 830 3015 901 ἐπιϐουλῆς,
3075 832 3217 903 μετὰ
3269 834 3365 887 καὶ
3398 834 3536 905 πρὸς
3586 834 3748 902 φόνον

2147 918 2428 984 ὁπλίζεται
2458 908 2886 991 Συμσάτιοςκαὶ
2906 924 3178 996 Γεώργιος
3200 929 3337 996 μετὰ
3367 928 3593 997 στίφους
3610 928 3749 981 ἀπο-

2148 1009 2370 1080 φράδων
2394 1011 2701 1083 ἀνθρώπιον
2722 1014 2818 1068 καὶ
2848 1015 3147 1072 δυσσεδῶν.
3168 1016 3242 1070 03
3264 1017 3679 1089 συγχωροῦντος
3699 1018 3747 1050 ⁸ο

2147 1101 2204 1155 δὲ
2244 1102 2484 1168 πάντως,
2515 1104 2627 1160 οὐδ’
2653 1106 2984 1177 ἀνεχομένου
3012 1106 3153 1162 Θεοῦ
3168 1110 3267 1180 τὴν
3298 1110 3499 1164 κακίαν
3520 1110 3589 1164 δι’
3618 1110 3748 1163 ὲλα-

2149 1193 2338 1264 χίστου
2388 1194 2547 1261 αὖθις
2605 1197 2977 1255 ἀναπαλαῖσαι
3032 1200 3133 1271 τὴν
3172 1202 3382 1256 οίκείαν
3440 1199 3613 1276 ⁴ἧτταν
3647 1204 3747 1257 καὶ

2148 1287 2421 1342 ἀπελάσαι
2450 1288 2549 1359 τὴν
2572 1290 2830 1361 εὐνομίαν
2855 1293 2952 1346 καὶ
2976 1294 3329 1366 δικαιοσύνην
3362 1295 3470 1350 ἀπὸ
3491 1297 3591 1367 τῆς
3608 1298 3742 1368 γῆς,

2150 1379 2448 1449 κατάδηλος
2481 1383 2515 1451 η
2552 1380 2757 1434 τούτων
2818 1381 2903 1453 [Ρ.
2948 1382 3072 1455 ﬂii]
3131 1383 3365 1454 πονηρία
3413 1385 3746 1440 καθίσταται

2148 1470 2243 1537 ἀφ’
2270 1471 2389 1534 ἑνὸς
2418 1470 2527 1524 τῶν
2581 1474 2932 1541 συνωμοτῶν.
2976 1473 3490 1547 Ἀκολονθησάντων
3522 1477 3580 1531 δὲ
3626 1477 3748 1530 τῶν

2147 1563 2388 1634 ἐλέγχων
2417 1566 2698 1636 ἐπήρτητο
2730 1567 2828 1638 μὲν
2848 1568 2958 1621 ἀπὸ
2983 1567 3091 1621 τῶν
3114 1567 3297 1639 νόμων
3315 1570 3498 1636 αὐτοῖς
3520 1572 3552 1641 ἡ
3576 1570 3747 1641 ἐσχά-

2148 1674 2215 1727 τη
2246 1658 2508 1727 τιμωρία,
2544 1660 2811 1726 τουτέστι,
2876 1661 3016 1731 μετά
3061 1661 3157 1716 καὶ
3185 1661 3448 1732 δήμευσιν
3498 1663 3592 1716 καὶ
3627 1663 3747 1716 τῶν

2148 1749 2321 1804 ὄντων
2343 1751 2599 1807 ἁπάντων
2629 1752 2925 1819 ἔκπτωσιν,
2961 1755 3055 1809 καὶ
3088 1756 3121 1826 ὴ
3154 1755 3257 1825 τῆς
3283 1756 3432 1826 ζωῆς
3448 1757 3619 1828 αὐτῆς
3639 1757 3746 1810 ἀλ-

2149 1841 2458 1912 λοτρίωσις.
2503 1842 2642 1897 Ἀλλ’
2679 1845 2714 1915 ἡ
2739 1843 2835 1898 τοῦ
2862 1845 3109 1914 γενναίου
3144 1846 3405 1915 βασιλέως
3432 1846 3746 1916 φιλανθρω-

2149 1936 2251 1991 πία
2291 1938 2427 2008 μόνῃ
2463 1937 2576 1992 τῶν
2610 1938 2907 2010 ὀφθαλμῶν
2928 1941 3139 2009 ὲκκοπῇ
3171 1939 3270 2009 τὴν
3303 1937 3569 2009 τιμωρίαν
3598 1937 3744 2008 ὠρί-

2149 2044 2282 2081 σατο
2314 2028 2451 2093 τέως
2499 2028 2609 2083 τῶν
2635 2030 3139 2103 προκαταρξὰωτων
3186 2028 3284 2099 τῆς
3319 2030 3563 2101 πονηρᾶς
3592 2045 3745 2097 συμ-

2148 2118 2348 2191 ϐουλῆς
2368 2135 2380 2149 ⁸
2414 2123 2508 2174 καὶ
2543 2122 2705 2175 πλέον
2756 2122 2801 2175 δ’
2826 2121 2892 2176 ἂν
2928 2122 3029 2192 τὴν
3063 2121 3351 2194 εἴσπραξιν
3383 2120 3743 2191 ἐμετρίασεν,

2146 2215 2194 2268 εί
2219 2215 2293 2285 μὴ
2320 2213 2416 2285 τὴν
2446 2216 2525 2279 είς
2557 2215 2781 2278 τούτους
2821 2216 2998 2285 ἄκραν
3033 2214 3447 2285 φιλανθρωπίαν
3467 2213 3748 2281 ἐγίνωσκε

2147 2307 2243 2361 καὶ
2288 2307 2486 2371 ἄλλους
2513 2308 2919 2379 προτρέψεσθαι
2960 2309 3001 2340 ⁸⁸
3043 2309 3180 2381 πρὸς
3208 2308 3306 2378 τὴν
3355 2308 3592 2377 μίμησιν
3634 2307 3748 2360 καὶ

2145 2399 2267 2452 τότε
2297 2400 2377 2462 είς
2407 2398 2657 2467 ἀνάγκην
2710 2399 3021 2469 ὑπαχθῆναι
3078 2398 3241 2452 αὐτὸν
3290 2398 3387 2452 καὶ
3428 2397 3747 2469 βαρυτέρας

2144 2489 2575 2555 ἀντα-ποδόσεως.
2618 2490 2717 2546 Διά
2741 2490 2902 2545 τοῦτο
2928 2494 2995 2562 τῇ
3036 2490 3290 2562 λεχθείσῃ
3322 2493 3481 2561 ποινῇ
3516 2488 3746 2552 τούτοις

2144 2602 2203 2639 τε
2242 2585 2531 2655 μετανοίας
2558 2586 2807 2658 παρέσχε
2862 2585 3057 2656 καιρὸν
3093 2585 3186 2638 καὶ
3215 2585 3343 2649 τοὺς
3366 2584 3588 2647 λοιποὺς
3616 2582 3746 2636 τῶν

2145 2683 2402 2753 πονηρῶν
2423 2682 2780 2752 ἐσωφρόνιζε.
2816 2681 3148 2753 Βουλόμενος
3170 2680 3215 2735 δ’
3246 2680 3339 2734 ἐπὶ
3360 2679 3560 2749 μᾶλλον
3593 2679 3745 2733 ἀνα-

2146 2775 2351 2829 στεῖλαι
2371 2777 2470 2839 τάς
2498 2775 2677 2845 ὁρμὰς
2710 2775 2819 2828 τῶν
2850 2774 3047 2838 ἀδίκως
3103 2772 3413 2845 ζητούντων
3447 2771 3748 2843 ἀλλότριον

2144 2867 2376 2923 θάνατον
2402 2869 2495 2922 καὶ
2524 2868 2706 2922 πᾶσαν
2752 2868 2932 2921 αὐτῶν
2962 2867 3153 2921 ἐλπίδα
3207 2865 3503 2939 περιελεῖν,
3536 2864 3747 2932 ἀνάγει

2145 2958 2280 3028 πρὸς
2311 2957 2373 3011 τὸ
2396 2956 2497 3027 τῆς
2545 2956 2823 3027 βασιλείας
2853 2957 3072 3027 ἀξίωμα
3089 2958 3216 3021 τοὺς
3237 2956 3346 3009 τῶν
3371 2956 3575 3010 παίδων
3604 2956 3749 3009 καθ’

2143 3050 2362 3121 ἠλικίαν
2391 3050 2743 3119 προέχοντας,
2772 3050 2873 3119 ἤδη
2915 3049 3205 3119 βασιλικῶς
3234 3047 3605 3118 ἀναγομένους
3630 3051 3748 3102 καὶ

450 3117 669 3187 imperii
721 3120 934 3174 ratione
993 3122 1267 3189 excultos,
1322 3122 1390 3177 ad
1451 3124 1665 3195 imperii
1716 3126 2033 3199 dignitatem

2142 3142 2567 3213 παιδευομένους
2602 3143 2696 3195 καὶ
2722 3143 2801 3205 εἰς
2851 3143 3031 3195 πᾶσαν
3061 3142 3447 3211 ἐκλάμποντας
3492 3140 3753 3213 ἀρχικὴν

448 3223 754 3280 promovet,
797 3212 946 3267 velut
977 3214 1238 3269 nimirum
1271 3216 1566 3273 validiores
1613 3220 1909 3291 pluresque
1948 3238 2035 3276 ra-

448 3301 598 3358 dices
633 3303 691 3358 in
718 3302 954 3375 imperio
997 3304 1243 3374 mittens,
1292 3316 1347 3365 et
1380 3323 1546 3379 super
1582 3325 1650 3365 eo
1680 3312 1893 3369 nobiles
1933 3314 2037 3368 im-

445 3400 583 3468 perii
616 3416 800 3457 ramos
824 3400 1151 3458 sustollens.

516 3579 608 3637 35.
640 3581 723 3635 Ad
743 3581 886 3635 hanc
917 3595 1081 3650 porro
1106 3579 1352 3635 historiae
1371 3591 1582 3651 partem
1605 3598 1729 3637 cum
1763 3585 2026 3650 venerim,

443 3672 581 3728 libet
616 3674 707 3727 hic
741 3689 966 3744 quoque
997 3674 1065 3729 de
1108 3673 1334 3743 reliquis
1367 3673 1487 3743 ejus
1536 3674 1721 3731 liberis
1780 3677 2030 3735 instituto

441 3780 717 3829 sermone,
744 3766 1019 3834 quomodo
1066 3766 1134 3822 de
1181 3766 1413 3836 singulis
1457 3769 1545 3839 pie
1580 3769 1874 3826 admodum
1921 3784 2029 3828 sta-

443 3857 631 3919 tuerit,
664 3857 966 3915 declarare.
1006 3857 1170 3916 Velut
1197 3859 1341 3915 enim
1390 3860 1522 3916 olint
1569 3861 1772 3932 pietate
1804 3866 2028 3936 conspi-

441 3965 577 4007 cuos
613 3967 677 4007 ac
718 3951 908 4009 beatos
959 3955 1130 4021 viros,
1193 3955 1305 4010 imo
1353 3964 1408 4009 et
1449 3967 1613 4025 supra
1678 3956 1822 4023 illos,
1882 3960 2028 4016 hunc

439 4058 663 4115 quoque
709 4043 851 4101 Deus
897 4047 1123 4118 copiosa
1173 4050 1458 4121 probaque
1520 4050 1708 4107 sobole
1774 4053 2025 4111 donavit.

436 4138 570 4194 Post
594 4138 819 4209 aliquod
862 4140 1049 4212 itaque
1088 4151 1303 4214 tempus
1344 4146 1511 4201 etiam
1567 4147 1938 4204 Alexandrum
1974 4152 2030 4204 li-

437 4230 639 4286 liorum
687 4231 907 4287 tertium
947 4233 1180 4305 Augusti
1207 4251 1413 4293 corona
1446 4240 1765 4311 impartivit.
1815 4242 2024 4298 llorutn

434 4339 568 4380 vero
642 4326 1002 4383 novissimum
1077 4327 1457 4400 Stephanum,
1509 4333 1657 4389 haud
1728 4351 1888 4392 secus
1958 4352 2024 4392 ac

437 4417 786 4475 Abrahatnns
815 4417 1091 4487 lsaacum,
1146 4421 1259 4478 Deo
1314 4424 1472 4481 oﬂ'ert
1520 4425 1724 4497 Deique
1766 4426 2025 4486 Ecclesia:

2140 3235 2366 3308 ἀρετὴν,
2422 3235 2830 3287 Κωνσταντῖνον
2880 3232 2974 3287 καὶ
3004 3234 3235 3298 Λέοντα,
3267 3232 3431 3287 οἱονεὶ⁵
3460 3250 3745 3301 κραταιο-

2138 3329 2305 3399 τέρας
2335 3326 2492 3396 ῥίζας
2522 3327 2613 3380 καὶ
2649 3325 2898 3387 πλείονας
2932 3325 3258 3397 βαλλόμενος
3284 3328 3351 3398 τῇ
3400 3325 3575 3397 ἀρχῇ,
3628 3329 3747 3379 καὶ

2138 3424 2265 3485 τοὺς
2315 3422 2557 3489 εὐγενεῖς
2606 3421 2703 3489 τῆς
2756 3420 3035 3490 βασιλείας
3083 3420 3337 3491 ὄρπηκας
3374 3419 3466 3473 ἐπὶ
3518 3419 3747 3490 ταύτης

2140 3512 2310 3582 ὑψῶν.
3558 3560 3569 3565 -

2205 3604 2302 3658 λε’.
2336 3602 2477 3656 Ἀλλ’
2504 3602 2622 3655 ἐπεὶ
2648 3602 2789 3677 κατὰ
2817 3600 2975 3655 τοῦτο
3025 3602 3085 3655 τὺ
3114 3600 3280 3672 μέρος
3327 3601 3599 3673 ἐγενόμην
3621 3602 3745 3672 τῆς

2134 3696 2461 3767 διηγήσεως,
2510 3694 2770 3766 βούλομαι
2822 3696 2918 3749 καὶ
2968 3697 3237 3765 περὶτῶν
3289 3695 3494 3749 λοιπῶν
3553 3694 3743 3751 αὐτοῦ

2136 3787 2341 3842 παίδων
2367 3788 2467 3859 ἤδη
2487 3786 2784 3849 διαλαϐεῖν.
2817 3788 2966 3851 ὅπως
2998 3790 3127 3861 περὶ
3169 3788 3405 3843 ἑκάστου
3428 3786 3612 3841 αὐτῶν
3634 3789 3745 3842 εὐ-

2135 3877 2310 3943 σεϐῶς
2339 3878 2719 3933 ἐϐουλεύσατο.
2751 3880 2907 3935 Κατὰ
2935 3880 3044 3951 γὰρ
3069 3880 3195 3944 τοὺς
3253 3880 3422 3935 πάλαι
3469 3879 3579 3933 τῶν
3633 3881 3744 3932 εὐ-

2135 3971 2309 4027 σεϐῶν
2341 3974 2435 4026 καὶ
2492 3972 2779 4043 μακαρίων
2809 3972 3040 4039 ἀνδρῶν,
3103 3973 3305 4043 μᾶλλον
3332 3974 3390 4027 δὲ
3430 3973 3525 4028 καὶ
3578 3972 3741 4045 ὑπὲρ

2132 4065 2374 4133 ἐκείνους
2404 4065 2709 4120 πολύπαιδα
2740 4064 2833 4119 καὶ
2866 4065 3195 4121 καλλίπαιδα
3230 4067 3323 4120 καὶ
3368 4066 3557 4118 τοῦτον
3585 4065 3741 4118 εδει-

2131 4161 2221 4227 ξεν
2243 4161 2272 4213 ὁ
2306 4159 2457 4222 Θεός.
2490 4158 2646 4211 Μετά
2675 4158 2864 4229 χρόνον
2896 4159 3077 4213 τοίνυν
3106 4157 3229 4213 τινὰ
3259 4157 3591 4230 μεταδίδωσι
3621 4156 3736 4210 τοῦ

2132 4252 2360 4321 στέφους
2382 4252 2477 4305 καί
2509 4249 2841 4322 Ἀλεξάνδρῳ
2878 4249 2957 4322 τῷ
2994 4251 3166 4322 τρίτῳ
3217 4249 3351 4322 υίῷ·
3383 4249 3479 4304 τὸν
3506 4249 3565 4303 δὲ
3587 4248 3735 4303 τού-

2129 4359 2236 4396 των
2267 4341 2534 4397 νεώτατον
2563 4340 2855 4412 Στέφανον,
2893 4342 2969 4406 ὡς
3002 4342 3097 4395 τὸν
3138 4342 3327 4396 Ἰσαὰκ
3358 4342 3387 4394 ὁ
3435 4339 3645 4413 Ἀδραά
3655 4359 3734 4409 μ,

2130 4434 2398 4506 προσάγει
2421 4434 2539 4505 Θεῷ
2569 4434 2661 4487 καὶ
2685 4436 2751 4505 τῇ
2786 4433 2879 4488 τοῦ
2905 4432 3038 4487 Θεοῦ
3080 4433 3382 4505 Ἐκκλησία
3406 4430 3731 4500 ἐγκαταλέο

436 4507 640 4579 adlegit
669 4524 734 4565 ac
765 4519 1077 4568 consecrat.
1124 4510 1294 4571 Filias
1330 4516 1558 4571 totidem
1616 4489 1847 4575 tiumero
1887 4531 2023 4591 quot

2142 4489 2216 4599 γει
2251 4529 2296 4560 ⁸⁸
2321 4489 2422 4582 καὶ
2473 4489 2861 4599 ἀίριεροῖ.ηΤὴν
2888 4526 3107 4599 θήλειαν
3127 4526 3184 4581 δὲ
3219 4489 3384 4599 γονὴν
3419 4489 3731 4596 ίσάριθμον

435 4610 593 4656 erant
647 4605 923 4670 masculi,
986 4604 1041 4661 in
1093 4621 1254 4685 sacro
1316 4608 1711 4668 illustrissima:
1764 4615 2020 4686 martyris

2142 4620 2295 4675 aboav
2323 4622 2389 4691 τῇ
2442 4620 2631 4691 ἀρῤενι
2660 4620 2718 4672 ὲν
2756 4618 2888 4691 ἱερῷ
2947 4618 3185 4690 σεμνείῳ
3214 4620 3315 4689 τῆς
3350 4617 3728 4688 πανευφήμου

435 4690 750 4762 Enphetniae
795 4695 1133 4757 monasterio
1177 4697 1440 4762 devovet,
1498 4714 1563 4756 ac
1617 4702 1766 4759 velut
1821 4719 2019 4763 munus

2142 4690 2404 4782 ιάρτυρος
2445 4690 2733 4781 Εὐφημίας
2764 4708 3012 4780 καθιεροῖ
3045 4710 3141 4763 καί¹
3187 4709 3263 4774 ὡς
3294 4708 3467 4781 δῶρον
3518 4708 3732 4764 δεκτδν

433 4793 716 4853 acceptum
747 4785 1098 4859 hostiamque
1131 4788 1243 4846 Deo
1272 4791 1439 4860 dicat,
1473 4792 1595 4850 illas
1630 4804 1744 4850 tum
1773 4797 2018 4853 moribus

2142 4806 2217 4861 ιαὶ
2247 4804 2502 4875 ἀνάθημα
2535 4802 2654 4873 Θεῷ
2692 4803 3034 4874 ἀνατίθησιν,
3086 4803 3180 4856 καὶ
3208 4804 3450 4874 σχήματι
3482 4802 3584 4858 καὶ
3610 4820 3727 4856 κα-

434 4884 547 4931 ιυιιι
579 4876 766 4932 habitn
790 4880 1050 4949 omnique
1070 4896 1338 4953 apparatu
1369 4901 1598 4954 ornans,
1623 4903 1738 4959 qtto
1767 4890 2014 4947 decorari

2142 4898 2354 4968 εαστολῇ
2391 4901 2674 4969 κοσμήσας
2709 4896 2908 4968 ὁμοίως
2934 4899 3054 4961 ταῖς
3087 4896 3344 4967 καθαρῶς
3373 4897 3468 4950 καὶ
3501 4896 3729 4966 ἀμιάν-

433 4968 611 5024 snlent
631 4984 755 5039 quae
784 4987 918 5041 pure
943 4989 1007 5029 ac
1035 4974 1471 5033 ineontaminate
1500 4978 1792 5037 immortali
1815 4998 2021 5053 sponso

430 5061 651 5121 Christo
707 5080 926 5137 sponsae
971 5066 1211 5137 virgines
1265 5072 1619 5141 c0pulantur.
1686 5074 1832 5141 llaec,
1891 5079 2021 5136 licet-

433 5158 748 5217 subsecutis
786 5160 950 5232 265
978 5160 1317 5231 temporibus
1355 5172 1474 5220 acta
1512 5176 1664 5234 sunt,
1711 5168 1800 5223 hic
1834 5179 2012 5227 tamen

432 5251 607 5315 posita
639 5262 821 5322 sunto,
854 5254 929 5310 uti
967 5236 1186 5322 natura,
1224 5254 1304 5312 sic
1334 5266 1388 5312 et
1411 5260 1669 5315 narrandi
1704 5261 1820 5333 ipsa
1848 5264 2011 5330 serie,

432 5338 663 5395 fratrum
692 5349 1039 5415 quaternioni
1074 5349 1388 5420 conjuncta.

501 5431 594 5488 56.
622 5431 802 5493 llebus
837 5438 1023 5511 itaque
1054 5440 1135 5498 sic
1165 5441 1241 5495 illi
1270 5441 1416 5497 domi
1442 5442 1620 5517 probe
1646 5443 2010 5518 religioseque

430 5537 496 5578 ac
526 5523 636 5581 Deo
658 5528 856 5596 placito
883 5546 1054 5603 scopo
1080 5532 1415 5599 constitutis,
1448 5550 1571 5589 cum
1606 5535 1784 5605 ipsum
1811 5539 2009 5596 ardens

431 5618 745 5688 reipublicae
784 5638 915 5679 cura
971 5627 1039 5683 ad
1087 5638 1311 5684 externa
1352 5644 1573 5701 quoque
1630 5630 1771 5686 bella
1825 5634 2007 5689 susci-

2116 5008 2223 5054 τως
2246 4989 2325 5060 τῷ
2364 4989 2618 5061 ἀθανάτῳ
2665 4989 2905 5059 Νυμφίῳ
2936 4987 3380 5060 νυμφευομέναις
3402 4988 3727 5061 παρθένοις

2120 5081 2363 5153 Χριστῷ.
2394 5080 2580 5135 Ταῦτα
2610 5082 2667 5136 δὲ
2701 5084 2749 5135 εί
2772 5084 3005 5147 καὶτοῖς
3037 5082 3251 5153 χρόνοις
3275 5081 3503 5154 ὕστερον
3541 5084 3733 5153 τυχὸν

2116 5175 2363 5246 γέγονεν,
2397 5174 2511 5229 ἀλλ’
2533 5174 2629 5229 οὖν
2647 5174 2880 5230 ἐνταῦθα
2906 5175 3108 5230 κείσθω
3138 5174 3481 5246 συνημμένα,
3512 5174 3731 5245 ὥσπερ

2117 5193 2363 5246 γεγονεν,
2397 5193 2509 5229 αΛΑ·
2533 5193 2629 5229 ουν
2647 5193 2880 5230 ενταυυα
2906 5193 3108 5230 κεισυω
3138 5193 3481 5246 συνημμενα,
3512 5193 3731 5245 ωσπερ

2117 5272 2182 5340 τῇ
2211 5269 2392 5338 φύσει,
2419 5269 2563 5322 οὕτω
2603 5268 2667 5338 δὴ
2706 5269 2803 5322 καὶ
2850 5272 2917 5339 τῇ
2952 5269 3203 5342 διηγήσει
3235 5268 3337 5341 τῆς
3370 5193 3763 5369 τετρακτύοςὶ

2118 5362 2226 5416 τῶν
2253 5362 2520 5431 ἀδελφῶν.

2189 5454 2301 5519 λς’.
2347 5456 2503 5510 Ἐπεὶ
2539 5454 2635 5509 οὖν
2690 5455 2758 5509 τά
2811 5456 2951 5508 οἴκοι
3004 5454 3188 5518 καλῶς
3238 5449 3385 5525 εἶχεν
3415 5452 3565 5521 αὐτῷ
3605 5458 3736 5508 καὶ

2121 5548 2261 5600 κατά
2292 5547 2495 5600 σκοπὸν
2527 5547 2727 5618 εὐσεϐῆ
2758 5549 2852 5601 καὶ
2872 5547 3190 5619 θεάρεστον,
3235 5547 3420 5602 ἐκάλει
3450 5548 3506 5600 δὲ
3536 5546 3732 5599 αὐτὸν

2118 5640 2385 5714 ήιςέουσα
2415 5640 2539 5712 περὶ
2596 5639 2702 5693 τῶν
2752 5641 2887 5695 ὅλων
2929 5640 3151 5712 φροντὶς
3186 5640 3277 5696 καὶ
3339 5638 3475 5711 πρὸς
3529 5638 3736 5710 ὑπερ-

1726 5720 1964 5777 V‘ARIIE
2004 5726 2404 5784 LECTIONES.

497 5808 545 5841 "
573 5808 985 5879 συγχωροῦνται
1015 5811 1074 5866 Ρ.
1157 5814 1196 5846 ⁶¹
1243 5812 1735 5882 προτρέψασθαιᾼ.
1819 5816 1860 5848 ⁸*
1889 5819 2178 5889 καταλέγει
2217 5823 2280 5875 Α.
