3994 6220
223 331 325 397 231

1326 338 1473 399 LIB.
1517 338 1584 401 V.
1627 363 1695 375 -
1730 336 2087 400 BASILIUS
2114 338 2442 403 MACEDO.

3365 341 3474 406 25:9.

216 448 403 518 θρίους
429 447 745 519 στρατείας.
782 450 857 515 ὡς
904 450 971 505 ἂν
1010 453 1124 517 τοῖς
1147 454 1373 519 οἰκείοις
1402 455 1586 519 πόνοις
1626 456 1717 507 καὶ
1743 459 1806 525 τῇ

1914 453 2107 523 pienda
2141 454 2466 526 impelleret,
2486 470 2594 526 quo
2615 455 2874 512 nimirum
2912 456 3029 513 suis
3058 456 3174 527 ipse
3197 456 3481 512 laboribus

213 538 388 590 αὑτοῦ
416 538 613 611 ἀνδρία
654 541 749 593 καὶ
780 542 1124 615 γενναιότητι
1168 545 1414 617 πλατύνῃ
1453 547 1553 615 μὲν
1582 548 1651 600 τὰ
1684 548 1808 616 ὅρια

214 629 317 698 τῆς
350 630 551 700 ἀρχῆς,
611 633 951 704 πορρωτέρω
978 635 1036 689 δὲ
1068 636 1286 710 συνώσῃ
1318 637 1403 709 [Ρ.
1438 636 1564 711 165]
1592 640 1685 692 καὶ
1702 640 1807 693 ἀπ-

216 723 392 794 ελάσῃ
411 722 474 776 τὸ
494 722 907 794 δυσμενὲς,ούδὲ
926 727 1134 782 τούτων
1146 730 1441 801 ἠμέλησεν,
1464 729 1599 784 ἀλλὰ
1616 733 1809 805 πρῶτα

219 815 323 885 μὲν
354 816 483 876 rei);
527 819 959 886 στρατιωτικοὺς
1005 821 1349 891 καταλόγους
1403 823 1808 889 ὲλαττωθέντας

219 916 285 967 ἑκ
313 913 410 968 τοῦ
440 914 811 985 περικοπῆναι
833 914 933 979 τὰς
959 915 1240 987 διδομένας
1256 918 1467 984 τούτοις
1494 920 1808 990 φιλοτιμίας

219 1000 317 1058 καὶ
345 1005 514 1073 ρόγας
558 1004 654 1057 καὶ
681 1004 751 1058 τὰ
786 1005 1043 1075 βασιλικά
1088 1008 1375 1081 σιτηρέσια
1394 1010 1484 1064 διὰ
1511 1012 1648 1064 νέων
1679 1012 1809 1064 συλ-

218 1094 386 1163 λογῆς
406 1109 467 1147 τε
496 1095 587 1147 καὶ
623 1094 857 1166 ικλογῆς
892 1096 1281 1165 ἀνεπλήρωσεν
1326 1098 1423 1151 καὶ
1452 1098 1541 1151 διά
1571 1098 1672 1169 τῆς
1697 1100 1808 1154 τῶν

216 1188 455 1242 δεόντων
488 1188 742 1259 παροχῆς
770 1206 833 1242 τε
857 1189 953 1243 καὶ
972 1189 1268 1253 ἐπιδόσεως
1300 1189 1544 1262 ἔρρωσεν
1563 1207 1579 1223 ’
1613 1191 1807 1246 ἔπειτα

220 1277 509 1348 γυμνάσας
539 1278 767 1342 τούτους
794 1281 916 1342 ταῖς
944 1282 1232 1343 τακτικαῖς
1260 1281 1533 1350 μελέταις,
1570 1281 1667 1335 καὶ
1695 1284 1809 1346 τοῖς

217 1372 523 1441 ἐνδελεχέσι
545 1371 733 1435 πόνοις
755 1371 1056 1443 ἐμπείρους
1085 1373 1185 1443 τῆς
1215 1371 1519 1442 πολεμικῆς
1569 1374 1809 1442 ἀγωνίας

219 1464 568 1533 πεποιηκὼς,
617 1464 714 1518 καὶ
751 1463 1008 1530 εὐταξίας
1064 1465 1151 1518 ὅτι
1190 1465 1424 1534 μάλιστα
1472 1465 1631 1535 λόγον
1662 1466 1808 1537 ἔχειν

218 1557 411 1622 ἐθίσας
438 1559 534 1611 καὶ
565 1558 995 1629 πεφροντικέναι
1029 1557 1125 1611 τοῦ
1154 1559 1464 1623 εὐπειθοῦς,
1510 1560 1655 1614 οὕτω
1686 1564 1808 1631 μετ’

216 1650 407 1707 αὐτῶν
424 1651 569 1720 ὑπὲρ
595 1650 705 1704 τῶν
726 1649 974 1719 φυλετῶν
994 1650 1087 1705 καὶ
1120 1652 1401 1721 συγγενῶν
1429 1653 1521 1707 καὶ
1550 1654 1808 1723 ὑπηκόων

217 1741 369 1797 κατά
392 1742 688 1815 βαρϐάρων
716 1742 1100 1813 ἐστράτευσεν.
1132 1744 1289 1815 ’ᾘδει
1319 1746 1431 1817 γὰρ
1457 1746 1535 1809 ὠς
1559 1746 1680 1814 ορδὲ
1700 1747 1809 1800 τῶν

219 1834 515 1905 βαναύσων
537 1834 633 1888 καὶ
662 1833 901 1905 χυδαίων
921 1834 1129 1889 τούτων
1150 1836 1359 1905 τεχνῶν
1378 1837 1635 1907 οὐδεμίαν
1656 1836 1805 1891 εστιν

213 1925 422 1980 εἰδέναι
452 1924 562 1996 πρὸ
594 1924 688 1980 τοῦ
724 1924 941 1996 μαθεῖν,
996 1925 1105 1979 οὐδ’
1130 1925 1279 1979 ἔστιν
1308 1928 1458 1990 ὅστις
1483 1927 1806 1983 διδασκάλου

214 2020 392 2090 χωρὶς
412 2017 537 2071 οὔτε
573 2017 1091 2089 ῦποδηματοράφος,
1124 2018 1259 2088 μήτι
1290 2036 1354 2087 γε
1387 2020 1498 2073 τῶν
1521 2021 1808 2074 σπουδαιο-

213 2111 402 2179 τὲρων
458 2110 580 2165 τινὰ
610 2110 819 2181 τεχνῶν
882 2109 1269 2181 κατωρθωκὼς
1302 2110 1573 2180 φαίνεται.
1609 2114 1722 2183 Τήν
1750 2114 1808 2167 δὲ

220 2202 533 2272 ’πολεμικήν
580 2204 892 2273 ἐπιστήμην
952 2201 984 2271 ἢ
1039 2201 1235 2272 τέχνην
1275 2206 1325 2257 εί
1354 2202 1479 2274 δίχα
1514 2204 1807 2277 μαθήσεως

219 2297 325 2350 καὶ
359 2295 543 2365 ίκανῆς
588 2295 887 2366 ἐμπειρίας
934 2294 1062 2365 ἐξῆν
1104 2294 1301 2349 είδέναι
1331 2296 1411 2367 τῷ
1470 2295 1806 2369 βουλομένῳ,

211 2389 323 2442 οὐκ
348 2384 494 2457 εἶχον
546 2389 655 2460 ἀρα
701 2387 848 2453 νοῦν,
877 2387 994 2441 ἀλλ’
1025 2387 1258 2460 ἐλήρουν
1287 2391 1337 2443 oi
1368 2388 1539 2444 πολλά
1570 2392 1700 2463 περὶ
1746 2393 1810 2446 τὸ

214 2484 393 2553 μέρος
423 2481 585 2535 τοῦτο
614 2483 951 2553 πονήσαντες
991 2483 1050 2535 ὲν
1077 2485 1193 2545 τοῖς
1220 2486 1498 2548 τακτικοῖς
1523 2485 1808 2556 συγγράμ-

215 2592 360 2644 μασι
398 2574 492 2627 καὶ
536 2574 586 2628 οἱ
614 2574 861 2644 μέγιστοι
891 2574 1002 2628 τῶν
1034 2575 1457 2647 αὐτοκρατόρων
1486 2577 1581 2630 καὶ
1608 2593 1808 2647 στρατ-

209 2667 396 2737 ηγῶν,
454 2668 505 2720 oi
546 2666 719 2720 πολλά
746 2667 857 2720 ἀπὸ
889 2663 1101 2721 πολλῶν
1126 2669 1365 2739 τρόπαια
1415 2668 1806 2739 συστήσαντες,

208 2752 288 2812 ὧν
322 2758 508 2823 οὐδεὶς
531 2758 810 2830 ἐθάρρησε
849 2758 1074 2812 πώποτε
1127 2761 1247 2830 μετ’
1280 2759 1527 2829 ἀμαθοῦς
1556 2760 1650 2813 καὶ
1671 2761 1807 2829 ἀγυ-

214 2855 467 2926 μνάστου
523 2854 653 2910 λαοῦ
702 2855 785 2918 είς
822 2854 1104 2925 πολεμίων
1159 2855 1469 2925 παράταξιν
1523 2856 1805 2928 ἐμϐαλεῖν.

222 2945 379 3007 Ἆλλ⁹
431 2946 535 2999 οῦκ
565 2946 715 3000 ἐστιν
745 2944 872 2999 οὕτε
903 2946 996 3000 τὸν
1031 2945 1105 3017 μὴ
1141 2946 1389 3017 μαθόντα
1419 2947 1642 3015 εἰδέναι,
1682 2946 1807 3002 οὔτε

212 3040 307 3093 τὸν
337 3039 417 3109 μὴ
444 3040 773 3111 ἀσκήσαντα
825 3037 924 3093 καὶ
949 3038 1374 3109 γυμνασάμενον
1422 3041 1806 3109 ἀγωνίζεσθαι.

1911 554 1964 600 et
1998 544 2316 602 fortitudine
2346 548 2627 617 animique
2674 548 3049 617 magnitudine
3098 549 3311 619 imperii
3352 548 3486 605 ilnt‘s

1910 638 2179 708 proferret
2209 639 2535 708 longiusque
2554 640 2765 694 hostem
2792 641 3115 710 propelleret
3143 656 3206 696 ac
3230 641 3492 710 abigeret,

1911 746 2012 785 nec
2034 731 2176 784 hanc
2210 731 2315 786 sibi
2345 742 2554 801 partem
2586 733 2965 803 negligendam
2999 734 3228 801 putavit.
3248 733 3488 787 Primum

1912 834 2094 878 tamen
2139 823 2408 880 militares
2472 824 2732 880 cohortes
2784 825 2910 879 inde
2963 825 3285 881 imminutas
3341 827 3486 895 quod

1910 925 2187 971 consuetae
2227 915 2545 986 largitiones
2572 925 2626 970 et
2652 917 2922 985 stipendia
2963 918 3234 987 regiaeque
3258 933 3491 971 annona:

1910 1008 2020 1064 illis
2054 1008 2351 1064 subtractae
2381 1020 2586 1071 essent,
2630 1024 2772 1063 novo
2805 1008 3015 1064 delectu
3064 1008 3490 1080 eonscriptoqne

1911 1102 1965 1155 in
1997 1117 2116 1155 eam
2144 1117 2258 1155 rem
2292 1102 2462 1156 milite
2490 1100 2739 1171 replevit,
2787 1101 3197 1171 necessariique
3220 1115 3493 1155 commea-

1910 1204 1999 1249 tus
2048 1194 2559 1250 subministratione
2589 1210 2654 1248 ac
2686 1194 3010 1265 elargitione
3055 1193 3355 1248 roboravit.
3380 1191 3491 1245 Ex-

1910 1286 2036 1341 inde
2064 1286 2397 1341 militaribus
2421 1286 2681 1355 operibus
2717 1302 2811 1341 eos
2840 1301 3124 1350 exercens,
3146 1285 3494 1354 assiduisque

1911 1374 2194 1430 laboribus
2245 1374 2551 1443 disciplinae
2581 1382 2889 1429 castrorum
2949 1382 3205 1444 expertos
3259 1388 3323 1427 ac
3383 1389 3494 1441 prae

1910 1468 2166 1522 onmibus
2198 1466 2451 1521 servandi
2489 1466 2699 1521 ordinis
2727 1466 2995 1522 sollicitos
3027 1465 3287 1532 reddens,
3321 1464 3495 1519 tribu-

1856 1570 1865 1575 ‘
1910 1562 2104 1630 nisque
2154 1561 2271 1614 suis
2300 1567 2465 1629 atque
2507 1558 2739 1614 ducibus
2788 1559 3127 1629 obsequendi
3174 1560 3283 1613 ritu
3332 1558 3496 1613 insti-

1914 1664 2094 1716 tuens,
2134 1668 2239 1705 una
2275 1651 2541 1705 cum’illis
2589 1667 2687 1720 pro
2715 1650 3010 1706 tribulibus
3052 1662 3105 1705 et
3136 1650 3389 1705 allinibus
3417 1660 3497 1705 at-

1912 1763 2019 1817 que
2054 1745 2290 1800 subditis
2322 1745 2589 1798 adversus
2636 1744 2904 1799 barbaros
2930 1742 3333 1812 expeditionem
3366 1758 3492 1796 sns-

1914 1838 2079 1909 cepit.
2110 1836 2345 1892 Noverat
2378 1837 2522 1890 enim
2564 1835 2765 1889 nullam
2800 1844 2996 1897 artem,
3019 1849 3085 1888 ne
3118 1834 3493 1888 mecbanicam

1914 1929 2140 1999 quidem
2174 1943 2238 1983 ac
2264 1928 2451 1992 vilem,
2476 1926 2605 1983 sciri
2632 1941 2795 1996 posse
2821 1934 3115 1996 antequam
3139 1926 3492 1991 addiscatur;

1915 2032 2016 2072 nec
2049 2030 2380 2086 quemquam
2437 2030 2559 2069 esse
2599 2016 2691 2085 qui
2744 2015 2865 2069 sine
2911 2015 3173 2084 magistro
3200 2014 3284 2070 vel
3315 2015 3489 2082 ipsam

1916 2109 2184 2165 satoriam
2219 2107 2443 2177 (nedum
2494 2107 2737 2177 aliquam
2780 2107 3115 2163 nobiliorum
3153 2108 3375 2171 artium,
3428 2122 3493 2161 ac

1913 2220 2037 2275 quae
2067 2202 2281 2273 magnis
2310 2201 2609 2256 sudoribus
2639 2202 3057 2271 comparantur)
3090 2202 3321 2271 adeptus
3355 2200 3492 2257 satis

1914 2295 2189 2351 videatur.
2217 2293 2519 2349 Scientiam
2568 2306 2696 2347 vero
2725 2307 2822 2348 seu
2866 2300 3036 2347 artem
3071 2293 3391 2357 militarem,
3444 2294 3489 2347 si

1915 2390 2127 2459 absque
2164 2387 2454 2457 disciplina
2504 2385 2909 2455 suilicientique
2938 2401 3003 2441 ex
3056 2386 3131 2439 rei
3168 2402 3266 2439 usu
3298 2385 3492 2454 peritia

1914 2481 2093 2537 cuivis
2118 2478 2323 2533 volenti
2355 2492 2550 2549 parare
2591 2478 2799 2540 liceret,
2831 2477 2973 2531 haud
3006 2490 3139 2530 sane
3166 2475 3366 2527 mentis
3411 2475 3490 2527 in-
3560 2491 3569 2500 ·
3636 2499 3643 2507 ·

1918 2581 2083 2641 tegraa
2118 2570 2385 2637 fuissent,
2407 2571 2501 2625 sed
2534 2570 2887 2631 delirassent,
2908 2566 3002 2635 qui
3033 2567 3189 2634 plura
3219 2565 3363 2618 circa
3391 2564 3495 2618 hoc

1916 2666 1972 2720 in
2001 2662 2412 2721 commentariis
2463 2662 2530 2716 de
2566 2662 2731 2715 rebus
2782 2659 2992 2713 bellicis
3026 2656 3275 2727 diligenti
3329 2671 3494 2726 opera

1916 2756 2287 2823 tradiderunt,
2317 2755 2482 2825 266
2532 2753 2868 2822 maximique
2900 2751 3264 2818 imperatores
3296 2764 3359 2803 ac
3389 2748 3493 2803 du-

1917 2864 2013 2906 ces
2040 2849 2342 2913 exercitus,
2393 2847 2487 2917 qui
2538 2846 2710 2900 multa
2742 2844 2811 2900 de
2846 2843 3033 2898 multis
3074 2852 3276 2911 tropaea
3305 2854 3497 2895 erexe-

1916 2951 2080 3009 runt;
2111 2956 2345 3012 quorum
2380 2954 2544 2994 nemo
2577 2952 2817 3008 unquam
2869 2951 2994 2991 cum
3032 2934 3154 2987 rudi
3193 2932 3365 2987 milite
3398 2948 3499 2986 nec

1918 3035 2128 3090 bellicis
2179 3034 2465 3087 laboribus
2495 3031 2724 3086 subacto
2774 3032 3031 3083 adversas
3063 3026 3207 3081 acies
3240 3024 3494 3080 tentavit.

210 3132 318 3187 Διά
353 3131 520 3186 τοῦτο
547 3133 645 3185 καὶ
680 3133 725 3165 ⁸⁸
751 3135 779 3186 ό
807 3134 1057 3201 γενναῖος
1107 3126 1267 3196 οὗτος
1304 3133 1570 3203 πρότερον
1597 3136 1809 3206 γυμνά-

1920 3126 2085 3197 Atqui
2116 3125 2235 3181 fieri
2264 3140 2376 3179 non
2419 3132 2600 3193 potest
2630 3131 2692 3176 ut
2728 3122 2777 3175 is
2818 3121 3015 3175 doctus
3036 3119 3111 3172 sit
3139 3118 3231 3187 qui
3272 3132 3379 3171 non
3412 3116 3501 3171 di—

211 3242 316 3291 σας
349 3228 450 3279 καὶ
504 3227 846 3295 καταρτίσας
893 3226 963 3279 τά
1010 3226 1269 3295 τάγματα
1307 3227 1379 3279 τὰ
1423 3229 1817 3298 στρατιωτικὰ,

213 3322 311 3373 καὶ
340 3320 390 3351 ⁸⁸
416 3320 521 3390 τὴν
550 3319 937 3373 νεοσύλλεκτον
974 3320 1237 3390 στρατιὰν
1294 3320 1566 3391 ἀναμίξας
1615 3323 1679 3392 τῇ
1714 3340 1818 3376 πα-

214 3416 374 3485 λαιᾷ,
405 3417 506 3469 καὶ
535 3417 663 3479 ταῖς
716 3415 1091 3486 ἁρμοζούσαις
1135 3416 1425 3487 χορηγίαις
1461 3421 1555 3470 καὶ
1588 3416 1819 3487 δωρεαῖς

215 3509 458 3567 λιπάνας
498 3508 680 3561 αὐτῶν
726 3508 797 3561 τά
826 3507 993 3579 νεῦρα
1047 3507 1145 3561 καὶ
1182 3507 1430 3570 τονὼσας
1484 3507 1585 3572 τάς
1615 3507 1815 3576 δεξιὰς,

218 3600 368 3653 οὕτω
392 3600 515 3670 μετ’
538 3599 725 3654 αὐτῶν
777 3599 1087 3671 προσέσαλε
1116 3600 1161 3632 ⁸³
1186 3603 1299 3663 τοῖς
1350 3601 1563 3671 ἐχθροῖς
1607 3602 1701 3655 καὶ
1735 3601 1805 3657 τά

219 3689 396 3742 πολλά
434 3690 681 3759 τρόπαια
711 3689 938 3760 ἔστησεν
968 3688 1065 3741 καὶ
1107 3688 1210 3751 τὰς
1238 3688 1438 3758 μυρίας
1479 3689 1635 3753 νίκας
1660 3689 1811 3743 ἀνεί-

220 3782 366 3835 λετο.
397 3783 498 3833 Διά
524 3780 775 3850 βραχέων
790 3780 850 3833 δὲ
883 3779 1220 3850 διηγήσομαι
1247 3780 1315 3835 ⁸⁸.

1918 3221 2137 3284 dicerit,
2169 3219 2251 3275 vel
2279 3226 2340 3271 ut
2375 3216 2681 3271 certamine
2712 3212 2928 3267 fortiter
2956 3210 3290 3279 det‘ungatur
3312 3208 3404 3277 qni
3441 3224 3501 3262 se

1918 3313 2148 3368 minime
2184 3308 2498 3365 exercuerit
2534 3322 2598 3361 ac
2626 3303 2983 3376 gymnastica:
3016 3316 3237 3370 operam
3263 3299 3501 3355 dederit.

1916 3404 2131 3460 Idcirco
2158 3403 2244 3456 vir
2273 3403 2365 3456 ille
2396 3412 2696 3469 generosus
2739 3393 3055 3450 exercitatis
3103 3392 3254 3460 prius
3286 3391 3499 3443 instau-

1916 3498 2166 3567 ratisque
2190 3493 2527 3550 militaribus
2548 3488 2859 3552 ordinibus,
2888 3486 3254 3550 adtnistisque
3290 3479 3499 3551 tyroni-

1916 3592 2021 3648 bus
2053 3598 2442 3644 veteranorum
2476 3579 2746 3643 numeris,
2795 3593 2860 3633 ac
2905 3572 3359 3631 convenientibus
3394 3571 3500 3622 lar-

1921 3685 2225 3755 gitionibus
2250 3678 2689 3744 muneribusque
2718 3685 2911 3727 eorum
2944 3664 3300 3738 impinguatis
3318 3660 3503 3716 nervis

1917 3781 2241 3848 dextrisque
2269 3771 2569 3838 roboratis,
2594 3770 2676 3823 sic
2712 3781 2839 3822 cum
2873 3762 2982 3817 illis
3014 3760 3283 3816 adversus
3318 3757 3506 3811 hostes

218 3891 559 3949 congressus
607 3877 776 3931 multa
805 3886 1012 3947 tropaea
1069 3876 1246 3931 erexit
1281 3885 1337 3931 et
1369 3876 1691 3936 innumeras
1721 3880 1983 3938 victorias
2006 3872 2332 3947 reportavit.
2392 3868 2518 3922 litae
2570 3878 2703 3921 vero
2764 3863 3037 3918 enarrabo
3102 3870 3264 3926 quam
3314 3852 3506 3924 paucis

223 3978 439 4033 licebit.

301 4099 405 4161 λζ’.
447 4097 562 4152 Καὶ
623 4096 959 4149 κατάστασιν
1020 4093 1230 4157 πόλεως
1282 4092 1692 4167 ινευκαιρήσας,
1731 4098 1825 4151 καὶ

2002 4090 2093 4146 37.
2131 4082 2455 4153 Tranquillo
2498 4078 2666 4148 igitur
2719 4073 2874 4129 urbis
2928 4080 3110 4134 statu,
3153 4083 3216 4121 ac
3259 4042 3508 4134 per‘ejus

222 4192 500 4263 σχολάσας
542 4189 833 4261 πράξεσιν,
860 4186 1021 4258 ἔαρος
1052 4187 1471 4258 ὑπολάμποντος
1512 4188 1557 4219 ⁸⁷
1592 4189 1660 4241 τὰ
1683 4189 1809 4241 ὅπλα

1930 4184 2397 4261 Opportunitatem
2449 4187 2646 4231 navata
2693 4172 2859 4227 rebus
2911 4166 3161 4237 diligenti
3212 4177 3380 4266 opera
3428 4160 3511 4212 ius

220 4285 474 4338 ἀνείλετο
488 4284 553 4315 ⁸⁷⁸
571 4282 663 4335 καί
686 4281 823 4351 μετά
839 4280 948 4333 τῶν
962 4280 1368 4350 στρατιωτικῶν
1382 4278 1698 4348 καταλόγων
1713 4279 1809 4345 ξυνη

1929 4290 2250 4348 structoqne
2310 4270 2579 4333 exercitu,
2630 4279 2758 4319 vere
2806 4276 2961 4317 arma
3017 4261 3335 4327 capessivit,
3370 4261 3510 4306 inter

221 4377 548 4443 εξῃτάζετο,
604 4373 741 4445 ήγού
752 4390 912 4445 μενος
931 4374 1130 4444 χρῆναι
1154 4372 1245 4425 τὸν
1267 4371 1339 4436 ὡς
1357 4371 1572 4442 ἀληθῶς
1587 4373 1809 4444 ἀρχοντσ

1930 4370 2200 4424 militares
2236 4363 2352 4433 ipse
2387 4358 2614 4415 ordines
2667 4368 2837 4422 agens
2891 4365 2956 4404 ac
3006 4357 3185 4402 castra
3238 4357 3511 4413 sequens;

220 4470 333 4522 τοῦ
387 4469 585 4522 οίκείου
631 4466 1077 4537 προκινδυνεύειν
1110 4463 1242 4517 λαοῦ
1278 4465 1372 4517 καὶ
1419 4464 1560 4536 ὑπὲρ
1589 4464 1683 4517 τοῦ
1715 4466 1809 4519 wax

1932 4478 2130 4533 nempe
2160 4460 2267 4514 hoc
2301 4450 2763 4515 arbitratus,viro
2792 4442 3026 4517 principi
3061 4456 3157 4511 pro
3188 4437 3395 4508 populo
3411 4452 3517 4492 suo

221 4556 412 4620 ἀδεῶς
445 4558 647 4627 διάγειν
680 4557 741 4610 τδ
765 4556 1079 4627 ὑποχείριον
1107 4555 1302 4618 πόνους
1324 4556 1418 4608 καὶ
1448 4554 1809 4630 ταλαιπωρίας

1930 4556 2179 4613 adeunda
2226 4549 2492 4622 pericula,
2540 4554 2595 4601 et
2647 4551 2708 4598 ut
2759 4538 2966 4596 subditi
2998 4550 3193 4591 omnes
3218 4548 3410 4589 secure
3449 4547 3512 4583 ac

222 4614 501 4715 ἀκουσίως
540 4614 715 4705 ἀῦτδν
765 4614 1147 4720 ἀναδέχεσθαι.
1197 4614 1307 4701 Kal.
1347 4614 1651 4700 insi'mtd
1698 4614 1809 4711 sebi

1930 4649 2116 4721 quiete
2133 4614 2317 4715 agant,
2338 4647 2533 4710 sponte
2563 4631 2943 4703 suscipiendos
2963 4628 3180 4730 labores
3212 4640 3275 4680 ac
3306 4639 3509 4724 mrum:

223 4762 267 4798 κ
278 4763 309 4797 1
322 4746 463 4815 ιροῦς
482 4744 724 4807 ἐκείνους
738 4746 767 4797 ὁ
780 4744 876 4813 τῆς
890 4743 1003 4810 Τεφ
1014 4741 1171 4812 ρικῆς
1187 4738 1270 4812 [Ρ.
1288 4738 1310 4791 ί
1323 4736 1414 4811 66]
1440 4737 1809 4807 ἐξηγούμενος

1932 4720 2052 4794 tias.
2100 4736 2347 4804 Cumque
2413 4746 2473 4784 ea
2527 4737 2686 4783 attate
2731 4720 3019 4793 Tepbricm
3088 4720 3371 4789 princeps,
3425 4720 3519 4766 cui

220 4838 298 4891 ὃν
328 4811 671 4908 ρυσόχειρα
698 4811 1110 4905 κατωνόμαζον,
1143 4811 1231 4885 ἐπ’
1254 4830 1451 4901 ἀνδρία
1474 4830 1570 4884 καλ⁵
1609 4832 1799 4883 συνέσε

1931 4824 2289 4899 Chrysochiri
2328 4835 2526 4876 nomen
2571 4825 2710 4882 erat,
2761 4814 2990 4879 reliquis
3014 4811 3219 4865 virtute
3253 4815 3520 4878 pt'mstare

217 4904 713 4999 διαφέρειν-δοκῶν
740 4904 948 4999 σφόδρα
978 4925 1285 4997 παρελύπει
1324 4923 1424 4995 τὴν
1461 4920 1752 4992 Ῥωμαίων
1780 4920 1809 4952 ⁸⁸

1933 4922 2087 4977 visus
2129 4934 2195 4972 ac
2226 4914 2540 4986 prudentia,
2576 4909 2879 4964 Romanam
2913 4904 3175 4960 ditionem
3208 4917 3271 4956 ac
3294 4910 3513 4971 gentem

217 5023 427 5095 χώραν
460 5024 556 5076 καὶ
591 5022 722 5086 τοὺς
766 4998 954 5084 λαοῦς,
979 5019 1075 5073 καὶ
1123 5017 1352 5080 πολλοὺς
1389 5015 1500 5070 τῶν
1553 5013 1809 5086 ἀγροίκωε

1928 5012 2048 5068 dire
2089 5013 2356 5071 vastaret,
2410 5000 2766 5073 quotidieque
2799 4998 3004 5053 multos
3042 4998 3379 5050 rusticorum
3432 5005 3516 5042 en-

217 5094 366 5168 iam
396 5113 634 5184 ἑκάστην
667 5110 1048 5183 αἰχμαλώτους
1095 5108 1419 5179 ποιούμενος
1469 5105 1687 5178 ἐφρόνει
1735 5122 1809 5158 σο⁴

1929 5105 2106 5174 ptivos
2142 5115 2333 5169 agens,
2396 5095 2630 5165 superbe
2669 5094 2955 5159 altumque
2997 5096 3217 5158 saperet
3243 5098 3309 5137 ac
3349 5097 3407 5135 se
3442 5097 3514 5131 re-

217 5206 388 5275 61ρά
417 5208 510 5260 καὶ
538 5206 847 5278 ὑπέρογκα,
881 5203 1004 5258 κατ’
1042 5198 1207 5257 αὑτοῦ
1266 5200 1362 5254 καὶ
1392 5200 1491 5268 τῆς
1546 5198 1640 5252 ὑπ’
1668 5196 1809 5250 αύτδε

1928 5172 2094 5264 liquis
2157 5190 2464 5262 praeferret,
2516 5186 2783 5240 adversus
2833 5184 2987 5237 illttm
3039 5179 3269 5247 ejusque
3323 5172 3515 5226 urbem

218 5267 450 5363 πόλεως
480 5267 891 5371 ἐκστρατεύειδ
930 5294 1204 5368 βασιλεύς.
1242 5293 1351 5347 Τοῦ
1382 5290 1699 5363 δὲσοὸαροῦ
1738 5291 1809 5343 κα

1930 5285 2092 5357 267
2128 5282 2425 5351 imperator
2456 5274 2765 5331 exercitum
2804 5270 2974 5326 ducit.
3000 5267 3076 5326 Eo
3113 5274 3317 5328 autem,
3343 5277 3517 5333 quan-

217 5391 474 5460 θρασέος
512 5392 726 5445 ἐκείνου
756 5390 893 5462 πρὸς
921 5390 1021 5461 τὴν
1065 5386 1423 5458 γενναιότητα
1455 5384 1549 5438 τοῦ
1581 5383 1809 5441 ἐπιόντος

1936 5379 2077 5433 tavis
2127 5373 2383 5445 superbia
2428 5387 2491 5425 ac
2527 5367 2757 5423 audacia
2788 5365 2963 5419 fretus
3008 5367 3120 5414 erat
3152 5398 3169 5425 ,
3214 5372 3321 5410 non
3380 5370 3519 5408 auso

220 5483 661 5553 στρατεύματος
693 5484 789 5538 καὶ
821 5483 923 5552 τὴν
947 5480 1164 5535 σύνεσιν
1186 5480 1279 5534 καὶ
1302 5478 1525 5549 ἀνδρίαν
1546 5475 1639 5530 τοῦ
1665 5475 1809 5527 αὐτο

1936 5471 2113 5540 palam
2155 5463 2459 5521 adorientis
2491 5458 2770 5513 exercitus
2809 5468 3107 5525 generosos
3157 5454 3391 5503 conatus
3418 5460 3513 5498 ex-

1517 5610 1752 5667 VAHUE
1790 5604 2204 5663 LECTIONES.

1664 5734 1708 5765 ⁸⁸
1736 5727 2070 5801 προσέδαλλε
2100 5726 2164 5782 Α.
2231 5796 2242 5801 Α
2278 5725 2321 5801 θῇ
2365 5729 2484 5801 ρρει
2522 5716 2857 5801 διηγήξομαι
2888 5710 3053 5768 verba
3086 5709 3292 5780 aliquot
3325 5707 3522 5763 deesse

845 5740 890 5773 “
922 5739 1019 5792 xui.
1051 5746 1175 5791 ante
1204 5736 1304 5804 τὴν
1337 5752 1445 5789 om.
1489 5733 1547 5787 Ρ.
1664 5734 1708 5765 ⁸⁸
1736 5733 2070 5801 προσέόαλλε
2100 5733 2164 5782 Α.
2278 5733 2321 5753 ’⁵⁸⁵
2365 5733 2484 5790 post
2522 5733 2707 5787 οιηγηι

845 5825 990 5872 οντος
1080 5807 1145 5841 ⁸⁷⁸
1174 5805 1234 5862 Ρ.
1272 5805 1442 5860 είλετο
1477 5803 1535 5856 Ρ.
1643 5803 1687 5833 ⁸⁸
1722 5801 2010 5872 Ῥωμαίοις
2030 5800 2093 5866 Α,
2128 5812 2197 5854 an
2223 5795 2329 5850 ὑπὸ
2365 5787 2707 5863 Ῥωμαίοιςῖ

1080 5807 1145 5841 ⁸⁷⁸
1174 5805 1234 5862 Ρ.
1263 5803 1442 5860 εἵλετο
1477 5803 1535 5856 Ρ.

318 5739 379 5768 ⁶⁸
406 5741 493 5795 καί
520 5757 635 5798 om.
668 5739 733 5796 P.

225 5809 530 5871 videntur.
611 5813 667 5887 ⁸⁷,
683 5810 990 5884 λάμποντος
