3994 6220
265 327 361 391 235

1341 336 1489 396 LIB.
1524 338 1590 396 V.
1632 361 1703 371 -
1734 338 2095 399 BASILIUS
2121 341 2450 402 MACEDO.

3429 349 3536 409 est;

259 447 345 501 τοῦ
367 447 464 516 τὴν
499 447 580 510 ῶς¹
607 447 700 500 ἐπὶ
738 448 1046 522 Μελιτηνὴν
1080 451 1121 484 ⁷⁸
1157 453 1478 522 ἁπάγουσαν
1509 456 1646 528 διῄει
1694 457 1831 510 ὁδόν.

1943 459 2078 523 citu,
2113 461 2258 530 quod
2303 461 2370 515 ad
2419 461 2723 516 Melitenem
2785 463 2958 528 ducit,
3023 466 3124 518 iter
3197 466 3521 535 ingreditur.

255 540 393 609 Πρὸς
425 539 484 592 δὲ
538 542 656 602 ταῖς
687 541 876 611 ὄχθαις
927 545 1017 597 τοῦ
1070 545 1358 616 Εὐφράτου
1403 550 1716 617 γενόμενος,
1765 549 1842 613 ὡς

257 628 390 686 εἶδεν
424 632 592 686 αὑτὸν
631 632 752 705 ῶρᾳ
779 634 970 705 θέρους
1005 638 1446 710 πλημμυροῦντα
1493 644 1584 695 καὶ
1616 643 1842 710 πελαγί-

257 726 434 789 ζοντα,
477 725 538 778 τὸ
561 724 617 778 δὲ
643 728 1058 800 προσκαθῆσθαι
1087 734 1154 802 τῇ
1189 733 1436 787 διαϐάσει
1458 735 1553 788 καὶ
1585 736 1841 790 ταπεινὸν

254 819 583 889 προσμένειν
634 821 890 887 γενέσθαι
926 822 1019 876 τὸν
1070 827 1319 896 ποταμὸν
1345 828 1574 895 ἀγεννὲς
1619 830 1840 901 ἐνόμισε

252 912 341 965 καὶ
371 912 596 978 ἀνάξιον
625 915 725 983 τῆς
761 915 892 985 περὶ
926 915 1089 969 αὐτὸν
1118 917 1420 988 δυνάμεως,
1473 922 1690 993 γεφύρᾳ
1719 923 1844 976 τοῦς
1880 927 1882 930 ’

250 1022 333 1058 τον
355 1005 500 1072 ἔγνω
527 1007 827 1069 διαλαϐεῖν,
861 1009 958 1063 καὶ
985 1010 1164 1064 πάντα
1193 1013 1330 1082 πρὸς
1352 1013 1416 1066 τὸ
1438 1014 1598 1083 ἔργον
1633 1016 1837 1086 σπουδῇ

247 1099 632 1168 ηὑτρεπίζετο.
689 1101 872 1154 Θέλων
918 1103 975 1155 δὲ
1013 1103 1105 1156 τὸν
1162 1105 1333 1159 κόπον
1389 1108 1838 1177 παραμυθεῖσθαι

246 1195 347 1246 τῶν
395 1195 616 1248 οἰκείων
669 1197 1021 1266 στρατιωτῶν
1067 1200 1164 1252 καὶ
1211 1202 1340 1262 τοὺς
1391 1201 1590 1262 πόνους
1639 1201 1838 1272 ῥαδίως

248 1283 538 1351 ὑποφέρειν
567 1286 908 1356 πεῖσαι,ἃμα
931 1289 987 1342 δὲ
1018 1289 1112 1342 καὶ
1135 1289 1327 1342 ἑαυτὸν
1349 1292 1406 1343 ἐν
1428 1293 1544 1356 τοῖς
1571 1293 1839 1355 ἑκουσίοις

243 1377 578 1447 ἀποτρύχειν
612 1379 814 1443 πόνοις,
874 1380 959 1434 ἵνα
1003 1382 1052 1433 εἰ
1113 1381 1206 1435 καὶ¹
1263 1381 1519 1446 ἀκούσιος
1570 1383 1853 1445 πολλάκις.

225 1471 448 1539 συμϐῇ,
516 1470 592 1540 μὴ
627 1470 899 1543 ξενοπαθῇ
959 1474 1098 1544 μηδὲ
1133 1475 1310 1543 ἀήθης
1347 1475 1677 1543 εὑρίσκοιτο,
1712 1493 1836 1530 συν-

239 1566 518 1634 εφήπτετο
545 1564 642 1616 τοῦ
674 1563 838 1635 ἔργου
869 1569 981 1628 τοῖς
1005 1568 1370 1636 στρατιώταις
1393 1571 1487 1622 καὶ
1523 1568 1668 1638 μάλα
1703 1588 1835 1640 προ-

240 1657 451 1726 Θύμως,
507 1659 603 1713 καὶ
649 1659 720 1712 τὰ
765 1659 990 1730 μείζονα
1037 1661 1178 1734 βάρη
1215 1666 1326 1725 τοῖς
1381 1665 1606 1729 οἰκείοις
1661 1667 1833 1736 αἴρων

233 1749 407 1820 ὤμοις
439 1751 578 1822 πρὸς
635 1753 734 1821 τὴν
778 1753 1027 1824 γέφυραν
1076 1754 1410 1824 διεκόμιζεν.
1451 1754 1606 1810 Εἷδεν
1650 1760 1714 1812 ἄν
1746 1776 1831 1820 τις

235 1842 352 1895 τότε
387 1842 709 1911 ἰσομέγεθες
741 1842 906 1915 βάρος
939 1837 1113 1916 οὗπερ
1143 1845 1172 1896 ὁ
1197 1844 1453 1914 βασιλεὺς
1479 1848 1676 1918 ῥᾳδίως
1710 1848 1831 1902 £65:-

235 1933 422 2000 σταξε,
458 1938 613 2007 τρεῖς
640 1936 750 1988 τῶν
783 1937 1141 2008 στρατιωτῶν
1191 1938 1329 2008 ὁμοῦ
1385 1940 1543 2008 μόλις
1575 1941 1828 2011 διακομί-

233 2027 450 2093 ζοντας.
482 2024 645 2081 Οὕτω
673 2027 730 2080 δὲ
760 2029 851 2081 τὸν
881 2028 1182 2099 Εὐφράτην
1218 2030 1549 2099 περαιωθεὶς
1572 2032 1633 2084 τὸ
1662 2032 1830 2100 φρού-

237 2137 347 2187 ριον
385 2118 550 2183 εὐθὺς
595 2119 624 2172 ὅ
665 2121 962 2188 Ῥαψάκιον
991 2121 1209 2189 λέγεται
1267 2121 1654 2194 ἐξεπόρθησεν.
1703 2127 1830 2199 Ίδίᾳ

233 2213 283 2266 δὲ
304 2212 443 2274 τοὺς
469 2212 715 2275 Χαλδους
749 2213 845 2265 καὶ
882 2215 1233 2277 Κολωνιὰτας
1271 2215 1374 2286 τὴν
1405 2217 1608 2286 μεταξὺ
1647 2218 1830 2288 χώραν

232 2305 526 2374 Εὐφράτου
563 2305 659 2357 καὶ
702 2305 947 2372 ’Λρσένου
978 2305 1243 2368 κελεύσας
1269 2307 1662 2378 καταδραμεῖν,
1682 2310 1831 2374 λείας

234 2396 442 2466 πολλῆς
473 2397 568 2449 καὶ
592 2395 942 2465 ἀνδραπόδων
975 2397 1042 2448 δι’
1073 2397 1253 2450 αὐτῶν
1286 2399 1609 2469 ἐκυρίευσεν
1637 2402 1731 2454 καὶ
1761 2401 1830 2453 τὰ

229 2490 472 2559 φρούρια
494 2488 556 2540 τό
576 2505 637 2541 τε
664 2488 997 2558 Κουρτικίου
1029 2490 1124 2542 καὶ¹
1147 2489 1206 2542 τὸ
1233 2489 1416 2560 Χαχὺν
1451 2493 1544 2545 καὶ
1571 2492 1632 2544 τὸ
1649 2494 1830 2564 Ἀμερ

230 2583 316 2636 καὶ
355 2583 426 2635 τὸ
447 2580 716 2652 Μουρινὶξ
744 2580 1083 2650 καλούμενον
1112 2581 1207 2635 καὶ
1256 2582 1315 2636 τὸ
1353 2583 1590 2636 Ἀϐδελα
1619 2584 1663 2616 ⁷⁵
1742 2587 1830 2651 ἑξ-

228 2676 566 2746 επόρθησεν.
601 2675 775 2738 Αὐτὸς
801 2675 862 2729 δὲ
894 2679 957 2747 τῇ
982 2677 1257 2747 Μελιτηνῇ
1295 2676 1650 2747 προσϐαλὼν,
1670 2679 1829 2734 εὐαν-

226 2767 436 2839 δρούσῃ
469 2768 596 2821 τότε
653 2765 749 2821 καὶ
783 2767 991 2837 πλῆθος
1045 2768 1247 2840 ἐχούσῃ
1283 2769 1579 2840 βαρϐάρων
1611 2773 1826 2842 συχνὸν,

226 2861 270 2914 οἳ
304 2861 424 2932 πρὸ
455 2861 560 2930 τῆς
608 2860 815 2925 πόλεως
859 2859 996 2930 μετὰ
1036 2860 1388 2932 βαρϐαρικῶν
1420 2862 1752 2933 ἀλαλαγμῶν
1781 2865 1828 2897 ⁸ο

226 2955 317 3008 καὶ
357 2953 746 3024 φρυαγμάτων
779 2954 1040 3023 ἀπήντων
1065 2955 1236 3024 αὐτῷ,
1260 2957 1359 3026 τὴν
1391 2957 1600 3010 οἰκείαν
1628 2958 1828 3029 ἀρετὴν

226 3046 578 3110 ἐπεδείξατο,
615 3046 694 3108 ὡς
756 3046 831 3116 μὴ
864 3045 1025 3114 μόνον
1066 3048 1192 3110 τοὺς
1224 3049 1317 3100 ὑπ’
1346 3048 1532 3115 αὑτὸν,
1567 3049 1704 3103 ἀλλὰ
1733 3051 1829 3103 καὶ

1952 551 2057 607 Ubi
2088 561 2270 608 autem
2292 555 2374 608 .ad
2417 555 2712 624 Euphratis
2743 555 2886 624 ripas
2921 557 3087 622 venit,
3138 565 3532 613 tumescentem

1948 645 2143 700 ωειιίνο
2169 655 2412 710 tempore
2437 645 2653 715 lateque
2673 647 3036 700 exundantem
3071 646 3293 701 fluvium
3321 648 3530 715 videns,

1945 737 2562 811 degenerisqueanimi
2616 749 2717 793 nec
2770 738 2878 793 illis
2906 753 3044 808 quas
3074 739 3309 795 ducebat
3361 733 3534 810 copiis

1946 831 2174 902 dignum
2198 841 2351 884 ratus
2374 830 2627 900 trajectui
2652 830 2918 896 assidere,
2939 847 3002 886 ac
3031 831 3204 886 donec
3224 833 3534 890 detumuis-

1945 934 2068 980 sent
2095 939 2250 993 aquae
2277 923 2570 977 humiliore
2619 923 2774 978 alveo
2833 933 3172 994 exspectare,
3201 934 3365 994 ponte
3405 925 3536 995 jun-

1945 1017 2180 1088 gendum
2227 1015 2562 1080 constituit;
2597 1027 2905 1084 cunctaque
2955 1017 3021 1069 ad
3081 1032 3219 1084 opus
3253 1019 3524 1072 velociter

1945 1112 2214 1164 instructa
2246 1117 2395 1163 sunt.
2447 1108 2686 1177 Cupiens
2732 1123 2862 1160 vero
2895 1109 3128 1162 militum
3170 1109 3414 1163 laborem
3449 1111 3532 1163 le-

1944 1203 2064 1256 nire
2101 1212 2154 1256 et
2192 1201 2258 1254 ad
2291 1201 2409 1269 ejus
2440 1200 2725 1254 molestias
2758 1198 2918 1253 facile
2958 1199 3212 1254 ferendas
3242 1202 3528 1267 inducere,

1941 1309 2108 1363 reque
2138 1293 2317 1362 ipsum
2355 1292 2562 1360 pariter
2606 1290 2926 1359 spontaneis
2985 1288 3402 1360 fatigationibus
3446 1293 3531 1346 di-

1939 1401 2156 1448 vexarc,
2192 1400 2258 1438 ne
2287 1387 2331 1438 si
2375 1382 2618 1453 quando,
2675 1389 2734 1436 ut
2764 1381 3092 1452 plerumque
3141 1384 3300 1446 solet,
3349 1385 3531 1437 incon-
3571 1452 3579 1463 .

1938 1480 2084 1534 sulto
2118 1477 2325 1547 aliquid
2357 1476 2669 1541 accidisset,
2691 1476 2928 1529 uovitate
2951 1491 3113 1530 casus
3148 1484 3532 1529 consternarc-

1939 1579 2028 1623 tur
2057 1577 2151 1622 aut
2177 1566 2338 1621 malis
2364 1567 2611 1620 insuetus
2641 1565 3001 1632 inveniretur,
3025 1566 3228 1621 sociam
3267 1566 3531 1622 militibus

1935 1671 2182 1726 operam,
2213 1663 2266 1709 et
2296 1653 2516 1724 quidem
2567 1661 2790 1707 strenue
2832 1652 3128 1708 admodum
3162 1669 3225 1708 ac
3249 1653 3526 1720 alacriter,

1935 1747 2264 1818 adiungebat
2289 1787 2303 1812 ,
2331 1747 2654 1816 majoraun
2683 1759 2851 1799 onera
2896 1746 3014 1800 suis
3042 1746 3158 1814 ipse
3181 1745 3429 1800 humeris
3460 1746 3528 1801 ad

1935 1852 2155 1912 pontem
2176 1841 2517 1911 apportabat.
2537 1839 2783 1895 Vidisses
2816 1850 2946 1896 tunc
2965 1841 3086 1910 ejus
3101 1841 3356 1910 ponderis
3387 1856 3528 1894 onus

1938 1936 2322 2004 imperatorem
2355 1934 2512 1987 facile
2550 1932 2711 1998 ferre,
2755 1932 2844 1987 cui
2875 1934 2966 1986 vix
2995 1942 3104 1989 tres
3131 1935 3292 1988 simul
3324 1934 3529 1988 milites

1935 2043 2096 2098 pares
2122 2037 2327 2083 essent.
2359 2026 2415 2080 lu
2454 2028 2602 2081 hunc
2633 2027 2861 2081 modum
2887 2028 3218 2083 transmisso
3250 2027 3529 2098 Euphrate

1935 2123 2120 2177 statim
2163 2122 2478 2192 praesidium
2535 2121 2911 2189 Rhapsaeium
2933 2131 3232 2191 expugnat.
3262 2119 3524 2176 Scorstnn

1935 2231 2065 2270 vero
2115 2214 2356 2270 Chaldos
2405 2226 2460 2269 et
2515 2215 2837 2269 Coloniatas
2882 2214 3160 2284 regionem
3195 2229 3317 2284 quae
3384 2215 3528 2268 inter

1935 2308 2270 2380 Euphratem
2301 2317 2355 2363 et
2377 2310 2638 2364 Arsinum
2670 2307 3184 2377 eﬂ'unditurjubens
3207 2322 3524 2370 excurrere,

1934 2403 2142 2472 ingenti
2185 2403 2375 2473 praeda
2413 2401 2711 2470 multisque
2757 2401 2990 2470 captivis
3034 2400 3241 2469 potitus
3271 2409 3353 2454 est
3389 2415 3402 2463 ;
3434 2413 3527 2453 ca-

1933 2496 2223 2565 stellaque,
2242 2496 2388 2564 quod
2410 2494 2637 2550 Curticii
2658 2503 2856 2546 vocant
2887 2503 2938 2547 et
2968 2493 3230 2547 Cltaclton
3273 2500 3326 2544 et
3354 2491 3523 2545 Amer

1934 2598 1986 2642 et
2019 2588 2350 2642 Murinixum
2415 2598 2471 2644 et
2512 2588 2753 2649 Abdela,
2806 2586 2951 2654 cepit
3003 2600 3068 2639 ac
3121 2585 3368 2653 diripuit.
3404 2584 3524 2653 Ipse

1933 2680 2239 2736 Melitenem
2282 2682 2596 2750 irrumpens
2628 2723 2640 2745 ,
2673 2682 2863 2735 urbem
2910 2695 2986 2732 eo
3025 2689 3271 2749 tempore
3309 2679 3516 2749 ingenti

1933 2776 2135 2830 civium
2185 2775 2536 2829 multitudine
2581 2774 2776 2828 fretam
2811 2771 3130 2843 affatimque
3160 2772 3522 2827 barbarorum

1933 2868 2108 2935 copiis
2139 2869 2430 2930 munitam,
2481 2867 2684 2937 quibus
2716 2867 2768 2919 iu
2823 2861 3117 2920 occursum
3156 2881 3279 2919 cum
3328 2865 3526 2919 barba—

1933 2963 2050 3016 rico
2079 2964 2319 3017 clamore
2349 2977 2414 3017 ac
2444 2963 2676 3031 strepitu
2712 2961 2875 3030 270
2897 2960 3087 3015 effusis
3123 2960 3240 3029 ipse
3269 2974 3383 3013 suze
3417 2957 3526 3010 vir-

1934 3058 2067 3112 tutis
2092 3059 2371 3128 egregium
2418 3058 2697 3126 specimen
2731 3055 2900 3118 dedit,
2944 3064 3004 3108 ιιι
3060 3069 3169 3108 non
3207 3053 3374 3107 modo
3406 3053 3525 3120 ejus

222 3141 347 3203 τοὺς
393 3139 696 3208 πολεμίους
713 3139 1027 3210 περιφανῶς
1043 3140 1390 3210 ἐκπλαγῆναι
1413 3143 1499 3213 [Ρ.
1520 3142 1642 3213 168]
1665 3145 1765 3214 τὴν
1782 3143 1824 3174 ⁸¹

1934 3152 2177 3211 asseclae,
2229 3150 2320 3204 sed
2351 3161 2401 3202 ct
2457 3149 2643 3202 hostes
2703 3147 2850 3201 illius
2899 3147 3076 3214 pilam
3140 3145 3521 3199 fortitudinem

223 3228 455 3301 ἀνδρίαν
488 3229 658 3282 αὑτοῦ
691 3230 785 3283 καὶ
823 3231 1129 3301 εὐχέρειαν.
1184 3233 1506 3302 Ἑμφρόνως
1557 3235 1668 3303 γὰρ
1709 3236 1827 3305 ἅμα

222 3327 315 3377 καὶ
364 3325 641 3387 νεανικῶς
687 3324 996 3394 προσμίξας
1032 3325 1147 3388 τοῖς
1201 3324 1504 3395 πολεμίοις,
1540 3327 1635 3378 καὶ
1686 3328 1828 3381 κατὰ

223 3420 387 3489 χεῖρα
443 3419 696 3485 γενναῖος
763 3416 955 3484 φανεὶς
991 3417 1086 3470 καὶ
1133 3416 1306 3488 τόλμῃ
1354 3418 1664 3488 διαφέρων,
1734 3419 1826 3472 καὶ

223 3511 380 3581 παρά
400 3509 446 3540 ⁸²
477 3509 634 3561 δεινὰ
661 3509 939 3579 ὁρώμενος
973 3508 1252 3580 εὐθαρσὴς
1290 3525 1349 3560 τε
1379 3509 1475 3561 καὶ
1499 3510 1824 3579 ἀκατάπλη-

227 3616 377 3662 κτος,
411 3598 634 3668 πρῶτος
664 3600 793 3659 τοὺς
843 3600 1337 3670 ἀντιτεταγμένους
1386 3600 1653 3672 ἐτρέψατο
1681 3603 1826 3671 φόνῳ

223 3693 412 3762 πολλῷ
435 3708 450 3723 ο
519 3689 622 3745 εἷθ’
652 3692 828 3756 οὕτως
880 3695 930 3745 oi
986 3694 1084 3746 σὺν
1114 3693 1265 3763 αὐτῷ
1299 3695 1426 3757 τοὺς
1476 3695 1598 3748 κατ’
1631 3697 1827 3759 αὐτοὺς

223 3786 456 3838 ἔκαστοι
487 3786 583 3838 καὶ
637 3786 802 3855 μέχρι
830 3784 926 3837 τοῦ
973 3783 1168 3848 ἄστεος
1197 3785 1552 3854 ἀναιροῦντες
1577 3786 1822 3852 ἐδίωκον,

220 3877 301 3942 ὡς
339 3877 562 3941 πολλοῖς
601 3879 814 3948 νεκροῖς
856 3877 918 3930 τὸ
951 3877 1058 3946 πρὸ
1083 3879 1182 3948 τῆς
1210 3879 1422 3941 πόλεως
1447 3879 1630 3932 πεδίον
1653 3896 1824 3933 κατα-

224 3970 544 4040 στρωθῖψαι
573 3969 672 4022 καὶ
703 3968 762 4023 τὸ
791 3969 899 4041 πρὸ
945 3969 1039 4023 τοῦ
1075 3970 1289 4041 τείχους
1331 3970 1478 4042 ὕδωρ
1504 3972 1698 4040 αἵματι
1728 3989 1823 4025 κε·-

220 4063 526 4135 ρασθῆναι,
560 4063 794 4126 πολλοὺς
821 4063 878 4116 δὲ
903 4066 1002 4118 καὶ
1030 4062 1238 4126 ζῶντας
1262 4063 1490 4124 ἁλῶναι,
1522 4064 1620 4116 καὶ
1634 4064 1825 4128 ἄλλους

218 4154 302 4224 τῷ
334 4154 444 4207 δέει
465 4154 697 4216 ἑκόντας
728 4151 1120 4224 αὐτομολῆσαι,
1152 4154 1283 4215 τοὺς
1314 4151 1372 4206 δὲ
1403 4153 1712 4223 περιλιπεῖς
1741 4154 1823 4215 εἰς

220 4249 286 4302 τὸ
319 4249 459 4301 ἄστυ
491 4247 921 4317 συγκλεισθῆναι
952 4247 1048 4299 καὶ
1078 4246 1173 4299 τοῦ
1224 4245 1413 4300 λοιποῦ
1453 4247 1634 4312 ἐξόδου
1685 4265 1823 4299 παν·-

218 4341 473 4395 τὰπασιν
504 4339 814 4411 εἴργεσθαι.
861 4338 1028 4392 Ἔνθα
1073 4339 1326 4392 διενοεῖτο
1377 4340 1478 4410 μὲν
1515 4343 1542 4393 ὁ
1574 4341 1826 4410 βασιλεὺς

220 4435 489 4505 μηχανάς
525 4450 587 4486 τε
619 4432 931 4505 πήγνυσθαι
960 4432 1055 4486 καὶ
1083 4431 1230 4486 ἅπαν
1259 4432 1489 4500 ὄργανον
1531 4431 1826 4504 πολιορκη-

1929 3237 2422 3304 (ὶελῑσι-ἰῑοιοιηιιιιε
2491 3245 2714 3302 stupore
2772 3235 3204 3287 admirarentur.
3275 3234 3522 3288 Solerter

1931 3331 2076 3385 enim
2155 3328 2486 3395 fortiterque
2574 3325 2826 3379 hostibus
2913 3338 3244 3391 congressus
3287 3363 3302 3387 ,
3393 3341 3512 3377 ma-

1931 3438 2116 3493 nuque
2186 3421 2380 3475 fortem
2438 3430 2490 3472 et
2547 3418 2776 3472 audacia
2857 3426 3212 3487 praestantem
3270 3416 3522 3487 fidentis-

1931 3532 2042 3587 que
2075 3515 2244 3570 animi
2283 3509 2462 3567 virum
2501 3527 2566 3565 ac
2615 3511 2932 3565 interritum
2966 3508 3302 3563 terribilibus
3338 3508 3526 3576 prmiu-

1929 3627 2081 3676 rens,
2127 3611 2335 3679 primus
2365 3606 2650 3660 adversam
2697 3604 2868 3658 aciem
2907 3619 3106 3674 magna
3138 3612 3318 3670 strage
3355 3601 3522 3666 fudit;

1934 3715 2160 3772 tumque
2205 3701 2301 3755 alii
2349 3699 2454 3754 sibi
2498 3697 2703 3768 quique
2743 3697 3003 3748 adversus
3066 3693 3420 3761 objectosque
3457 3691 3522 3742 ad

1938 3799 2092 3853 urbis
2121 3810 2294 3865 usque
2320 3802 2508 3863 portas
2541 3789 2814 3844 credentes
2843 3787 3118 3856 persecuti
3155 3791 3306 3846 sunt,
3341 3789 3400 3833 ut
3429 3797 3526 3833 cx-

1931 3887 2100 3944 terius
2136 3885 2288 3939 urbis
2336 3882 2644 3951 pomerium
2668 3879 2856 3931 multis
2876 3875 3236 3930 cadaveribus
3272 3880 3516 3926 conster-

1929 3987 2154 4033 neretur
2202 3974 2439 4042 vallique
2496 3987 2653 4025 muro
2705 3968 3066 4024 circumducti
3119 3982 3259 4037 aqua
3319 3979 3519 4019 cruore

1931 4072 2282 4133 misceretur,
2327 4066 2481 4120 multi
2509 4066 2673 4120 etiam
2716 4064 2822 4120 vivi
2851 4071 3200 4132 caperentur,
3239 4060 3332 4114 alii
3377 4069 3522 4111 metu

1929 4160 2122 4232 perciti
2147 4157 2251 4228 ipsi
2287 4162 2483 4227 sponte
2508 4154 2954 4224 transfugerent;
2981 4151 3175 4222 reliqui
3211 4150 3448 4220 denique
3470 4149 3522 4201 in

1930 4255 2065 4311 urbe
2099 4251 2527 4316 includerentur,
2558 4249 2820 4317 omnique
2849 4245 3200 4315 postmodum
3236 4243 3388 4298 exitu
3433 4258 3526 4311 pe-

1931 4349 2078 4404 nitus
2102 4353 2442 4403 arcerentur.
2470 4343 2529 4396 ln
2561 4342 2649 4396 bis
2679 4340 2957 4410 cogitabat
2986 4340 3286 4407 imperator
3309 4335 3521 4389 machi-

1931 4458 2032 4498 nas
2063 4442 2246 4512 ﬁgere,
2293 4445 2604 4505 cunctaque
2634 4429 3018 4501 expugnandis
3069 4428 3296 4482 urbibus
3339 4435 3521 4498 aptata

215 4527 395 4580 τικὸν
425 4526 888 4596 μεταπέμπεσθαι
951 4526 1048 4578 καὶ
1101 4523 1240 4594 ἔργα
1293 4525 1500 4596 τόλμης
1552 4513 1649 4578 καὶ
1698 4543 1820 4592 γεν⁸

1934 4536 2291 4590 instrumenta
2315 4527 2640 4589 convehere,
2666 4523 3001 4591 audacisque
3021 4537 3083 4575 ac
3104 4521 3312 4574 strenui
3346 4520 3518 4573 animi

217 4620 518 4690 ναιότητος
553 4622 686 4692 περὶ
732 4619 832 4690 τὴν
862 4618 1224 4690 τειχομαχίαν
1258 4618 1595 4684 ἐνδείξασθαι
1619 4635 1634 4649 ο
1671 4619 1746 4682 ὡς
1771 4619 1828 4672 δὲ

213 4714 390 4783 ἐώρα
437 4715 531 4785 τὴν
559 4714 714 4768 πόλιν
770 4713 968 4784 τειχῶν
1001 4731 1064 4766 τε
1113 4711 1374 4785 περιϐολῇ
1407 4713 1686 4784 καρτερὰν
1733 4715 1830 4767 καὶ

217 4807 436 4877 πλήθει
467 4808 577 4861 τῶν
611 4807 722 4861 ἀπὸ
775 4806 870 4860 τοῦ
910 4806 1124 4877 τείχους
1163 4806 1524 4876 ἀμυνομένων
1578 4806 1829 4865 ,δυσάλωω

209 4919 350 4964 τον,
377 4900 604 4953 ἐπύθετο
643 4901 701 4953 δὲ
731 4900 777 4932 ⁸³
806 4901 960 4971 παρὰ
988 4899 1097 4955 τῶν
1135 4899 1457 4970 αὐτομόλων
1491 4900 1586 4952 καὶ
1640 4903 1832 4970 ἐπιτη-

213 4994 278 5046 δε
290 4993 398 5044 ίων
428 4991 573 5061 ἔχειν
601 4989 867 5060 ἀφθονίαν
894 4989 1098 5060 πολλὴν
1123 4990 1216 5043 καὶ
1243 4988 1318 5061 μὴ
1353 4989 1584 5043 δεδιέναι
1607 4989 1830 5059 χρονίαν

208 5084 584 5154 πολιορκίαν,
614 5083 756 5154 ἄρας
785 5081 1036 5135 ἐντεῦθεν
1061 5082 1480 5153 τῇυΜανιχαίων
1526 5082 1827 5153 προσέὄαλε

203 5184 319 5249 τῇ.
367 5179 809 5249 Δενδροτομήσας
849 5177 905 5229 δὲ
936 5174 1142 5243 ταύτην
1195 5174 1420 5238 καὶτὰς
1467 5175 1647 5236 οἰκίας
1694 5176 1830 5245 πυρὶ

195 5273 356 5332 εοζις
391 5270 484 5323 καὶ
511 5272 624 5324 πᾶν
682 5269 1016 5339 διαφθείρων
1057 5269 1118 5321 τὸ
1145 5271 1203 5321 ὲν
1253 5269 1404 5330 ποσὶ,
1433 5269 1494 5320 eo
1555 5267 1827 5336 ’Λργαοὺθ

197 5363 530 5430 λεγόμενον
581 5346 766 5415 αξιτῶν
826 5361 1088 5432 φρούριον
1134 5362 1226 5414 καὶ
1276 5361 1338 5414 τὸ
1395 5360 1702 5413 Κουτακίου
1730 5361 1824 5413 καὶ

197 5451 510 5522 Στεφάνου
549 5456 646 5508 καὶ
683 5453 885 5524 Ῥαχὰτ
919 5455 1212 5526 ἐμπρήσας
1270 5454 1636 5523 κατέσκαψεν.
1695 5451 1824 5507 Εἶτα

1929 4627 2172 4682 facinora
2223 4621 2498 4679 tentandis
2536 4618 2709 4673 muris
2729 4614 3016 4684 designare
3047 4630 3058 4665 :
3088 4613 3182 4666 sed
3212 4623 3337 4665 cum
3374 4609 3526 4663 Vide-

1927 4730 2012 4776 ret
2053 4718 2248 4773 urbem
2289 4713 2557 4768 mcenium
2606 4710 2816 4764 ambitu
2853 4704 3312 4764 munitissimam,
3344 4717 3520 4770 caque

1931 4808 2228 4866 tutantium
2286 4802 2638 4859 multitudine
2676 4814 2740 4853 ac
2801 4797 3000 4851 robore
3051 4805 3211 4863 captu
3269 4793 3524 4846 difficilli-

1933 4917 2100 4964 mam,
2146 4898 2500 4965 audissetque
2523 4911 2552 4948 a
2583 4891 2830 4963 profugis
2865 4888 3182 4943 necessario
3208 4900 3518 4941 commeatu

1929 4992 2146 5049 abunde
2189 4993 2544 5053 instructam,
2575 5001 2676 5039 nec
2728 4985 3000 5037 diutinam
3040 4981 3233 5035 timere
3284 4979 3524 5031 obsidio-

1930 5104 2076 5149 nem,
2142 5083 2267 5136 inde
2307 5079 2600 5135 discedens
2652 5079 2704 5130 in
2753 5074 3028 5146 regionem
3092 5073 3518 5125 lilanicbumrum

1930 5179 2144 5248 irrupit,
2181 5175 2496 5242 exeisisque
2529 5172 2820 5225 arboribus
2866 5183 2930 5220 ac
2963 5166 3172 5220 (edibus
3228 5162 3338 5231 igni
3396 5176 3523 5215 suc.-

1929 5273 2112 5327 censis
2141 5267 2469 5335 cunctisque
2511 5264 2692 5319 obviis
2745 5259 3044 5314 devastatis
3091 5270 3280 5309 eorum
3331 5253 3523 5306 castel-

1935 5367 2044 5418 lum
2098 5360 2435 5429 Argautltum
2454 5356 2780 5423 Cutaciique
2830 5362 2880 5403 et
2921 5347 3186 5416 Stephani
3219 5357 3270 5399 et
3301 5346 3516 5398 liacba-

1936 5466 2048 5510 tum
2085 5464 2445 5509 concrematis
2473 5447 2689 5518 penitus
2713 5442 2927 5497 evertit.
2962 5438 3314 5494 Postmodum
3345 5435 3522 5505 subje-

1506 5625 1736 5681 VARLE
1768 5624 2184 5681 Leone-mss.
2241 5587 2252 5592 ἰ

288 5746 354 5776 ⁷⁸
406 5746 690 5816 Μελιτινὴν
721 5749 784 5810 Α,
827 5755 880 5799 et
913 5746 1053 5799 infra
1087 5745 1365 5816 Μελιτινῇ.

192 5817 432 5875 tnuiim
458 5820 606 5890 παρὰ
632 5820 719 5873 τα.
797 5817 842 5849 ⁸³
875 5816 955 5886 δὲ]
986 5817 1088 5887 μὲν
1110 5817 1218 5874 ΛΡ.

1449 5753 1489 5782 τυ
1519 5749 1757 5818 “aetnaei
1787 5751 1847 5800 A.

1931 5748 1972 5774 m
2007 5745 2291 5811 ἁλαλαγῶν
2325 5741 2387 5794 Α.
2468 5740 2506 5770 ³⁸
2545 5737 2642 5806 τὴν
2693 5751 2802 5788 υιιι.
2841 5729 2898 5785 Ρ.
3008 5726 3050 5755 ⁸²
3089 5720 3261 5794 παρὰ]
3308 5716 3517 5789 περ’ίνν
