3994 6220
444 317 553 385 287

1547 314 2057 377 THEOPHANES
2083 311 2640 376 CONTINUATUS.

3639 310 3746 376 288

458 442 550 489 cto
578 432 740 503 2⁸11
771 432 925 488 omni
956 432 1129 488 milite
1159 433 1307 500 large
1332 430 1665 501 copioseque
1714 430 2039 487 muneribus

2175 430 2234 483 δν
2270 429 2379 483 ὑπὸ
2412 433 2571 500 χεῖρα
2600 431 2778 484 πάντα
2800 428 2931 481 λαὸν
2961 426 3230 488 πολυσίως
3263 423 3741 495 φιλοφρονησάμε-

458 537 707 597 accepto,
739 542 805 582 ac
837 526 931 597 qui
980 526 1246 596 singulari
1296 525 1497 580 virtute
1547 525 1840 591 fulserant,
1869 526 2051 595 singu-

456 617 526 676 lis
555 620 769 676 deeenti
812 617 1103 673 bonorario
1142 616 1380 683 donatis,
1412 618 1600 672 multis
1633 628 1829 673 auctus
1859 618 2051 688 spoliis

458 729 523 769 ac
554 714 799 769 victoriae
838 711 1001 768 sertis
1037 710 1092 765 in
1134 710 1326 765 urbem
1388 727 1643 766 reversus
1695 712 2052 782 est;ingres«

458 824 666 879 susque
698 823 800 877 per
846 807 1057 861 Aureas
1102 814 1312 875 portas,
1364 821 1476 874 quo
1528 806 1642 863 fere
1678 806 1787 862 ritu
1841 818 2053 865 veteres

461 904 825 971 imperatores
844 900 897 954 iu
919 898 1327 971 praemagniflea
1358 898 1641 970 nobilique
1661 898 1835 955 Roma
1855 901 2053 956 trium-

460 995 629 1063 phum
654 992 908 1063 agebaut,
948 990 1145 1047 faustis
1170 1005 1271 1062 pro
1303 991 1533 1046 victoria
1565 993 1752 1062 populi
1777 993 2053 1049 acclama-

463 1086 705 1142 tionibus
760 1085 1152 1154 ominibusque
1183 1083 1624 1150 deducentibus,
1678 1085 1731 1140 in
1787 1102 2049 1155 magnum

463 1178 559 1233 Dei
588 1178 883 1248 Sapientiae
915 1176 1183 1247 templum
1215 1176 1283 1232 ad
1319 1187 1448 1233 vota
1493 1193 1910 1249 cougrnamque
1940 1194 2055 1249 gra-

465 1272 663 1326 tiarum
695 1269 964 1326 actionem
994 1267 1106 1324 Deo
1153 1268 1603 1339 persolvendam,
1637 1268 1830 1325 statim
1862 1278 1922 1325 ut
1936 1279 2056 1325 erat

464 1379 533 1418 ex
573 1363 792 1426 itinere,
830 1360 1133 1431 profectus,
1173 1369 1342 1430 atque
1382 1377 1413 1416 a
1448 1362 1763 1432 patriarcha
1808 1363 2055 1419 victoriae

464 1466 670 1508 corona
707 1450 1015 1516 redimitus,
1048 1450 1103 1503 in
1137 1449 1341 1520 regiam
1382 1459 1637 1520 receptus
1664 1460 1770 1507 est.

2152 538 2263 586 νος,
2307 522 2402 575 καὶ
2440 520 2552 573 τῶν
2602 518 3041 590 ἀριστευσάντων
3070 518 3303 571 ἕκαστον
3336 516 3635 586 ἀριστείοις
3662 535 3746 569 τι-

2156 613 2359 683 μήσας,
2405 611 2547 682 μετά
2578 609 2793 664 πολλῶν
2839 608 3101 679 λαφύρων
3131 608 3227 661 καὶ
3269 607 3573 677 νικητικῶν
3620 625 3746 661 στε-

2153 705 2340 774 φάνων
2373 702 2683 776 ὑπέστρεψε
2729 702 2867 774 πρὸς
2915 702 3013 773 τὴν
3055 701 3480 773 βασιλεύουσαν·
3527 702 3622 754 καὶ
3661 702 3750 755 διὰ

2151 766 2264 853 τῶν
2292 797 2528 869 Χρυσῶν
2552 766 2739 851 πυλῶν
2770 766 3030 851 είσελθῶν
3054 766 3133 860 ῶς
3183 796 3234 848 οἱ
3261 794 3431 850 πάλαι
3476 796 3621 849 κατά
3653 766 3774 875 τὴνῗ

2157 892 2515 965 μεγαλόδοξον
2532 891 2757 963 Ῥώμην
2780 890 2892 946 τῶν
2939 890 3366 962 αὐτοκρατόρων
3393 890 3523 953 τοὺς
3550 881 3780 977 θριάμοξ

2153 984 2284 1047 ϐους
2321 984 2676 1054 κατάγοντες,
2704 983 2801 1037 καὶ
2828 982 2929 1046 τὰς
2962 982 3116 1053 παρά
3147 981 3242 1036 τοῦ
3267 981 3439 1052 δήμου
3462 980 3753 1052 νικητικὰς

2154 1078 2445 1149 ἐκϐοήσεις
2472 1078 2568 1132 καὶ
2588 1060 2869 1147 εὐφημίας
2899 1076 3211 1146 δεξάμενος,
3231 1074 3326 1129 καὶ
3355 1076 3495 1145 πρὸς
3521 1075 3582 1129 τὸ
3608 1075 3756 1146 μέγα

2154 1168 2253 1239 τῆς
2277 1168 2373 1222 τοῦ
2420 1168 2555 1222 Θεοῦ
2599 1168 2803 1237 Σοφίας
2832 1166 3156 1237 ἀνάκτορον,
3192 1166 3271 1230 ῶς
3299 1165 3401 1231 τὰς
3449 1166 3617 1237 εὑχάς
3659 1166 3755 1220 καὶ

2154 1262 2255 1335 τὴν
2286 1263 2676 1334 προσήκουσαν
2723 1261 3078 1334 εὐχαριστίαν
3107 1260 3426 1326 ἀποδώσων,
3461 1260 3626 1324 εὐθὺς
3674 1260 3757 1323 ὡς

2158 1353 2309 1427 εἶχεν
2342 1355 2402 1421 ἐξ
2430 1355 2553 1409 ὁδοῦ
2604 1352 3034 1426 παραγεγονὼς,
3092 1353 3187 1405 καὶ
3216 1351 3323 1406 ὑπὸ
3360 1351 3456 1406 τοῦ
3483 1353 3605 1406 τότε
3643 1368 3757 1407 πα-

2156 1446 2546 1521 τριαρχοῦντος
2573 1446 2655 1518 τῷ
2668 1447 2770 1517 τῆς
2796 1447 2955 1516 νίκης
2978 1445 3227 1516 στεφάνῳ
3256 1446 3589 1511 ταινιωθεὶς,
3641 1446 3757 1501 άπ-

2159 1540 2429 1609 εκατὲστη
2470 1540 2551 1603 εἰς
2581 1539 2651 1591 τά
2670 1538 2938 1609 βασίλεια.

2233 1630 2346 1703 μα’.
2375 1633 2487 1686 Kal.
2536 1631 2700 1685 πάλιν
2730 1630 2894 1686 αὑτὸν
2942 1629 3227 1701 φροντίδες
3277 1629 3557 1684 πολιτικαὶ
3590 1629 3761 1685 διεδέ-

2160 1742 2341 1797 χοντο,
2376 1726 2474 1778 καὶ
2501 1725 2623 1787 ταῖς
2660 1722 2769 1777 ἀπδ
2820 1722 3097 1793 διαφόρων
3131 1721 3304 1776 ἐθνῶν
3338 1722 3663 1793 πρεσϐείαις
3688 1723 3764 1777 τὰ

2160 1818 2450 1890 πρόσφορα
2470 1816 2842 1887 ἐχρημάτιζεο
2872 1817 2968 1869 καὶ
3013 1814 3153 1885 πρὸς
3176 1814 3359 1883 ὀλίγον
3384 1816 3500 1878 τοῖς
3539 1816 3764 1879 τέκνοις

2162 1910 2590 1984 συνευφρανθεὶς
2615 1909 2711 1963 καὶ
2728 1911 2796 1980 τῇ
2816 1908 3059 1976 γυναικὶ,
3080 1908 3175 1962 καὶ
3202 1906 3327 1971 τοὺς
3360 1908 3504 1963 κατὰ
3534 1909 3595 1962 τὸ
3620 1910 3763 1963 ἀστυ

2162 2002 2467 2075 περιελθὼν
2499 2002 2679 2075 ἱεροὺς
2705 2000 2801 2055 καὶ
2850 1999 3030 2065 θείους
3082 2000 3246 2064 ναοὺς
3294 1999 3389 2054 καὶ
3437 1999 3540 2063 τὰς
3590 2000 3766 2070 εὐχὰς

2162 2095 2419 2160 ἀποδοὺς,
2452 2092 2699 2165 συνήθως
2729 2088 2801 2164 ἦν
2827 2092 2983 2155 αὖθις
3014 2092 3109 2145 ἐπὶ
3145 2091 3255 2146 τῶν
3293 2091 3590 2145 πολιτικῶν
3622 2092 3769 2145 διοιο

2165 2191 2381 2260 κήσεων
2404 2187 2627 2241 καὶτῶν
2663 2186 2920 2256 κρίσεων,
2951 2185 3051 2256 τὴν
3082 2185 3211 2257 περὶ
3238 2185 3300 2238 τὸ
3321 2185 3564 2256 ὑπήκοον
3597 2187 3770 2256 κηδε-

2170 2278 2364 2350 μονίαν
2380 2277 2475 2332 καὶ
2494 2278 2774 2350 ἄγρυπνον
2791 2275 3150 2348 πρόνοιανηΡ.
3172 2276 3300 2348 169]
3326 2276 3566 2331 ὲνδεικνύ
3576 2294 3769 2348 μενος.

2167 2371 2243 2425 Οὑ
2274 2369 2594 2440 διελίμπανε
2621 2368 2680 2421 δὲ
2739 2370 2893 2437 ὅμως
2948 2368 3069 2421 καθ’
3108 2368 3351 2438 ἑκάστην
3383 2370 3463 2432 εἰς
3487 2368 3583 2421 τὸν
3614 2369 3775 2439 ἱερὸν

2167 2464 2263 2518 καὶ
2289 2464 2434 2517 θεῖον
2463 2462 2593 2518 ναδν
2631 2462 2822 2517 είσιὼν
2851 2463 2947 2517 καὶ
2980 2463 3241 2518 ἱκετεύων
3279 2464 3371 2517 τὸν
3397 2462 3630 2535 Κύριον,
3661 2465 3777 2518 καὶ

2174 2556 2402 2628 μεσίτας
2430 2555 2569 2628 πρὸς
2597 2554 2755 2609 τοῦτο
2786 2556 2879 2609 τόν
2933 2571 2993 2609 τε
3034 2555 3479 2627 ἀρχιστράτηγον
3536 2554 3779 2627 Μιχαὴλ

2170 2652 2268 2704 καὶ
2307 2651 2491 2705 Ἠλιοὺ
2510 2650 2602 2704 τὸν
2624 2650 2918 2722 προφήτην
2951 2649 3087 2721 πρὸς
3115 2649 3251 2704 Θεδν
3292 2647 3777 2720 προϐαλλόμενος,

2170 2739 2265 2794 τοῦ
2296 2740 2371 2813 μὴ
2400 2740 2667 2813 πρότερον
2692 2739 2787 2794 τοῦ
2819 2739 2936 2808 βίου
2974 2740 3295 2807 ὑπεξελθεῖν
3328 2741 3514 2812 πρὶνῆ
3548 2739 3641 2793 τὸν
3667 2738 3782 2793 τοῦ

2172 2832 2547 2903 Χρυσόχειρος
2579 2831 2806 2903 ϐλεθρον
2836 2831 3041 2887 ἐπιδεῖν
3064 2832 3159 2885 καὶ
3186 2832 3315 2903 τρία
3347 2830 3475 2902 βέλη
3494 2834 3560 2902 τῇ
3593 2831 3779 2885 αὑτοῦ

483 2927 701 2994 impuro
743 2924 889 2978 illius
915 2923 1081 2992 capiti
1116 2922 1368 2992 inﬁgeret
1396 2940 1411 2988 ;
1443 2923 1589 2991 quod
1629 2932 1684 2977 et
1720 2930 1908 2993 postea
1940 2939 2067 2978 con-

2175 2924 2491 2995 καταπῆξαι
2518 2925 2695 2996 μιαρᾷ
2730 2924 2963 2996 κεφαλῇ.
3006 2926 3072 2977 ’0
3111 2922 3205 2978 καὶ
3255 2924 3478 2993 γέγονεν
3510 2923 3775 2994 ὕστερον.

484 3016 624 3086 tigit.
691 3013 955 3083 Sequenti
1009 3014 1159 3068 enim
1209 3027 1395 3078 anno,
1455 3026 1581 3067 cum
1610 3014 1655 3068 is
1700 3014 1863 3083 272
1905 3029 2067 3084 quem

2175 3017 2263 3089 Τῷ
2289 3017 2399 3089 γὰρ
2432 3018 2640 3073 ἐπιόντι
2669 3019 2848 3090 χρόνῳ
2878 3020 2960 3083 είς
3001 3019 3103 3083 τὰς
3124 3018 3237 3073 τῶν
3265 3018 3556 3090 Ῥωμαίων
3580 3018 3775 3090 ἐμϐα-

481 3107 730 3163 diccbam
760 3105 1099 3177 Chrysocltir
1141 3105 1449 3160 Romanam
1484 3105 1746 3161 ditionem
1776 3108 2067 3163 invasisset

2176 3112 2363 3176 λόντος
2391 3110 2576 3185 χώρας
2623 3112 2720 3167 τοῦ
2753 3111 3336 3183 προμνημονευθιντος
3389 3112 3784 3183 Χρυσόχειρος

482 3217 716 3270 eamque
762 3200 1094 3262 devastaret,
1145 3199 1296 3254 misit
1332 3214 1398 3254 ex
1454 3214 1610 3253 more
1663 3199 1965 3269 imperator
2020 3201 2067 3254 in

2179 3206 2276 3260 καὶ
2308 3205 2511 3268 ταύτας
2541 3204 2893 3277 ληῖζομένου,
2933 3204 3257 3260 ἀποστέλλει
3287 3206 3409 3260 κατ’
3442 3204 3609 3259 αὑτοῦ
3639 3223 3784 3260 συν-

538 1633 627 1687 ll.
667 1631 887 1686 Rursus
912 1645 1049 1687 vero
1083 1645 1235 1687 cura:
1259 1646 1384 1686 eum
1417 1631 1604 1688 civiles
1656 1632 2054 1700 sollicitabant,

464 1724 920 1793 diversarumque
942 1723 1188 1794 gentium
1209 1724 1529 1779 oratoribus
1550 1724 1616 1779 ad
1635 1740 1694 1780 se
1722 1724 2057 1781 convenien-

468 1818 619 1873 tibus
664 1812 863 1873 dandis
909 1818 1191 1887 responsis
1239 1818 1633 1883 incumbebat;
1662 1819 2058 1891 paululumque

470 1926 598 1963 cum
635 1909 826 1964 liberis
857 1923 923 1964 ac
961 1922 1135 1964 uxore
1158 1908 1405 1964 relaxato
1432 1909 1639 1976 animo,
1672 1924 1737 1964 ac
1764 1924 2059 1966 sacrosan-

471 2001 575 2057 ctis
629 2016 724 2069 per
763 1999 957 2054 urbem
1022 1999 1135 2054 voti
1195 2014 1538 2069 precumque
1607 2013 1776 2054 causa
1840 1999 2060 2070 templis

474 2094 731 2163 religiose
765 2092 1041 2158 lustratis,
1076 2107 1142 2146 ex
1175 2107 1327 2147 more
1367 2106 1562 2147 rursus
1586 2090 1846 2147 civilibus
1876 2090 2059 2146 admi-

474 2186 893 2241 nistrationibus
937 2185 1278 2256 judiciisque
1301 2184 1521 2238 addicta
1578 2199 1771 2255 Opera,
1824 2184 2061 2255 diligen-

477 2280 608 2333 tiam
674 2280 765 2334 ille
812 2293 971 2333 suam
1008 2276 1342 2347 vigilemque
1385 2291 1577 2331 curam
1623 2291 1752 2348 erga
1805 2277 2060 2335 subditos

476 2371 813 2427 ostentabat.
844 2368 1067 2425 Nullum
1114 2379 1299 2424 tamen
1330 2368 1567 2424 faciebat
1601 2370 1766 2424 tinem
1818 2370 2066 2441 quotidie

477 2467 532 2521 in
563 2478 785 2519 sacrum
810 2462 1174 2533 divinumque
1195 2463 1461 2533 templum
1487 2462 1833 2533 ingrediendi
1858 2462 2065 2519 Deum-

477 2573 588 2626 que
619 2554 984 2626 suppllicibtts
1007 2556 1152 2611 votis
1178 2556 1468 2620 exorandi,
1502 2555 1971 2612 intercessoribus
1998 2556 2065 2611 ad

479 2651 649 2704 Deum
671 2647 931 2703 adhibitis
953 2657 1068 2702 tum
1089 2645 1353 2703 Michaele
1366 2647 1609 2702 caclestis
1625 2646 1903 2703 exercitus
1916 2646 2067 2717 prin-

478 2743 627 2814 cipe,
661 2753 774 2797 tum
811 2741 928 2796 Elia
956 2741 1245 2811 proliheta,
1303 2756 1371 2794 ue
1406 2740 1561 2810 prius
1618 2741 1728 2795 vita
1782 2742 2070 2797 excederet

480 2852 642 2905 quam
677 2834 1066 2903 Chrysocltiris
1092 2834 1375 2887 interitum
1434 2833 1646 2887 videret
1695 2848 1762 2887 ac
1806 2833 1908 2888 tria
1963 2834 2065 2888 tela

482 3309 611 3348 eum
656 3291 973 3347 scholarum
1031 3290 1871 3361 domesticum;assumptoque
1925 3288 2074 3346 omni

486 3385 736 3442 Romano
785 3384 1053 3449 exercitu,
1086 3384 1213 3439 licet
1239 3383 1417 3451 palam
1470 3392 1729 3437 conserta
1787 3382 1905 3437 acie
1944 3398 2071 3438 cum

487 3480 581 3534 illo
606 3473 866 3548 'pugnare
902 3492 1015 3530 non
1064 3476 1313 3537 auderet,
1338 3473 1558 3527 interim
1598 3482 1779 3527 tamen
1813 3473 2078 3530 Romanis

488 3570 815 3626 cohortibus
839 3583 901 3621 ex
958 3575 1112 3621 certo
1145 3565 1430 3619 intervallo
1486 3566 1939 3637 insequentibus,
1976 3567 2076 3623 0b-

489 3660 673 3716 stabat
709 3674 777 3712 ne
809 3657 936 3711 hinc
976 3655 1101 3709 inde
1128 3669 1426 3710 excurrere
1450 3670 1515 3709 ac
1550 3654 1786 3725 palando
1818 3672 1913 3725 per
1957 3656 2078 3714 loca

489 3748 729 3820 dispergi
775 3748 1027 3804 auderet.
1054 3747 1191 3802 Cum
1228 3747 1395 3817 igitur
1418 3746 1707 3810 barbarus,
1745 3750 1942 3817 partim
1988 3765 2078 3805 re-

490 3840 594 3894 bus
625 3853 691 3894 ex
732 3847 861 3893 voto
907 3838 1233 3893 cedentibus
1296 3839 1495 3909 partim
1554 3836 1817 3893 frustran
1848 3850 2076 3906 conatu,

487 3930 600 4001 jam
630 3930 795 3985 etiam
827 3938 1072 3999 tempore
1112 3936 1366 3996 vocante,
1412 3930 1481 3985 ad
1508 3944 1609 3985 sua
1638 3932 1817 3986 redire
1853 3933 2081 3989 statuis-

491 4032 574 4078 set
613 4023 876 4093 gravique
904 4031 1139 4078 onustus
1170 4023 1351 4092 prada
1386 4021 1611 4077 domum
1647 4023 1871 4088 rediret,
1914 4024 2081 4081 scho-

492 4116 560 4170 lis
592 4114 880 4186 prtefectus
906 4115 1119 4171 duobus
1143 4115 1402 4178 ducibus,
1449 4129 1686 4184 quorum
1734 4130 1880 4171 unus
1906 4115 2081 4172 Char-

390 4218 407 4235 ’
493 4210 666 4263 sianis
722 4210 862 4263 alter
909 4208 1253 4263 Armeniaeis
1277 4216 1532 4278 praeerat,
1586 4208 1921 4277 praecipitut
1950 4225 2078 4266 cum

495 4302 562 4357 iis
596 4319 736 4372 quas
779 4302 1063 4357 ducebant
1106 4301 1429 4357 cohortibus
1483 4300 1911 4373 Cbrysochirem
1939 4317 2081 4373 pone

2179 3298 2328 3366 ἠθως
2357 3300 2385 3352 ό
2423 3298 2677 3369 βασιλεὺς
2706 3298 2799 3351 τὸν
2849 3298 2959 3351 τῶν
2992 3298 3201 3367 σχολῶν
3240 3297 3633 3368 ἐξηγούμενον.
3672 3299 3787 3364 ὐς

2181 3387 2413 3454 ἐξελθὼν
2443 3389 2491 3421 ⁸⁸
2520 3391 2615 3443 καὶ
2652 3388 2833 3442 πάντα
2868 3389 2961 3441 τὸν
2997 3387 3307 3459 Ῥωμαϊκὸν
3340 3388 3570 3459 στρατὸν
3628 3404 3694 3441 συ
3706 3408 3785 3458 μ-

2182 3474 2538 3550 παραλαϐὼν,
2572 3478 2697 3530 ἐπεὶ
2730 3477 2871 3531 κατά
2906 3478 3200 3550 πρόσωπον
3223 3478 3483 3548 ἐμφανῶς
3512 3480 3793 3549 ἀντιστῆ-

2181 3589 2270 3626 ναι
2302 3571 2439 3643 πρὸς
2470 3570 2635 3624 αὑτὸν
2674 3570 2981 3634 ἀπεδειλία,
3012 3570 3083 3624 τά
3114 3570 3226 3624 τῶν
3270 3570 3562 3639 Ῥωμαίων
3602 3587 3791 3641 στρα-

2180 3661 2433 3733 τεύματα
2464 3661 2885 3732 συμπαρείπετο
2938 3662 3077 3725 τέως
3128 3660 3277 3731 αὑτῷ
3311 3661 3419 3715 ἀπό
3451 3677 3599 3724 τινος
3655 3661 3792 3714 διας

2185 3755 2482 3824 στήματος,
2498 3753 2595 3809 καὶ
2622 3752 2723 3814 τὰς
2758 3752 2993 3825 μερικάς
3030 3755 3251 3824 ἀνεῖργε
3282 3753 3664 3823 καταδρομάς,
3684 3756 3795 3806 καὶ

2182 3848 2245 3901 οὐ
2285 3847 2585 3917 συνεχώρει
2618 3846 2763 3900 κατά
2797 3846 2900 3917 τῆς
2930 3845 3114 3916 χώρας
3139 3845 3311 3906 ἀδεῶς
3333 3844 3794 3900 διασκίδνασθαι.

2197 3940 2287 4004 Ὧς
2332 3935 2428 3994 οὖν
2459 3940 2527 3994 τά
2556 3941 2655 4012 μὲν
2696 3940 2843 4011 δρῶν
2874 3941 2947 3994 τά
2976 3940 3034 3993 δέ
3064 3939 3367 4011 ἀπρακτῶν
3408 3939 3436 3991 ὁ
3470 3938 3792 4012 βάρϐαρος,

2182 4029 2286 4100 ἠδη
2324 4030 2419 4083 καὶ
2442 4028 2538 4082 τοῦ
2578 4029 2777 4100 καιροῦ
2804 4028 3101 4092 καλοῦντος
3145 4028 3334 4097 αὑτὸν,
3366 4029 3467 4100 τῆς
3518 4028 3660 4099 πρὸς
3712 4030 3797 4083 τὰ

2183 4121 2361 4175 οίκεῖα
2384 4122 2646 4175 ἐπανόδου
2678 4123 2925 4194 ἐμνήσθη
2951 4123 3047 4177 καὶ
3073 4123 3213 4194 μετά
3242 4123 3392 4187 λείας
3413 4124 3620 4193 συχνῆς
3643 4124 3800 4193 πρὸς

2183 4213 2281 4285 τὴν
2319 4215 2455 4270 ἰδίαν
2476 4216 2660 4287 χώραν
2675 4215 3037 4287 ὑπέστρεφεν,
3057 4216 3301 4287 ἀφώρισε
3328 4217 3423 4270 δύο
3441 4215 3552 4270 τῶν
3578 4233 3802 4288 στρατ-

2183 4307 2333 4377 ηγῶν
2386 4308 2417 4361 ό
2459 4308 2568 4361 τῶν
2631 4308 2841 4378 σχολῶν
2889 4308 3257 4380 ἐξηγούμενος
3304 4309 3372 4373 ⁸⁸,
3423 4310 3516 4363 τόν
3572 4326 3636 4361 τε
3684 4310 3799 4363 τοῦ

494 4405 801 4463 sequantur
859 4409 1035 4463 usque
1080 4393 1148 4447 ad
1190 4392 1698 4463 Batliyrrltyacem;
1738 4392 1995 4463 indeque,
2030 4396 2067 4449 si

2186 4399 2497 4469 Χαρσιανοῧ
2552 4402 2647 4454 καὶ
2676 4400 2783 4454 τῶν
2829 4402 3159 4473 Ἀρμενίων,
3220 4402 3360 4473 μετά
3389 4404 3488 4473 τῆς
3520 4403 3655 4470 περὶ
3684 4404 3797 4455 αὑ-

494 4485 720 4557 quidem
748 4485 1013 4542 adversus
1064 4485 1441 4541 Romanorum
1493 4486 1630 4540 lines
1661 4484 2067 4553 copiasimtnit-

2185 4460 2313 4555 τοὺς
2340 4491 2625 4563 δυνάμεως
2661 4460 3100 4559 ἐκαστονϊῶστε
3133 4460 3639 4564 συμπαρομαρτεῖν
3683 4494 3800 4546 καὶ

495 4588 652 4645 teret,
697 4580 747 4633 id
777 4578 1085 4634 domestico
1116 4579 1536 4649 significarent:
1570 4577 1656 4632 sin
1691 4586 1844 4632 recto
1884 4577 2067 4633 itinere

2188 4586 2491 4657 ἐφέπεσθαι
2524 4588 2603 4656 τῷ
2648 4588 2981 4659 Χρυσόχειρι
3038 4587 3169 4659 ἀχρι
3219 4586 3313 4641 τοῦ
3362 4585 3801 4658 Βαθυρρύακος,

498 4674 551 4726 iu
584 4688 739 4727 suam
769 4689 829 4728 se
881 4673 1146 4728 latebram
1171 4670 1460 4741 reciperet,
1512 4668 1607 4725 illo
1636 4670 1867 4726 dimisso
1892 4671 1959 4727 ad
2001 4671 2067 4743 ip

2189 4681 2449 4735 κάκεῖθεν
2502 4684 2551 4735 εί
2607 4682 2705 4751 μὲν
2760 4683 3035 4751 ἐπαφήσει
3082 4682 3227 4735 κατὰ
3287 4680 3396 4734 τῶν
3452 4678 3807 4748 Ῥωμαϊκῶν

497 4780 619 4819 sum
651 4781 845 4821 rursus
869 4766 1131 4820 redirent.

2197 4772 2362 4843 ὁρίων
2393 4775 2646 4846 στρατὸν,
2674 4773 2836 4843 δῆλον
2874 4773 3036 4827 τοῦτο
3086 4774 3166 4845 τῷ
3196 4773 3509 4845 δομεστίκῳ
3546 4773 3806 4844 ποιήσας-

425 4886 431 4891 -
498 4856 647 4920 σθαι,
680 4858 814 5020 £9le}
850 4858 989 5003 πρέις
1031 4858 1123 4914 τὸν
1169 4859 1368 4913 οίκεῖον
1422 4858 1631 4930 φωλεὸν
1654 4860 2075 4934 ἀμεταστρεπτὶ
2110 4863 2345 4937 βαδίζων
2374 4870 2695 4937 είσδύνειεν,
2749 4870 3023 4934 ἐάσαντας
3083 4869 3276 4924 τοῦτον
3324 4869 3485 4933 αὖθις
3543 4870 3803 4929 ἐπανελ,

498 4952 612 5006 θεῖν
643 4967 685 5001 π
754 4967 781 5012 ς
810 4951 911 5003 αὑτ
947 4969 995 5005 ν.
1918 4970 1924 4975 '

498 4952 612 5006 θεῖν
643 4951 781 5012 πρὸς
810 4951 995 5005 αὐτόν.
1918 4970 1924 4975 τ

568 5044 661 5100 42.
696 5041 816 5099 Jam
874 5044 1058 5113 itaque
1096 5043 1165 5099 ad
1227 5060 1354 5100 eum
1386 5047 1481 5115 qui
1514 5046 1697 5103 dictus
1726 5055 1812 5102 est
1846 5048 2083 5121 Batbyr-

498 5142 687 5213 rhyaei
759 5143 966 5207 locum,
1034 5140 1523 5209 advesperascente
1580 5142 1669 5198 die
1721 5143 2081 5202 barbarorum

500 5233 758 5291 devectus
796 5234 1074 5291 exercitus
1099 5231 1167 5288 ad
1221 5233 1385 5303 pedes
1416 5235 1620 5291 montis
1641 5237 1917 5293 consedit.
1968 5238 2083 5293 Ro-

502 5341 793 5381 manorum
826 5328 996 5383 duces
1027 5326 1173 5382 illius
1203 5326 1490 5396 superiora
1521 5336 1817 5397 occupant,
1850 5344 1915 5383 ac
1947 5328 2081 5399 quid

503 5426 830 5473 eventurum
883 5420 956 5475 sit
1002 5419 1322 5491 dispiciunt.
1379 5418 1601 5474 Interim
1652 5419 1796 5475 inter
1841 5420 2081 5478 duorum

505 5508 809 5564 thematum
843 5511 1071 5577 milites,
1099 5521 1153 5567 et
1199 5511 1453 5566 ordinum
1517 5521 1937 5581 turmarumque
1980 5514 2082 5566 du-

508 5610 691 5658 ctores
718 5619 782 5658 ac
815 5603 1237 5673 manipularios,
1268 5603 1549 5660 contentio
1597 5602 1848 5673 quaedam
1893 5610 1949 5657 et
1980 5618 2083 5673 pu-

2269 5043 2376 5117 μβ’.
2401 5044 2541 5115 Ἤδη
2572 5042 2665 5097 οὖν
2706 5042 2805 5096 τοῦ
2856 5041 3199 5115 βαρϐαρικοῦ
3240 5040 3659 5114 στρατεύματος
3688 5062 3814 5111 γε-

2192 5139 2412 5208 γονότος
2439 5140 2497 5192 ἐν
2526 5136 2768 5207 ἐσπέρας
2796 5136 2976 5208 καιρῷ
3004 5134 3149 5189 κατά
3176 5134 3270 5187 τὸν
3302 5134 3650 5206 καλούμενον
3677 5136 3812 5190 Βα-

2193 5233 2479 5305 θυρρύακα
2508 5231 2603 5286 καὶ
2625 5230 2956 5299 αὑλισμένου
2994 5229 3147 5283 κάτω
3177 5226 3317 5299 πρὸς
3347 5226 3448 5300 τὴν
3478 5227 3580 5280 τοῦ
3621 5228 3819 5298 ὅρους

2194 5324 2493 5396 ὑπώρειαν,
2522 5322 2631 5377 τῶν
2690 5321 2748 5376 δὲ
2790 5319 3121 5391 Ῥωμαῖκῶν
3178 5308 3509 5391 πρατηῖῶν
3537 5318 3818 5372 καταλει-

2192 5419 2397 5473 ϐόντων
2416 5418 2485 5472 τὰ
2513 5416 2707 5471 τούτου
2759 5413 3143 5486 μετεωρότερα
3174 5414 3270 5467 καὶ
3298 5412 3362 5466 τὸ
3404 5411 3600 5483 μέλλον
3644 5412 3823 5465 ἀπε)-

2192 5511 2559 5577 σκοπούντων,
2588 5508 2855 5581 ἐμπίπτει
2877 5525 2961 5572 τις
2992 5506 3109 5579 ἔρις
3130 5507 3261 5576 περὶ
3291 5505 3404 5560 τῶν
3430 5505 3478 5537 ⁸⁸
3494 5520 3678 5575 πρωτε
3694 5504 3830 5557 ῖων

2194 5604 2287 5656 καὶ
2320 5601 2522 5672 ἅμιλλα
2566 5604 2678 5665 τοῖς
2709 5599 2815 5655 τῶν
2866 5598 2959 5653 δύο
2992 5598 3245 5669 θεμάτων
3281 5594 3643 5665 στρατιώταις
3697 5602 3835 5656 καὶ

1140 5766 1153 5776 ,
1804 5694 2042 5751 VARIE
2102 5693 2508 5753 LECTIONES.

582 5787 623 5819 ⁸⁸
653 5786 711 5849 ὃς
740 5783 1195 5869 ἐξελθὼνοωηέ).
1272 5788 1316 5869 ’ξι
1353 5787 1732 5860 ἀφηγούμενος
1761 5790 1827 5845 Δ.
1905 5788 1949 5821 ⁸⁸
1982 5787 2090 5841 τῶν
2111 5786 2173 5842 Δ.
