3994 6220
229 322 341 389 289

1337 324 1487 385 LIB.
1528 325 1594 387 V.
1638 350 1706 359 -
1740 317 2453 389 BASILIUSIMACEDO.

3400 328 3512 394 290

228 438 548 508 ταξιάρχαις
576 437 670 490 καὶ
708 437 1063 508 λοχαγωγοῖς,
1095 438 1202 492 τῶν
1233 440 1334 510 μὲν
1369 440 1466 493 τοῦ
1497 438 1813 512 Χαρσιανοῢ

1918 454 2022 510 gna
2054 440 2122 493 de
2152 440 2372 495 virtutis
2404 440 2723 509 prabstantia
2752 441 2965 499 incidit.
3003 442 3172 515 273
3189 442 3507 501 Gharsiani-

225 534 448 594 ἑαυτοῖς
474 532 898 602 ὲπιγραφόντων
944 533 1007 585 τὸ
1038 531 1331 603 πρεσϐεῖον
1356 534 1459 602 τῆς
1483 535 1605 588 κατ’
1643 533 1814 605 ἀλκὴν

224 624 451 697 ἀρετῆς,
475 623 712 694 ἔμπαλιν
746 625 805 678 δὲ
828 626 935 678 τῶν
969 624 1348 695 Ἀρμενιακῶν
1376 625 1450 697 μὴ
1474 625 1816 696 μεθιεμένων

224 720 327 785 τῆς
358 717 415 768 ὲν
446 718 561 779 τοῖς
596 716 856 787 πολέμοις
894 716 1119 787 ἀνδρίας
1152 716 1213 769 τὸ
1248 719 1520 789 πρωτεῖον
1569 717 1818 780 ἐκείνους

223 808 433 863 λαϐεῖν.
471 808 563 872 Ὠς
590 804 685 861 οὖν
725 809 819 862 ἐπὶ
849 808 1012 862 πλέον
1034 809 1103 861 τὰ
1132 808 1235 878 τῆς
1261 807 1600 877 φιλονεικίας
1633 808 1817 872 αὐτοῖς

222 901 426 972 ἐχώρει
453 901 548 955 καὶ
570 902 639 955 τὰ
673 902 1006 973 φρονήματα
1030 900 1366 972 διηρέθιστο,
1397 900 1657 971 λεχθῆναί
1681 917 1818 969 φασι

222 995 380 1065 παρὰ
431 993 540 1047 τῶν
591 994 992 1065 πρωτευόντων
1037 994 1135 1047 τοῦ
1194 993 1303 1048 τῶν
1346 995 1391 1028 ⁸⁷
1436 993 1816 1067 Ἀρμενιακῶν

225 1086 596 1157 συστήματος,
623 1087 701 1151 ὡς
732 1089 869 1143 Ἵνα
898 1088 957 1141 τί
998 1088 1200 1157 μάτην
1226 1088 1298 1142 ἐν
1324 1090 1532 1157 λόγοις
1568 1088 1816 1142 ἔκαστοι

222 1177 646 1247 θρασυνόμεθα
674 1179 772 1232 καί
807 1178 1119 1249 αὐχοῦμεν
1153 1178 1464 1248 διακενῆς,
1503 1179 1649 1245 ἐξὸν
1692 1178 1817 1245 τοῖς

223 1267 422 1335 ἔργοις
457 1267 575 1333 τὴν
605 1268 1069 1339 ἀμφισϐήητον
1119 1270 1344 1340 ἀρετὴν
1370 1270 1816 1337 ἐπιδείξασθαι;

223 1358 346 1413 τῶν
390 1360 498 1429 γὰρ
530 1362 838 1432 πολεμίων
876 1364 948 1417 οὐ
976 1364 1221 1432 μακρὰν
1272 1364 1661 1434 ἀπεχόντων,
1716 1364 1818 1429 ἐξ·

219 1469 398 1507 εστιν
420 1453 519 1507 ἐπὶ
550 1453 669 1510 τῶν
689 1455 879 1526 ἔργων
902 1458 1169 1526 φανῆναι
1190 1457 1333 1523 τοὺς
1353 1456 1618 1527 ἀριστεῖς
1634 1456 1815 1511 aculeis

225 1545 342 1614 τῆς
397 1546 549 1601 κατὰ
598 1548 769 1618 χεῖρα
822 1550 1250 1620 γενναιότητος
1302 1552 1602 1621 κριθῆναι
1664 1552 1809 1619 τοὺς

215 1638 657 1709 ὑπερέχοντας.
700 1642 839 1707 Τοὺς
864 1643 1142 1708 τοιούτους
1172 1645 1354 1698 τοίνυν
1399 1644 1594 1713 λόγους
1621 1644 1812 1714 διακη-

1921 541 1989 586 ta:
2044 532 2287 599 virtutis,
2319 548 2442 602 quae
2474 535 2525 586 in
2563 535 2901 606 fortitudine;
2934 546 3040 602 est,
3070 540 3368 608 primatum
3395 540 3504 594 sibi

1919 623 2315 679 vindicabant:
2347 633 2542 679 contra
2574 626 2889 683 Armeniaci
2919 628 3056 683 nihil
3091 646 3150 686 se
3186 631 3277 685 illa
3313 633 3512 689 virtute

1922 712 1991 767 iis
2029 714 2268 782 impares
2299 716 2527 769 omnino
2555 716 2970 774 obnitebantur.
3001 722 3347 792 Augescente
3412 726 3511 779 ita-

1921 815 2030 870 que
2062 800 2203 863 rixa.
2235 811 2288 856 et
2318 817 2443 857 cum
2492 807 2732 872 partium
2781 807 3092 864 irritaretur
3127 811 3407 880 ferocitas,
3441 815 3511 869 ab

1919 894 2381 950 Armeniacorum
2444 907 2623 953 cretus
2681 901 3017 968 primoribus
3058 904 3112 958 in
3167 905 3284 960 haec
3341 910 3510 964 verba

1921 999 2237 1056 peroratum
2275 988 2459 1043 ferunt
2500 1008 2513 1043 :
2543 988 2683 1054 Quid
2719 993 2925 1060 frustra
2957 997 3124 1049 rerbis
3150 998 3348 1067 singuli
3378 998 3512 1067 fero-

1917 1080 2086 1132 cimus
2126 1088 2282 1150 atque
2312 1080 2612 1149 jactentus,
2644 1099 2765 1136 cum
2811 1086 2865 1137 in
2904 1098 3153 1157 promptu
3182 1091 3254 1144 sit
3296 1092 3508 1146 virtutis

1918 1169 2179 1236 specimen
2211 1174 2362 1236 dare,
2386 1186 2490 1240 qua
2513 1171 2582 1225 de
2602 1172 2923 1243 ambigimus
2948 1176 2973 1229 .’
3000 1192 3118 1230 cum
3147 1181 3289 1233 enim
3328 1181 3507 1236 hostes

1916 1261 2060 1316 haud
2092 1265 2244 1334 longe
2272 1267 2471 1329 absint,
2498 1279 2719 1336 possunt
2751 1271 2842 1339 qui
2875 1272 2977 1325 viri
3010 1285 3323 1341 praestantes
3363 1279 3509 1332 exsi-

1918 1364 2087 1420 stunt,
2110 1358 2441 1425 facinoribus
2473 1361 2631 1415 editis
2655 1362 3022 1431 inclarescere,
3048 1384 3111 1419 ac
3139 1370 3232 1431 qui
3264 1371 3393 1439 [orti
3418 1389 3508 1426 ro-

1918 1447 2043 1502 bore
2066 1450 2358 1517 pra'cellat,
2407 1452 2617 1520 judicio
2677 1456 3179 1522 primas‘obtinere.
3233 1460 3329 1515 His
3379 1477 3508 1534 ergo

1915 1541 2175 1597 ductores
2227 1546 2579 1601 sermonibus
2620 1550 2850 1614 auditis,
2903 1552 3248 1622 militumque
3286 1554 3355 1608 ad
3409 1554 3511 1608 ini-

1916 1636 2260 1704 pressionem
2298 1636 2608 1693 faciendam
2644 1638 2842 1695 fortem
2895 1640 3140 1698 animum
3178 1656 3343 1715 atque
3392 1648 3508 1702 ala-

216 1733 411 1798 κοότες
440 1736 492 1788 oi
538 1737 859 1807 στρατηγοὶ,
911 1739 1007 1791 καὶ
1044 1737 1146 1808 τὴν
1197 1738 1337 1810 πρὸς
1368 1739 1593 1808 ἀνδρίαν
1637 1737 1815 1809 ὁρμὴν

1919 1742 2068 1783 crem
2124 1730 2567 1797 considerantes,
2608 1748 2824 1788 necnon
2869 1736 3043 1804 ipsius
3109 1738 3212 1793 loci
3243 1750 3510 1809 Opportu-

215 1826 318 1878 καὶ
359 1798 672 1897 προθυμίαν
718 1798 1163 1899 κατανοήσαντες
1316 1798 1483 1903 -17υ]’
1510 1830 1604 1884 τοῦ
1654 1798 1810 1896 λαοέ,

1919 1821 2146 1875 nitatem
2207 1823 2350 1877 haud
2384 1824 2501 1879 leve
2564 1826 2667 1880 sibi
2703 1827 2771 1882 ad
2819 1829 3107 1882 victoriam
3165 1841 3504 1886 momentum

216 1918 623 1988 συννοήσαντες
648 1918 706 1972 δὲ
733 1921 830 1974 καὶ
858 1921 958 1991 τὴν
981 1921 1091 1975 ἀπὸ
1115 1921 1210 1976 τοῦ
1239 1922 1407 1976 τόπου
1437 1921 1713 1994 βοήθειαν,
1735 1925 1816 1978 ὅτι

215 2011 283 2076 ἑξ
319 2010 651 2082 ὑπερδεξίων
674 2016 789 2077 τοῖς
819 2014 878 2067 ἐν
910 2015 1154 2085 ἐπιπέδῳ
1183 2015 1646 2086 κατηυλισμένοις
1672 2017 1807 2086 μέλ-

213 2100 411 2155 λουσιν
443 2102 804 2168 ὲπιτίθεσθαι,
832 2106 960 2176 διχῆ
991 2104 1264 2177 διαιροῦσι
1299 2105 1401 2178 τὴν
1416 2106 1679 2178 δύναμιν·
1716 2109 1813 2163 καὶ

216 2196 291 2250 τὺ
324 2196 424 2267 μὲν
450 2196 703 2269 ἔκκριτον
732 2199 906 2268 αὐτῆς
946 2196 994 2231 ⁸⁸
1042 2199 1205 2269 ἄχρις
1258 2199 1427 2271 ἕκτης
1457 2201 1815 2265 ἑκατοντάδος

219 2286 376 2357 μετὰ
406 2283 509 2340 τῶν
539 2304 605 2356 γε
633 2287 743 2342 τῶν
764 2288 809 2321 δ’
840 2289 1166 2359 στρατηγῶν
1189 2290 1522 2360 προσϐαλεῖν
1546 2292 1593 2324 ⁸⁸
1618 2292 1814 2363 ἐκρίθη

214 2376 303 2449 τῷ
337 2378 447 2431 τῶν
494 2378 788 2451 βαρϐάρων
823 2379 1060 2451 στρατῷ,
1097 2380 1158 2434 τὸ
1190 2380 1250 2435 δὲ
1282 2381 1468 2437 λοιπὸν
1495 2382 1598 2453 τῆς
1629 2385 1814 2454 εὐαρι-

215 2470 438 2540 θμήτου
478 2471 794 2542 Ῥωμαῖκῆς
823 2474 1085 2544 στρατιᾶς
1111 2474 1172 2537 ἐς
1194 2472 1420 2545 δόκησιν
1450 2475 1692 2547 πλήθους
1714 2476 1814 2531 αὐ-

211 2562 313 2615 τοῦ
348 2579 453 2615 που
485 2565 621 2632 πρὸς
654 2564 723 2617 τὰ
756 2564 1009 2635 μετέωρα
1056 2565 1521 2631 συσκευάσαντες,
1564 2567 1660 2620 καὶ⁸
1684 2567 1815 2621 σύν-

214 2654 375 2725 θημα
401 2654 587 2719 δόντες
619 2657 835 2728 καιροῦ,
870 2657 938 2711 ἵν’
978 2659 1108 2712 ὃταν
1130 2651 1277 2713 οὗτοι
1300 2660 1653 2730 προσϐάλωσι
1700 2663 1816 2726 τοῖς

213 2745 465 2819 ἐχθροῖς,
506 2749 751 2802 κακεῖνοι
786 2749 884 2803 σὺν
924 2748 1228 2821 ἀλαλαγμῷ
1265 2752 1508 2823 μεγίστῳ
1540 2752 1635 2808 καὶ
1681 2755 1813 2808 σά),-

211 2839 399 2907 πιγξι,
428 2839 886 2912 συνεπηχοῦντων
914 2842 1008 2896 καὶ
1039 2841 1149 2896 τῶν
1181 2844 1354 2913 ὀρέων
1375 2844 1579 2907 αὐτῶν,
1608 2846 1815 2918 ἐκπλη-

210 2933 420 3002 κτικὴν
447 2931 580 3003 βοὴν
614 2934 1024 3006 ἀναρρήξωσιν,
1061 2936 1218 2991 αὒτοὶ
1250 2937 1351 3002 τὰς
1380 2938 1692 3004 πανοπλίας
1725 2942 1813 2993 ὲν-

210 3023 460 3090 δῠονται,
494 3024 589 3077 καὶ
630 3026 859 3094 ἀφανῶς
902 3026 995 3081 διὰ
1049 3028 1247 3093 νυκτὸς
1297 3032 1364 3101 τῇ
1418 3032 1814 3103 στρατοπεδείᾳ

1917 1912 2114 1969 afferre
2140 1916 2465 1989 sentientes,
2500 1924 2648 1987 quod
2677 1935 2707 1974 ο
2742 1920 2964 1975 sublimi
2993 1922 3117 1977 loco
3151 1922 3413 1992 impetum
3449 1924 3505 1979 in

1917 2007 2105 2064 hostes
2127 2019 2288 2064 erant
2317 2009 2540 2077 facturi,
2581 2013 2675 2083 qui
2700 2016 2775 2067 -in
2811 2016 2951 2069 valle
2984 2023 3167 2071 castra
3204 2016 3502 2083 habebant,

1915 2099 2057 2156 duas
2079 2101 2134 2156 in
2166 2111 2351 2172 partes
2380 2104 2569 2174 copias
2595 2106 2865 2162 dividunt.
2897 2106 3249 2173 Selectiorem
3280 2126 3505 2165 manum

1915 2194 1982 2247 ad
2008 2204 2297 2251 sexcentos
2318 2211 2442 2250 cum
2469 2197 2602 2267 ipsis
2627 2197 2953 2256 ductoribus
2976 2202 3028 2255 in
3058 2202 3270 2257 hostem
3296 2203 3507 2258 irruere

1913 2285 2219 2341 decernunt
2246 2304 2260 2340 :
2292 2288 2492 2359 reliqui
2534 2306 2767 2346 numero
2812 2306 2920 2347 non
2959 2294 3117 2349 multi
3169 2294 3225 2349 in
3280 2296 3504 2350 sublimi

1913 2386 2144 2444 starent,
2168 2378 2432 2434 confertae
2459 2381 2830 2438 multitudinis
2861 2386 3099 2454 speciem
3133 2384 3502 2455 praeferentes,

1913 2469 2039 2526 data
2069 2472 2334 2540 temporis
2362 2481 2595 2540 tessera,
2633 2484 2694 2529 ut
2740 2492 2867 2530 cum
2923 2478 3001 2530 illi
3052 2477 3266 2532 hostem
3326 2477 3507 2532 adori-

1914 2572 2125 2629 rentur,
2160 2563 2311 2620 illico
2342 2564 2398 2619 hi
2427 2566 2671 2622 maximo
2701 2583 2829 2622 cum
2876 2568 3072 2637 plausu
3127 2579 3181 2623 et
3232 2570 3380 2625 tubis
3411 2586 3506 2626 ca-

1915 2655 2170 2710 nentibus
2202 2657 2503 2712 terribilem
2539 2660 2776 2730 rugitum
2833 2676 2937 2714 una
2974 2676 3201 2731 quoque
3266 2662 3505 2716 reboan-

1916 2751 2064 2805 tibus
2119 2752 2406 2808 montibus
2469 2753 2716 2809 ederent.
2776 2754 2868 2809 Sic
2928 2770 3083 2809 arma
3132 2755 3507 2822 induunt,~ac

1914 2842 2130 2897 occulte
2154 2858 2250 2912 per
2275 2856 2489 2900 noctem
2521 2846 2588 2900 ad
2636 2846 2880 2901 hostium
2917 2846 3083 2918 274
3109 2858 3287 2903 castra
3346 2864 3507 2903 accc-

1914 2934 2071 2990 dunt.
2140 2934 2370 2992 Summo
2423 2948 2606 2992 autem
2682 2954 2878 3004 mane,
2932 2956 3059 2994 cum
3128 2941 3359 2995 net-dum
3422 2942 3505 2996 sol

1915 3043 2148 3084 emenso
2182 3031 2401 3100 penitus
2432 3032 2684 3102 subjecto
2730 3033 2893 3087 nobis
2924 3033 3312 3103 hemisphaerio
3337 3049 3508 3087 eruer-

144 3166 149 3175 ,
209 3116 327 3170 τῶν
389 3115 678 3187 δυσμενῶν
708 3117 1090 3189 πλησιάζουσι.
1139 3121 1255 3193 Πρὸ
1287 3122 1387 3193 τῆς
1436 3123 1511 3176 ξω
1543 3123 1621 3189 δὲ,
1660 3123 1814 3179 οὔπω

1920 3120 2102 3185 sisset,
2138 3136 2337 3191 magna
2366 3136 2499 3175 voce
2547 3136 2737 3191 paeana
2765 3131 3070 3188 cantantes,
3108 3136 3161 3178 et
3208 3122 3339 3176 Vicit
3375 3137 3507 3175 crux

208 3209 307 3262 τοῦ
342 3207 502 3279 ἡλίου
528 3208 591 3263 τὸ
615 3210 720 3263 ὑπο
765 3211 870 3283 γῆν
918 3212 1145 3277 τελείως
1195 3213 1646 3285 παραλλάξαντος
1678 3218 1815 3287 ἡμι-

1918 3213 2349 3279 conclamantes,
2379 3214 2777 3282 aggrediuntur
2807 3214 3048 3279 hostem,
3082 3213 3249 3269 simul
3280 3214 3507 3285 reliquis

210 3302 501 3373 σραίριον,
531 3300 632 3373 βοῇ
660 3302 894 3375 στιϐαρᾷ
917 3305 1305 3370 παιανίσαντες
1326 3306 1503 3360 καὶτὸ
1524 3307 1592 3373 ⁹¹,
1621 3310 1814 3364 Σταυ-

204 3398 320 3463 pec
338 3396 653 3464 νενίκηκε,
674 3412 738 3448 συ
746 3396 885 3468 μϐοή
894 3414 1086 3460 σαντες
1101 3398 1436 3455 ἐπιτίθενται
1448 3402 1561 3463 τοῖς
1577 3399 1814 3473 ἐχθροῖς,

211 3488 792 3554 συνεπαλαλαξαντων
828 3490 938 3543 ἀπὸ
975 3490 1073 3544 τοῦ
1116 3490 1280 3563 ὅρους
1315 3493 1411 3546 καὶ⁵
1441 3492 1552 3545 τῶν
1589 3492 1814 3549 λοιπῶν.

214 3580 401 3645 Εὐθὺς
427 3575 526 3634 οὖν
545 3579 624 3650 τῷ
650 3579 961 3652 ἀνελπίστῳ
981 3580 1429 3650 καταπλαγέντες
1452 3584 1501 3635 οί
1524 3580 1815 3655 βάρϐαροι,

211 3674 312 3725 καὶ
338 3672 485 3743 μήτε
518 3672 785 3743 συστῆναι
820 3673 957 3744 μήτε
1003 3673 1067 3727 τὸ
1098 3674 1252 3728 ἐπιὸν
1285 3673 1490 3745 πλῆθος
1543 3676 1669 3729 ὅσον
1698 3676 1818 3730 ἐστὶ

208 3763 481 3827 λαϐόντες
532 3762 726 3834 καιρὸν
785 3765 1048 3833 κατιδεῖν,
1106 3766 1233 3837 μήτ’
1272 3766 1403 3821 ἄλλο
1433 3784 1485 3820 τι
1545 3768 1816 3839 σωτήριον

210 3858 435 3920 ἑαυτοῖς
461 3859 529 3910 ὲκ
555 3856 650 3911 τοῦ
675 3859 1020 3930 παραχρῆμα
1053 3859 1378 3930 ἰσχύσαντες
1412 3860 1668 3927 συνιδεῖν,
1704 3860 1813 3933 ὦρ-

210 3964 404 4017 μησαν
434 3948 576 4019 πρὸς
609 3950 809 4019 φυγὴν,
853 3951 954 4019 τῆς
991 3950 1086 4004 τοῦ
1118 3951 1388 4021 βασιλέως
1416 3950 1641 4017 τούτους
1675 3953 1814 4007 πάνο

206 4056 328 4103 τως
354 4040 618 4111 ὲπιμόνου
651 4040 1086 4113 ὲκδειματούσης
1115 4042 1283 4113 εὐχῆς
1329 4041 1425 4095 καὶ
1454 4042 1814 4097 συνελαυνού-

206 4150 322 4204 σης
378 4135 519 4207 πρὸς
580 4134 825 4205 ὀλεθρον.
863 4134 984 4189 Τῶν
1035 4134 1128 4189 οὖν
1174 4135 1486 4190 διωκόντων
1524 4134 1815 4207 Ῥωμαίων

206 4229 320 4281 καὶ
344 4230 475 4291 τοὺς
510 4227 587 4300 μὴ
611 4228 870 4294 συνόντας
896 4229 1137 4301 συνεχῶς
1164 4230 1556 4298 ἐπιϐοωμένων
1613 4246 1816 4301 στρατ-

201 4321 393 4391 ηγοὺς
418 4320 515 4373 καί⁵
530 4319 602 4374 τά
629 4320 885 4393 τάγματα
906 4323 1003 4376 καὶ
1022 4323 1114 4375 τὸν
1128 4322 1240 4377 τῶν
1260 4322 1468 4394 σχολῶν
1496 4320 1817 4393 ἀφηγούμε-

200 4431 337 4477 νον,
374 4413 630 4487 καθάπερ
655 4416 840 4480 αὐτοῖς
862 4415 1214 4482 συντέτακτο,
1242 4418 1339 4471 καὶ
1373 4416 1483 4471 τῶν
1505 4417 1817 4487 φευγόντων

1915 3304 1985 3359 de
2015 3314 2203 3359 monte
2228 3304 2522 3359 militarem
2548 3305 3045 3359 conclamationem
3078 3305 3391 3361 edentibus.
3435 3309 3505 3361 At

1918 3397 2139 3454 barbari
2168 3399 2354 3456 subito
2385 3415 2444 3454 re
2486 3399 2761 3469 insperata
2797 3399 3103 3470 perterriti,
3138 3415 3317 3470 neque
3363 3401 3508 3455 inter

1920 3507 1980 3548 se
2038 3492 2188 3548 coire
2230 3507 2332 3548 nec
2390 3491 2829 3562 contemplanda:
2878 3492 3207 3547 irruentium
3264 3492 3504 3547 hostium

1917 3583 2288 3639 multitudinis
2320 3592 2538 3653 tempus
2589 3583 2813 3648 habere,
2855 3597 3035 3653 neque
3069 3583 3295 3637 omnino
3348 3583 3507 3652 quid-

1917 3692 2086 3747 quam
2120 3678 2363 3733 salutare
2404 3678 2700 3732 consulere
2754 3692 2937 3747 posse,
2965 3676 3060 3732 sed
3093 3675 3232 3746 fugre
3260 3692 3319 3731 se
3348 3677 3502 3740 dare,

1916 3770 2271 3839 imperatoris
2307 3784 2537 3839 prorsus
2569 3768 2794 3824 assidua
2848 3768 2916 3823 ad
2965 3765 3136 3823 Deum
3192 3769 3507 3838 precatione

1916 3877 2015 3917 eos
2045 3872 2387 3932 perterrente
2413 3874 2579 3930 atque
2608 3863 2662 3915 in
2693 3861 2974 3916 interitum
3006 3861 3360 3929 propellente.
3397 3858 3506 3912 Ro-

1917 3952 2095 4005 manis
2154 3952 2338 4019 itaque
2397 3949 2838 4023 insequentibus,
2894 3949 3263 4018 absentesque
3334 3950 3506 4003 duces

1915 4055 2081 4112 atque
2113 4043 2339 4097 ordines
2361 4041 2680 4110 scholisque
2709 4040 3027 4111 praefectum
3058 4041 3321 4095 continue
3350 4055 3506 4092 cum-

1916 4136 2267 4209 pellantibus,
2299 4136 2445 4191 sicut
2476 4134 2657 4190 fuerat
2700 4145 3055 4205 praereptum,
3089 4142 3253 4188 aucto
3292 4133 3507 4201 fugien-

1918 4230 2053 4286 tium
2108 4241 2313 4298 pavore
2370 4241 2436 4281 ac
2475 4227 2715 4282 tumultu
2772 4229 2840 4281 ad
2895 4227 3237 4296 trigesimum
3274 4226 3511 4281 milliare

1917 4327 2354 4393 persequuntur,
2380 4318 2846 4390 interiectumque
2871 4320 3112 4390 spatium
3140 4317 3510 4373 cadaveribus

1921 4421 2310 4473 consternunt.

197 4510 305 4571 εις
340 4507 559 4563 πλείονα
587 4509 752 4579 φόϐον
786 4509 1258 4583 συνελαυνομένων
1285 4511 1381 4564 καὶ
1411 4511 1678 4583 ταραχὴν,
1711 4511 1912 4584 συνέϐη
1947 4511 2111 4583 μέχρι
2140 4508 2335 4582 μιλίων
2374 4508 2684 4581 τριάκοντα
2735 4504 2991 4575 γενέσθαι
3036 4504 3137 4576 τὴν
3181 4505 3363 4572 δίωξιν
3415 4499 3509 4560 καὶ

197 4600 318 4653 τὸν
386 4602 590 4669 μεταξὺ
653 4603 1132 4675 χῶρονκάπείροις
1192 4604 1648 4676 καταπρωθῆναι
1711 4607 1949 4675 νεκροῖς.

292 4690 415 4765 pf.
440 4694 567 4749 Ὅτε
594 4696 690 4749 καὶ
721 4697 813 4752 τὸν
837 4698 1029 4767 ἀναιδῆ
1058 4698 1155 4752 καὶ
1183 4697 1390 4769 θρασὺν
1419 4699 1630 4752 ἐκεῖνον
1659 4698 1807 4768 Χρυ-
1834 4702 1888 4761 D

196 4789 451 4859 σόχειρα
471 4788 713 4859 λέγεται,
762 4792 861 4846 σὺν
881 4791 1085 4860 ὀλίγοις
1111 4790 1384 4861 φεύγοντα
1421 4790 1530 4845 τῶν
1560 4791 1692 4862 περὶ
1712 4792 1812 4846 αὐ-

189 4882 340 4945 τὸν,
365 4881 823 4938 ὲπικαταδιώκιιν
861 4883 1149 4954 Ῥωμαίων
1172 4886 1221 4918 ⁸⁸
1252 4884 1396 4951 τινὰ,
1435 4884 1499 4940 τὸ
1532 4884 1812 4956 Πουλάδην

191 4973 583 5045 παρωνύμιον
605 4975 863 5046 φέροντα,
901 4975 959 5029 ὃν
979 4975 1183 5046 συνέϐη
1212 4977 1343 5031 ποτὲ
1369 4976 1514 5031 κατὰ
1534 4975 1813 5048 Τεφρικὴν

186 5067 489 5138 γεγονότα
514 5068 865 5139 αἰχμάλωτον
893 5069 982 5124 διὰ
1009 5069 1072 5124 τὸ
1097 5070 1395 5141 ἀστεϊσμοῦ
1423 5069 1671 5141 μετέχειν
1718 5068 1818 5123 καὶ

183 5164 446 5233 χάριτος
472 5162 678 5232 συνήθη
696 5162 792 5217 καὶ
808 5160 1088 5235 γνώριμον
1103 5161 1441 5233 χρηματίσαι
1460 5160 1812 5232 Χρυσόχειρι.

190 5260 323 5311 Ὃν
359 5254 480 5309 ἰδὼν
539 5259 570 5310 ό
604 5256 881 5329 βάρϐαρος
923 5256 1047 5312 τότε
1094 5256 1211 5329 μετ’
1265 5252 1664 5326 ἐνθουσιασμοῦ
1719 5254 1816 5309 καὶ

180 5348 537 5422 προθυμίας
590 5349 880 5415 διώκοντα,
940 5350 1323 5421 ἐπιστραφεὶς,
1384 5350 1447 5404 Τί
1477 5363 1599 5411 σοι,
1654 5348 1810 5419 φησὶ,

178 5441 437 5506 κακὸν,
462 5438 510 5498 ὦ
535 5443 732 5509 ἄθλιε,
788 5440 1228 5512 διεπραξάμήν,
1276 5441 1585 5509 Πουλάδη,
1615 5440 1706 5495 ὅτι
1734 5457 1812 5509 με

178 5539 384 5593 οὕτω
413 5536 801 5604 καταδιώκεις
853 5534 1164 5607 μανιωδῶς
1217 5534 1521 5604 ἐπιθυμῶν
1564 5533 1811 5588 ἀνελεῖν

1982 4699 2077 4753 ιδ.
2114 4697 2262 4751 Inter
2288 4696 2406 4751 hac
2439 4694 2608 4751 etiam
2642 4691 3014 4762 impudentem
3044 4690 3423 4760 audacemque
3445 4694 3507 4747 ii-

1914 4792 2029 4846 lum
2060 4790 2509 4862 Chrysochirem,
2538 4803 2663 4843 cum
2700 4785 2893 4857 paucis
2920 4800 3151 4841 suorum
3183 4785 3507 4857 fugientem,

1920 4882 2298 4938 Rounanorum
2328 4881 2645 4953 quemdam,
2675 4886 3043 4949 cognomento
3066 4877 3351 4942 Puladem,
3383 4894 3508 4949 per-

1917 4988 2167 5034 secutum
2202 4976 2405 5041 ferunt,
2436 4976 2531 5046 qui
2564 4973 2853 5045 Tephricze
2900 4972 3178 5045 quondam
3235 4973 3510 5043 captivus,
3534 5033 3547 5045 δ

1920 5070 2067 5140 quod
2095 5067 2326 5125 festivus
2360 5076 2507 5125 esset
2535 5082 2601 5124 ac
2631 5067 2867 5138 lepidus,
2922 5064 3281 5137 Chrysochiri
3350 5065 3508 5117 inno-

1919 5171 2105 5218 tuerat
2131 5172 2184 5219 et
2213 5163 2284 5218 ab
2306 5177 2375 5218 eo
2416 5163 2470 5217 in
2504 5161 2939 5217 familiaritatem
2994 5160 3176 5219 fuerat
3210 5156 3507 5212 admissus.

1922 5254 2081 5312 Hunc
2110 5266 2172 5312 ut
2220 5256 2358 5312 vidit
2385 5255 2656 5311 barbarus
2720 5253 2927 5309 furiose
2985 5251 3271 5319 alacrique
3320 5250 3508 5303 animo

1919 5350 2323 5421 insequentem,
2369 5363 2674 5405 conversus
2728 5345 2796 5401 ad
2849 5360 3020 5399 eum:
3065 5343 3208 5409 Quid
3259 5343 3374 5405 tibi.
3427 5344 3535 5397 in-t‘

1917 5442 2057 5514 quit,
2084 5442 2225 5498 mali
2257 5442 2397 5512 feci,’
2420 5444 2581 5496 miser
2623 5438 2856 5501 Pulade,
2897 5434 3037 5507 quod
3089 5437 3167 5489 sic
3201 5435 3388 5489 insane
3422 5451 3509 5503 pe-

1918 5545 2219 5604 rempturus
2253 5552 2335 5590 me
2367 5534 2693 5605 persequeris
2721 5535 2747 5589 ἲ
2779 5530 2869 5587 cui
2903 5530 2993 5587 ille
3021 5527 3315 5584 brevibus:
3355 5526 3511 5593 Quod

1497 5648 1733 5704 VARIJE
1759 5648 2166 5706 LECTIONES.

274 5750 344 5785 *⁷
394 5748 499 5803 τῶν
519 5766 633 5805 om.
670 5752 730 5804 ι».
807 5750 853 5783 ⁸⁸
889 5751 1092 5818 ταύτης
1125 5752 1188 5803 Α.
1266 5751 1310 5782 ⁸⁸
1352 5749 1582 5803 Allatius
1611 5748 1812 5815 Γετῶν,
1838 5748 2337 5807 manuducentibus
2370 5746 2544 5806 Getis.
2623 5748 2669 5781 ”
2697 5742 3022 5819 προσϐαλεῖν
3052 5756 3163 5798 om.
3196 5742 3265 5796 A.
3339 5740 3383 5772 "
3419 5738 3509 5789 καὶ

177 5826 261 5881 τὸ
306 5821 834 5893 -συμϐοήοαντες
866 5839 974 5878 om.
1014 5824 1077 5876 A.
1157 5822 1201 5853 ⁹²
1246 5821 1514 5890 Ῥωμαῖον
1548 5823 1612 5874 Α.
