3994 6220
465 280 577 345 295

1568 266 2082 332 THEOPHANES
2106 267 2668 331 CONTINUATUS.

3629 254 3735 318 296

474 391 664 448 Ambri
719 390 862 446 tilias
899 390 1203 462 Apabdeles
1233 388 1504 443 Anazarbi
1554 402 1810 456 amcras,
1858 390 2053 459 procul

2180 407 2215 442 ξε
2245 386 2681 443 Ψιλοκάστελλον
2712 384 2806 439 καὶ
2835 384 2896 437 τὸ
2933 377 3462 454 Παραμοκάστελλον
3507 375 3707 448 ἐξεπόρ

471 495 667 555 agente
692 486 1025 555 imperatore
1053 483 1341 539 barbarico
1390 498 1541 538 more
1577 482 1877 549 ferociens,
1923 493 2055 538 tunc

473 579 705 648 ejusque
762 576 1054 648 praesentia
1107 574 1541 630 Melitenensium
1578 590 1637 630 se
1673 583 1866 629 turmae
1903 587 2056 627 eom-

478 669 723 724 miscens
753 667 881 737 fuga
914 668 1148 722 salutem
1182 665 1483 736 expedivit,
1522 682 1691 720 unum
1720 667 1823 719 hoc
1852 664 1954 718 sibi
1990 664 2056 717 ad

476 760 829 817 securitatem
877 760 1135 813 idoneum
1166 766 1343 826 ratus,
1384 758 1431 814 si
1478 759 1691 823 lateret,
1727 771 2059 826 quocunque

478 849 693 902 tandem
748 858 905 901 teme
958 848 1082 903 sinu
1139 856 1307 918 atque
1344 847 1551 903 latebra
1618 862 1679 902 se
1733 847 2054 902 abdidisset.

479 940 652 1009 llujus
683 940 1007 1010 irruptionis
1040 941 1194 996 clade
1225 949 1279 995 et
1305 939 1497 997 Caisus
1533 941 1648 997 sive
1667 939 1983 1007 Catasama,
2006 950 2061 997 et

482 1030 705 1083 Itubana
761 1030 876 1085 sive
934 1029 1322 1086 Endclechone
1370 1030 1761 1100 diripiuntur:
1817 1030 2060 1100 itemque

479 1120 679 1176 Ardala
728 1131 783 1177 et
812 1138 975 1192 quam
1018 1131 1218 1177 vocant
1258 1120 1660 1194 Eremosycaaa.
1696 1122 1852 1179 Tunc
1882 1131 1937 1178 et
1970 1123 2062 1178 Se-

481 1229 601 1267 mas
628 1214 720 1268 ille
738 1213 918 1267 Taelis
947 1212 1114 1277 ﬁlius,
1141 1212 1230 1284 qui
1262 1212 1427 1268 Tauri
1459 1216 1661 1269 montis
1688 1214 1957 1285 angustiis
1984 1214 2063 1269 in-

479 1304 666 1358 sidens
698 1305 999 1373 grassando
1026 1302 1399 1361 Romanorum
1434 1306 1568 1361 lines
1602 1306 2056 1377 depopulabatur,

476 1398 542 1450 ad
574 1397 961 1465 imperatorem
995 1396 1264 1467 confugit.

2156 482 2348 551 θησαν,
2379 480 2476 536 καὶ
2508 479 2638 543 τοὺς
2670 480 2728 533 ἐν
2759 478 2942 542 αὐτοῖς
2986 472 3438 543 καταληφθέντας
3466 470 3737 541 ἠνδραπο-

2154 576 2387 630 δὶσαντο.
2442 572 2907 639 Καταπλαγέντες
2962 569 3021 624 δὲ
3075 566 3153 638 τῷ
3182 567 3289 619 δέει
3336 565 3435 635 τῆς
3482 563 3740 634 ἐπιούσης
3851 581 3861 590 δ

2156 669 2445 739 δυνάμεως
2476 669 2526 720 οί
2576 666 2638 720 τὸ
2686 666 2782 719 τοῦ
2827 660 3117 733 Φαλακροῦ
3162 658 3459 730 λεγόμενον
3506 658 3743 728 κάστρον

2159 761 2438 824 οἰκοῦντες
2466 758 2730 822 ἑκουσίως
2759 758 2837 829 τῷ
2865 756 3075 827 βασιλεῖ
3100 751 3556 826 προσεχώρησαν.
3603 750 3662 802 Ὀ
3686 750 3743 802 δὲ

2157 855 2251 909 τοῦ
2284 854 2532 926 Ἀμϐρου
2565 854 2679 917 υίὸς
2721 850 3020 905 Ἀπάϐδελε
3061 845 3399 919 Ἀναζάρϐης
3429 845 3645 916 ἁμέρας
3679 843 3742 905 ’⁸.

2156 945 2261 1007 ἕως
2292 945 2391 1013 μὲν
2447 943 2666 1015 μακράν
2699 944 2924 1011 ἀπεῖχεν
2977 942 3006 994 ό
3063 939 3337 1010 βασιλεὺς,
3390 934 3745 1007 βαρϐαρικῶς
3798 976 3809 985 .

2158 1032 2510 1107 ἐθρασύνετο,
2536 1033 2657 1086 τότε
2683 1032 2739 1086 δέ
2773 1032 2913 1101 μετὰ
2937 1031 3033 1084 τοῦ
3063 1029 3174 1083 τῶν
3201 1026 3523 1097 Μελιτηνῶν
3560 1026 3601 1056 ⁸⁵
3630 1024 3745 1077 στί-

2159 1144 2293 1196 φους
2323 1129 2474 1197 φυγῇ
2517 1126 2616 1198 τὴν
2644 1126 2916 1197 σωτηρίαν
2953 1121 3463 1194 ἐπορίζετο,ομόνην
3488 1120 3533 1152 ⁸⁸
3561 1118 3745 1187 ἀσφά-

2162 1220 2314 1274 λειαν
2341 1219 2648 1291 ἡγούμενος
2692 1219 2885 1289 ἱκανὴν
2919 1218 2981 1271 τὸ
3009 1215 3197 1270 λαθεῖν
3235 1215 3359 1268 ὅποι
3388 1214 3493 1281 γῆς
3514 1210 3748 1265 καταδέ-

2158 1310 2345 1365 δυκεν.
2378 1312 2459 1383 Τῇ
2505 1312 2562 1365 δὲ
2609 1310 2712 1380 τῆς
2745 1308 2999 1380 τοιαύτης
3055 1307 3247 1376 ἐφόδου
3291 1306 3468 1376 φθορᾷ
3506 1305 3601 1372 καὶ
3650 1302 3750 1369 τῆς

2164 1403 2377 1459 Καῖσοῢ
2411 1404 2531 1475 ήτοι
2575 1403 2675 1474 τῆς
2725 1403 3068 1471 Κατασάμας
3102 1400 3197 1455 καὶ
3245 1399 3345 1469 τῆς
3385 1396 3589 1465 Ῥοϐἀμ
3628 1394 3751 1465 ἦτοι

476 1494 578 1565 τῆς
628 1493 1057 1564 Ἐνδελεχόνηςή
1098 1494 1363 1564 πόρθησις
1399 1494 1643 1565 γέγονεν,
1682 1489 1879 1568 ἃμα¹δὲ
1914 1500 2064 1569 καὶή
2102 1501 2201 1571 τῆς
2238 1502 2491 1556 Ἀνδάλου
2530 1501 2573 1534 ³⁷
2603 1500 2700 1554 καὶ
2725 1502 2759 1571 ἡ
2802 1500 2902 1567 τῆς
2958 1496 3104 1551 οὓτω
3144 1494 3446 1565 λεγομένης
3512 1494 3752 1562 Ἐρημοο

480 1587 715 1649 συκαίας
749 1587 811 1650 ’⁸,
843 1587 930 1639 ὅτε
959 1585 1055 1638 καὶ
1084 1586 1271 1656 Σήμας
1293 1588 1501 1650 ἐκεῖνος
1525 1589 1553 1640 ό
1586 1587 1678 1641 τοῦ
1705 1590 1857 1660 Ταὴλ
1884 1592 1946 1657 ¹’,
1971 1591 2071 1655 τὰς
2117 1593 2426 1665 δυσχωρίας
2475 1594 2725 1664 κατέχων
2770 1591 2866 1647 τοῦ
2896 1590 3113 1664 Ταύρου
3163 1589 3261 1643 καὶ
3309 1587 3369 1654 ἐξ
3406 1586 3598 1656 ἐφόδου
3653 1585 3752 1650 τὰς

477 1678 585 1730 τῶν
627 1677 917 1747 Ῥωμαίων
942 1676 1339 1747 λυμαινόμενος
1379 1679 1658 1748 ἐσχατιὰς,
1685 1683 1821 1750 πρὸς
1853 1681 1944 1735 τὸν
1968 1682 2192 1752 βασιλέα
2221 1686 2554 1755 κατέφυγεν.

551 1772 640 1826 Π.
682 1769 833 1837 Quod
862 1771 909 1824 si
935 1771 1156 1826 brevius
1185 1771 1603 1843 simpliciusque
1643 1788 1707 1828 ac
1731 1776 1888 1843 quasi
1928 1791 2058 1831 cur-

2239 1776 2347 1848 μζ’.
2380 1780 2443 1832 Εί
2489 1778 2549 1833 δὲ
2590 1778 2872 1848 συντόμως
2922 1776 3019 1830 καὶ
3047 1774 3219 1846 ψιλῶς
3255 1774 3324 1829 τὰ
3364 1772 3509 1828 οὕτω
3540 1770 3756 1843 μεγάλα

481 1863 586 1917 sim
626 1876 824 1932 magna
877 1873 1226 1928 annotamus,
1282 1879 1445 1920 nemo
1476 1866 1709 1920 miretur
1743 1882 1845 1923 nec
1872 1883 1938 1923 eo
1972 1884 2070 1925 no-

484 1956 633 2009 mine
658 1954 1025 2009 criminetur:
1079 1952 1245 2010 simul
1277 1956 1423 2012 enim
1471 1957 1785 2014 istiusmodi
1838 1974 2069 2029 operum

486 2045 737 2100 facinoru
748 2060 910 2115 mque
928 2046 1261 2101 celeritatem
1279 2047 1527 2103 aemulari
1554 2050 1798 2104 narratio
1817 2051 2068 2120 videtur;

487 2152 595 2208 qua
614 2139 692 2192 sic
708 2137 901 2193 leviter
921 2138 1339 2210 simpliciusque
1362 2142 1709 2197 transcurrit.
1729 2141 1906 2200 Citius
1922 2144 2071 2199 enim

486 2238 621 2284 tunc
676 2229 768 2283 illa
827 2238 987 2299 capta
1048 2230 1305 2301 praesidia
1361 2232 1755 2304 designataque
1818 2234 2073 2292 facinora

489 2336 656 2391 quam
696 2336 843 2377 nunc
880 2338 911 2375 a
937 2338 1023 2377 me
1054 2333 1274 2378 narrata
1297 2334 1445 2379 sunt.
1480 2323 1749 2381 Praeterea
1773 2343 1898 2382 cum
1928 2328 2075 2399 longi

416 2474 419 2477 ,
483 2414 597 2483 jam
640 2414 911 2484 temporis
939 2429 1095 2470 mora
1148 2431 1237 2471 res
1268 2416 1517 2487 singulas
1546 2427 1809 2489 gestaque
1829 2418 2074 2475 lacinora

489 2508 708 2564 silentio
730 2542 735 2547 —
757 2509 907 2563 velut
940 2508 1271 2581 obscurarit,
1310 2526 1376 2565 ac
1411 2527 1511 2566 nec
1540 2528 1846 2583 pugnarum
1880 2516 2075 2571 modos

450 2607 457 2613 ‘
488 2616 590 2655 nec
615 2616 681 2656 ex
711 2600 914 2671 impetu
943 2602 1330 2673 aggressiones
1357 2619 1535 2674 neque
1568 2616 1921 2675 experrectus
1942 2623 2078 2662 con-

493 2700 809 2763 tractasque
857 2693 1158 2765 phalanges
1190 2710 1290 2750 nec
1323 2705 1774 2766 stratagematum
1802 2715 1902 2770 pro
1937 2710 2077 2756 tem-

493 2801 621 2857 pore
652 2802 787 2843 usus
823 2787 905 2841 vel
936 2787 1081 2842 seire
1131 2788 1412 2858 possimus
1440 2791 1608 2861 280
1647 2793 1729 2848 vel
1760 2795 2074 2859 enuntiare,

494 2893 604 2933 non
646 2888 733 2933 est
762 2894 861 2934 cur
884 2880 1033 2935 circa
1066 2881 1279 2951 singula
1308 2895 1523 2954 tempus
1549 2894 1787 2943 teramus
1808 2887 2072 2943 libenter-

494 2986 599 3041 que
634 2971 689 3025 in
741 2970 850 3026 illis
902 2972 1287 3037 immoremur,
1334 2976 1477 3029 unde
1512 2978 1760 3032 narratio
1790 2978 2076 3035 dilatatur.

2171 1872 2336 1927 οἱονεὶ
2363 1872 2487 1926 κατ’
2519 1872 2822 1943 ἐπιδρομὴν
2846 1870 3287 1941 ἀπαγγέλλομεν,
3322 1869 3514 1940 μηδεὶς
3543 1868 3757 1938 θαυμα-

2172 1965 2333 2032 ζέτω,
2366 1966 2505 2020 ἀλλά
2531 1966 2667 2037 μηδὲ
2695 1965 3019 2035 ἐγκαλείτω.
3047 1966 3201 2035 Ἀμα
3227 1965 3336 2033 γάρ
3358 1963 3457 2034 τὴν
3478 1961 3756 2033 ταχύτητα

2172 2060 2283 2114 τῶν
2317 2060 2571 2132 πράξεων
2605 2060 2831 2115 ἐκείνων
2870 2057 3155 2129 μιμεῖσθαι
3195 2059 3229 2126 ή
3268 2055 3521 2125 διήγησις
3555 2054 3759 2113 ἔοικεν.

2173 2153 2273 2208 καὶ
2298 2153 2387 2207 διὰ
2410 2153 2568 2208 τοῦτο
2587 2152 2763 2218 οὕτως
2793 2154 2940 2206 ἐστὶν
2974 2150 3121 2219 ἁπλῆ
3144 2166 3203 2203 τε
3231 2149 3327 2202 καὶ
3353 2150 3474 2201 ἐπιτ
3487 2147 3758 2217 ρέχουσαο

2176 2247 2372 2301 θᾶττον
2424 2246 2535 2318 γὰρ
2585 2247 2757 2318 ᾑρέθη
2810 2246 2932 2299 τότε
2983 2246 3168 2297 ἐκεῖνα
3213 2243 3306 2296 καὶ
3360 2240 3469 2294 τῶν
3506 2240 3763 2312 πράξεων

2176 2340 2337 2393 ἐλαϐε
2368 2339 2470 2412 τὴν
2510 2337 2840 2404 συντέλειαν,
2868 2338 2901 2408 ἢ
2936 2337 3031 2391 νῦν
3058 2334 3421 2408 ἀπήγγελται.
3458 2334 3663 2397 ’Δλλως
3697 2350 3763 2386 τε

2176 2435 2275 2488 καὶ
2309 2434 2435 2487 ἐπεὶ
2480 2435 2509 2487 ό
2535 2434 2725 2504 χρόνος
2756 2433 2856 2503 ήδη
2901 2430 3108 2502 ῥεύσας
3145 2429 3233 2483 διὰ
3268 2428 3436 2498 μέσου
3487 2420 3651 2490 πολὺς
3688 2426 3773 2480 ei

2178 2526 2301 2580 καθ’
2332 2526 2541 2580 ἕκαστα
2592 2524 2701 2577 τῶν
2730 2524 2907 2594 ἐργων
2949 2523 3039 2577 διά
3080 2522 3180 2592 τῆς
3226 2521 3433 2591 μεταξὺ
3466 2520 3621 2589 σιγῆς
3646 2514 3776 2572 οἷον

2176 2620 2501 2690 ἠμαύρωσε,
2534 2622 2629 2672 καὶ⁵
2651 2617 2777 2671 οὕτε
2805 2615 3165 2686 παρατάξεων
3190 2614 3427 2684 τρόπους
3447 2610 3570 2665 οὔτε
3594 2628 3768 2682 προσ-

2180 2713 2265 2767 ϐο)
2276 2714 2352 2766 ὦν
2386 2713 2609 2783 ἐφόδους
2657 2710 2780 2765 οὕτε
2809 2711 3108 2781 φαλάγγων
3159 2708 3411 2771 ἐκτάσεις
3440 2706 3537 2760 καὶ⁵
3566 2724 3765 2759 συστο-

2178 2805 2276 2868 λάς
2313 2806 2437 2860 οὔτε
2463 2805 2941 2876 στρατηγημάτων
2968 2800 3293 2872 ἐπικαίρους
3316 2802 3541 2872 χρήσεις
3563 2799 3765 2853 εἰδέναι

2181 2898 2277 2952 καὶ
2310 2896 2680 2965 ἀπαγγέλλειν
2713 2898 2761 2928 ²⁰
2788 2897 3007 2966 ἔχομεν,
3040 2896 3143 2949 οὐκ
3192 2893 3308 2947 ἐστι
3342 2892 3473 2965 περὶ
3520 2891 3590 2945 τὰ
3623 2893 3766 2945 κατά

2185 2990 2353 3060 μέρος
2378 2986 2717 3058 ἐγχρονίζειν
2740 2986 2835 3041 καῖ⁵
2860 2980 2972 3039 οἷον
3002 2983 3418 3056 ἐμφιλοχωρεῖν,
3449 2982 3507 3050 ἐξ
3529 2976 3603 3037 ὧν
3626 2982 3766 3038 πλα-

493 3063 625 3130 ρυω
658 3074 839 3119 autem
873 3065 1024 3119 nullo
1050 3075 1200 3123 certo
1230 3075 1370 3124 teste
1405 3070 1605 3125 tradita
1641 3080 1794 3137 sunt,
1832 3073 1938 3129 etsi
1971 3089 2075 3131 ere

2184 3080 2408 3134 τύνεται
2453 3080 2516 3133 τὸ
2553 3079 2819 3148 διήγημα.
2860 3076 2944 3131 Τά
2968 3077 3027 3130 δέ
3070 3076 3389 3148 ἀμάρτυρον
3434 3075 3627 3147 ἔχοντα
3666 3074 3766 3145 τὴν

495 3158 594 3213 bro
643 3172 867 3213 rumore
904 3157 1153 3214 ferantur
1192 3170 1362 3231 atque
1396 3162 1451 3216 in
1502 3178 1598 3219 ore
1642 3165 1789 3235 vulgi
1829 3168 2075 3236 volitent,

2189 3173 2394 3238 πίστιν,
2431 3172 2481 3225 εί
2517 3142 2853 3240 καὶ-λέγεται
2896 3142 3329 3233 πολλάκις-ἀλλ’
3355 3142 3518 3239 ἡμεῖς
3554 3142 3765 3223 ἀϐασα-

495 3264 598 3304 nos
658 3258 839 3305 tamen
881 3260 940 3305 ut
974 3252 1094 3307 sine
1135 3255 1392 3309 examine
1439 3258 1836 3327 amplectamur
1894 3262 2078 3318 induci

494 3357 603 3397 non
637 3344 902 3414 patimur,
959 3361 1026 3400 ne
1082 3350 1376 3404 coutictam
1421 3366 1613 3407 eorum
1649 3370 1772 3423 quae
1822 3371 1892 3411 ne
1925 3367 2077 3428 gesta

493 3436 716 3506 quidem
764 3444 895 3492 sunt
962 3439 1339 3495 narrationem
1412 3441 1730 3512 imperatori
1779 3448 2078 3519 appiugere

494 3526 804 3583 videamur.
858 3528 939 3583 Ac
994 3529 1080 3586 vel
1129 3532 1390 3597 maxime,
1425 3535 1571 3602 quod
1602 3552 1702 3592 nec
1727 3537 1829 3602 illi,
1858 3554 1983 3594 cum
2020 3541 2073 3596 in

497 3619 754 3675 humanis
802 3620 985 3677 adhuc
1039 3632 1244 3692 ageret,
1295 3640 1417 3696 qua:
1454 3626 1547 3682 alii
1578 3629 1726 3684 velut
1755 3634 2070 3688 assentandi

496 3712 668 3781 gratia
703 3713 870 3769 verba
904 3712 1264 3780 insinuarent,
1299 3716 1496 3774 lubens
1529 3720 1816 3776 videbatur
1876 3724 2074 3781 admit-

497 3814 633 3861 tere.
689 3802 800 3861 Nos
840 3821 995 3871 vero,
1042 3807 1135 3878 qui
1188 3825 1256 3863 ne
1297 3824 1360 3864 ea
1396 3810 1617 3881 quidem
1667 3829 1790 3883 qua:
1825 3816 2071 3872 omnium

497 3912 593 3951 ore
638 3906 834 3954 testata
887 3910 1018 3956 sunt
1074 3902 1407 3972 scriptorum
1472 3907 1844 3965 monumentis
1892 3910 2075 3965 censi-

497 4002 667 4056 gnare
697 3988 962 4055 valemus,
986 4000 1081 4045 aut
1101 4006 1198 4061 per
1234 3992 1408 4047 otium
1446 4009 1763 4064 possumus,
1794 3998 1883 4053 vis
1922 4012 2072 4057 certe

2187 3267 2385 3329 νίστως
2436 3264 2833 3336 προσδέχεσθαι
2860 3264 2923 3319 οὐ
2960 3263 3264 3335 βουλόμεθα
3305 3262 3393 3317 διὰ
3420 3262 3483 3315 τὸ
3510 3262 3587 3331 μὴ
3616 3261 3766 3327 δόξαι

2185 3357 2580 3427 πεπλασμένην
2634 3356 2709 3426 μὴ
2771 3355 3073 3425 γεγονότων
3120 3354 3461 3424 πραγμάτων
3510 3353 3767 3423 διήγησιν

2184 3446 2495 3525 ἀνατιθέναι
2524 3445 2603 3516 τῷ
2636 3445 2868 3515 βασιλεῖ,
2902 3445 3137 3515 μάλιστα
3182 3445 3266 3496 ὅτι
3288 3442 3411 3496 οὐδὲ
3441 3444 3654 3505 ἐκεῖνος
3686 3442 3765 3495 ἔτι

2184 3538 2296 3603 ζῶν
2325 3540 2393 3591 τά
2414 3538 2548 3609 πρὸς
2570 3538 2730 3609 χάριν
2752 3537 3107 3601 θωπευτικῶς
3145 3537 3513 3607 ὑποτρέχοντα
3547 3538 3767 3605 ῥήματα

2178 3634 2431 3704 ἐφαίνετο
2464 3637 2846 3707 προσιέμενος.
2880 3636 3024 3689 Οἱδέ
3074 3635 3210 3705 μηδέ
3250 3635 3319 3688 τά
3358 3633 3512 3703 παρά
3540 3635 3766 3687 πάντων

2177 3728 2586 3800 ὁμολογούμενα
2608 3730 2896 3798 δυνάμενοι
2931 3726 3014 3800 [Ρ.
3051 3725 3175 3799 174]
3208 3727 3239 3796 ἦ
3274 3724 3627 3797 σχολάζοντες
3655 3743 3766 3778 πα-

2183 3821 2438 3892 ραδοῦναι
2472 3827 2657 3894 γραφῇ
2693 3823 2860 3894 σχολῇ
2891 3838 2956 3890 γε
2998 3820 3066 3874 ἂν
3096 3822 3225 3889 περὶ
3254 3818 3325 3872 τὰ
3360 3817 3645 3887 ἀμφίϐολα
3684 3818 3789 3871 τὸν

2180 3910 2338 3980 λόγον
2358 3913 2834 3984 άπομηκύνοιμεν.
2883 3912 3025 3965 Ἀλλ’
3064 3909 3472 3980 ἀνακρουέσθω,
3512 3908 3611 3961 xa‘t
3645 3910 3783 3961 καθ’

2181 4004 2298 4060 ὁδὸν
2324 4010 2424 4079 τῆς
2454 4006 2514 4072 ἐξ
2564 4008 2739 4078 ἀρχῆς
2771 4006 3077 4077 διηγήσεως
3117 4005 3147 4057 ό
3190 4002 3347 4070 λόγος
3393 4001 3781 4072 ἀνατρεχέτω.

498 4080 552 4135 in
596 4081 663 4136 iis
717 4098 838 4152 qua:
890 4083 1056 4139 dubia
1104 4094 1235 4141 sunt
1267 4102 1580 4143 sermonem
1619 4094 2079 4160 protraxerimus.
2116 4095 2319 4156 Verum
2388 4112 2734 4173 retroagatur
2785 4100 2985 4165 oratio,
3034 4105 3090 4154 et
3177 4097 3232 4152 in
3288 4095 3434 4150 viam
3513 4103 3789 4149 recurrat

498 4188 662 4243 quam
706 4175 808 4230 sibi
834 4174 905 4231 ab
943 4177 1172 4233 exordio
1196 4179 1530 4236 narrationis
1557 4185 1861 4252 proposuit.

570 4266 664 4322 48.
700 4265 1017 4324 Secundum
1069 4270 1184 4326 haec
1239 4271 1538 4343 imperator
1568 4278 1927 4347 Onopnictem
1977 4277 2083 4335 llu-

499 4359 649 4414 vium
707 4368 762 4415 et
797 4360 993 4415 Sarum
1054 4378 1183 4419 cum
1238 4367 1487 4422 exercitu
1536 4368 1773 4437 trajecit,
1823 4370 2084 4440 venitque

499 4448 818 4521 Cucusum;
884 4455 1068 4527 ibique
1114 4460 1398 4516 succensis
1462 4460 1605 4516 lucis
1675 4473 1731 4516 et
1790 4464 2085 4520 arboribus

501 4546 705 4602 excisis
753 4546 873 4602 loca
914 4549 1205 4607 itineribus
1238 4551 1384 4607 invia
1422 4554 1474 4607 in
1520 4554 1810 4609 commoda
1849 4556 2082 4627 redegit,

502 4645 667 4708 atque
698 4638 753 4693 in
784 4640 866 4696 eis
892 4642 1139 4711 palantes
1163 4644 1423 4700 cohortes
1449 4645 1759 4717 dissipavit.
1783 4646 1914 4703 Inde
1930 4649 2090 4705 Calli-

502 4730 671 4797 polim
714 4741 769 4787 et
821 4733 1113 4791 Padasiam
1162 4750 1292 4791 cum
1321 4738 1586 4803 venisset,
1611 4740 1860 4810 locisque
1884 4743 2095 4813 asperis

504 4836 570 4876 ac
591 4823 940 4896 confragosis
971 4827 1075 4883 iter
1103 4828 1352 4897 haberet,
1375 4846 1522 4901 equo
1551 4831 1895 4889 descendens
1926 4835 2096 4905 pedes

452 4972 457 4976 ,
506 4915 622 4987 ipse
665 4918 765 4971 via:
792 4929 1023 4989 angusta
1077 4924 1467 4991 emetiehatur,
1500 4925 1687 4981 labore
1713 4942 1815 4982 suo
1848 4927 2098 4984 subdito-

508 5025 629 5065 rum
673 5008 922 5066 intirmas
976 5012 1125 5069 vires
1165 5029 1446 5074 recreans.
1504 5016 1645 5073 Tum
1692 5019 2096 5076 Germaniciam

506 5115 719 5174 petens,
763 5120 888 5160 cum
932 5104 1236 5160 adversarii
1270 5122 1467 5165 omnes
1517 5126 1548 5167 e
1576 5112 1811 5183 vestigio
1835 5113 2098 5169 cederent

508 5194 761 5268 intraque
801 5199 1008 5253 nimnia
1036 5213 1157 5254 sese
1190 5201 1570 5268 continerent,
1606 5219 1709 5260 nec
1737 5205 1834 5277 qui
1873 5220 2096 5260 manum

509 5301 802 5348 conserere
844 5290 1076 5347 auderet
1134 5291 1278 5347 ullus
1333 5302 1504 5360 esset,
1556 5297 1773 5353 cunctis
1808 5298 1951 5354 circa
1976 5313 2096 5353 eam

509 5377 621 5447 igni
653 5383 960 5455 absumptis
1012 5400 1077 5442 ac
1115 5386 1453 5444 suburbanis
1483 5388 1683 5446 misere
1714 5390 1981 5447 desolatis
2010 5399 2098 5447 at-

2266 4282 2377 4355 μη¹.
2409 4282 2565 4336 Μετά
2590 4279 2767 4336 ταῦτα
2806 4280 2986 4334 τοίνυν
3018 4277 3110 4333 τὸν
3155 4276 3511 4347 Ὀνοπνίκτην
3539 4275 3789 4348 λεγόμε-

2192 4395 2281 4432 νον
2306 4376 2553 4445 ποταμὸν
2590 4375 2688 4429 καὶ
2718 4373 2813 4427 τὸν
2861 4372 3035 4444 Σαρὺν
3077 4370 3414 4442 διαπεράσας
3456 4372 3486 4423 ό
3517 4369 3789 4439 βασιλεὺς

2194 4469 2333 4542 μετά
2372 4467 2467 4521 τοῦ
2502 4465 2914 4538 στρατεύματος
2944 4460 3077 4537 ἦλθε
3109 4463 3247 4534 πρὸς
3301 4462 3631 4526 Κουκουσῦν,
3684 4462 3786 4517 καὶ

2190 4563 2287 4628 τὰς
2315 4565 2492 4617 ἐκεῖσε
2541 4562 2747 4633 λόχμας
2782 4560 3079 4631 ἐμπρήσας
3114 4558 3209 4611 καὶ
3250 4556 3349 4625 τήν
3396 4555 3603 4609 ἄϐατον
3630 4558 3700 4626 τῇ
3736 4559 3788 4588 ιι

2191 4654 2296 4707 τῶν
2330 4654 2564 4723 δένδρων
2614 4654 2820 4721 ἐκτομῇ
2860 4650 3031 4721 βατὴν
3060 4647 3381 4717 πεποιηκὼς
3406 4648 3517 4701 τῶν
3557 4651 3615 4702 ἐν
3644 4649 3785 4702 ταύ-

2192 4763 2312 4809 ταις
2341 4746 2517 4815 λόχων
2559 4744 2851 4815 ἐκράτησε.
2902 4742 3046 4813 Πρὸς
3084 4742 3143 4796 δὲ
3172 4742 3270 4811 τὴν
3317 4741 3657 4796 Καλλίπολιν
3690 4742 3788 4793 καὶ

2194 4838 2473 4893 Παδασίαν
2509 4837 2745 4907 φθάσας,
2782 4830 2903 4889 εἶτα
2940 4835 3027 4889 διὰ
3056 4834 3341 4888 δυσϐάτων
3390 4832 3596 4886 ὁδεύων
3623 4832 3793 4897 όδῶν,

2193 4932 2290 4985 τοῦ
2319 4933 2489 4986 ἵππου
2519 4930 2731 4993 άποϐἀς
2754 4916 2985 4994 πεζὸς’”
3012 4927 3214 5000 διεξῄει
3238 4927 3308 4981 τὰ
3326 4926 3488 4981 στενά
3505 4929 3608 4996 τῆς
3638 4924 3795 4987 ὁδοῦ,

2196 5024 2286 5078 διὰ
2309 5023 2406 5077 τοῦ
2435 5024 2637 5077 οἰκείου
2664 5023 2836 5076 κόπου
2866 5021 2927 5075 τὸ
2958 5022 3185 5085 ἀσθενὲς
3214 5020 3322 5073 τῶν
3356 5019 3464 5073 ὑπὸ
3494 5022 3655 5088 χεῖρα
3678 5034 3798 5068 πα-

2201 5114 2639 5187 ραμυθούμενος.
2670 5113 2985 5185 Τηνικαῦτα
3010 5114 3068 5167 δέ
3105 5116 3171 5183 τῇ
3205 5112 3581 5183 Γερμανικείᾳ
3614 5125 3803 5176 προσ-

2202 5208 2404 5275 ϐαλὼν,
2435 5210 2557 5263 ἐπεὶ
2579 5208 2640 5262 τὸ
2670 5208 3066 5277 ἀνθιστάμενον
3097 5206 3245 5260 ἅπαν
3290 5209 3355 5259 ἐκ
3398 5204 3559 5266 ποδὸς
3590 5202 3811 5271 ἐχώρεε

2202 5304 2299 5357 καὶ
2322 5305 2433 5366 τοῖς
2458 5302 2661 5373 τείχεσι
2688 5301 3028 5355 συνεκλείετο
3058 5302 3150 5353 καὶ
3170 5298 3346 5362 οὐδεὶς
3371 5297 3482 5350 τῶν
3512 5294 3821 5362 πολεμίων

2209 5393 2414 5463 ἐτόλμα
2445 5394 2524 5456 είς
2554 5394 2740 5463 χεῖρας
2761 5391 2958 5456 ἐλθεῖν,
2990 5389 3060 5443 τὰ
3089 5389 3221 5457 περὶ
3243 5388 3417 5459 αὐτὴν
3446 5387 3625 5441 πάντα
3650 5382 3823 5451 πυρὶ

1815 5525 2056 5581 ῩΑΒΙᾸΞ
2089 5525 2494 5583 LECTIONES.

583 5611 627 5645 ιδ
674 5610 1015 5687 Ἀναζάρδης
1044 5616 1257 5687 ἁμέρας
1286 5633 1397 5672 om.
1436 5619 1498 5670 Λ.
1574 5618 1616 5650 ¹¹
1652 5617 1791 5687 μετά
1840 5616 2154 5670 Μελετινῶν
2179 5620 2240 5670 Α.

513 5688 669 5747 καίας
693 5686 755 5739 Δ.

508 5772 616 5812 oni.
649 5753 707 5810 Ρ.
837 5758 879 5787 ⁸³
919 5754 1080 5821 πεζὸς
1105 5753 1212 5813 om}
1248 5759 1305 5812 Ρ.

860 5676 902 5759 ἳδ
934 5676 1325 5759 δ’ΤούτοίὴλἋ,
1366 5690 1587 5746 omissis
1622 5676 1719 5751 τ’ἀς
1765 5676 2541 5759 δυσχωρίας-λιιμαινόμενος
2620 5676 2898 5757 ἐσχατιάς.

2372 5617 2415 5653 ’⁸
2448 5618 2605 5685 μόνον
2634 5617 2697 5668 Α.
2748 5676 2763 5686 _
2815 5616 2855 5646 ¹⁷
2902 5611 3160 5686 ’Ᾱρδάλου
3195 5612 3260 5664 Λ.

3362 5611 3404 5642 ι·
3433 5606 3832 5680 eruunt-u-

3005 5685 3050 5716 ¹⁰
3085 5680 3445 5751 ἐπαγγέλλειν
3483 5682 3547 5733 Α.

3647 5676 3687 5709 ει
3729 5682 3838 5748 τῇ
