3994 6220
270 441 382 504 305

1338 442 1484 502 LIB.
1524 443 1592 504 ν.
1626 466 1695 482 -τ
1740 442 2093 504 BASlLlUS
2126 442 2448 503 MACEDO.

3419 425 3534 507 eos

271 554 556 625 ἀρχόντων
606 551 769 622 μόνον
809 550 1124 622 ἀρχόμενοι.
1157 553 1220 604 Οί
1263 553 1504 607 πλεῖστοι
1536 554 1594 607 δέ
1631 554 1730 623 τὴν
1759 555 1851 605 ἐπὶ

1957 555 2236 609 Romanos
2276 556 2534 610 amicitia:
2567 572 2629 612 ac
2667 555 3027 624 subjectiouis
3083 557 3280 629 pignus
3324 562 3430 612 reti
3456 573 3537 610 ιο-

273 645 438 698 -πλέον
469 646 776 698 ἀπόστασιν
798 643 1199 713 ἐνδεικνύμενοι
1231 645 1326 698 καὶ
1355 645 1450 698 τοῦ
1480 645 1627 698 θείου
1666 647 1856 714 βαπτίο

273 756 484 807 σματος
519 739 749 802 ἑαυτοὺς
775 738 1170 808 ἡλλοτρίωσαν,
1198 737 1274 801 ὡς
1307 739 1372 792 ἂν
1397 740 1562 810 μηδὲν
1599 741 1854 810 ἐνέχυρον

269 833 370 899 τῆς
404 831 543 900 πρὸς
585 830 890 899 Ῥωμαίους
935 831 1117 898 φιλίας
1169 835 1265 886 καὶ
1307 832 1623 892 δουλώσεως
1655 832 1852 900 ἔχοιεν.

344 920 445 989 vf.
471 920 655 983 Οὖτως
675 917 770 974 οὖν
792 921 898 974 τῶν
916 923 1056 976 κατὰ
1074 922 1174 993 τὴν
1207 923 1480 992 Ἑσπέραν
1499 924 1736 993 ἐχόντων
1760 924 1854 976 καί⁵

270 1016 331 1068 ἐν
361 1014 638 1076 τοιαύταις
665 1014 836 1066 ὄντων
872 1014 1159 1083 ἀναρχίαις
1181 1017 1275 1068 καὶ
1303 1015 1570 1079 ἀταξίαις.
1609 1015 1696 1090 [1).
1728 1015 1853 1088 179]

272 1106 636 1161 συνεπέθεντο
659 1105 795 1174 μετὰ
819 1105 913 1159 τοῦ
945 1106 1138 1177 καιροῦ
1157 1108 1252 1160 καὶ
1290 1108 1339 1160 οἱ
1368 1109 1476 1161 ἀπὸ
1511 1112 1855 1181 Καρχηδόνος

285 1202 603 1270 Ἀγαρηνοὶ,
659 1200 752 1251 καὶ
799 1199 1068 1268 ἄρχοντας
1097 1201 1490 1270 ἐπιστήσαντες
1519 1203 1610 1255 τόν
1638 1221 1696 1256 τε
1729 1205 1857 1257 Σολο

267 1294 427 1347 δίνην
467 1295 562 1344 καὶ
599 1291 824 1359 Σᾶμϐαν
881 1291 976 1344 καὶ
1013 1292 1105 1344 τὸν
1141 1292 1416 1360 Καλφοὺς,
1450 1293 1544 1357 οὓς
1591 1297 1647 1347 ἐν
1690 1296 1858 1367 κακίᾳ

271 1385 367 1437 καὶ
418 1383 690 1452 πολεμικῇ
742 1382 1007 1453 ἐμπειρίᾳ
1056 1382 1196 1436 κατὰ
1259 1384 1394 1437 πολὺ
1427 1384 1703 1456 διαφέρειν
1747 1386 1856 1439 τῶν

267 1475 560 1546 ὁμοφύλων
590 1474 904 1532 ἐπίστευον,
930 1473 989 1539 ἒξ
1012 1475 1106 1527 καὶ
1140 1475 1434 1544 τριάκοντα
1472 1476 1670 1530 πλοίων
1694 1479 1854 1530 πολε-

273 1567 454 1636 μικῶν
515 1564 660 1618 κατὰ
691 1565 1006 1632 Δαλματίας
1060 1565 1246 1619 στόλον
1299 1567 1646 1632 ἀπέστειλαν,
1673 1569 1763 1638 ὑφ’
1793 1564 1856 1625 οὗ

265 1659 516 1727 διάφοροι
550 1655 734 1716 πόλεις
758 1655 1002 1708 ἑάλωσαν
1027 1656 1346 1725 Δαλματῶν,
1375 1651 1485 1711 οἷον
1514 1659 1548 1728 ἦ
1571 1677 1628 1711 τε
1660 1660 1856 1713 Βούτο-

270 1764 349 1817 μα
381 1747 478 1800 καὶ
512 1745 691 1799 Ῥῶσα
723 1745 818 1799 καὶ
842 1745 910 1798 τὰ
932 1745 1082 1799 κάτω
1102 1747 1380 1818 Δεκάτορα
1403 1749 1469 1802 ⁵ο.
1503 1749 1857 1820 Προχωρούν-

265 1860 379 1895 των
411 1841 470 1893 δὲ
523 1843 666 1893 κατὰ
703 1839 826 1893 νοῦν
865 1838 975 1891 τῶν
1009 1839 1355 1907 πραγμάτων
1384 1843 1498 1904 τοῖς
1545 1843 1849 1913 πολεμίοις,

265 1928 432 2002 ἦλθον
470 1933 560 1983 καὶ
589 1931 684 1984 ἐπὶ
710 1931 754 1962 ⁸¹
783 1932 882 2000 τὴν
913 1928 1008 1983 τοῦ
1043 1929 1164 1982 ὅλου
1209 1929 1398 1994 ἔθνους
1432 1933 1783 2005 μητρόπολυθ,
1813 1936 1848 2006 ἢ

278 2023 563 2082 Ῥαούσιον
586 2023 825 2089 λέγεται,
861 2025 956 2076 καὶ
987 2024 1190 2096 ταύτην
1235 2026 1330 2078 ἐπὶ
1372 2025 1564 2095 χρόνον
1599 2028 1851 2098 ιῖῑτιολιόρ⁴

267 2133 399 2169 κουν
424 2115 625 2167 ἱκανόν.
665 2115 836 2168 Ἐλεῖν
857 2114 914 2168 δὲ
937 2115 996 2180 ἐξ
1031 2117 1249 2185 ἑτοίμου
1283 2119 1383 2170 οὐκ
1430 2117 1645 2172 ἔσθενον
1674 2119 1762 2173 διὰ
1792 2119 1852 2175 τὸ

269 2207 524 2276 ἐκθύμως
568 2207 694 2268 τοὺς
734 2206 946 2260 ἔνδοθεν
977 2206 1345 2276 ἀγωνίζεσθαι
1385 2209 1460 2273 ὡς
1485 2210 1624 2282 ὑπὲρ
1650 2210 1849 2282 ψυχῆς,

269 2300 332 2351 τὸ
385 2298 698 2367 λεγόμενον,
745 2297 990 2364 θέοντας.
1063 2300 1154 2363 Ὠς
1204 2298 1298 2354 οὖν
1327 2302 1419 2355 ἐπὶ
1468 2303 1662 2373 χρόνον
1714 2306 1763 2358 oi
1793 2306 1891 2372 ἐν,

278 2392 547 2461 Ῥαουαίῳ
564 2390 975 2462 ἐταλαιπώρουν
997 2393 1088 2450 καὶ
1109 2395 1189 2457 είς
1210 2395 1442 2465 ἐσχάτας
1463 2395 1852 2465 συνηλαύνοντο

263 2485 522 2554 ἀπορίλς,
560 2483 840 2554 πέμπουσι
897 2484 1158 2556 πρέσϐεις
1216 2486 1292 2550 ὡς
1354 2487 1575 2558 βασιλέα
1618 2489 1721 2542 ὑπὸ
1753 2490 1852 2560 τῆς

261 2576 514 2645 ἀνάγκης
540 2575 1065 2645 στενοχωρούμενοι,
1088 2577 1266 2630 καίτοι
1316 2579 1634 2649 σχεδὸνούκ
1687 2581 1850 2648 ἁγνο-

260 2668 452 2731 οῦντες
481 2668 557 2729 ὡς
582 2669 661 2730 εἰς
685 2668 819 2724 ἄλλα
847 2667 1045 2737 μᾶλλον
1065 2671 1094 2722 ό
1121 2669 1340 2739 κρατῶν
1373 2671 1752 2743 ἁπησχόληται
1781 2673 1849 2736 ⁸⁸,

262 2761 489 2828 ἐλεῆσαι
512 2759 964 2828 παρακαλοῦντες
988 2762 1082 2814 καὶ
1102 2762 1382 2830 ἐπαμῦναι
1415 2767 1524 2826 τοῖς
1557 2765 1680 2818 ὅσον
1699 2765 1852 2820 ούπω

263 2852 672 2905 κινδυνεύουσιν
700 2851 1034 2923 ὑποχειρίοις
1070 2853 1117 2884 ⁵⁸
1147 2853 1403 2922 γενέσθαι
1435 2854 1546 2908 τῶν
1600 2857 1852 2926 ἅρνητῶν

261 2945 362 2998 τοῦ
392 2942 655 3014 Χριστοῦ.
690 2943 859 2997 Οὔπω
885 2944 941 2997 δέ
971 2943 1081 2997 τῶν
1111 2943 1397 3015 πρέσϐεων
1434 2947 1851 3001 καταλαϐόντων

260 3039 368 3106 τὴν
394 3037 808 3106 βασιλεύουσαν,
843 3037 957 3090 ἀλλ’
981 3035 1061 3089 ἐτι
1085 3037 1578 3108 χρονοτριϐούντων
1606 3041 1732 3111 περὶ
1754 3041 1852 3111 τὴν

257 3129 478 3189 ἄνοδον,
508 3127 566 3192 ἐξ
583 3127 889 3196 ἀνθρώπων
925 3127 1072 3196 μένό
1104 3127 1303 3194 φαῦλος
1332 3129 1539 3194 γίνεται
1575 3129 1848 3199 βασιλεὺς,

1957 657 2098 701 rent.

2027 912 2232 983 55.1b'ic
2262 911 2430 981 igitur
2457 911 2769 968 Occidentis
2800 916 2963 971 rebus
2997 917 3338 979 constitutis,
3367 917 3534 988 inque

1955 1021 2080 1059 cum
2112 1005 2331 1059 modum
2362 1022 2457 1075 per
2495 1008 2818 1061 anarchiaut
2870 1008 3247 1064 laborantibus
3294 1025 3358 1061 ac
3411 1025 3534 1078 per-

1956 1098 2212 1158 turbatis.
2242 1107 2457 1168 arrepta
2480 1100 2714 1168 Agareui
2751 1100 3218 1172 Carthaginenses
3243 1103 3536 1158 occasione

1956 1190 2272 1259 conjunctis
2309 1191 2514 1244 viribus
2539 1191 2944 1259 eXpeditionem
2987 1193 3330 1261 suscipiunt;
3381 1209 3537 1247 crea—

1960 1287 2140 1350 tisque
2174 1286 2408 1340 ducibus
2462 1285 2723 1348 Soldano,
2764 1286 3043 1342 Sambano
3091 1297 3152 1342 ει
3194 1289 3530 1357 Chalphttso,

1958 1377 2052 1444 qui
2089 1378 2250 1447 longe
2291 1377 2828 1448 militiabellicmque
2851 1379 3292 1448 reiexperientia
3320 1380 3538 1433 tribuli-
3599 1431 3622 1437 -_

1959 1468 2060 1523 bus
2097 1467 2324 1538 reliquis
2373 1480 2636 1538 praestare
2681 1472 3160 1536 existimabantur,
3217 1487 3312 1526 sex
3368 1486 3532 1541 supra

1960 1561 2182 1632 triginta
2215 1576 2380 1616 naves
2413 1561 2464 1614 in
2499 1561 2819 1616 Dalmatiam
2854 1563 3141 1627 miserunt,
3172 1564 3374 1632 quibus
3411 1563 3536 1618 Dal-

1959 1664 2231 1708 malarum
2279 1652 2464 1722 plures
2495 1652 2658 1709 urbes
2697 1664 2871 1724 captae
2907 1663 3059 1718 sunt,
3113 1654 3360 1718 Butoma,
3391 1658 3535 1712 Rosa

1960 1754 2015 1799 et
2044 1743 2278 1799 interius
2309 1744 2650 1800 Decatcrum.
2687 1745 2778 1800 Sic
2815 1763 2936 1801 cum
2971 1747 3228 1802 secundis
3266 1748 3419 1802 auris
3446 1764 3534 1804 res

1961 1837 2211 1892 hostibus
2257 1837 2640 1900 succederent,
2694 1840 2761 1894 ad
2824 1841 2998 1910 ipsam
3047 1850 3317 1896 venerunt
3361 1843 3532 1898 torius

1955 1931 2134 2000 gentis
2173 1932 2543 1999 metropolim,
2569 1948 2734 2002 quam
2775 1932 3072 2003 Ragusium
3122 1943 3340 1995 vocant.
3383 1950 3536 1990 eam-

1953 2038 2058 2092 que
2101 2022 2168 2076 ad
2200 2022 2422 2090 longum
2457 2033 2671 2094 tempus
2707 2025 3204 2081 circumsederunt.
3255 2024 3408 2080 Haud
3455 2037 3534 2080 ta-

1955 2132 2080 2172 men
2117 2117 2278 2175 facile
2302 2133 2618 2189 expugnare
2648 2128 2964 2188 potuerunt,
3009 2119 3075 2174 iis
3099 2121 3191 2189 qui
3223 2119 3364 2174 intra
3394 2135 3532 2176 mm-

1954 2210 2046 2265 nia
2101 2222 2260 2266 erant
2316 2227 2516 2282 magno
2583 2212 2770 2267 animo
2817 2212 3284 2274 concertantibus.
3335 2215 3535 2283 quippe

1951 2302 2154 2372 quibus
2178 2319 2274 2372 pro
2303 2303 2508 2366 anima,
2541 2304 2790 2368 utaiunt,
2818 2318 3014 2360 cursus
3051 2304 3370 2376 agitaretur.
3397 2305 3531 2358 Dum

1953 2395 2141 2464 itaque
2181 2393 2446 2465 Ragusiui
2494 2411 2593 2464 pro
2646 2397 2910 2466 temporis
2963 2397 3326 2453 diuturnitate
3371 2398 3534 2452 malis

1953 2487 2361 2541 conﬁcerentur
2383 2494 2549 2555 atque
2577 2487 2642 2541 ad
2687 2488 2886 2542 incitas
2912 2489 3120 2543 redacti
3151 2497 3358 2551 essent,
3388 2489 3533 2558 lega-

1953 2587 2038 2632 tos
2064 2577 2130 2630 ad
2163 2577 2550 2646 imperatorem
2586 2579 2834 2643 mittunt,
2887 2580 3237 2635 necessitatis
3267 2582 3535 2649 angustiis

1951 2667 2162 2735 pressi;
2205 2681 2517 2736 quanquam
2555 2681 2663 2720 non
2699 2666 3036 2722 nesciebant-
3064 2667 3190 2722 aliis
3224 2668 3410 2738 potius
3450 2683 3533 2722 ro-

1953 2759 2055 2812 bus
2077 2773 2200 2812 eum
2234 2758 2511 2820 distineri,
2546 2759 2868 2828 suppliciter
2891 2769 3152 2830 rogantes
3179 2767 3240 2813 ut
3275 2761 3520 2830 ipsorum

1955 2852 2218 2906 misertus
2245 2851 2326 2905 eis
2351 2850 2546 2909 vindex
2583 2848 2748 2914 foret,
2803 2866 2868 2905 ac
2908 2859 3155 2906 tueretur
3183 2853 3274 2922 qui
3304 2851 3532 2924 jamjam

1951 2943 2008 2997 in
2052 2941 2352 2996 inﬁdelium
2394 2941 2790 3012 Christumque
2839 2943 3159 3012 negantium
3205 2951 3533 3012 potestatem

1951 3043 2133 3089 essent
2161 3032 2457 3102 redigendi.
2483 3030 2736 3087 Nondum
2771 3033 2928 3103 legati
2953 3033 3006 3088 iu
3031 3033 3220 3090 urbem
3249 3044 3531 3094 venerant.

1954 3124 2046 3179 sed
2092 3124 2144 3177 in
2193 3124 2389 3178 itinere
2433 3125 2616 3179 adhuc
2672 3124 3068 3189 subsistebant,
3119 3140 3244 3180 cum
3304 3126 3536 3193 ignavus

259 3222 362 3276 ἐπὶ
388 3221 444 3274 δέ
469 3220 560 3273 τὸν
586 3218 929 3290 ἐγρηγορότα
957 3220 1050 3272 καὶ
1073 3221 1312 3289 νήφοντα
1338 3221 1444 3272 τῶν
1467 3222 1662 3273 κοινῶν
1689 3240 1850 3292 φρονο

1957 3212 2244 3282 malusque
2275 3213 2578 3283 imperator
2609 3213 2663 3268 in
2705 3215 2964 3270 humanis
2993 3231 3117 3272 esse
3149 3217 3332 3282 desiit,
3365 3218 3532 3289 290

259 3311 462 3380 τιστὴν
485 3309 766 3362 Βασίλειον
797 3309 867 3361 τὰ
895 3312 994 3379 τῆς
1024 3310 1426 3380 αὐτοκράτορος
1473 3312 1720 3377 ἐξουσίας
1750 3330 1849 3365 πε-

259 3403 548 3474 ριίσταται
579 3402 880 3470 πράγματα
899 3417 913 3432 ·
961 3401 1022 3463 ὃς
1053 3401 1148 3454 καὶ
1198 3401 1304 3469 πρὸ
1334 3401 1526 3454 τούτου
1557 3403 1677 3456 λίαν
1722 3403 1852 3475 περὶ

259 3493 378 3547 τῶν
416 3491 668 3546 τοιούτων
690 3489 976 3562 δυσφορῶν
1007 3491 1104 3544 καὶ
1141 3491 1394 3544 διαπονού
1406 3509 1585 3562 μενος,
1618 3494 1708 3546 καὶ
1729 3495 1850 3548 τότε

252 3585 314 3638 δὲ
373 3584 483 3636 τῶν
516 3583 800 3654 πρέσϐεων
835 3581 1130 3652 ,ἐπιμελῶς
1181 3584 1596 3655 ἀκροασάμενος
1646 3587 1738 3640 καὶ
1777 3586 1852 3651 ὡς

246 3679 448 3731 οἰκεῖα
485 3677 775 3746 τραύματα
803 3674 872 3728 τὰ
899 3675 1008 3727 τῶν
1041 3674 1351 3745 όμοπίστων
1377 3675 1677 3747 παθήματα
1709 3679 1848 3749 ὴγηο

251 3768 529 3833 σάμενος,
565 3765 696 3834 περὶ
748 3765 846 3836 τὴν
875 3765 1231 3837 παρασκευὴν
1271 3768 1480 3834 ἐγίνετο
1511 3768 1618 3820 τῶν
1652 3771 1730 3832 εἰς
1751 3769 1850 3840 τὴν

249 3859 379 3913 τῶν
409 3859 800 3913 ἱκετευσάντων
833 3858 1086 3929 βοήθειαν
1115 3859 1423 3928 μελλόντων
1457 3859 1847 3924 ἐξαποστέλλε-

253 3953 430 4006 σθαι·
485 3953 577 4004 καὶ
611 3953 796 4006 στόλον
848 3950 1289 4030 ἐξαρτυσᾴμενος
1335 3953 1470 4006 νεῶν
1527 3955 1720 4008 ἑκατὸν
1755 3955 1852 4010 καὶ

248 4045 452 4099 πάντα
503 4044 730 4109 δεόντως
757 4045 1238 4115 ·ἐτοιμασάμενος,
1295 4046 1392 4099 καὶ
1441 4046 1606 4118 ἄνδρα
1637 4047 1849 4102 συνέσει

249 4137 364 4190 καὶ
398 4138 660 4209 ἐμπειρίᾳ
699 4135 809 4188 τῶν
862 4136 1074 4190 πολλῶν
1102 4137 1427 4207 διαφερόντα
1466 4137 1848 4207 ἐκλεξάμενος,

249 4229 358 4282 τὸν
416 4227 702 4298 πατρίκιον
747 4227 992 4297 Νικήταν
1047 4229 1214 4298 φημὶ,
1269 4229 1356 4282 τὸν
1441 4229 1536 4282 τοῦ
1598 4230 1848 4300 πλωΐμου

248 4320 650 4390 δρουγγὰριον,
691 4319 750 4383 ὃς
789 4322 909 4374 κατ’
953 4320 1272 4387 ἐπωνυμίαν
1310 4321 1578 4392 Ὠορύφας
1610 4323 1848 4391 ἐλέγετο,

249 4412 349 4466 ὥσ
361 4427 460 4481 περ
481 4414 600 4465 τινα
629 4414 967 4483 πρηστήριον
991 4413 1256 4483 κεραυνὸν
1279 4415 1418 4467 κατὰ
1440 4415 1549 4468 τῶν
1573 4415 1850 4486 πολεμίων

250 4499 568 4566 ἐκπέμπει.
592 4501 656 4553 Ui
690 4501 746 4553 δὲ
777 4501 834 4569 ἐξ
863 4502 1130 4572 Ἀφρικῆς
1166 4501 1492 4575 Σαρακηνοὶ,
1549 4507 1598 4559 oi
1642 4510 1708 4578 τῇ
1740 4525 1850 4560 πο-

249 4591 489 4662 λιορκίᾳ
536 4593 636 4662 τῆς
687 4594 897 4658 πόλεως
934 4597 1404 4667 προσκαθήμενοι.
1439 4598 1504 4651 δι’
1529 4599 1848 4668 αὐτομόλων

248 4682 642 4751 ἀναμαθόντες
663 4687 788 4749 τοὺς
833 4687 1148 4753 Ῥαουσίους
1177 4689 1225 4721 ⁵⁸
1248 4689 1506 4760 πρέσϐεις
1530 4691 1846 4746 ἀποστεῖλαι

248 4775 413 4847 πρὸς
438 4773 662 4844 βασιλέα
699 4780 825 4842 τοὺς
866 4779 1260 4851 αἰτησομένους
1298 4781 1530 4853 δύναμιν
1562 4783 1658 4837 καὶ
1680 4801 1848 4856 στρα-

247 4870 362 4922 τὸν
398 4870 521 4922 κατ’
563 4870 765 4936 αὐτῶν,
810 4871 972 4926 τοῦτο
1001 4875 1099 4943 μὲν
1146 4873 1244 4947 τὴν
1278 4874 1542 4946 σύντομον
1574 4875 1848 4945 ἀπογινώ-

251 4977 495 5023 σκοντες
525 4961 746 5028 ἅλωσιν,
783 4962 941 5022 τοῦτο
970 4964 1027 5018 δὲ
1061 4965 1160 5036 τὴν
1193 4966 1490 5035 ἀφικέσθαι
1530 4968 1846 5038 προσδοκω-

249 5057 448 5128 μένην
489 5055 552 5108 ἐκ
598 5055 863 5125 βασιλέως
917 5057 1195 5121 δείσαντες
1224 5058 1504 5130 βοήθειαν,
1533 5059 1722 5114 λύουσι
1752 5062 1852 5129 τὴν

245 5147 590 5218 πολιορκίαν
619 5150 712 5202 καὶ
737 5150 846 5202 τῶν
873 5150 1056 5206 τόπων
1074 5151 1300 5204 ἐκείνων
1324 5154 1761 5212 ἀπαναστεύουσι
1780 5156 1847 5207 ⁸⁸.

247 5242 433 5295 Κατὰ
462 5239 517 5292 δὲ
541 5239 638 5310 τὴν
665 5242 917 5303 Ἰταλίαν,
945 5243 980 5313 ἢ
1003 5242 1099 5296 νῦν
1130 5243 1483 5314 Λαγοϐαρὸία
1512 5245 1848 5314 ὠνόμασται,

237 5329 704 5397 διαπεράσαντες
725 5333 786 5384 τὸ
813 5332 1050 5404 κάστρον
1086 5331 1304 5404 Βάρεως
1330 5333 1721 5405 ἐξεπόρθησαν,
1759 5339 1850 5388 καί

235 5422 460 5479 αὐτόθι
494 5425 1020 5496 κατασκηνώσαντες
1057 5428 1150 5480 καὶ
1191 5429 1305 5490 τοῖς
1341 5427 1541 5498 μᾶλλον
1567 5427 1849 5498 ἐγγίζουσι

239 5512 398 5568 καθ’
423 5516 659 5588 ἑκάστην
696 5517 1064 5587 ἐπιτιθέμενοι
1099 5517 1183 5589 [Ρ.
1214 5518 1338 5592 180]
1364 5520 1458 5573 καὶ
1493 5520 1600 5578 τῶν
1627 5523 1849 5593 «oppu-

1953 3315 2252 3369 rerumque
2281 3315 2495 3360 summa
2516 3301 2584 3356 ad
2606 3302 2822 3371 vigilem
2845 3304 3202 3373 sobriumque
3223 3317 3532 3366 curatorem

1953 3391 2214 3447 Basilium
2249 3409 2344 3463 per
2393 3394 2512 3463 ejus
2559 3410 2848 3451 excessum
2896 3397 3176 3464 transivit;
3231 3398 3323 3469 qui
3376 3408 3533 3454 antea

1951 3497 2172 3554 quoque
2229 3500 2370 3557 aagre
2425 3484 2634 3540 ferebat
2708 3496 2872 3558 atque
2928 3489 3114 3543 animo
3192 3491 3532 3559 angebatur:

1955 3584 2197 3647 tuncque
2227 3577 2421 3650 legatis
2477 3579 2766 3647 diligenter
2819 3580 3042 3644 auditis,
3096 3597 3311 3652 suaque
3363 3583 3534 3652 ipsius

1954 3670 2182 3726 vulnera
2213 3687 2405 3727 eorum
2458 3673 2600 3727 mala
2657 3671 2890 3739 ducens,
2919 3689 3060 3744 quos
3107 3677 3352 3744 ejusdem
3406 3675 3532 3728 ﬁdei

1956 3763 2164 3819 hedera
2221 3766 2519 3829 sociarent,
2582 3766 2638 3820 in
2685 3767 3018 3821 auxiliorum
3084 3776 3347 3838 apparatu
3395 3777 3532 3830 erat,

1953 3873 2077 3926 qua:
2101 3859 2441 3928 supplicibus
2479 3858 2741 3912 mittenda
2765 3859 3078 3913 destinabat
3105 3877 3118 3925 ;
3158 3861 3536 3929 instructaque

1953 3961 2168 4006 centum
2215 3949 2436 4004 navium
2477 3951 2676 4013 classa,
2720 3951 3042 4020 cunctisque
3092 3951 3196 4005 rite
3236 3952 3533 4021 apparatis,

1953 4041 2252 4111 singularis
2302 4040 2607 4110 prudentia:
2644 4043 2820 4094 virum
2871 4043 3318 4111 experientiaque
3366 4059 3533 4111 supra

1955 4133 2098 4204 vulgi
2127 4149 2287 4189 usum
2345 4133 2630 4203 prmditum
2679 4135 2888 4204 deligit,
2947 4136 3194 4188 Nicetam
3244 4135 3534 4202 patricium

1954 4235 2320 4296 cognomento
2371 4225 2708 4296 Ourypham,
2761 4227 2838 4280 rei
2894 4226 3104 4280 navalis
3153 4226 3534 4292 drungarium,

1954 4335 2117 4390 quem
2149 4317 2296 4372 velut
2326 4317 2532 4372 fulmen
2557 4325 2753 4374 cuncta
2774 4318 3072 4373 amburens
3095 4333 3159 4373 ac
3181 4328 3536 4401 prosternens

1955 4413 2009 4467 in
2055 4412 2238 4466 hostes
2266 4411 2605 4465 immitteret.
2651 4412 2883 4482 Agareni
2928 4419 2986 4464 ut
3027 4411 3227 4466 missos
3255 4409 3320 4465 ad
3365 4411 3538 4482 impe-

1957 4515 2194 4558 ratorem
2239 4503 2446 4572 legatos
2489 4503 2693 4558 auxilia
2729 4512 3016 4574 rogatur-os
3042 4519 3107 4559 ex
3144 4503 3389 4576 prolugis
3442 4520 3537 4559 ac-

1955 4606 2241 4665 ceperunt.
2277 4603 2390 4649 tttm
2442 4594 2588 4664 quod
2639 4594 2827 4650 urbem
2866 4594 3016 4649 brevi
3061 4595 3384 4666 capiendam
3427 4611 3534 4650 non

1956 4694 2290 4758 sperarent,
2365 4696 2479 4741 tum
2537 4686 2682 4756 quod
2742 4687 3038 4743 mittendas
3087 4688 3155 4743 ab
3210 4689 3537 4757 imperatore

1956 4782 2206 4840 subsidio
2227 4781 2416 4851 copias
2448 4780 2830 4846 formidarent,
2859 4780 3198 4838 obsidionem
3230 4783 3532 4848 dirimunt;

1956 4875 2198 4945 indeque
2229 4874 2508 4930 solventes
2531 4872 2767 4943 atquein
2801 4874 3016 4928 Italiam
3047 4875 3168 4944 (cui
3203 4891 3353 4930 nunc
3387 4874 3537 4930 Lon-

1958 4966 2220 5039 gobardia
2250 4980 2448 5019 nomen
2486 4964 2607 5035 est)
2645 4966 3082 5028 transmittentes
3122 4965 3419 5024 Barensem
3445 4983 3535 5021 ar-

1958 5075 2074 5115 cem
2105 5065 2520 5129 expugnarunt;
2573 5056 2760 5126 ibique
2793 5057 3105 5114 habitantes
3139 5075 3264 5114 cum
3299 5059 3532 5114 vicinio-

1959 5152 2112 5206 ribus
2157 5148 2404 5220 quotidie
2454 5147 2774 5220 ingruerent
2817 5165 2880 5203 ac
2912 5152 3208 5205 remotiora
3263 5159 3534 5206 tentarent

1958 5257 2281 5312 semperque
2319 5241 2516 5296 ditioni
2550 5257 2665 5296 suae
2712 5241 2918 5310 aliquid
2959 5243 3281 5311 adjicerent,
3312 5259 3530 5300 omnem

1959 5333 2394 5404 Langobardiam
2446 5332 2692 5401 adusque
2728 5333 2986 5402 pracelsa
3034 5335 3306 5403 quondam
3363 5351 3532 5408 prope

1959 5426 2130 5494 giOt'ia
2165 5423 2392 5478 Romam
2418 5421 2777 5491 subegerunt.
2817 5421 2998 5492 Atque
3023 5423 3079 5478 in
3112 5423 3256 5480 hunc
3307 5427 3529 5483 modum

1958 5535 2018 5574 se
2053 5532 2140 5573 res
2172 5515 2487 5572 Occidentis
2521 5515 2811 5570 habebant.

233 5607 417 5676 τὲρω
451 5608 901 5678 κατατολμῶντες
952 5610 1046 5667 καὶ
1083 5611 1168 5664 ἀεί
1197 5629 1248 5663 τι
1278 5613 1845 5684 προσλαμϐανόμενοι,
1888 5617 2068 5667 πᾶσαν
2096 5610 2191 5681 τὴν
2224 5606 2603 5679 Λαγοϐαρδίαν
2651 5608 2781 5678 ἄχρι
2822 5609 2916 5663 καὶ
2946 5610 3117 5680 αὐτῆς
3182 5612 3366 5682 σχεδὸν
3429 5613 3528 5682 τῆς

233 5715 403 5758 ποτε
436 5699 794 5770 μεγαλοδόξου
833 5699 1053 5772 Ῥώμης
1091 5703 1418 5774 ἐκράτησαν.
1468 5705 1577 5758 Καὶ
1605 5700 1715 5776 εἶχε
1754 5706 1851 5776 μὲν
1888 5705 2029 5758 οὕτω
2057 5702 2250 5756 ταῦτα.

1523 5797 1749 5853 i'AllHi
1791 5798 2194 5853 LECTIONES.

343 5883 760 5961 ³⁶Δεκὰτεραδ1ἧ
803 5889 844 5920 ⁵⁸
873 5888 978 5940 ὑπὸ
1007 5889 1070 5943 Α.
1118 5889 1159 5922 ⁸³
1192 5891 1554 5964 ἐπησχὸληται
1586 5891 1690 5946 Μ’.
1733 5893 1776 5925 ⁵³
1807 5893 2150 5963 ὑποχειρίυυς
2178 5890 2235 5947 Ρ.
2281 5895 2326 5926 ⁵⁸
2373 5894 2700 5950 Ῥαουσαίων
2724 5892 2888 5950 infra.
2929 5895 2972 5926 "
3001 5895 3421 5949 ὲπαναστεύουτι
3455 5893 3522 5949 Λ.
