3994 6220
470 406 579 472 307

471 621 557 674 nis
577 632 787 689 gestum
824 632 961 685 erat,
994 622 1265 683 videntes,
1290 639 1429 690 quas
1456 624 1620 692 paulo
1642 625 1898 694 superius
1929 643 2042 681 me-

473 712 682 767 meravi
717 714 988 778 nationes,
1023 713 1284 767 Chrobati
1334 715 1595 770 nimirum
1645 725 1698 772 et
1762 717 1934 772 Scrbli
1995 728 2048 772 et

473 806 692 874 reliqui,
733 805 958 874 ejusque
984 805 1074 873 qtti
1107 814 1222 859 tum
1273 821 1456 861 rerum
1507 809 1776 876 potiretur
1815 809 2047 878 aequita-

474 907 578 952 tem
614 898 665 951 in
695 897 1340 967 omnibusquejustitiam
1367 909 1420 953 et
1449 903 1705 955 virtutem
1740 903 2044 965 audientes,

472 991 715 1057 beneque
741 990 966 1045 subesse
999 1007 1162 1062 quam
1201 993 1506 1061 periculose
1535 1010 1783 1064 ausuque
1813 1004 2046 1050 temera-

471 1083 553 1135 rio
577 1098 813 1152 pricesse
857 1099 920 1138 ac
957 1085 1226 1152 imperare
1258 1087 1429 1155 pluris
1484 1086 1768 1150 facientes,
1822 1103 2043 1154 operam

469 1176 734 1230 adhibent
791 1185 848 1229 ut
907 1176 974 1230 ad
1047 1177 1336 1244 pristinum
1407 1179 1632 1234 redeant
1707 1180 2044 1234 dominatum

471 1269 782 1337 iterumque
816 1267 1076 1322 Romanis
1115 1270 1374 1324 serviant.
1412 1271 1590 1337 Quare
1633 1279 1686 1326 et
1714 1273 1815 1341 ipsi
1859 1283 2046 1328 orato-

471 1375 560 1414 res
590 1361 816 1414 mittunt
847 1360 913 1413 ad
948 1361 1358 1430 imperatorem,
1392 1372 1505 1417 tum
1552 1365 1766 1418 scilicet
1816 1365 1909 1434 qui
1948 1381 2041 1419 ea-

473 1452 595 1505 dem
632 1452 748 1520 ipsa
783 1453 1102 1523 integraque
1129 1455 1390 1524 religione
1428 1456 1768 1520 defecerant,
1800 1466 1916 1512 tum
1945 1458 2038 1527 qui

474 1560 707 1601 excussa
731 1546 902 1616 prima
935 1563 1032 1602 sua
1065 1549 1326 1605 servitute
1358 1550 1460 1620 ipsi
1491 1562 1681 1619 sponte
1715 1552 2046 1621 baptismum

477 1653 703 1706 prorsus
747 1639 1130 1708 ejurarcrant;
1183 1658 1460 1713 quamque
1505 1645 1667 1700 utiles
1718 1645 2048 1714 quandoque

474 1731 740 1786 Romanis
767 1732 1113 1788 exstitissent
1158 1746 1466 1804 opportune
1521 1746 1910 1801 memorantes,
1958 1753 2050 1791 ro-

472 1830 778 1893 gantesque
816 1825 1221 1881 humanissimo
1248 1825 1507 1882 Romanae
1545 1832 1801 1898 potentia:
1817 1830 1951 1898 jugo
1983 1845 2046 1886 ac

478 1915 624 1970 illius
656 1916 871 1970 ductori
916 1919 1228 1987 rectorique
1275 1920 1494 1988 subjici.
1542 1919 1746 1976 Horum
1800 1923 1940 1977 votis
1984 1938 2048 1978 ac

475 2007 744 2074 petitioni,
779 2018 837 2063 ut
876 2025 997 2078 qua;
1045 2011 1143 2064 niti
1192 2013 1404 2066 ratione
1448 2014 1784 2078 viderentur,
1822 2030 1879 2068 se
1915 2013 2049 2068 faci-

477 2100 581 2154 lem
636 2103 883 2170 praebens
935 2104 1234 2172 imperator
1267 2105 1500 2176 (quippe
1539 2108 1632 2178 qui
1673 2109 1835 2162 etiam
1889 2118 2046 2163 antea

476 2206 580 2260 pro
611 2193 720 2248 illis
744 2195 912 2249 animi
934 2206 1227 2264 angeretur
1251 2209 1414 2267 atque
1446 2200 1678 2260 doleret.
1708 2201 1854 2255 velut
1882 2200 2048 2254 ditio-

477 2286 565 2340 nis
595 2301 708 2340 sum
735 2303 843 2340 non
875 2290 1096 2343 modica
1128 2291 1306 2346 accisa
1348 2301 1500 2360 parte
1547 2301 1813 2364 raptaque
1842 2309 1905 2349 ac
1935 2293 2049 2348 dis-

477 2377 699 2446 cerpta)
734 2379 967 2446 placide,
996 2383 1454 2450 quemadmodum
1489 2385 1922 2442 humanissimus
1952 2402 2049 2456 pa-

479 2481 562 2522 ter
595 2469 768 2523 filium
804 2471 896 2539 qui
925 2473 1089 2528 stulte
1123 2475 1411 2544 imperium
1462 2477 1794 2533 detrectarat
1822 2479 2049 2534 ductus-

476 2575 584 2629 que
611 2563 933 2630 pmnitcntia
963 2563 1222 2626 redierat.
1258 2567 1374 2636 ipse
1405 2584 1623 2636 quoque
1664 2569 1795 2624 istos
1829 2571 2052 2626 admisit

477 2661 642 2723 atque
671 2655 909 2723 recepit;
939 2670 1003 2710 ac
1035 2657 1220 2710 statim
1260 2671 1383 2712 cum
1421 2661 1528 2716 illis
1571 2661 1883 2716 sacerdotes
1921 2677 2048 2716 suo-

478 2759 583 2814 que
610 2746 832 2801 nomine
861 2747 1172 2817 delegatum
1210 2750 1483 2805 hominem
1511 2753 1678 2817 misit,
1707 2762 1765 2805 ut
1795 2761 1919 2806 ante
1946 2753 2048 2807 alia

479 2838 550 2890 ab
583 2837 701 2904 ipso
723 2839 1029 2892 animarum
1057 2842 1298 2908 periculo
1331 2857 1424 2896 eos
1456 2845 1689 2912 eriperet
1717 2860 1781 2897 ac
1811 2845 2052 2912 pristinae

481 2925 606 2981 fidei
653 2931 986 2991 restitueret,
1032 2943 1196 2997 atque
1240 2946 1306 2986 ex
1344 2933 1579 2997 delictis,
1625 2949 1747 3002 qua:
1783 2935 1865 2987 vel
1904 2937 2053 3003 igno-

484 3015 657 3068 rantia
699 3016 859 3085 292
895 3019 976 3070 vel
1003 3010 1276 3083 dementia
1309 3035 1372 3073 ac
1412 3021 1721 3076 temeritate
1760 3033 2052 3077 contraxe-

485 3114 628 3170 rant,
663 3106 938 3161 liberaret.
983 3109 1205 3164 Peracto
1231 3122 1414 3166 autem
1451 3113 1708 3183 religioso
1739 3115 2048 3172 istiusmodi

1549 411 2054 471 THEOPHANES
2092 415 2369 475 CONTIN
2382 417 2527 478 UAT
2539 418 2652 478 US.

543 526 701 598 291
739 528 828 582 54.
864 527 1019 594 Quod
1051 531 1122 582 ita
1159 527 1524 582 Dalmatarum
1557 530 1776 586 auxiliis
1798 547 1825 584 a
1853 532 2051 585 flotna-
2083 537 2122 591 Α

2223 533 2314 587 νδ’.
2350 537 2422 588 τι
2453 537 2508 589 δὲ
2538 537 2666 605 περι
2693 537 2817 598 τοὺς
2871 539 2927 588 ἐν
2959 538 3240 609 Allecti?
3283 537 3434 607 ’³-³ρά
3461 538 3558 607 τῆς
3592 537 3725 594 Ῥω·

2151 631 2353 699 μα’ίκῆς
2378 631 2699 700 ἐπικουρίας
2722 632 2943 698 γεγονὸς
2966 632 3060 684 καὶ
3084 632 3153 685 τὰ
3171 649 3386 702 προμνη
3397 634 3723 702 μονευθέντα

2148 719 2279 790 γένη
2313 720 2662 789 θεασάμενοι.
2696 722 2827 774 οἵτε
2856 723 3143 791 Χρωδάτοι
3189 725 3280 777 καὶ
3308 723 3532 794 Σέρϐλοι
3558 727 3650 778 καὶ
3678 727 3727 778 oi

2147 810 2345 875 λοιποὶ,
2380 811 2474 864 καὶ
2527 812 2620 865 τοῦ
2673 812 2798 883 ἄρτι
2845 813 3220 882 βασιλεύοντος
3287 815 3576 884 Ῥωμαίων
3630 815 3730 886 τὴν

2151 902 2457 956 ἐπιείκειαν
2505 905 2600 957 καὶ
2647 907 2772 974 περὶ
2803 907 2980 959 πάντα
3035 906 3379 974 δικαιοσύνην
3407 910 3502 960 καὶ
3527 909 3729 979 ἀρετὴν

2149 995 2568 1065 πυνθανόμενοι,
2600 996 2693 1049 καὶ
2721 998 2780 1050 τὸ
2807 999 2988 1062 καλῶς
3006 999 3268 1069 ἄρχεσθαι
3292 999 3384 1052 τοῦ
3410 1002 3730 1068 ἐπισφαλῶς

2148 1087 2212 1139 ἐκ
2235 1087 2576 1157 θρασύτητος
2595 1089 2784 1157 ἄρχειν
2805 1090 3214 1158 προκρίναντες,
3247 1091 3481 1160 σπουδὴν
3516 1091 3733 1144 ποιοῦν-

2149 1195 2238 1232 ται
2271 1179 2434 1232 πάλιν
2461 1181 2541 1243 εἰς
2579 1179 2677 1247 τὴν
2711 1182 2984 1250 προτέραν
3035 1181 3354 1233 δεσποτείαν
3411 1183 3731 1234 ἐπανελθεῖν

2150 1269 2244 1320 καὶ
2271 1270 2406 1338 πρὸς
2429 1270 2526 1339 τὴν
2568 1270 2884 1338 Ῥωμαϊκὴν
2908 1272 3280 1339 ἐπαναχθῆναι
3311 1271 3588 1325 δούλωσιν.
3622 1274 3732 1324 Καὶ

2146 1360 2213 1429 δὴ
2243 1361 2378 1430 πρὸς
2407 1361 2566 1415 τοῦτο
2597 1363 2690 1415 καὶ
2723 1364 2982 1432 πρέσϐεις
3017 1365 3111 1416 καὶ
3137 1365 3290 1417 αὐτοὶ
3333 1365 3466 1435 πρὸς
3500 1366 3588 1417 τὸν
3627 1365 3730 1433 βα-

2152 1453 2305 1506 σιλέα
2334 1453 2669 1522 πέμπουσιν,
2701 1455 2756 1506 οἵ
2801 1472 2858 1507 τε
2893 1455 3032 1524 μετά
3075 1456 3174 1525 τῆς
3214 1456 3383 1527 αὐτῆς
3431 1455 3733 1526 θρησκείας

2149 1544 2626 1616 ἀποστατήσαντες
2658 1549 2752 1600 καὶ
2779 1548 2828 1600 οἱ
2862 1548 3066 1602 τέλειον
3100 1547 3192 1600 τοῦ
3231 1548 3376 1601 θείου
3414 1549 3732 1618 βαπτίσμα-

2155 1649 2239 1698 τος
2269 1637 2846 1706 ἀπαυτομολήσαντες,
2904 1640 3001 1709 τῆς
3035 1657 3092 1692 τε
3147 1640 3192 1672 ⁸⁸
3225 1639 3286 1704 ἐξ
3336 1641 3511 1710 ἀρχῆς
3550 1642 3733 1693 αὐτῶν

2149 1728 2466 1793 δουλώσεως
2524 1732 2620 1783 καὶ
2673 1734 2750 1794 εἰς
2793 1733 2893 1785 ὅσα
2937 1732 3232 1802 Ῥωμαίοις
3289 1735 3545 1802 γεγόνασί
3598 1752 3732 1787 ποτε

2153 1822 2417 1892 χρήσιμοι
2446 1823 2716 1894 εὐκαίρως
2748 1825 3279 1892 ὑπομιμνήσκοντες,
3320 1826 3414 1878 καὶ
3453 1824 3737 1889 ἀξιοῦντες

2151 1917 2216 1984 τῇ
2243 1915 2612 1986 φιλανθρώπῳ
2645 1915 2847 1988 ζεύγλῃ
2873 1919 2972 1986 τῆς
3014 1917 3327 1988 Ῥωμαῖκῆς
3365 1918 3610 1982 ἐξουσίας
3637 1922 3738 1972 καὶ

2152 2009 2258 2062 ὑπὸ
2285 2009 2362 2080 τῷ
2386 2009 2590 2081 ταύτης
2621 2011 2898 2082 ἀγελάρχῃ
2923 2012 3214 2065 τάττεσθαι
3249 2016 3341 2066 καὶ
3383 2013 3600 2076 αὐτούς.
3631 2006 3739 2065 Ὧν

2150 2101 2226 2164 ὼς
2251 2102 2473 2169 εὐλόγου
2497 2103 2593 2171 τῆς
2622 2103 2860 2171 δεήσεως
2901 2103 3208 2162 ἐπακούσας
3240 2107 3267 2157 ὁ
3303 2105 3576 2173 βασιλεὺς,
3611 2107 3742 2158 ἐπεὶ

2152 2195 2245 2248 καὶ
2279 2196 2384 2266 πρὸ
2411 2195 2604 2250 τούτου
2653 2195 2938 2266 ἐδυσφόρει
2967 2198 3096 2265 περὶ
3138 2189 3318 2250 αὐτῶν
3344 2196 3433 2248 καὶ
3466 2197 3744 2268 ἠσχαῖιλεν

2151 2287 2226 2350 ὡς
2253 2288 2312 2340 οὐ
2343 2287 2526 2357 μικρῷ
2561 2289 2720 2358 μέρει
2753 2289 3234 2359 περικεκομμένης
3265 2288 3360 2340 καὶ
3389 2288 3745 2359 διηρπασμέ-

2151 2398 2248 2450 νης
2304 2382 2404 2450 τῆς
2457 2380 2625 2435 αὐτοῦ
2669 2383 2867 2452 ἀρχῆς,
2908 2381 3170 2450 εὐμενῶς,
3221 2379 3295 2443 ὡς
3339 2379 3427 2432 τὸν
3481 2379 3745 2447 ἀφρόνως

2151 2473 2530 2542 ἀφηνιάσαντα
2582 2473 2718 2537 υἱὸν,
2773 2469 2892 2525 εἶτα
2947 2473 3280 2542 μεταγνόντα
3338 2474 3431 2523 καὶ
3463 2472 3741 2540 ὐποστρέ·

2151 2563 2327 2632 ψαντα
2379 2566 2407 2616 ὁ
2464 2563 2848 2635 φιλάνθρωπος
2905 2565 3115 2634 πατὴρ,
3170 2565 3264 2616 καὶ
3297 2564 3458 2626 αὐτὸς
3510 2563 3750 2624 τούτους

2153 2656 2471 2724 προσήκατο
2517 2655 2610 2708 καὶ
2662 2655 2967 2721 ἀνεδέξατο,
3004 2655 3097 2708 καὶ
3145 2656 3308 2726 ἱερεῖς
3359 2655 3560 2715 εὐθέως
3597 2656 3750 2723 μετᾶ

2154 2746 2248 2798 καὶ
2281 2747 2560 2816 βασιλικοῦ
2600 2747 2890 2817 ἀνθρώπου
2931 2749 3027 2802 σὺν
3087 2749 3272 2810 αὐτοῖς
3324 2746 3747 2812 ἐξαπέστειλεν,

2153 2839 2230 2902 ὡς
2258 2841 2322 2893 ἂν
2357 2840 2461 2910 πρὸ
2494 2840 2601 2892 τῶν
2624 2839 2798 2893 ἄλλων
2829 2839 2921 2892 τοῦ
2943 2841 2989 2872 ⁸⁷
3022 2839 3254 2909 ψυχικοῦ
3298 2839 3522 2900 τούτους
3551 2837 3751 2890 κινδύ-

2153 2949 2246 2985 νου
2281 2933 2532 3003 ἐξέληται
2583 2934 2677 2986 καὶ
2709 2933 2844 3003 πρὸς
2870 2935 2968 3002 τὴν
3020 2934 3292 3003 προτέραν
3319 2933 3505 2984 πίστιν
3531 2935 3750 2985 ἐπανα-

2159 3026 2402 3094 σώσηται
2454 3025 2548 3077 καὶ
2607 3026 2713 3077 τῶν
2770 3025 2830 3088 ἐξ
2863 3025 3083 3093 ἀγνοίας
3133 3025 3166 3093 ἢ
3225 3024 3410 3085 ἀνοίας
3450 3023 3754 3092 ἀπαλλάξῃ

2157 3116 2643 3186 πλημμελημάτων
2674 3117 2890 3178 αὐτούς.
2923 3115 3268 3178 ’Λνυσθέντος
3295 3116 3350 3168 δὲ
3377 3115 3470 3167 τοῦ
3493 3116 3752 3167 τοιούτου

481 3212 667 3266 opere,
697 3199 1018 3268 cunctisque
1047 3202 1234 3256 divino
1274 3203 1598 3273 baptismate
1629 3206 1924 3277 impartitis
1967 3220 2050 3264 ιιι-

2160 3208 2434 3278 θεοφιλοῦς
2470 3209 2654 3280 ἔργου,
2689 3210 2783 3263 καὶ
2807 3209 3023 3262 πάντων
3056 3208 3151 3260 τοῦ
3185 3209 3329 3260 θείου
3356 3207 3752 3278 μετασχόντων

483 3305 591 3358 que
613 3289 985 3346 Romanorum
1013 3293 1258 3349 fascibus
1280 3296 1579 3361 inclinatis,
1618 3299 1720 3354 hac
1749 3312 1898 3370 parte
1929 3302 2054 3357 red-

487 3381 795 3451 integratus
851 3392 937 3437 est
989 3383 1335 3452 imperatoris
1425 3389 1786 3457 principatus,
1842 3395 2055 3447 cunctis

485 3473 885 3528 humanissima
929 3474 1048 3543 ejus
1099 3477 1348 3544 jussione
1398 3493 1465 3532 ex
1524 3482 1640 3534 suis
1701 3482 2056 3554 ejusdemque

483 3566 658 3632 gentis
683 3566 1016 3631 hominibus,
1049 3569 1400 3636 magistratus
1428 3583 1805 3642 rectoresque,
1828 3576 1920 3644 qui
1951 3577 2057 3631 illis

484 3657 718 3724 imperio
783 3670 1102 3726 praeessent,
1145 3660 1561 3729 aeciplentihus.
1601 3662 1718 3718 Non
1763 3668 1907 3720 enim
1968 3669 2057 3723 ille

485 3748 838 3817 magistratus
870 3749 976 3804 illis
1005 3753 1326 3821 pra-positos
1348 3756 1568 3811 vernales
1602 3757 1812 3822 habuit,
1842 3769 1900 3813 ut
1932 3761 2057 3817 inde

484 3857 658 3910 eaque
685 3841 919 3908 ratione,
957 3845 1050 3912 qui
1077 3845 1199 3914 plus
1230 3845 1423 3902 darent
1456 3863 1632 3919 exque
1662 3852 1896 3909 subditis
1943 3870 2057 3908 am-

485 3934 626 4002 plius
657 3946 942 4000 meterent,
973 3937 1081 3994 illis
1109 3941 1406 4008 praeﬁceret
1435 3959 1449 4006 ;
1487 3943 1578 3997 sed
1609 3945 1702 4013 qui
1730 3946 1798 3999 ab
1820 3946 1900 4001 eis
1924 3947 2058 4016 ipsis

482 4019 639 4080 electi
675 4035 862 4081 essent
910 4041 974 4080 ac
1030 4029 1176 4082 velut
1229 4029 1491 4102 suffragio
1543 4035 1735 4097 creati,
1799 4045 2058 4106 tanquam

483 4118 719 4174 arbitros
749 4119 1103 4189 magistratus
1149 4132 1481 4193 paternaque
1531 4125 1908 4183 benevolentia
1963 4147 2059 4185 eos

483 4222 895 4280 prosecuturus,
953 4213 1034 4268 eis
1087 4230 1184 4283 pro
1241 4216 1473 4285 imperio
1536 4233 1769 4288 praeesse
1824 4224 2057 4292 pruden-

487 4315 567 4359 ter
634 4307 950 4361 constituit.
1009 4307 1184 4376 Atque
1244 4309 1360 4364 ιιωο
1420 4312 1643 4380 quidem
1699 4313 1769 4368 ita
1835 4330 1893 4369 se
1967 4317 2061 4369 ha-

485 4399 671 4453 buere.

553 4489 646 4544 55.
675 4491 830 4557 Quod
867 4507 994 4548 vero
1018 4493 1258 4559 barbari,
1291 4494 1384 4563 qui
1414 4494 1493 4548 sic
1525 4495 1770 4565 neglecto
1796 4498 2061 4566 segniter-

2157 3298 2534 3371 βαπτίσματος
2588 3301 2680 3353 καὶ
2728 3302 2804 3363 εἰς
2851 3300 2948 3370 τὴν
2980 3300 3296 3369 Ῥωμαῖκὴν
3332 3296 3754 3352 ἐπανελθόντων

2158 3392 2494 3455 ύπόπτωσιν,
2525 3392 2741 3455 ἐδέξατο
2770 3395 2909 3444 κατὰ
2933 3392 3088 3444 τοῦτο
3108 3392 3168 3445 τὸ
3194 3392 3358 3461 μέρος
3383 3392 3482 3462 τὴν
3510 3392 3754 3462 ὁλοκλη-

2161 3484 2280 3556 ρίαν
2309 3485 2626 3554 ἡβασιλέως
2645 3485 2811 3557 ἀρχὴ,
2847 3486 3064 3537 πάντων
3086 3485 3455 3555 φιλανθρώπῳ
3486 3485 3580 3537 τοῦ
3607 3503 3758 3553 κρα-

2156 3577 2373 3639 τοῦντος
2407 3579 2786 3647 προστάγματι
2819 3578 2882 3629 ἐκ
2913 3577 3021 3628 τῶν
3056 3577 3274 3629 οἰκείων
3308 3579 3401 3629 καὶ
3447 3578 3757 3646 ὁμοφύλων

2156 3669 2464 3738 δεξαμένων
2493 3670 2759 3740 ἄρχοντας
2788 3672 2866 3733 είς
2894 3670 3216 3723 ἐπιστασίαν
3269 3670 3470 3724 αὐτῶν.
3509 3671 3587 3722 Οὐ
3632 3673 3757 3744 γὰρ

2157 3762 2348 3820 ὠνίους
2380 3765 2585 3824 ἐκεῖνος
2614 3763 2708 3824 τὰς
2739 3763 2816 3824 είς
2842 3763 2942 3832 τὴν
2967 3763 3013 3793 ⁸⁸
3041 3761 3367 3814 ἐπιστασίαν
3390 3761 3572 3813 αὐτῶν
3596 3760 3758 3833 εἶχεν

2158 3854 2332 3924 ἀρχὰς
2361 3855 2428 3920 ⁵³,
2457 3855 2523 3906 ἵν’
2544 3853 2792 3907 ἐντεῦθεν
2819 3853 2946 3916 τοὺς
2978 3853 3162 3906 πλεῖον
3183 3852 3428 3916 διδόντας
3451 3854 3543 3905 καὶ
3577 3856 3760 3907 καλα-

2162 3947 2443 4016 μωμένους
2470 3947 2633 3998 αὐτοῦ
2669 3947 2729 3999 τὸ
2752 3947 2991 4016 ὑπήκοον
3019 3949 3097 4008 είς
3128 3947 3188 3998 τὸ
3232 3945 3436 3998 τούτων
3473 3947 3755 4012 κατεξου-

2162 4039 2370 4101 σιὰζειν
2403 4038 2776 4109 προϐάλληται
2798 4054 2809 4066 ·
2848 4039 2942 4090 καὶ
2973 4037 3061 4089 διὰ
3086 4037 3246 4090 τοῦτο
3276 4038 3400 4099 τούς
3430 4038 3524 4089 ὐπ’
3561 4039 3758 4090 αὐτῶν

2161 4129 2386 4182 ἐκείνων
2431 4127 2820 4195 ἐκλεγομένους
2866 4129 2955 4179 καὶ
3000 4125 3161 4179 οἱονεὶ
3205 4129 3758 4196 χειροτονουμένους,

2160 4220 2236 4282 ὡς
2289 4220 2539 4288 αἱρετοὺς
2573 4220 2835 4288 ἄρχοντας
2890 4219 2983 4271 καὶ
3043 4221 3318 4288 πατρικὴν
3373 4219 3513 4288 πρὶς
3547 4222 3762 4284 αὐτοὺς

2161 4309 2447 4372 διασώζειν
2487 4308 2798 4377 ὀφείλοντας
2831 4308 3068 4373 εὖνοιαν,
3119 4312 3308 4380 ἄρχειν
3338 4311 3520 4363 αὐτῶν
3555 4329 3761 4364 νουνεο

2162 4404 2270 4474 κῶς
2301 4404 2610 4470 διωρίσατο.
2649 4403 2752 4454 Καὶ
2781 4404 2951 4455 ταῦτα
2981 4403 3080 4468 μὲν
3099 4403 3292 4476 ταύτῃ.

2239 4495 2324 4566 [ιι.
2360 4495 2484 4567 Mil]
2511 4493 2602 4549 νε’.
2653 4498 2806 4549 Ἐπεὶ
2854 4496 2908 4548 δέ
2930 4497 2978 4548 οἱ
3007 4496 3098 4548 ἐπὶ
3126 4497 3224 4560 τῆς
3271 4495 3540 4565 ἐκμελοῦς
3570 4515 3629 4549 τε
3661 4497 3765 4550 καὶ

485 4600 590 4652 que
620 4585 1003 4641 administrato
1038 4587 1271 4653 imperio
1317 4589 1370 4641 in
1431 4586 1735 4642 Romanam
1793 4589 2054 4644 ditionem

2171 4588 2415 4660 ῥᾳθύμου
2446 4587 2724 4657 βασιλείας
2776 4587 2911 4656 πρὸς
2939 4589 3036 4656 τὴν
3067 4588 3420 4659 ἐπικράτειαν
3454 4588 3570 4641 τῶν
3615 4589 3766 4641 Ῥωο

488 4678 814 4746 trajecerant
863 4680 1117 4750 pulsique
1150 4679 1391 4750 Ragusio
1420 4679 1656 4746 fuerant,
1698 4683 1773 4736 uti
1814 4683 1925 4751 jam
1981 4685 2062 4738 di-

487 4783 632 4824 ctum
676 4783 779 4836 est,
817 4774 998 4828 adhuc
1029 4774 1083 4827 in
1129 4774 1281 4828 Italia
1319 4777 1428 4829 tixo
1458 4776 1593 4844 pede
1632 4777 1893 4832 continue
1938 4793 2057 4832 eam

488 4864 839 4918 incursabant
865 4868 1092 4936 diroque
1129 4867 1468 4933 desolabant,
1529 4878 1744 4924 centum
1784 4870 2058 4938 quinqua-

487 4958 637 5027 ginta
672 4959 897 5015 munitis
926 4959 1164 5028 oppidis,
1187 4977 1293 5029 qua
1321 4969 1622 5029 spontanea
1650 4962 1922 5016 deditione
1955 4977 2062 5031 qua

487 5047 780 5104 obsidione
816 5048 981 5119 vique
1010 5053 1062 5103 in
1095 5059 1416 5119 potestatem
1457 5069 1612 5107 suam
1650 5055 1907 5118 redactis,
1962 5070 2062 5107 au-

488 5141 646 5197 diens
673 5141 970 5210 imperator
1005 5141 1162 5194 valde
1190 5143 1377 5195 animo
1430 5144 1876 5200 discruciabatur
1906 5161 1920 5210 ;
1963 5147 2061 5199 ho-

493 5247 720 5303 rumque
753 5235 1121 5290 sollicitudine
1151 5235 1440 5304 invigilans
1496 5238 1715 5291 modum
1768 5239 2062 5308 quait-ebat,

489 5338 598 5390 quo
631 5325 786 5382 facile
808 5329 891 5382 vel
925 5332 1110 5384 hostes
1131 5329 1349 5396 penitus
1395 5327 1625 5384 fundere
1674 5330 1862 5384 liceret
1901 5332 1984 5385 vel
2034 5347 2063 5385 a

490 5410 735 5469 Romana
775 5420 967 5474 saltem
999 5419 1188 5489 procul
1213 5419 1420 5473 ditione
1466 5419 1685 5489 abigere
1729 5436 1794 5475 ac
1849 5421 2062 5491 propel-

491 5507 622 5560 lere.
646 5505 762 5561 ἔδοι
789 5512 969 5580 itaque
994 5529 1116 5582 qua:
1136 5512 1296 5583 293
1326 5521 1449 5566 ante
1475 5511 1877 5583 Ragnsinorum
1903 5529 2064 5568 causa

490 5600 777 5669 gentisque
821 5605 1004 5657 omnis
1056 5605 1427 5659 Dalmatarum
1491 5605 1672 5659 missae
1706 5604 1922 5661 fuerant
1969 5625 2066 5660 co-

491 5691 612 5762 piaa,
656 5689 842 5746 Niccta
867 5693 1120 5765 Oonypha
1153 5698 1382 5765 patricio
1422 5698 1668 5761 ductore,
1703 5709 1761 5751 ιιι
1788 5712 1953 5767 supra
1982 5698 2066 5753 di-

2173 4683 2348 4750 μαίων
2391 4681 2816 4749 διαπεράσαντες
2871 4679 3136 4749 βάρϐαροι
3193 4681 3287 4732 καὶ
3334 4678 3426 4731 τοῦ
3463 4679 3767 4732 Ῥαουσίου

2167 4773 2659 4843 ἀποκρουσθέντες,
2695 4771 2947 4843 καθάπερ
2975 4771 3076 4842 ἤδη
3107 4772 3371 4842 πρότερον
3396 4773 3637 4841 εἴρηται,
3671 4771 3768 4823 ἑτι

2168 4868 2308 4923 κατὰ
2353 4867 2451 4937 τὴν
2494 4865 2722 4918 Ἰταλίαν
2773 4864 3057 4934 διέτριϐον,
3103 4865 3341 4934 συνεχῶς
3374 4866 3544 4934 αὐτὴν
3582 4881 3772 4918 κατα-

2169 4959 2456 5029 τρέχοντες
2480 4960 2572 5011 καὶ
2606 4957 2838 5027 ἀφειδῶς
2859 4958 3196 5027 ληϊζόμενοι,
3223 4959 3296 5020 ὼς
3321 4961 3414 5008 καὶ
3455 4957 3620 5028 μέχρι
3645 4958 3774 5008 τῶν

2171 5055 2512 5124 πεντήκοντα
2533 5053 2626 5105 καὶ⁷
2652 5052 2846 5104 ἑκατὸν
2873 5052 3124 5125 κάστρων
3142 5052 3209 5103 τὰ
3231 5053 3327 5121 μὲν
3347 5053 3410 5103 ἐκ
3435 5051 3778 5120 προδοσίας,

2169 5147 2236 5199 τὰ
2268 5147 2322 5198 δέ
2355 5146 2631 5216 πολιορκίᾳ
2663 5143 3051 5214 χειρώσασθαι,
3097 5143 3312 5195 ἀκούων
3341 5143 3513 5195 ταῦτα
3540 5145 3568 5194 ό
3600 5143 3784 5212 βασι-

2173 5243 2297 5304 λεὺς
2332 5241 2521 5311 ἠνιᾶτο
2556 5238 2823 5308 σφοδρῶς,
2855 5240 2952 5290 καὶ
2981 5239 3100 5298 ταῖς
3128 5238 3256 5306 περὶ
3295 5236 3504 5289 τούτων
3537 5236 3786 5305 φροντίο

2176 5349 2258 5386 σιν
2291 5331 2655 5402 ἐπαγρυπνῶν
2685 5331 2866 5400 ἐζήτει
2897 5331 3011 5394 πῶς
3043 5330 3108 5382 ἂν
3139 5329 3384 5392 εὐπετῶς
3433 5329 3702 5398 δυνηθείη
3745 5330 3789 5399 ἢ

2171 5425 2369 5486 τελέως
2393 5426 2436 5456 ⁸³
2487 5423 2877 5494 τροπιδσασθαι
2935 5424 3061 5485 τοὺς
3096 5421 3326 5492 ἐχθρῶς
3353 5422 3385 5492 ἦ
3417 5421 3520 5473 κᾶν
3571 5425 3632 5472 ἐκ
3659 5422 3795 5491 ’τῆς

2188 5513 2499 5581 Ῥωμαῖκῆς
2529 5512 2882 5580 ἐπικρατείας
2916 5510 3246 5564 ἀπώσασθαι
3276 5513 3370 5563 καὶ
3419 5511 3680 5577 ἐξελάσαι
3718 5515 3799 5565 τ’)

2171 5603 2455 5673 δυσμενές.
2493 5603 2602 5655 Καὶ
2637 5602 2734 5664 τὰς
2794 5600 2893 5669 μὲν
2928 5600 3029 5672 ἥδη
3082 5602 3243 5671 χάριν
3276 5599 3385 5653 τῶν
3419 5599 3802 5654 Ῥαουσαίων

2173 5698 2266 5750 καὶ
2299 5696 2420 5748 ὅλου
2449 5695 2543 5748 τοῦ
2569 5694 2754 5757 ἔθνους
2784 5694 2891 5748 τῶν
2922 5695 3224 5763 Δαλματῶν
3250 5691 3803 5763 προαποσταλείσις

1784 5793 2014 5849 νΑιιιίΕ
2059 5794 2462 5851 LECTlONES.

567 5885 614 5915 ⁵⁸
640 5899 695 5936 τε
727 5897 835 5936 om.
876 5882 941 5936 Λ.
1019 5884 1061 5914 ⁸⁷
1105 5881 1333 5951 τοῦἶκαὶ
1368 5886 1426 5936 ι’.
1503 5887 1545 5919 ⁵⁸
1576 5889 1670 5953 τὴν
1701 5902 1810 5941 out.
1845 5889 1907 5940 Α.

2001 5889 2044 5919 ao
2077 5882 2222 5958 εἶχεν
2479 5885 2573 5955 ἵν’]
2743 5885 2828 5939 ἵνα
2849 5884 2910 5940 Α.

2989 5884 3033 5915 ⁶⁰
3064 5881 3243 5935 τέλεον
3273 5881 3338 5937 Α.
