3994 6220
314 300 419 363 3Ἷ9

1406 297 1534 356 LIB
1585 299 1650 358 V.
1681 323 1752 332 --
1778 297 2131 358 BASILIUS
2161 300 2481 360 MACEDO.

3466 306 3573 369 3Ζο

310 407 592 476 δυνάμεις,
628 399 704 458 ὧν
734 401 926 477 ἦρχεν,
972 407 1046 470 ώς
1071 407 1373 474 φθάσαντες
1411 407 1656 478 εἴπομεν,
1693 409 1720 462 6
1752 409 1886 462 κατὰ

2001 409 2202 475 simus,
2235 411 2502 466 adversus
2535 422 2739 467 tantam
2776 413 3135 469 barbarorum
3167 416 3570 472 multitudinem

305 503 406 555 τὸν
445 501 712 570 Ὠορύφαν
742 499 989 568 Νικήτας
1037 499 1348 566 πατρίκιος,
1401 499 1501 552 οὐκ
1553 499 1887 571 ἀξιομάχους

311 595 447 666 πρὸς
490 590 760 664 τοσαύτην
792 593 902 645 τῶν
959 592 1246 662 βαρϐάρων
1294 593 1502 664 πληθὺν
1557 594 1885 665 ἐδοκίμασε,

313 688 551 759 μάλιστα
576 685 661 738 διὰ
691 686 750 737 τὸ
780 685 971 755 χρείαν
999 683 1140 737 εἶναι
1167 685 1262 739 καὶ
1299 686 1437 756 πρὸς
1465 687 1563 754 τὴν
1599 687 1888 755 μεσόγαιον

310 779 574 842 πολλάκις
619 779 894 831 ποιεῖσθαι
955 778 1052 840 τὰς
1089 777 1408 846 συμπλοκὰς
1469 779 1566 832 καὶ
1618 780 1753 833 πολὺ
1789 783 1890 850 τῆς

309 871 583 939 θαλάττης
601 869 972 940 ἀπαρτᾶσθαι,
995 871 1132 941 ὅπερ
1157 870 1330 923 ἐδόκει
1360 871 1495 942 πρὸς
1518 873 1708 942 νηῖτην
1727 890 1890 942 στρα-

308 965 402 1016 τὸν
432 963 748 1031 ἀσύμφορον
779 963 872 1015 καὶ
901 962 1161 1014 ἀδύνατον
1183 977 1194 990 ⁸
1223 962 1386 1026 ἄλλας
1414 964 1470 1016 δὲ
1495 963 1655 1017 πάλιν
1682 966 1776 1019 ἀπ’
1800 969 1886 1018 ἑν-

306 1055 500 1108 τεῦθεν
527 1054 880 1108 ἀποστέλλειν
901 1055 1162 1122 δυνάμεις
1189 1056 1289 1108 οὐκ
1313 1056 1527 1126 ἔκρινεν
1575 1053 1716 1110 εἶναι
1739 1056 1890 1110 λυσι-

306 1149 457 1208 τελὲς
487 1149 575 1200 διά
604 1165 662 1201 τε
693 1148 754 1200 τὸ
789 1149 887 1217 τῆς
922 1149 1278 1218 ἐκστρατείας
1304 1149 1616 1219 δαπανηρὸν
1658 1149 1752 1202 καὶ⁵
1789 1149 1888 1220 τὴν

307 1240 498 1309 χρείαν
526 1240 624 1309 τὴν
669 1240 779 1292 τῶν
816 1240 1049 1292 ἐνταῦθα
1083 1241 1296 1311 χωρῶν.
1352 1242 1462 1295 Καὶ
1491 1241 1728 1306 συνετῶς
1765 1243 1889 1312 βου-

307 1331 640 1399 λευσάμενος
698 1332 862 1401 πρὸς
888 1331 1142 1402 Λοδοῖχον
1174 1333 1268 1385 τὸν
1296 1333 1442 1403 ρἧα
1477 1335 1760 1402 Φραγγίας
1793 1335 1887 1387 καὶ

301 1424 396 1475 τὸν
426 1426 616 1476 παπαν
657 1422 878 1493 Ῥώμης
906 1423 1363 1494 διαπρεσϐεύεται
1422 1427 1886 1498 συνεπικουρῆσαι

301 1517 424 1577 ταῖς
459 1513 713 1566 ἐντεῦθεν
745 1513 1011 1584 δυνάμεσι
1034 1516 1128 1568 καὶ
1159 1516 1298 1585 μετὰ
1327 1515 1533 1570 τούτων
1589 1534 1885 1587 συμπαρα-

299 1606 572 1671 τίιξασθαι
602 1605 741 1659 κατά
770 1605 878 1660 τῶν
898 1608 956 1659 ὲν
979 1607 1146 1676 Βάρει
1169 1609 1616 1679 κατοικησάντων
1660 1611 1890 1682 Ἀγαρψ

300 1697 431 1760 κῶν,
454 1697 721 1760 κελεύσας
745 1698 840 1751 καὶ
867 1699 968 1776 τὰς
1004 1698 1170 1769 ὀλίγῳ
1223 1700 1459 1770 πρόσθεν
1497 1702 1889 1771 μνημονευθεί-

1998 501 2144 556 haud
2199 503 2335 557 satis
2370 519 2530 570 pares
2553 505 2901 571 existimans,
2940 523 3004 563 ac
3029 507 3111 562 vel
3153 508 3391 564 maxime
3425 510 3572 579 quod

1997 595 2053 650 in
2077 596 2488 650 mediterraneis
2510 598 2651 651 haud
2676 614 2799 653 raro
2813 614 3009 654 manus
3026 602 3376 656 conserendae
3390 608 3575 657 essent

1997 687 2320 760 longiusque
2350 706 2379 745 a
2403 692 2534 745 mari
2559 693 2982 754 abscedendntn,
3005 694 3148 763 quod
3173 693 3456 749 navalibus
3473 708 3572 748 co-

1996 779 2100 848 piis
2121 779 2264 833 haud
2285 781 2732 836 conduccrctncc
2767 793 2914 837 certe
2945 783 3015 837 ab
3045 783 3152 837 illis
3177 784 3421 852 praestari
3444 798 3573 854 pos-

1997 879 2100 934 set,
2119 871 2257 926 alias
2288 886 2418 925 vero
2447 887 2640 950 rursus
2669 871 2932 943 Byzantio
2963 875 3149 944 cupias
3179 875 3394 930 mittere
3426 876 3572 932 haud

2000 961 2088 1016 ille
2129 963 2260 1017 utile
2301 973 2500 1032 putans
2525 965 2594 1019 ob
2623 965 2982 1034 expeditionis
3019 967 3216 1022 nimios
3244 977 3492 1038 sumptus
3519 977 3572 1024 et

1995 1053 2287 1111 Orientalis
2323 1066 2528 1113 tractus
2568 1058 2848 1129 regionum
2881 1059 3281 1124 necessitatem,
3315 1060 3571 1131 prudenti

1995 1150 2226 1202 cniisilio
2259 1149 2395 1204 inito
2429 1152 2493 1203 ad
2522 1151 2862 1206 Ludovicum
2906 1151 3152 1206 Francia)
3173 1168 3354 1222 regem
3396 1161 3454 1208 et
3501 1151 3570 1208 ad

1998 1238 2304 1294 Romanum
2338 1241 2637 1296 antistitem
2671 1243 2880 1313 legatos
2905 1245 3092 1307 mittit,
3127 1252 3186 1298 ut
3212 1245 3309 1299 abs
3345 1260 3404 1300 se
3429 1246 3566 1300 mis-

1996 1331 2072 1385 sis
2095 1332 2266 1400 copiis
2298 1347 2453 1402 opem
2488 1333 2662 1389 ferant
2683 1350 2748 1390 ac
2778 1351 2903 1390 cum
2943 1336 3025 1392 cis
3057 1335 3324 1390 adversus
3357 1336 3569 1404 Agare-

1995 1438 2098 1478 nos
2131 1421 2276 1477 Barii
2303 1426 2459 1480 sedes
2491 1425 2751 1482 habentes
2779 1443 3012 1498 pugnam
3044 1427 3341 1491 instruant,
3371 1427 3573 1498 jubens

1996 1520 2057 1568 ut
2084 1522 2138 1568 et
2163 1530 2302 1584 quas
2325 1516 2487 1585 paulo
2514 1525 2643 1572 ante
2672 1521 3122 1581 memoravimus,
3173 1519 3571 1574 Sclavenorum

1997 1616 2185 1674 gentes
2213 1607 2520 1663 institutum
2551 1625 2711 1664 suum
2733 1610 2948 1678 jnvent,
2976 1611 3310 1665 transmisso
3339 1610 3567 1680 Ragusii

1997 1699 2296 1753 incolarum
2345 1715 2446 1770 ope
2477 1700 2705 1771 suisque
2738 1701 2985 1770 ipsorum
3009 1702 3241 1773 navigiis
3294 1700 3571 1756 Dalmata-

303 1806 406 1854 σας
425 1789 612 1860 χώρας
630 1789 739 1843 τῶν
763 1789 1088 1859 Σκλαϐηνῶν
1111 1790 1564 1846 συνεπιλαϐέσθαι
1581 1792 1672 1846 τοῦ
1696 1793 1878 1864 ἔργου,

1995 1806 2114 1846 rum
2171 1791 2335 1845 mari.
2393 1789 2507 1845 Hoc
2543 1792 2706 1846 modo
2742 1793 3060 1864 conjunctis
3117 1793 3331 1848 viribus
3379 1793 3574 1862 ingens

298 1884 394 1938 διὰ
442 1882 552 1936 τῶν
585 1880 887 1952 οἰκητόρων
931 1879 1213 1934 Ῥαουσίου
1251 1882 1344 1935 καὶ
1376 1884 1482 1936 τῶν
1533 1887 1665 1956 παρ’
1697 1888 1879 1952 αὐτοῖς

300 1975 588 2046 ἐγχωρίων
623 1971 825 2026 πλοίων
875 1971 1283 2040 περαιωθέντας
1313 1973 1374 2026 τὸ
1398 1974 1630 2043 πέλαγος
1661 1977 1880 2047 Δαλμα-

300 2061 558 2120 τών.Ὦν
604 2065 740 2133 όμοῦ
787 2065 1004 2117 παντων
1053 2065 1434 2135 γεγενημένων
1483 2068 1578 2119 καὶ
1640 2070 1882 2140 μεγάλης

308 2157 691 2229 ἀθροισθείσης
728 2157 1034 2227 δυνάμεως,
1062 2157 1187 2210 ἐπεὶ
1223 2159 1317 2211 καὶ
1340 2160 1368 2211 6
1411 2159 1718 2227 Ῥωμαϊκὸς
1756 2162 1888 2216 ναύ-

306 2269 474 2322 αρχος
520 2252 736 2305 συνέσει
793 2251 887 2304 καὶ
920 2251 1114 2323 ἀνδρίᾳ
1165 2251 1301 2304 πολὺ
1366 2251 1586 2306 πάντων
1649 2253 1886 2327 διέφερε,

301 2346 551 2415 θᾶττονή
583 2345 752 2415 Βάρις
785 2345 1087 2399 ἁλίσκεται.
1125 2345 1234 2398 Καὶ
1268 2344 1324 2396 τὸ
1361 2345 1459 2415 μὲν
1491 2347 1728 2418 κάστρον
1759 2349 1889 2401 αὐτὸ

303 2441 402 2491 καὶ
427 2442 457 2509 ἡ
492 2441 650 2508 χώρα
680 2439 773 2492 καὶ
800 2440 908 2492 πᾶν
945 2437 1008 2491 τὸ
1029 2437 1375 2509 αἰχμάλωτον
1394 2440 1474 2502 είς
1511 2439 1610 2508 τὴν
1647 2441 1888 2510 Ῥωμαῖ-

297 2536 404 2601 κὴν
461 2532 714 2595 ἐξουσίαν
771 2531 1237 2602 ἀναλαμϐανεται,
1279 2531 1376 2584 καὶ
1413 2533 1539 2595 τοὺς
1584 2533 1816 2596 οἰκείους
1849 2537 1882 2604 ή

295 2626 452 2692 χώρα
493 2623 878 2692 ἀπολαμϐάνει
907 2625 1218 2693 οἰκήτορας,
1252 2626 1344 2676 τὸν
1371 2623 1426 2676 δὲ
1453 2625 1712 2678 Σολδάνον
1741 2627 1887 2678 ἐκεῖ·

294 2731 389 2767 ιον
421 2715 518 2767 καὶ
563 2715 656 2768 τὸν
698 2715 790 2768 ὑπ’
834 2715 997 2768 αὑτὸν
1027 2715 1154 2768 λαὸν
1199 2716 1308 2769 τῶν
1358 2716 1680 2787 Ἀγαρηνῶν
1724 2719 1752 2770 6
1788 2718 1887 2789 ρὴξ

292 2807 581 2878 Φραγγίας
601 2807 1000 2876 ἀναλαϐόμενο,
1023 2809 1082 2859 ὲν
1111 2808 1312 2880 Καπύῃ
1331 2809 1621 2878 ἀπήγαγεν
1641 2825 1656 2839 ·
1682 2808 1885 2880 ταύτης

1987 1893 2303 1939 contractus
2331 1893 2416 1940 est
2442 1885 2756 1952 exercitus;
2807 1887 3068 1957 quodque
3113 1887 3375 1942 Romanae
3408 1885 3572 1940 classi

1988 1973 2282 2046 pratfectus
2322 1978 2480 2048 longe
2533 1978 2792 2034 omnibus
2850 1979 3073 2035 solertia
3134 1995 3198 2033 ac
3253 1977 3574 2033 l'outiudine

1989 2077 2313 2138 praestaret,
2365 2071 2589 2125 Barium
2657 2071 2809 2126 brevi
2878 2072 3142 2141 capitur;
3199 2072 3574 2142 oppidumque

1990 2161 2170 2232 ipsum
2200 2171 2254 2218 et
2276 2179 2405 2233 ager
2429 2179 2727 2234 omnesque
2754 2165 2954 2235 captivi
2982 2165 3036 2219 in
3072 2163 3446 2218 Romanorum
3473 2177 3573 2232 po-

1990 2263 2243 2311 testatem
2279 2257 2500 2322 cedunt,
2530 2272 2772 2328 suosque
2821 2257 2972 2327 regio
3029 2259 3179 2312 cives
3221 2271 3287 2311 ac
3333 2256 3566 2310 colonos

1989 2349 2206 2418 recipit.
2241 2349 2354 2404 Rex
2397 2347 2640 2404 Francia
2664 2348 2964 2404 Soldanum
2991 2349 3144 2402 illum
3200 2347 3571 2416 subditosque

1993 2441 2303 2496 Saracenos
2347 2441 2452 2495 sibi
2486 2442 2602 2510 ipse
2652 2443 2898 2512 captivos
2939 2455 3166 2495 sumens
3199 2442 3437 2509 Capuam
3474 2438 3572 2493 ad-

1993 2533 2172 2598 duxit,
2226 2533 2387 2601 cujus
2439 2533 2533 2586 illa
2577 2533 2804 2588 ditionis
2841 2541 2956 2587 erat
2990 2541 3127 2586 utet
3177 2531 3568 2584 Beneventum.

1994 2625 2258 2695 lluncquc
2289 2624 2454 2697 294
2499 2625 2672 2693 prima
2720 2625 3065 2695 imperatoris
3114 2624 3170 2678 in
3219 2623 3569 2678 Occidentem

1992 2718 2270 2788 expeditio
2304 2729 2464 2771 nacta
2494 2716 2656 2771 ﬁnem
2697 2726 2817 2783 est;
2846 2717 3074 2787 ejusque
3095 2714 3289 2786 spoliis
3321 2728 3386 2768 ac
3412 2712 3571 2768 clari-

1997 2817 2107 2864 tate
2139 2809 2274 2863 urbs
2298 2816 2528 2877 augusta
2553 2817 2808 2862 ornatur.
3080 2813 3090 2822 '

292 2903 408 2967 γὰρ
439 2903 602 2963 αὐτος
655 2898 824 2972 ἦρχεν
863 2905 943 2956 ἑτι
974 2903 1068 2955 καὶ
1096 2905 1318 2973 προσέτι
1359 2904 1700 2958 Βενεϐενδοῦ.
1735 2907 1845 2958 Καὶ
1874 2906 1907 2976 ή
1953 2906 2053 2976 μὲν
2086 2905 2280 2974 πρώτη
2311 2904 2452 2958 κατὰ
2496 2903 2596 2975 τήν
2635 2902 2909 2976 Ἑσπέραν
2950 2901 3211 2976 στρατεία
3241 2900 3320 2974 τῷ
3361 2896 3574 2974 βασιλεῖ

292 2993 542 3048 τοιοῦτον
567 2995 738 3064 πέρας
772 2994 1011 3057 ἐδέξατο,
1066 2996 1161 3048 καὶ
1188 2999 1298 3060 τοῖς
1335 2999 1584 3051 ἐντεῦθεν
1615 2998 1880 3072 λαφύροις
1913 3000 2008 3054 καὶ
2035 3000 2099 3069 τῇ
2138 2998 2264 3069 δόξῃ
2287 2995 2679 3068 κατεκοσμήθη
2701 2997 2734 3067 ἡ
2759 2995 3141 3065 βασιλεύουσα.

373 3084 482 3151 νς’.
526 3088 743 3156 Ἐπειδὴ
772 3088 827 3140 δὲ
860 3088 1120 3152 πολλάκις
1147 3091 1179 3158 ἡ
1205 3090 1416 3160 ἱστορία
1455 3091 1600 3159 φιλεῖ
1633 3092 1728 3145 καὶ
1759 3096 1878 3156 ταῖς

296 3181 444 3231 κατὰ
489 3179 822 3248 παρέκϐασιν
846 3179 1128 3250 διηγήσεσι
1158 3181 1249 3233 τὸν
1270 3181 1426 3250 λόγον
1453 3184 1752 3238 ποικίλλειν
1784 3186 1880 3238 καὶ

2057 3090 2146 3145 56.
2183 3089 2337 3156 Quod
2381 3104 2509 3143 vero
2541 3089 2682 3142 haud
2715 3102 2840 3142 raro
2881 3087 3108 3142 historia
3159 3086 3322 3142 etiam
3376 3101 3570 3140 narra-

1987 3184 2232 3239 tionibus
2259 3197 2381 3251 quaa
2413 3195 2608 3251 parum
2656 3195 2688 3235 a
2735 3194 2905 3248 scopo
2938 3194 3236 3235 excurrere
3282 3179 3566 3243 videntur,

293 3273 402 3333 τὶς
429 3271 536 3324 τῶν
561 3271 999 3340 ἐντυγχανόντων
1020 3273 1374 3343 ψυχαγωγεῖν
1402 3274 1593 3340 ἀκοὰς,
1626 3275 1709 3346 [Ρ.
1752 3275 1879 3348 182]

1994 3277 2274 3348 quamdam
2300 3273 2540 3330 sermoni
2560 3272 2878 3327 varietatem
2903 3285 3014 3325 non
3037 3270 3272 3326 illubens
3289 3271 3566 3334 conciliat,

294 3367 672 3436 ἐπεξηγητέον
698 3370 792 3421 καὶ
817 3369 916 3420 ὅσα
948 3367 1156 3437 μεταξὺ
1185 3369 1228 3400 ⁶¹
1266 3368 1360 3422 τοῦ
1387 3370 1556 3440 ρηγὸς
1600 3371 1884 3440 Φραγγίας

294 3461 400 3511 καὶ
431 3459 691 3511 Σολδάνου
709 3459 801 3512 τοῦ
832 3459 1098 3530 Ἀφρικῆς
1119 3459 1311 3530 ἀμηρᾶ
1338 3461 1561 3514 καὶτῶν
1582 3452 1886 3534 οἰκητόρων

294 3549 543 3619 Καπύης
568 3553 659 3602 καὶ
688 3551 1006 3604 Βενεϐενδοῦ
1035 3553 1231 3623 συνέϐη
1261 3553 1738 3625 καταπραχθῆναι.
1761 3557 1886 3610 Ἐπὶ

289 3641 509 3694 διετίαν
559 3643 667 3713 γὰρ
713 3645 770 3696 ἐν
820 3644 1022 3717 Καπύῃ
1076 3643 1249 3698 συνὼν
1282 3648 1310 3698 6
1371 3645 1738 3718 Zokbivog—‘zq‘;
1785 3649 1885 3719 τῆς

288 3735 585 3802 Φραγγίας
609 3738 736 3806 ρηγὶ
757 3736 1012 3791 οὐδέποτε
1051 3736 1205 3808 ὤφθη
1242 3738 1346 3791 ὑπό
1376 3755 1519 3802 τινος
1544 3740 1602 3794 τὸ
1625 3743 1885 3812 παράπαν

293 3828 503 3894 γελῶν.
550 3827 608 3880 '0
631 3829 685 3881 δὲ
715 3829 814 3900 ρὴξ
841 3829 918 3900 τῷ
948 3830 1280 3900 κατάφωρον
1322 3832 1483 3884 αὐτὸν
1513 3833 1760 3899 γελῶντα
1787 3852 1887 3887 πε-

296 3922 558 3989 ποιηκότι
586 3921 810 3991 χρυσίου
837 3922 985 3974 δόσιν
1018 3908 1512 3991 κατεπηγγείλατο.
1549 3927 1887 3996 Προσήγγει-

293 4013 397 4064 λεν
425 4008 517 4066 οὖν
572 4014 652 4077 τίς
690 4030 820 4067 ποτε
858 4013 935 4083 τῷ
965 4015 1096 4085 ρηγὶ
1150 4015 1394 4083 γελῶντα
1439 4017 1530 4069 τὸν
1564 4019 1724 4088 μέχρι
1765 4019 1886 4071 τότε

297 4105 636 4176 σκυθρωπόν
663 4107 920 4160 Σολδάνον
963 4107 1284 4174 θεάσασθαι,
1317 4110 1409 4163 καὶ
1449 4110 1642 4164 τούτου
1696 4111 1889 4182 παρεί-

294 4214 434 4266 χετο
470 4197 774 4267 μάρτυρας.
810 4200 907 4252 Ὃν
946 4199 1184 4262 καλέσας
1215 4202 1242 4253 6
1275 4201 1376 4272 ρὴξ
1431 4203 1531 4271 τὴν
1562 4201 1739 4255 αἰτίαν
1785 4201 1887 4272 τῆς

301 4285 615 4356 μεταϐολῆς
640 4290 735 4340 καὶ
758 4287 849 4340 τοῦ
887 4289 1112 4356 γέλωτος
1135 4291 1487 4346 ἐπυνθάνετο.
1525 4292 1584 4344 Ὀ
1607 4293 1663 4345 δὲ
1700 4285 1887 4360 Ἀμα-

300 4380 446 4444 ξαν,
479 4381 632 4450 φησὶ,
661 4380 916 4434 κατιδών
941 4383 1038 4436 καὶ
1075 4383 1217 4449 τοὺς
1251 4386 1472 4453 ταύτης
1501 4387 1889 4456 κατανοήσας

302 4471 579 4539 τροχοὺς,
617 4471 744 4537 πῶς
773 4473 873 4526 καὶ
902 4474 969 4526 τὸ
993 4471 1292 4543 μετέωρον
1323 4477 1550 4529 τούτων
1569 4477 1888 4532 ταπεινοῦ-

303 4579 403 4615 ται
438 4565 532 4616 καί
555 4567 620 4618 τὸ
651 4566 940 4619 ταπεινὸν
968 4562 1145 4632 αὖθις
1179 4566 1601 4637 μετεωρίζεται,
1657 4571 1753 4623 καὶ
1808 4571 1889 4636 ὡς

1990 3385 2164 3437 eaque
2204 3368 2501 3438 legentium
2537 3365 2751 3420 animos
2791 3364 2954 3419 allicit
3005 3377 3070 3417 ac
3125 3371 3354 3427 recreat,
3392 3378 3571 3432 opera:

1989 3459 2225 3531 pretium
2266 3457 2518 3512 videatur
2551 3463 2610 3510 ut
2637 3463 2689 3508 et
2713 3468 2774 3508 ea
2797 3452 3102 3508 referamus
3144 3466 3266 3523 quae
3310 3451 3454 3505 inter
3482 3464 3569 3508 re—

1989 3567 2108 3623 gem
2144 3549 2390 3604 Francia:
2423 3557 2477 3603 et
2510 3546 2814 3601 Soldanum
2847 3543 3046 3598 Africae
3093 3558 3336 3598 ameram
3391 3543 3570 3598 cives-

1989 3660 2096 3715 que
2145 3642 2345 3713 Capuae
2372 3649 2427 3695 ct
2465 3639 2755 3695 Beneventi
2791 3637 3089 3708 contigere.
3121 3635 3395 3689 Soldsnus
3421 3634 3567 3687 enim

1993 3750 2170 3790 annos
2209 3735 2350 3789 duos
2396 3747 2521 3787 cum
2589 3744 2715 3797 rege
2761 3727 3007 3784 Francia:
3061 3727 3262 3796 Capum
3324 3734 3571 3780 moratus

1991 3841 2270 3896 nunquam
2306 3825 2375 3879 ab
2405 3824 2514 3878 ullo
2543 3837 2770 3892 prorsus
2809 3821 2960 3876 visus
3003 3829 3089 3875 est
3115 3819 3312 3874 ridere.
3351 3817 3486 3880 ltex,
3517 3817 3567 3871 si

1988 3922 2114 3990 quis
2149 3921 2415 3974 ridentem
2442 3917 2913 3986 deprehendisset,
2945 3929 3082 3970 auro
3103 3911 3416 3968 donandum
3447 3909 3567 3979 pni-

1986 4013 2171 4067 licitus
2204 4022 2307 4064 est.
2340 4009 2623 4064 Nuntiavit
2659 4009 2844 4075 itaque
2882 4006 3157 4076 quispiam
3192 4004 3304 4070 regi
3358 4003 3568 4056 vidisse

1988 4119 2048 4159 se
2075 4101 2372 4157 Soldanum
2410 4101 2703 4165 ridentem,
2732 4099 2824 4169 qtti
2853 4099 3117 4154 hactenus
3152 4103 3380 4150 moestus
3407 4107 3564 4148 seve-

1991 4211 2161 4266 roque
2187 4195 2336 4250 vultu
2377 4193 2708 4258 exstitisset;
2747 4192 2940 4261 reique
2980 4190 3190 4268 profert
3221 4196 3424 4242 tcstes.-
3461 4183 3569 4238 Vo-

1988 4293 2131 4348 cavit
2155 4290 2221 4342 ad
2256 4303 2314 4342 se
2338 4301 2432 4342 rex
2463 4284 2789 4345 Soldanum,
2823 4297 3002 4350 exque
3030 4281 3124 4335 illo
3148 4278 3470 4333 mutationis
3501 4293 3568 4332 ac

1992 4384 2135 4436 risus
2163 4391 2386 4433 causam
2413 4374 2722 4430 sciscitatus
2740 4370 2957 4426 est.(‘.ui
2981 4369 3091 4424 ille:
3129 4368 3340 4431 Videns,
3365 4367 3566 4436 inquit,

1989 4489 2226 4536 currum,
2289 4469 2506 4539 ejusque
2553 4475 2697 4520 rotas
2743 4462 3104 4525 considerans,
3149 4462 3408 4531 quomodo
3445 4459 3568 4515 alia:

1989 4581 2170 4622 eorum
2205 4571 2382 4632 partes
2410 4575 2437 4615 δ
2460 4557 2676 4614 sublimi
2705 4571 2806 4610 axe
2837 4557 2889 4608 in
2919 4555 3080 4607 imum
3112 4552 3478 4621 deprimantur
3504 4565 3568 4603 ac

299 4656 511 4708 εἰκόνα
540 4655 727 4709 ταῦτα
762 4657 964 4711 λαϐὼν
1006 4656 1117 4726 τῆς
1161 4659 1549 4728 ἀσταθμήτου
1602 4663 1700 4714 καὶ
1750 4662 1880 4716 ἀϐε-

1994 4674 2176 4712 rursus
2209 4671 2273 4709 ex
2304 4654 2490 4708 humili
2520 4653 2576 4705 in
2604 4650 2774 4704 altum
2806 4647 3086 4710 tollantur,
3121 4654 3277 4714 atque
3306 4643 3440 4696 lianc
3469 4658 3568 4713 ego

301 4747 481 4800 σιτίου
506 4747 625 4802 τῶν
659 4749 990 4819 ἀνθρώπων
1025 4750 1430 4820 εὐδαιμονίας.
1475 4753 1739 4823 ἐγέλασα
1769 4755 1890 4825 ἅμα

299 4839 421 4908 μὲν
452 4840 806 4910 ἐνθυμηθεὶς
839 4841 966 4910 πῶς
985 4843 1078 4912 ἐφ’
1098 4843 1287 4910 οὕτως
1314 4844 1603 4898 ἀϐεϐαίων
1625 4848 1891 4916 πραγμά-

304 4948 427 4986 tur
448 4934 825 5004 ἑπαιρόμεθα.
849 4936 972 5005 ἅμα
999 4935 1068 4989 δὲ
1094 4936 1189 4989 καὶ
1210 4939 1320 4991 οὐκ
1338 4937 1640 4994 ἀδύνατον
1665 4941 1884 5008 οἰηθεὶς

303 5024 376 5078 τὸ
407 5025 505 5078 καὶ
527 5025 875 5096 ἐμὲ,ὥσπερ
906 5028 976 5082 ἐκ
1001 5028 1300 5098 μετεώρου
1328 5029 1547 5097 γέγονα
1585 5033 1883 5099 ταπεινὸς,

302 5117 493 5183 οὕτως
516 5120 614 5172 καὶ
654 5120 724 5173 ἐκ
775 5121 880 5175 τοῦ
931 5121 1275 5191 χαμερποῦς
1309 5121 1659 5191 ἐνδέχεσθαι
1699 5123 1889 5178 πάλιν

301 5209 564 5278 ἀρθῆναι
599 5212 752 5279 πρὸς
799 5212 1072 5284 μέγεθος.
1130 5214 1311 5284 Ἀπερ
1341 5215 1385 5246 ⁶²
1438 5215 1678 5278 ἀκούσας
1708 5217 1738 5268 ὁ
1762 5217 1885 5288 ρὴξ,

302 5305 401 5355 καὶ
429 5305 488 5358 ἐν
506 5306 586 5375 τῷ
622 5305 691 5358 τὰ
710 5306 887 5360 οίκιῐα
919 5306 1100 5361 λαϐὼν
1135 5309 1230 5362 καὶ
1252 5311 1460 5363 ἐκεῖνον
1489 5309 1714 5363 συνετὸν
1738 5311 1888 5379 λογι-

308 5397 563 5465 σάμενος,
590 5400 795 5469 ἧρξατο
817 5401 1132 5472 παρρησίας
1153 5402 1252 5456 καὶ
1277 5403 1698 5473 συνδιαιτήσεως
1723 5420 1889 5474 μετα-

305 5488 507 5541 διδόναι
535 5492 706 5561 αὐτῷ.

1993 4751 2207 4805 incerta:
2237 4764 2300 4802 ac
2338 4746 2692 4800 inconstantis
2724 4744 2997 4797 hominum
3044 4739 3321 4808 felicitatis
3370 4738 3568 4807 imagi-

1996 4859 2112 4897 nem
2144 4842 2391 4901 sentiens,
2424 4840 2543 4903 risi,
2572 4837 2733 4892 simul
2779 4837 2944 4891 etiam
2967 4834 3204 4904 rogitans
3238 4847 3397 4903 quam
3425 4831 3490 4885 de
3516 4846 3571 4884 re

1996 4933 2237 4988 instabili
2286 4931 2528 5000 superbia
2575 4929 2869 4999 inﬂantur;
2919 4941 2981 4980 ac
3030 4925 3251 4994 denique
3291 4923 3387 4976 hoc
3451 4921 3599 5002 ﬁeri,

1992 5040 2141 5093 posse
2163 5023 2434 5093 judicans,
2470 5032 2526 5076 ut
2554 5021 2813 5091 quomodo
2843 5033 2908 5074 ex
2949 5032 3154 5072 summa
3203 5015 3418 5084 inﬁmus
3452 5027 3570 5066 sum

1993 5120 2192 5190 factus,
2225 5119 2302 5171 ita
2324 5131 2388 5171 ex
2416 5117 2602 5171 lmmili
2624 5130 2834 5169 rursum
2869 5113 2982 5167 loco
3026 5112 3094 5164 ad
3123 5112 3269 5178 prius
3294 5108 3567 5178 fastigium

1997 5213 2236 5269 attollat.
2267 5209 2364 5266 His
2405 5226 2498 5264 rex
2525 5208 2753 5273 auditis,
2781 5207 2958 5275 deque
2984 5217 3088 5258 suo
3117 5197 3261 5256 statu
3298 5199 3567 5269 cogitans,

1997 5308 2260 5376 illumque
2301 5306 2480 5359 virum
2521 5302 2840 5373 prudentem
2884 5296 3152 5359 indicans,
3202 5291 3372 5346 libere
3417 5301 3567 5359 post-

1999 5399 2220 5452 modum
2272 5395 2436 5467 295
2486 5407 2672 5450 sccnm
2729 5387 2988 5459 congredi
3047 5401 3112 5441 ac
3168 5383 3376 5439 vt-rsari
3447 5400 3568 5452 per-

1998 5492 2166 5547 misit.

1600 5671 1831 5730 γιιιως
1869 5666 2276 5730 LECTIONES.

381 5756 428 5788 “
471 5760 612 5828 μετὰ
638 5757 699 5818 Ρ.
769 5761 814 5794 ⁸³
839 5761 978 5831 ὅπερ
1013 5757 1074 5813 Ρ.
