3994 6220
173 372 266 437 317

1235 371 1382 431 LIB.
1420 372 1484 432 V.
1509 394 1578 405 υ·-
1617 371 1972 430 BASILIUS
2006 371 2333 433 MACEDO.

3311 379 3418 442 318

170 489 283 560 περὶ
329 487 517 542 τούτου
561 488 676 550 τοῖς
706 486 984 556 πολεμίοις
1033 485 1297 555 αἰφνίδιον
1356 486 1727 556 ἐπιφαίνεται,

1842 485 2068 540 navibus
2098 501 2236 555 opus
2266 487 2537 543 accelerat
2567 527 2581 551 ,
2622 488 2981 560 hostibusque
3005 490 3142 546 nihil
3163 491 3291 546 dum
3314 491 3422 546 tale

171 583 250 635 καί
277 581 506 651 συγχέας
529 580 709 634 αὐτῶν
735 581 812 651 τῷ
835 581 943 633 δέει
974 580 1100 642 τοὺς
1129 581 1427 650 λογισμοὺς
1469 581 1558 634 διά
1586 597 1644 632 τε
1672 579 1731 632 τὸ

169 676 224 728 ὲκ
246 675 334 743 τῆς
373 672 648 744 προτέρας
684 673 862 742 μάχης
894 673 1012 736 δέος
1049 673 1143 725 καὶ
1170 673 1257 725 διὰ
1286 673 1345 725 τὸ
1389 672 1488 740 τῆς
1540 672 1729 740 ἐφόδου

165 764 454 833 ἀπρόοπτον
482 761 568 835 [Ρ.
605 762 730 835 186]
771 763 888 816 οὐδὲ
925 764 1185 832 συστῆναι
1211 764 1301 814 καὶ
1327 762 1497 830 ἀλκῆς
1523 761 1734 831 μεμνῆ-

168 858 276 910 σθαι
312 851 590 919 παντελῶς
617 855 1025 926 συνεχώρησεν,
1059 857 1195 912 ἀλλὰ
1245 857 1342 918 τὰς
1375 857 1472 924 μὲν
1517 873 1732 924 πυρπ⁰’

165 949 335 1022 λήθης·
384 950 480 1011 τὰς
509 949 566 1000 δὲ
615 948 1042 1011 καταπωτίῦσας
1096 949 1204 999 τῶν
1260 949 1534 1016 πολεμίων
1573 948 1730 1010 νεῶν,

164 1042 249 1094 καὶ
274 1042 375 1093 τῶν
407 1038 704 1109 βαρϐαρων
737 1041 860 1101 τοὺς
905 1041 1005 1108 μὲν
1053 1037 1258 1091 ἀνελὼν
1290 1039 1368 1107 τῷ
1410 1039 1573 1105 ξίφει,
1607 1039 1732 1102 τοὺς

160 1135 210 1188 δὲ
237 1134 598 1202 ὑποϐρυχίους
625 1133 703 1203 τῷ
733 1133 880 1203 βυθῴ
936 1133 1322 1204 ποιησάμενος.
1351 1132 1444 1184 καὶ
1487 1132 1573 1183 τὸν
1606 1129 1730 1182 τού-

158 1246 256 1280 των
285 1227 530 1296 ἀρχηγὸν
585 1223 813 1292 ἀνελὼν,
863 1226 990 1288 τοὺς
1019 1226 1238 1288 λοιποὺς
1272 1222 1730 1292 διασκεδασθῆναι

156 1319 284 1374 κατά
302 1320 400 1388 τὴν
428 1318 594 1387 νῆσον
622 1319 934 1388 ἠνάγκασεν
954 1333 966 1347 ⁸
1001 1317 1093 1381 οὒς
1123 1317 1465 1387 σαγηνεύσας
1506 1315 1730 1383 ὔστερον

154 1415 240 1467 καὶ
267 1412 496 1481 ζωγρῶν
526 1411 802 1481 διαφόροις
837 1409 1132 1480 τιμωρίαις
1176 1408 1434 1462 ὑπέϐαλε.
1471 1407 1591 1458 Τῶν
1633 1407 1731 1476 μὲν

153 1506 252 1574 γὰρ
277 1505 323 1535 ⁷⁸
357 1503 459 1572 τὴν
488 1505 586 1572 τῆς
613 1502 814 1571 σαρκὸς
856 1503 1073 1554 ἀπέωσε
1105 1501 1291 1570 δορὰν,
1345 1499 1578 1570 μάλιστα
1625 1497 1732 1550 τῶν

149 1597 542 1664 ἀρνησαμένων
582 1597 640 1648 τὸ
672 1596 952 1665 βάπτισμα
989 1593 1082 1648 τοῦ
1110 1592 1372 1662 Χριστοῦ,
1415 1591 1572 1644 τοῦτο
1603 1591 1731 1658 παρ’

149 1689 322 1741 αὐτῶν
350 1688 708 1758 ἀφαιρεῖσθαι
745 1688 942 1755 λέγων,
978 1685 1074 1740 καὶ
1105 1687 1255 1739 οὐδὲν
1277 1683 1455 1738 αὐτῶν
1480 1683 1608 1736 ίδιον
1629 1697 1642 1711 ⁸
1667 1683 1731 1733 ὲκ

144 1777 196 1829 δὲ
222 1777 330 1836 τῶν
392 1778 624 1846 ίμάντας
658 1777 767 1830 ἀπὸ
819 1775 910 1829 τοῦ
966 1777 1099 1830 ἰνίου
1128 1777 1172 1808 ⁷³
1205 1776 1331 1846 ἄχρι
1369 1773 1477 1826 τῶν
1508 1769 1730 1842 σφυρῶν

1841 578 1971 647 quid
2007 579 2373 648 cogitantibus
2406 590 2501 634 aut
2532 583 2868 649 praamonitis
2911 594 3135 653 repente
3173 584 3419 653 ingruit;

1815 667 2189 737 zitnpletisque
2238 680 2448 723 terrore
2485 686 2676 724 eorum
2710 673 2912 726 animis
2967 683 3079 727 tum
3111 675 3182 728 ob
3218 675 3420 745 prioris

1842 777 2032 831 pugnae
2063 761 2340 832 cladisque
2377 775 2656 818 recentem
2687 766 3036 831 memoriam,
3080 777 3195 822 tum
3235 768 3308 823 ob
3335 770 3418 822 iit-

1839 864 2206 918 exspectatam
2244 853 2626 921 irruptioucm,
2682 871 2780 910 nec
2835 859 2985 910 coire
3040 873 3140 910 nec
3194 874 3420 926 prorsus

1845 945 2188 999 fortitudinis
2237 947 2553 1001 meminisse
2595 948 2864 1015 permisit,
2907 950 2999 1002 sed
3033 953 3248 1003 navium
3295 950 3422 1004 aliis

1845 1039 1968 1107 igne
1995 1038 2304 1105 absumptis
2362 1040 2485 1094 aliis
2515 1040 2842 1100 submersis,
2883 1041 3240 1110 ipsorumque
3291 1041 3419 1093 bar—

1841 1129 2102 1184 barorum
2154 1131 2276 1184 aliis
2321 1147 2451 1185 ense
2485 1132 2734 1194 sublatis,
2773 1133 2895 1186 aliis
2937 1133 3104 1187 maris
3149 1131 3420 1202 profundo

1841 1223 2056 1285 mersis,
2101 1223 2330 1291 ipsoque.
2365 1225 2582 1278 illorum
2621 1225 2761 1276 duce.
2797 1225 3148 1292 interempto,
3178 1225 3418 1293 reliquos

1840 1331 1935 1384 per
1993 1315 2227 1369 insulam
2284 1317 2538 1382 dissipari
2607 1318 2824 1385 coegit;
2887 1331 3025 1384 quos
3060 1318 3205 1384 ipsos
3237 1326 3419 1384 postea

1839 1405 1982 1459 intra
2019 1421 2204 1461 casses
2238 1407 2465 1462 adactos
2499 1422 2562 1460 ac
2614 1407 2772 1475 quasi
2803 1416 3000 1462 venatu
3059 1422 3124 1462 ac
3167 1407 3420 1476 indagine

1838 1511 2029 1568 captos
2053 1501 2287 1555 diversis
2318 1501 2600 1569 suppliciis
2643 1503 2900 1568 subjecit.
2939 1502 3076 1555 Aliis
3103 1511 3286 1555 cutem
3319 1502 3419 1554 de-

1840 1595 2030 1659 trahit,
2079 1595 2147 1648 iis
2193 1595 2428 1647 maxime
2459 1595 2552 1664 qui
2595 1594 2792 1662 ejurati
2824 1594 3032 1648 Christi
3074 1593 3420 1660 baptismatis

1842 1687 1915 1740 rei
1956 1699 2161 1750 essent,
2197 1687 2302 1740 hoc
2340 1687 2409 1741 ab
2435 1688 2516 1741 eis
2570 1685 2796 1749 auferri,
2851 1701 2958 1739 non
2986 1701 3174 1740 eorum
3213 1686 3416 1755 aliquid

1838 1779 2142 1848 proprium,
2184 1779 2396 1833 dicens.
2459 1779 2594 1831 Aliis
2626 1777 2892 1846 corrigiae
2943 1777 3014 1830 ab
3045 1777 3301 1844 occipitio
3345 1777 3412 1830 ad

142 1869 258 1941 μετ’
281 1870 482 1938 ὀδύνης
509 1869 755 1938 δριμείας
784 1868 1086 1930 ἐξείλκυεν·
1115 1869 1309 1930 ἄλλους
1332 1868 1386 1920 δὲ
1407 1864 1722 1932 κηλωνείοις

1842 1871 1990 1925 )edes
2030 1885 2204 1938 usque
2259 1871 2594 1939 tnalleosque
2635 1871 2834 1924 acerbo
2875 1870 3121 1924 cruciatu
3153 1869 3410 1922 extrahe-

142 1964 276 2016 τισὶν
294 1961 541 2030 αἰωρῶν,
566 1957 683 2013 εἶτα
705 1961 811 2014 ἀπὸ
841 1961 932 2013 τοῦ
964 1959 1239 2031 μετεώρου
1265 1958 1401 2028 πρὸς
1425 1957 1656 2023 λέϐητας
1673 1955 1720 1986 ⁸⁸

142 2055 345 2122 πίσσης
397 2054 632 2122 μεστοὺς
671 2053 957 2122 ἐμϐάλλων
1009 2070 1068 2106 τε
1101 2054 1194 2104 καὶ
1241 2051 1419 2112 ὠθῶν,
1464 2050 1556 2102 τοῦ
1593 2049 1721 2100 ἰδίου

139 2149 330 2208 αὐτοῖς
364 2147 699 2213 μεταδιδόναι
729 2146 1104 2216 βαπτίσματος
1132 2145 1284 2212 ἔλεγε
1320 2142 1413 2197 τοῦ
1445 2141 1723 2196 ὲπωδύνου

142 2241 239 2292 καὶ
273 2237 525 2308 ζοςεροῦ.
556 2237 743 2301 Οὕτως
773 2234 865 2291 οὖν
893 2239 1410 2306 κατακερτομήσας,
1466 2237 1559 2290 καὶ
1588 2236 1724 2288 ἁνα-

141 2332 338 2399 λόγους
362 2333 404 2361 ⁸³
431 2331 536 2384 τῶν
568 2331 944 2400 ἐργασθέντων
982 2331 1164 2392 αὐτοῖς
1201 2330 1390 2391 ποινὰς
1423 2327 1726 2398 εἰσπραξά-

150 2440 328 2493 μενος,
385 2425 477 2476 τοῦ
511 2425 604 2476 καί
635 2419 788 2486 αὖθις
823 2423 962 2476 κατὰ
993 2422 1090 2491 τῆς
1127 2421 1440 2490 Ῥωμαῖκῆς
1491 2421 1726 2489 ἐπικρα-

147 2517 292 2580 τείας
322 2515 712 2586 ἐκστρατεύειν
739 2515 838 2567 οὐκ
869 2514 1048 2582 ὀλίγον
1071 2515 1190 2578 δέος
1222 2513 1495 2568 ἐνέϐαλεν.

217 2609 313 2677 ξβ¹.
352 2609 495 2660 Ἀλλ’
525 2608 700 2672 οὕτως
739 2609 838 2674 μὲν
870 2607 939 2660 τὰ
987 2607 1338 2678 μεσημϐρινὰ
1362 2607 1730 2679 ,διεσκέδαστο

156 2701 463 2769 πνεύματα,
492 2701 585 2753 καὶ
615 2699 896 2762 ἁκλύστως
918 2699 1165 2751 ἐντεῦθεν
1201 2701 1260 2752 τὸ
1291 2699 1382 2750 τοῦ
1421 2697 1728 2768 Ῥωμαῖκοῦ

151 2793 380 2860 κράτους
403 2791 611 2859 σκάφος
640 2791 904 2859 ηύθύνετο
925 2806 940 2821 ο
973 2791 1038 2842 ἐκ
1063 2790 1116 2842 δὲ
1142 2789 1240 2858 τῆς
1278 2787 1549 2858 Ἐσπέρας
1575 2787 1730 2850 αὖθις

152 2885 356 2936 κλύδων
408 2883 586 2948 δεινὸς
635 2884 984 2955 ὲπηγείρετο.
1052 2881 1110 2933 '0
1167 2884 1274 2951 γὰρ
1329 2882 1430 2949 τῆς
1469 2879 1732 2950 ’Λφρικῆς

154 2976 547 3046 ἁμερμουμνῆς
580 2974 960 3044 παμμεγέθεις
999 2973 1130 3036 ναῦς
1159 2974 1424 3042 ἑξήκοντα
1468 2973 1559 3025 τὸν
1613 2975 1735 3043 ἀρι-

156 3069 282 3136 mm
315 3072 878 3137 κατασκευασάμενος
895 3067 939 3099 θ’
973 3066 1113 3120 κατὰ
1134 3070 1232 3134 τῆς
1273 3065 1587 3135 Ῥωμαῖκῆς
1614 3067 1736 3118 ἐπι-

1823 1962 1936 2016 bat.
1979 1964 2130 2017 Alios
2161 1963 2528 2018 tollenonibus
2577 1964 2911 2033 quibusdam
2960 1962 3284 2024 snstolleus,
3327 1965 3410 2017 sic

1825 2069 1889 2110 ex
1921 2054 2032 2108 aito
2069 2055 2120 2108 in
2157 2055 2356 2109 lebetes
2404 2055 2523 2124 pice
2557 2055 2746 2123 plenos
2780 2054 3033 2123 injiciens
3061 2055 3407 2120 pellensqne,

1825 2147 1946 2216 ipso
1981 2148 2210 2202 illorum
2253 2149 2581 2217 baptismate
2611 2150 2736 2204 illos
2792 2149 3152 2216 seimpartiri
3210 2148 3412 2206 aiebat.

1826 2257 2140 2311 quanquam
2197 2241 2395 2296 acerbo
2439 2251 2493 2296 et
2519 2242 2844 2311 caliginoso.
2889 2239 2983 2295 Sic
3040 2242 3416 2302 subsanuans,

1829 2347 1893 2388 ac
1920 2349 2018 2402 pro
2039 2333 2343 2387 facinorum
2370 2336 2580 2388 ratione
2615 2335 2816 2388 debitis
2848 2335 3028 2403 poenis
3057 2335 3412 2392 excrucians.

1829 2441 1937 2479 non
1976 2427 2144 2480 levem
2177 2428 2428 2480 timorem
2463 2427 2674 2491 injecit,
2709 2443 2778 2480 ne
2812 2427 3072 2494 deinceps
3102 2426 3412 2480 Romanam

1830 2521 2092 2574 ditionem
2123 2522 2294 2573 armis
2327 2518 2590 2573 infestare
2620 2535 2686 2573 ac
2717 2519 2954 2587 diripere
2977 2521 3235 2572 audeant.

1901 2609 1990 2664 62.
2055 2611 2168 2664 Hoc
2225 2612 2383 2664 modo
2454 2610 2776 2664 meridianis
2827 2609 3049 2663 flatibus
3106 2608 3416 2678 dissipatis,

1838 2701 2066 2756 Romani
2113 2704 2326 2772 itnperii
2353 2703 2506 2756 navis
2530 2717 2559 2757 a
2592 2703 2877 2772 naulragio
2901 2710 3013 2754 tuta
3054 2701 3413 2770 dirigebatur.

1835 2794 1912 2848 Ex
1936 2793 2230 2848 Occidente
2275 2809 2416 2848 saeva
2444 2808 2636 2846 rursus
2679 2791 2915 2860 procella
2941 2791 3102 2859 302
3142 2791 3416 2843 emritur.

1839 2886 2032 2941 Africa:
2067 2903 2304 2955 namque
2332 2898 2744 2939 amermutnnes
2771 2882 2982 2950 magnis
3007 2882 3242 2934 navibus
3263 2895 3420 2935 sesa-

1836 2982 1990 3052 ginta
2074 2982 2380 3034 instructus
2458 2977 2766 3031 Romanam
2835 2975 3103 3030 ditionem
3178 2974 3414 3037 invasit;

1837 3084 2148 3144 cunt-taque
2187 3075 2470 3143 interjecta
2509 3073 2775 3140 diripiens
2824 3086 2889 3125 ac
2949 3070 3137 3125 multis
3166 3070 3418 3125 adductis

156 3165 408 3232 κρατείας
441 3163 753 3232 ἐξώρμησε,
789 3161 880 3214 καὶ
910 3161 976 3212 τὰ
1011 3161 1213 3229 μεταξῦ
1268 3159 1588 3228 ληῖζόμενος
1641 3161 1734 3212 καί⁹

1842 3169 2070 3236 captivis
2101 3169 2166 3220 ad
2198 3167 2588 3234 Cephaleniam
2632 3183 2808 3232 usque
2838 3181 2901 3220 ac
2955 3163 3294 3233 Zacynthum
3331 3163 3418 3216 in-

159 3256 316 3309 πολλὰ
353 3256 586 3320 σώματα
608 3255 902 3324 λαμϐάνων
942 3255 1264 3323 αἰχμάλωτα
1309 3253 1436 3322 ἄχρι
1478 3252 1734 3324 Κεφαλη-

162 3346 268 3407 νίας
291 3346 384 3398 καὶ
417 3344 700 3397 Ζακύνθου
729 3343 837 3395 τῶν
886 3344 1067 3412 νήσων
1103 3342 1350 3409 ἀφίκετο.
1383 3341 1562 3408 "Amp
1591 3340 1734 3408 dxq—
1774 3370 1780 3377 -

163 3435 290 3500 κοὼς
317 3439 347 3489 ὀ
398 3437 656 3508 βασιλεὺς
711 3435 998 3506 συντόμως
1030 3433 1167 3503 πρὸς
1198 3433 1298 3503 τὴν
1339 3432 1594 3502 βοήθειαν
1653 3434 1734 3484 δι-

161 3529 455 3591 ανίσταται,
499 3530 591 3582 καὶ
623 3531 714 3582 τὸν
747 3529 854 3581 τῶν
877 3527 1150 3580 ναυτικῶν
1181 3525 1423 3595 ἡγεμόνα
1449 3525 1736 3595 δυνάμεων

161 3623 369 3694 (Ni-sap
421 3623 477 3675 δὲ
516 3615 673 3685 οὗτος
721 3617 811 3692 ἦν)
867 3619 1008 3689 μετὰ
1058 3618 1341 3688 δυνάμεως
1391 3618 1737 3686 ἑκπέμπει⁸³

160 3717 339 3786 ἁδρᾶς,
365 3719 615 3786 τριήρων
647 3732 706 3767 τε
730 3715 828 3767 καὶ
858 3713 1057 3783 διήρων
1095 3711 1188 3763 καὶ
1239 3710 1414 3764 ἄλλων
1451 3711 1586 3763 νεῶν
1637 3727 1738 3764 τα-

157 3808 540 3878 χυναυτουσῶν
595 3803 803 3873 πλῆθος
855 3803 1317 3874 ἐξαρτυσάμενος.
1364 3803 1639 3872 Σύντομον
1681 3804 1739 3856 δὲ

157 3898 238 3950 τὸν
278 3899 519 3953 ἔκπλουν
553 3898 581 3950 ὀ
634 3898 828 3966 Νάσαρ
861 3895 1178 3966 πεποιηκὼς
1215 3897 1308 3948 καὶ
1342 3897 1540 3960 αἰσίοις
1587 3916 1740 3967 χρη-

160 3992 390 4059 σάμενος
429 3989 711 4059 πνεύμασι
747 3987 816 4042 δι’
849 3987 1031 4055 ὀλίγου
1086 3987 1183 4057 μὲν
1229 3988 1423 4057 χρόνου
1474 3988 1571 4058 τὴν
1627 3990 1740 4042 Με-

157 4079 330 4151 θώνην
376 4081 670 4143 κατέλαϐε,
708 4080 901 4133 θᾶττον
931 4080 987 4132 δὲ
1015 4080 1113 4150 τὴν
1145 4080 1287 4132 κατά
1313 4080 1420 4132 τῶν
1465 4080 1740 4148 πολεμίων

155 4173 401 4229 ἐπίθεσιν
435 4177 543 4229 ἀπὸ
571 4175 823 4243 τοιαύτης
842 4175 1019 4236 αἰτίας
1043 4173 1346 4245 διεκωλύθη
1373 4173 1737 4244 ποιήσασθαι’

153 4269 259 4322 τῶν
292 4271 406 4340 γὰρ
441 4271 647 4340 ἐρετῶν
685 4271 787 4324 οὐκ
811 4269 982 4337 ὀλίγοι
1019 4269 1157 4340 πρὸς
1187 4271 1278 4322 τὸν
1328 4269 1574 4323 κίνδυνον
1604 4270 1742 4322 ἀπο-

149 4361 526 4426 δειλιάσαντες
553 4361 671 4414 κατ’
693 4361 907 4428 ὀλίγους
937 4360 1209 4429 λαθραίως
1240 4361 1542 4428 ἀπέφυγον,
1573 4353 1646 4414 ὧν
1675 4363 1739 4432 τῇ

151 4453 476 4523 λειποταξίᾳ
525 4454 585 4506 τί)
643 4454 920 4523 προσῆκον
967 4453 1132 4520 τάχος
1174 4452 1576 4520 ἀφαιρεθεισῶν
1630 4451 1741 4504 τῶν

1838 3261 1986 3312 sulas
2017 3258 2282 3326 pervenit.
2315 3257 2528 3322 Quibus
2559 3257 2760 3310 auditis
2824 3264 3120 3323 Imperator
3151 3254 3216 3305 ad
3256 3268 3414 3322 opem

1837 3351 2117 3406 ferendam
2173 3352 2582 3420 quamprimum
2636 3349 2977 3416 accingitur;
3031 3347 3419 3414 navaliumque

1836 3445 2119 3513 copiarum
2139 3443 2329 3496 ducem
2350 3440 2617 3495 Nasarum
2646 3456 2766 3493 cum
2790 3439 2966 3491 valida
2995 3439 3227 3490 militum
3255 3452 3418 3490 manu

1839 3538 2024 3601 mittit,
2076 3537 2392 3590 triremibus
2455 3550 2518 3587 ac
2551 3531 2855 3587 biremibus
2889 3531 3122 3599 aliisque
3153 3529 3421 3585 cursoriio

1840 3631 2077 3685 navibus
2132 3631 2309 3694 iisque
2348 3629 2539 3680 multis
2579 3627 2864 3694 stipatum.
2899 3623 3073 3676 Celeri
3119 3621 3291 3676 Nasar
3321 3637 3420 3675 ua-

1839 3727 2114 3793 vigatioue
2143 3724 2434 3790 ventisque
2457 3719 2718 3775 secundis
2755 3733 2889 3772 usus
2930 3717 3077 3770 brevi
3105 3714 3418 3769 Methonam

1841 3819 1987 3880 venit
2015 3834 2030 3869 :
2060 3833 2126 3870 ne
2180 3825 2359 3868 tamen
2405 3812 2570 3866 citius
2605 3812 2792 3864 hostes
2841 3811 3251 3878 aggrederetur,
3316 3807 3422 3859 tale

1841 3911 1972 3979 quid
2001 3910 2290 3964 obstaculo
2339 3905 2460 3956 fuit.
2501 3903 2616 3956 Non
2655 3903 2813 3971 pauci
2853 3904 3146 3970 remigum,
3191 3899 3418 3968 periculi

1843 4011 1987 4055 metu
2016 3997 2284 4056 deterriti,
2314 3995 2529 4048 occulte
2577 3992 2838 4060 paulatim
2890 3993 3255 4057 dilfugerant;
3283 4006 3426 4056 quo-

1844 4104 1962 4142 rum
1993 4084 2323 4147 desertione,
2365 4084 2602 4136 navibus
2637 4096 2701 4134 ea
2732 4097 2856 4149 quae
2894 4082 3112 4134 deceret
3145 4079 3424 4134 celeritate

1844 4177 2180 4236 carentibus,
2233 4175 2520 4230 deﬁciente
2566 4175 2734 4226 remis
2788 4173 3198 4242 impellentibus
3255 4171 3424 4224 vehe-

1846 4272 2014 4326 menti
2042 4271 2096 4324 in
2139 4270 2350 4324 hostem
2383 4267 2586 4334 impetu
2612 4305 2629 4331 ,
2672 4265 2814 4318 haud
2847 4279 3026 4332 opera:
3054 4262 3286 4332 pretium
3322 4276 3423 4330 pu-

1848 4363 1985 4417 tavit
2028 4363 2110 4417 sic
2156 4360 2296 4414 male
2335 4359 2609 4412 instructa
2643 4355 2821 4409 classe
2850 4369 2976 4408 cum
3010 4353 3260 4406 hostibus
3292 4365 3414 4404 con-

1848 4456 2020 4527 gredi,
2053 4467 2278 4520 retuque
2309 4449 2444 4503 adeo
2494 4464 2590 4518 per
2622 4448 2854 4502 celerem
2893 4460 3181 4500 cursorem
3212 4443 3422 4496 denun-

149 4545 319 4609 νεῶν,
348 4545 424 4614 μὴ
452 4545 693 4614 ἐχουσῶν
724 4544 821 4613 τὴν
851 4542 991 4613 μετὰ
1025 4543 1208 4613 ροθίου
1241 4543 1338 4594 σὺν
1364 4543 1583 4613 ὀξύτητι
1602 4543 1736 4596 κατὰ

1853 4551 1993 4604 tiare
2050 4548 2234 4601 studet
2273 4542 2615 4612 imperatori.
2676 4540 2791 4602 Ille,
2836 4539 3022 4592 missis
3057 4545 3302 4606 prompte
3331 4533 3425 4602 qui

146 4637 264 4691 τῶν
292 4636 557 4689 ἐναντίων
606 4635 891 4700 ἐπέλασιν,
946 4636 1049 4687 οὐκ
1079 4635 1262 4703 ἔκρινε
1305 4635 1416 4687 δεῖν
1461 4635 1746 4705 παρωπλι-

139 4732 385 4798 σμένοις
409 4728 577 4792 οὕτως
612 4729 754 4781 κατὰ
774 4729 882 4780 τῶν
915 4727 1200 4794 δυσμενῶν
1225 4726 1502 4780 ἀπελθεῖν.
1535 4726 1745 4795 Μηνύει

133 4823 204 4876 δὲ
227 4823 297 4874 τὸ
332 4822 548 4891 συμϐὰν
575 4823 666 4874 διὰ
704 4822 1049 4891 ταχυδρόμου
1096 4820 1171 4890 τῷ
1206 4820 1438 4890 βασιλεῖ.
1494 4820 1552 4873 Ὀ
1573 4820 1627 4872 δὲ
1659 4819 1745 4871 διὰ

148 4915 386 4985 ταχείας
414 4916 721 4980 ἀποστολῆς
754 4916 861 4966 τῶν
901 4914 1038 4984 πρὸς
1069 4914 1226 4966 τοῦτο
1264 4913 1590 4982 ἐπιτηδείων
1616 4913 1749 4964 πάν-

144 5022 246 5070 τας
315 5009 445 5070 τοὺς
495 5007 867 5070 λειποτάικτας
928 5004 1211 5076 ἐζώγρησε
1259 5008 1353 5059 καὶ
1403 5004 1750 5075 ἐμφρούρους

143 5099 410 5168 ἐποίησε.
449 5100 675 5153 Σκοπῶν
721 5100 781 5152 δὲ·
813 5101 960 5161 ὅπως
992 5099 1086 5152 καὶ
1111 5098 1400 5167 ὁμοφύλων
1437 5100 1599 5166 φόνου
1653 5099 1749 5160 τὰς

141 5195 347 5260 χεῖρας
379 5193 604 5262 τηρήσῃ
635 5191 882 5263 καθαρὰς
915 5192 1006 5244 καὶ
1041 5191 1102 5244 τὸ
1153 5194 1430 5261 προσῆκον
1473 5190 1751 5260 ἐμποιήσῃ

139 5284 266 5348 δέος
303 5286 417 5346 20?;
451 5284 772 5346 ὑπολοίποις
804 5285 911 5338 τῶν
949 5284 1177 5355 ἐρετῶν,
1212 5283 1284 5345 ὡς
1322 5282 1388 5336 ἂν
1427 5283 1501 5352 μὴ
1525 5285 1620 5334 καιί
1653 5285 1751 5336 ἄλ·-

137 5373 259 5440 λοις
291 5377 387 5446 εἴη
424 5377 562 5448 πρὸς
588 5379 822 5448 μίμησιν
855 5379 886 5447 ἡ
914 5380 1121 5431 τούτων
1152 5377 1320 5430 κακία
1366 5381 1462 5430 καὶ
1496 5376 1750 5428 ἐθελοκαο

135 5468 333 5520 κῶσιν
358 5467 452 5540 [Ρ.
490 5468 614 5540 187]
643 5471 692 5524 οί
722 5471 961 5523 πλεῖστοι
993 5472 1083 5524 καί
1113 5467 1590 5541 ρᾳστωνεύωνται,
1623 5469 1750 5539 βου-

1852 4638 1918 4691 ad
1959 4638 2062 4690 hoc
2098 4633 2279 4687 idonei
2317 4643 2525 4695 essent,
2556 4630 2868 4702 desertores
2905 4642 3099 4682 omnes
3132 4627 3288 4678 vivos
3330 4641 3425 4678 ca--

1853 4731 1932 4800 pit
1960 4736 2012 4781 et
2045 4729 2096 4780 in
2133 4740 2408 4780 carcerem
2471 4723 2657 4775 ll'tldit.
2705 4721 2971 4788 Spectatus
3015 4733 3146 4771 vero
3187 4732 3294 4786 qua
3331 4716 3429 4769 de-

1856 4833 2001 4870 tutttn
2037 4817 2247 4868 ratione
2285 4822 2340 4868 et
2369 4831 2400 4865 ιι
2436 4813 2719 4866 tribulium
2763 4810 2909 4864 Ctede
2955 4809 3270 4877 impollutas
3315 4823 3431 4860 ma-

1857 4927 1959 4964 nus
2006 4917 2272 4973 servaret,
2319 4917 2372 4960 et
2402 4905 2628 4974 reliquis
2664 4903 2930 4972 remigum
2960 4918 3119 4970 quem
3154 4917 3252 4970 par
3286 4907 3431 4954 esset

1852 5007 2101 5059 timorem
2159 5001 2447 5062 iucoteret,
2493 5013 2559 5049 ne
2599 4996 2782 5050 mollis
2836 5010 3026 5048 eorum
3085 4992 3323 5047 defectio
3373 4991 3427 5043 itt

1849 5097 2162 5164 exemplum
2219 5093 2341 5146 aliis
2391 5089 2605 5144 cederet
2657 5089 2950 5158 pluresque
3004 5085 3085 5140 sic
3123 5085 3432 5138 desertores

1852 5208 1915 5244 ac
1954 5185 2229 5257 elanguidi
2285 5197 2592 5252 segnesque
2655 5182 2893 5243 fierent,
2952 5175 3426 5246 sapientissimum

1853 5283 2013 5354 303
2033 5282 2133 5334 init
2165 5277 2482 5331 consilium.
2503 5273 2710 5342 Neu-pe
2738 5271 3096 5325 excubiarum
3129 5267 3434 5334 drungario

1855 5377 2100 5448 praecipit
2133 5382 2190 5424 ut
2221 5373 2526 5424 vinctorum
2561 5368 2615 5420 iu
2652 5364 2904 5434 pratturio
2933 5377 2998 5416 ac
3032 5361 3430 5423 tnalelicorum,

1855 5472 1907 5524 in
1952 5483 2092 5537 quos
2127 5466 2306 5532 legum
2348 5460 2644 5515 severitate
2673 5458 2778 5508 lata
2809 5455 3006 5524 capitis
3033 5453 3306 5508 sententia
3337 5453 3430 5516 sit,

1438 5631 1672 5688 VARHS
1715 5626 2118 5690 LECTIUNES.

237 5777 302 5810 τι

237 5777 302 5810 ’³
331 5775 451 5846 γὰρ
490 5791 602 5830 om.
647 5777 703 5830 Ρ.
783 5774 830 5806 ’⁸
862 5776 1011 5842 ἡνίου
1042 5775 1146 5832 Al’.

129 5863 233 5900 νος
283 5846 351 5900 Ρ.
439 5846 485 5880 ⁸³
518 5845 921 5900 ἀποπέμπειν.

439 5846 485 5880 ³³
518 5847 838 5916 ἀποπέμπει
862 5845 921 5902 ι’.

1223 5777 1269 5808 ⁸⁶
1306 5775 1436 5846 πρὸς
1470 5779 1594 5841 τοὺς
1618 5776 1850 5848 λέϐητας
1888 5774 1949 5831 Ρ.

2045 5772 2086 5803 δι
2120 5764 2403 5832 divam-{02;
2443 5762 2504 5824 Δ,
2541 5757 2812 5829 ἀναλόγας
2840 5757 2900 5812 P.
3009 5754 3052 5786 ⁸³
3080 5753 3432 5818 exsuscita-
