3994 6220
271 380 353 443 329
1310 392 1458 451 LIB.
1498 393 1570 453 Υ.
1602 418 1661 425 --
1706 393 1792 449 BA

1897 392 2058 451 LIUS
2079 393 2403 453 MACEDO.

3380 399 3483 454 330

267 494 510 567 Θρησκείαν
556 495 825 551 ἑλκόντων
866 504 1370 573 προσεπαγόμενον.
1408 504 1664 569 Ἔνωθεὶς
1698 506 1789 559 οὖν

1897 508 2041 561 diuis
2079 508 2417 577 obiitopcra.
2446 504 2726 562 Continuo
2757 505 2904 559 enim
2934 502 3249 560 Amantium
3287 503 3481 557 urbem

261 584 571 654 όΝικηφόρος
602 589 723 650 ταῖς
754 589 893 658 μετὰ
944 592 1220 660 Στεφάνου
1241 595 1283 625 ⁸⁷
1312 596 1575 667 δυνάμεσι
1627 598 1799 652 πολλὰ

260 680 341 733 καὶ
358 680 606 742 συνέσεως
636 680 773 751 ἔργα
808 685 902 735 καὶ
935 684 1239 757 πολεμικῆς
1278 689 1499 759 ἀνδρίας
1531 692 1628 744 καὶ
1671 708 1765 759 γεν
1785 722 1796 732 -

256 773 491 842 ναιότητος
534 774 876 842 ἀπεδείξατο.
915 778 1028 847 Τήν
1053 796 1111 831 τε
1152 782 1261 853 γὰρ
1306 783 1464 837 πόλιν
1500 784 1798 854 Ἀμαντίας

254 863 740 936 εὐθὺςὲχειρὼσατο,
766 870 891 933 τοὺς
912 870 1373 943 ἀντιταξαμένους
1396 876 1625 947 ἐχθροὺς
1650 878 1797 947 φόνῳ

253 955 397 1026 πολλῷ
416 957 775 1028 τρεψάμενος,
814 963 905 1014 καὶ
943 963 1005 1016 τὸ
1040 966 1277 1036 κάστρον
1330 967 1359 1020 ὃ
1402 968 1622 1040 Τρόπας
1662 987 1797 1022 κατ-

249 1050 522 1119 ωωμάζετο
543 1052 634 1103 καὶ
658 1053 717 1105 τὸ
732 1055 831 1123 τῆς
863 1056 1051 1123 Ἀγίας
1066 1059 1365 1131 Σευηρίνης
1383 1062 1520 1133 πρὸς
1542 1064 1641 1133 τὴν
1665 1081 1798 1133 προ-

246 1143 383 1214 τέραν
398 1144 710 1198 δεσποτείαν
735 1149 834 1216 τῆς
867 1148 1185 1222 Ῥωμαῖκῆς
1219 1155 1392 1225 ἀρχῆς
1430 1156 1794 1226 μετηγὰγετο,

246 1237 323 1288 καὶ
378 1238 571 1307 μάχαις
620 1238 811 1303 ἄλλαις
868 1242 964 1295 καὶ
1019 1247 1360 1315 παρατάξεσι
1403 1250 1532 1312 τοὺς
1583 1251 1649 1303 ἐκ
1698 1250 1797 1318 τῆς

246 1329 397 1399 Ἀγαρ
420 1328 697 1396 νενίκηκε,
723 1331 816 1382 καὶ
844 1335 955 1395 τοῖς
980 1333 1037 1398 ἐξ
1060 1335 1240 1389 αὐτῶν
1270 1336 1532 1408 λαφύροις
1564 1338 1655 1393 τὸν
1704 1340 1795 1392 ὑπ’

239 1421 382 1473 αὐτὸν
404 1423 629 1490 στρατὸν
652 1422 844 1493 ἱκανῆς
880 1425 1148 1495 ὡφελείας
1173 1429 1458 1501 ἐνέπλησε.
1491 1433 1601 1485 Καὶ
1623 1433 1796 1487 ταῦτα

238 1512 347 1580 μὲν,
371 1512 464 1575 ἕως
487 1514 515 1563 ό
546 1514 602 1565 ἐν
639 1512 953 1584 βασιλεῦσιν
1001 1518 1244 1586 ἀοίδιμος
1285 1521 1382 1590 ἔζη
1413 1522 1718 1589 Βασίλειος,
1766 1526 1795 1579 ὁ

233 1603 356 1674 ἀνὴρ
405 1605 816 1676 κατεπράξατο·
877 1610 945 1660 τὰ
1003 1611 1059 1663 δέ
1125 1610 1380 1667 λείποντα
1448 1615 1795 1687 προσέθηκεν

234 1695 436 1767 ὕστερον
464 1697 555 1749 ἐπὶ
583 1697 675 1750 τοῦ
709 1702 1018 1769 πραοτάτου
1050 1704 1146 1757 καὶ
1175 1706 1495 1774 σοφωτάτου
1526 1707 1795 1778 βασιλέως

232 1792 463 1845 ἁπάντων
490 1793 535 1821 ’³
564 1792 792 1858 Λέοντος
822 1794 916 1847 τοῦ
966 1796 1177 1849 ἐκείνου
1232 1799 1275 1829 ¹⁹
1319 1797 1457 1853 υίοῦ.
1515 1800 1578 1853 Εἰ
1631 1799 1793 1871 δὲμὴ

229 1882 549 1952 συνημμέναι
578 1886 691 1946 τοῖς
734 1887 947 1955 χρόνοις
975 1888 1234 1959 ἀλλήλαις
1260 1891 1315 1943 αἱ
1347 1892 1522 1961 μάχαι
1568 1891 1798 1963 ἐτύγχαο

226 1990 324 2038 νον,
344 1972 424 2045 μ).
451 1973 775 2048 195]ῶσπερ
802 1974 895 2031 οὖν
926 1980 957 2049 ἡ
990 1980 1267 2051 διήγησις,
1301 1982 1418 2036 ἀλλ’
1442 1985 1593 2054 ὅμως
1615 1986 1795 2038 Erret”

223 2064 491 2136 ὀὲκὰστης
545 2067 805 2137 πράξεως
865 2070 1102 2141 ἀκριϐὴς
1153 2074 1403 2143 ἠγνοεῖτο
1436 2074 1649 2146 χρόνος,
1704 2076 1794 2130 διὰ

219 2154 376 2207 τοῦτο
426 2157 545 2225 μίαν
604 2160 746 2212 κατὰ
797 2160 897 2233 τὴν
957 2164 1294 2231 ἐπαγγελίαν
1364 2165 1518 2233 τάξιν
1576 2167 1796 2231 ἐδέξατο

223 2246 447 2303 ἅπαντα.
481 2251 583 2303 Καὶ
610 2251 681 2304 τὰ
718 2253 817 2323 μὲν
871 2255 928 2307 ἐν
963 2256 1222 2326 πολέμοις
1251 2258 1295 2289 ¹¹
1332 2261 1796 2332 καταπραχθέντα

1903 600 2066 670 cepit,
2102 600 2271 655 multa
2320 609 2503 672 strage
2550 599 2687 655 fusis
2721 598 3034 671 fugatisque
3060 598 3350 662 hostibus;
3398 612 3486 650 ar-

1901 707 2128 761 cemque
2157 690 2366 762 Trepas
2389 700 2443 745 et
2475 700 2719 745 sanctam
2750 690 3065 745 Severinam
3095 690 3160 743 ad
3192 690 3483 760 pristinum

1902 784 2115 853 imperii
2151 783 2382 839 Romani
2425 785 2728 838 dominium
2776 782 3029 849 reduxit;
3067 782 3299 853 aliisque
3347 796 3483 853 prae-

1900 876 1989 933 liis
2048 894 2113 932 ac
2167 876 2617 932 dimicationibus
2663 875 3037 943 Agarenorum
3092 875 3267 929 victor
3328 874 3483 936 exiit,

1900 978 2063 1039 atque
2092 985 2282 1024 eorum
2312 969 2501 1038 spoliis
2545 967 2784 1033 abunde,
2816 982 2978 1037 quem
3009 966 3244 1021 ducebat
3271 964 3483 1020 exerci-

1903 1072 2039 1125 tum,
2070 1062 2337 1116 recreavit
2393 1071 2558 1130 atque
2604 1057 2819 1113 ditavit.
2886 1058 2953 1111 Et
2994 1057 3109 1112 haec
3155 1056 3374 1126 quidem
3427 1056 3482 1110 in

1900 1153 2037 1207 vivis
2059 1161 2251 1221 agente
2280 1152 2493 1223 inclytae
2516 1149 2796 1204 memoriae
2812 1148 3013 1203 Basilio
3044 1149 3375 1218 imperatore
3400 1146 3485 1201 vir

1900 1245 1988 1298 ille
2028 1245 2223 1316 gessit;
2269 1244 2478 1315 reliqua
2510 1243 2614 1297 sub
2646 1241 2943 1296 mitissimo
2962 1240 3480 1310 sapientissimoque

1900 1335 2083 1391 Leone
2130 1336 2462 1405 imperatore
2511 1334 2631 1404 ejus
2671 1333 2782 1388 ﬁlio
2832 1341 3021 1403 postea
3074 1330 3295 1401 adjecit.
3365 1328 3478 1385 Etsi

1899 1437 2081 1483 autem
2135 1442 2244 1481 non
2280 1426 2404 1481 aliae
2457 1426 2581 1480 aliis
2638 1435 2885 1495 tempore
2934 1422 3232 1493 conjuncto
3286 1436 3483 1492 pugnae

1898 1520 2259 1585 exstiterunt,
2291 1518 2517 1589 perinde
2546 1532 2609 1572 ac
2640 1517 2761 1571 illas
2788 1515 3013 1587 digessit
3044 1515 3292 1569 insdtuta
3325 1513 3485 1568 nobis

1897 1612 2138 1667 narratio
2168 1629 2183 1679 ;
2219 1611 2364 1681 quod
2395 1617 2575 1664 tamen
2604 1609 3036 1677 uniuscujusque
3057 1614 3222 1675 gestae
3240 1606 3315 1658 rei
3338 1618 3483 1675 prte-

1896 1700 2121 1771 stitique
2151 1700 2412 1756 facinoris
2452 1708 2705 1755 exactum
2728 1706 2943 1766 tempus
2984 1697 3292 1768 ignoretur,
3355 1711 3484 1767 pro-

1904 1804 2089 1866 pterea
2113 1808 2225 1849 uno
2252 1793 2443 1850 ordine
2462 1793 2673 1863 singula
2701 1790 3117 1862 conjungentes,
3146 1790 3224 1844 uti
3247 1787 3482 1862 professi

1828 1858 1870 1913 Β
1900 1858 2142 1950 eramus,
2176 1858 2575 1955 disposuimus.
2628 1882 2705 1936 Ac
2736 1858 2957 1951 quidem
2994 1881 3137 1937 bello
3172 1858 3325 1952 gesta
3365 1888 3481 1936 tum

1901 1994 2003 2061 per
2019 1978 2259 2047 seipsum
2291 1985 2407 2029 tum
2439 1989 2533 2044 per
2561 1973 2767 2043 legatos
2804 1970 3006 2026 Basilio
3036 1968 3200 2043 315
3244 1971 3482 2041 impera-

1901 2073 2030 2139 tori,
2062 2080 2212 2126 terra
2256 2082 2411 2139 reque
2433 2076 2486 2122 et
2530 2065 2689 2132 mari,
2725 2065 2777 2119 in
2809 2064 3030 2119 Oriente
3065 2072 3117 2118 et
3163 2062 3483 2125 Occidente,

1900 2178 2243 2237 quaecunque
2274 2161 2329 2215 in
2365 2159 2612 2214 notitiam
2660 2173 2835 2213 meam
2885 2163 3178 2223 venerunl,
3217 2154 3331 2212 lucc
3372 2151 3485 2207 fere

1900 2275 1965 2313 ac
1994 2258 2118 2312 talia
2147 2264 2294 2310 sunt.

216 2340 301 2393 δια
326 2357 379 2391 τε
402 2342 642 2394 adeo?“
676 2347 770 2397 καὶ
791 2344 881 2398 διὰ
909 2346 1019 2400 τῶν
1037 2348 1467 2421 ὑποστρατήγων
1498 2353 1763 2425 Βασιλείῳ
1792 2353 1869 2425 τῷ
1901 2349 2131 2423 βασιλεῖ,
2166 2350 2266 2402 ὅσα
2291 2351 2369 2412 εἰς
2394 2348 2532 2419 ἐμὴν
2571 2346 2807 2415 ἔφθασεν
2826 2345 2998 2397 ἐλθεῖν
3029 2342 3196 2413 ἀκοὴν
3223 2383 3237 2407 ,
3272 2342 3359 2395 διά
3423 2345 3482 2392 τε

216 2436 310 2504 τῆς
334 2431 496 2503 ξηρᾶς
526 2437 617 2488 καὶ
669 2438 842 2507 ὑγρᾶς
896 2439 1038 2492 κατά
1101 2440 1391 2513 ’Δνατολὴν
1445 2444 1539 2498 καὶ
1591 2445 1777 2513 Δύσιν,
1813 2444 2040 2499 τοιαῦτα.
2069 2444 2164 2496 καὶ
2188 2441 2430 2495 τοσαῦτα
2462 2440 2785 2509 ἐτύγχανεν.

283 2524 373 2595 οβ’.
405 2526 522 2596 Χρὴ
558 2526 613 2579 δέ
667 2526 822 2591 αὖθις
854 2528 944 2581 τὸν
986 2528 1143 2597 λόγον
1174 2533 1507 2604 ἀναδραμεῖν
1553 2536 1647 2589 ἐπὶ
1675 2536 1778 2598 τὰς

215 2618 434 2688 πράξεις
466 2618 683 2682 ἐκείνας
710 2612 785 2673 ὧν
812 2621 1115 2693 αὐτουργὸς
1144 2625 1170 2677 ὁ
1199 2624 1457 2696 βασιλεὺς
1483 2628 1789 2700 ἐχρημάτι-

211 2709 319 2776 ζεν,
353 2713 446 2764 καὶ
485 2711 854 2783 διηγήσασθαι
886 2714 931 2744 ³³
959 2716 1110 2779 ὅπως
1154 2717 1240 2769 ἀεὶ
1290 2720 1401 2783 τοῖς
1446 2723 1649 2784 κοινοῖς
1703 2722 1790 2773 ἐν-

216 2801 615 2872 ασχολοὺμενος
674 2804 962 2875 πράγμασι
994 2810 1089 2861 καὶ
1115 2808 1162 2839 ⁸³
1210 2809 1348 2880 πρὸς
1372 2810 1473 2881 τὴν
1515 2813 1789 2886 κοσμικὴν

205 2894 530 2963 ἐπιμέλειαν
579 2897 887 2967 τεταμένην
928 2898 1067 2969 ἔχων
1106 2900 1375 2972 διηνεκῶς
1416 2904 1515 2974 τὴν
1550 2904 1792 2958 διάνοιαν

204 2985 394 3038 ἄλλοτε
426 2986 527 3055 μὲν
558 2987 626 3038 τὰ
658 2988 792 3058 πρὸς
817 2988 876 3041 τὺ
912 2990 1029 3044 δέον
1056 2995 1124 3064 τῇ
1156 2993 1388 3066 ἔμφρονι
1420 2998 1794 3070 μεταχειρίσει

204 3077 574 3147 κατηύθυνεν,
604 3080 793 3133 ἄλλοτε
835 3082 891 3136 δὲ
924 3083 1023 3154 τὴν
1055 3085 1224 3156 ἀκοὴν
1258 3087 1502 3143 ὑπετίθει
1550 3092 1645 3143 καὶ
1676 3093 1795 3145 ἐπι-

204 3169 386 3238 μελῶς
422 3171 664 3242 ἠκροᾶτο
705 3175 996 3245 ἱστορικῶν
1022 3194 1083 3230 τε
1120 3177 1480 3248 διηγημάτων
1512 3180 1605 3234 καλ⁵
1638 3182 1792 3235 πολι-

1973 2534 2060 2586 72.
2098 2531 2365 2587 Recurrat
2396 2544 2560 2600 porro
2592 2527 2771 2583 oratio
2796 2542 3023 2582 necesse
3048 2534 3132 2580 est
3154 2523 3221 2579 ad
3258 2540 3352 2579 cas
3386 2539 3483 2579 ac-

1900 2626 2076 2681 tiones
2110 2639 2343 2694 quarum
2371 2623 2488 2693 ipse
2511 2636 2607 2692 per
2647 2635 2704 2676 se
2746 2620 3043 2689 imperator
3080 2626 3274 2672 auctor
3313 2615 3484 2671 exsti-

1898 2715 2000 2780 tit;
2053 2721 2348 2783 narretque
2394 2708 2855 2781 quemadmodum
2888 2708 2978 2763 ille
3000 2706 3233 2779 publicis
3266 2721 3482 2775 semper

1899 2808 2063 2864 rebus
2086 2822 2306 2872 vacans,
2342 2807 2506 2877 inque
2538 2804 2724 2860 mundi
2749 2819 2935 2859 curam
2959 2801 3218 2857 continue
3234 2802 3479 2856 animum

1898 2901 2168 2957 intentum
2204 2901 2429 2977 habens,
2452 2898 2614 2954 modo
2639 2897 2855 2968 quidem
2878 2894 3131 2965 prudenti
3155 2893 3480 2950 tractatione

1901 2992 1969 3047 ad
2022 2992 2238 3047 honesti
2273 2992 2526 3062 aequique
2579 2990 2743 3045 finem
2797 2988 3076 3058 dirigeret,
3130 2987 3295 3042 modo
3350 3002 3481 3045 vero

1901 3100 2090 3140 aurem
2126 3084 2573 3141 accommodaret
2598 3083 2933 3157 .audirelque
2958 3081 3152 3137 scdulo
3181 3080 3478 3138 historicas

1904 3178 2246 3233 narrationes
2288 3184 2341 3230 et
2373 3176 2593 3245 politica
2635 3175 2960 3229 documenta
3001 3176 3350 3245 moralesque
3392 3175 3480 3230 in-

199 3262 373 3315 τικῶν
404 3264 889 3335 παραγγελμάτων
923 3269 1019 3322 καὶ
1043 3269 1253 3341 ἠθικῶν
1280 3271 1671 3343 παιδευμάτων
1698 3276 1792 3327 καὶ

1901 3269 2250 3331 structiones,
2287 3269 2510 3323 Patrum
2543 3266 2780 3337 denique
2816 3282 2880 3321 ac
2917 3266 3179 3335 spiritalia
3220 3267 3481 3323 adhorta-

201 3356 492 3425 πατρικῶν
523 3374 584 3409 τε
642 3358 739 3410 καὶ
793 3364 1185 3431 πνευματικῶν
1234 3364 1658 3435 νουθετημάτων
1699 3367 1796 3418 καὶ

198 3446 568 3517 εἰσηγήσεων,
622 3446 809 3500 ἄλλοτε
859 3448 917 3504 δὲ
969 3452 1065 3505 καί⁵
1110 3451 1210 3520 τὴν
1241 3454 1403 3522 χεῖρα
1448 3454 1586 3525 πρὸς
1625 3454 1716 3508 τὸν
1747 3455 1794 3487 ’⁵

193 3541 476 3610 γραφικόν
529 3541 847 3607 ἐξεπαίδευε
899 3544 993 3597 καὶ
1042 3545 1349 3615 κατηύθυνε
1388 3547 1656 3619 κάλαμον,
1697 3550 1791 3602 καὶ

191 3632 288 3684 νῦν
327 3632 435 3701 μὲν
490 3634 819 3704 στρατηγῶν
856 3652 917 3688 τε
967 3637 1063 3689 καὶ
1113 3638 1537 3709 αὐτοκρατόρων
1580 3640 1789 3713 ἀνδρῶν

192 3722 298 3791 {fit}
334 3722 438 3776 καὶ
472 3722 627 3793 βίους
651 3726 744 3777 καὶ
774 3726 1178 3798 μεταχειρίσεις
1209 3728 1552 3801 πραγμάτων
1577 3732 1672 3786 καὶ
1698 3751 1793 3787 πο-

186 3816 463 3885 λεμικοὺς
512 3816 731 3883 ἀγῶνας
777 3818 1127 3889 διηρευνᾶτο,
1175 3822 1269 3874 καὶ
1317 3824 1673 3889 ἀνασκοπῶν,
1726 3826 1793 3880 τὰ

185 3910 479 3975 κράτιστα
513 3907 722 3963 τούτων
764 3910 860 3963 καὶ
896 3912 1268 3983 ἐπαινούμενα
1304 3913 1684 3985 ἐκλεγόμενος,
1714 3919 1793 3981 εἰς

181 4000 413 4061 οἰκείας
438 4000 674 4073 πράξεις
696 4002 995 4069 ἐσπούδαζε
1014 4004 1113 4075 τὴν
1136 4004 1367 4075 μίμησιν
1379 4007 1791 4071 κατατίθεσθαι,

188 4091 287 4143 νῦν
322 4092 387 4145 δέ
414 4092 534 4146 τῶν
560 4095 620 4147 ἐν
647 4097 713 4166 τῇ
748 4095 891 4151 κατὰ
916 4096 1048 4149 Θεὸν
1075 4097 1274 4170 ἀρίστη
1302 4099 1547 4172 πολιτείᾳ
1571 4101 1794 4171 διαπρε-

178 4185 420 4251 ψάντων
441 4187 660 4258 ἀνδρῶν
687 4191 811 4254 τοὺς
836 4189 984 4260 βίους
1008 4190 1283 4262 ἐπιμελῶς
1302 4192 1734 4264 καταμανθάνων
1748 4195 1792 4228 ’⁸

178 4280 279 4329 καὶ
302 4279 411 4343 τὰς
436 4278 674 4348 ἀλόγους
697 4282 876 4353 ὁρμὰς
897 4283 995 4351 τῆς
1025 4281 1203 4353 ψυχῆς
1226 4283 1608 4354 περιέκοπτεν,
1632 4285 1792 4339 αὑτὸν

177 4370 392 4423 ἑαυτοῦ
423 4370 703 4423 δεικνύειν
730 4371 929 4425 ἐθέλων
955 4372 1061 4443 πρὸ
1088 4374 1197 4427 τῶν
1217 4376 1372 4438 ἐκτὸς
1390 4376 1789 4446 αὐτοκράτορα,

176 4463 279 4514 καὶ
341 4463 562 4532 πολλὴν
608 4463 860 4517 ἐντεῦθεν
893 4466 938 4496 ³⁸
987 4466 1305 4538 ἐκαρποῦτο
1351 4467 1664 4535 ὠφείλειαν.
1700 4468 1793 4521 Διὸ

173 4554 279 4604 xui.
327 4554 471 4617 τοὺς
510 4553 593 4610 ἔτι
638 4554 716 4625 τῷ
754 4555 854 4625 βίῳ
886 4558 1177 4628 περιόντας
1217 4558 1327 4611 τῶν
1374 4558 1662 4628 μακαρίων
1692 4560 1790 4612 άν-

172 4641 355 4711 δρῶν,
406 4646 525 4697 τῶν
556 4646 656 4717 τὴν
707 4647 869 4701 ἆῦλον
924 4648 1202 4702 πολιτείαν
1255 4648 1566 4715 διαζώντων
1615 4654 1672 4704 ἐν
1717 4654 1783 4722 τῇ

172 4736 388 4790 ὑλώὸει
420 4738 604 4809 ταύτῃ
649 4739 762 4811 ζωῇ
806 4740 900 4793 καὶ
948 4741 1255 4811 πολίτευμα
1307 4742 1697 4813 μεταθεμένων
1728 4746 1786 4798 ἐν

167 4828 476 4899 οὐρανοῖς,
527 4834 819 4904 γνωρίζειν
866 4838 961 4888 καὶ
1015 4836 1372 4906 ἐντυγχάνειν
1424 4837 1519 4890 καὶ
1575 4838 1786 4908 ὁμιλεῖν

163 4921 436 4976 ἐποιεῖτο
475 4925 523 4955 ³⁷
554 4928 678 4996 περὶ
708 4926 905 4979 πολλοῦ
938 4928 1031 4980 καὶ
1072 4929 1131 4979 ἐν
1159 4929 1371 5000 μεγάλῃ
1405 4930 1650 5000 φροντίδι
1679 4931 1786 4984 ἐτί-

157 5011 323 5067 θετο.
385 5016 535 5069 ’Υττὸ
571 5018 630 5070 δὲ
659 5019 757 5088 τῆς
789 5020 931 5087 ἄγαν
953 5019 1241 5084 εὐλαϐείας
1267 5024 1313 5053 ’⁸
1338 5023 1399 5074 οὐ
1432 5023 1569 5092 πρὸς
1593 5025 1789 5077 ἐαυτὸν

152 5103 389 5167 αὖτοὺς
429 5109 844 5177 μετεστέλλετο,
871 5111 985 5164 ἀλλ’
1018 5112 1174 5164 οὐδὲν
1198 5112 1290 5165 τον
1318 5113 1594 5183 βασιλικὸν
1619 5116 1785 5184 ὄγκον

142 5194 481 5268 τιθέμενος
522 5200 739 5266 ἐϐάδιζε
767 5204 905 5274 πρὸς
936 5206 1157 5270 αὐτοὺς,
1190 5207 1286 5259 καὶ
1336 5207 1443 5259 τῶν
1473 5208 1649 5279 εὐχῶν
1687 5210 1785 5262 αὐ-

137 5288 265 5342 τῶν
336 5292 761 5365 μετελάγχανε,
798 5295 893 5351 καί
937 5316 1054 5361 πως
1082 5301 1201 5359 ταῖς
1229 5301 1274 5331 ³³
1321 5298 1380 5363 ἐξ
1420 5301 1602 5355 αὐτῶν
1632 5301 1784 5354 εὐλο-

131 5378 317 5445 γίαις
386 5382 770 5453 ἐστεφανοῦτο
823 5386 917 5440 καὶ
964 5387 1101 5459 πρὸς
1146 5388 1237 5441 τὸν
1293 5389 1434 5443 θεῖον
1468 5392 1784 5461 ἐστηρίζετο

130 5469 335 5533 ᾩέεσν
382 5475 493 5528 καὶ
522 5478 658 5530 ποὸ-
702 5479 773 5531 τὰ
802 5478 897 5533 τοῦ
946 5480 1084 5535 Θεοῦ
1128 5482 1475 5538 δικαιώματα
1509 5484 1781 5556 κατηυθὺ-

1897 3371 2079 3414 menta
2115 3370 2170 3415 et
2206 3358 2655 3426 admonitiones;
2702 3357 2869 3413 modo
2907 3357 3071 3413 etiam
3127 3373 3353 3413 manum
3409 3359 3479 3412 ad

1895 3452 2250 3507 scribendum
2301 3451 2546 3508 erudiret
2593 3452 2979 3522 calamumque
3044 3451 3329 3519 dirigeret;
3413 3467 3478 3507 ac

1895 3546 2059 3601 modo
2099 3546 2321 3617 quidem
2362 3553 2659 3617 pratorum
2718 3559 2780 3600 ac
2838 3546 3233 3616 imperatorum
3298 3560 3478 3601 more:

1895 3638 2145 3709 vitasque
2172 3646 2228 3694 et
2254 3653 2438 3694 rerum
2494 3638 2872 3710 aggressiones
2931 3638 3235 3709 bellicaque
3298 3649 3476 3695 certa-

1894 3732 2045 3786 mina
2084 3731 2298 3787 rimans
2340 3744 2406 3785 ac
2438 3730 2764 3802 dispiciens,
2803 3746 2868 3786 ex
2911 3729 2991 3785 eis
3016 3731 3476 3800 praestantissima

1894 3823 2227 3894 laudemque
2259 3822 2524 3880 habentia
2556 3824 2791 3894 seligeus
2818 3825 2871 3878 in
2900 3838 3029 3878 suas
3063 3824 3309 3880 actiones
3351 3825 3479 3881 imi-

1896 3912 2163 3967 tationem
2202 3911 2499 3968 transferre
2520 3913 2800 3978 studeret;
2831 3912 2993 3967 modo
3018 3921 3202 3967 autem
3232 3913 3474 3967 virorum

1894 4003 1988 4073 qui
2009 4002 2217 4072 optima
2249 4004 2373 4058 vita
2394 4003 2683 4075 disciplina
2718 4003 2974 4074 religiosa
3003 4003 3215 4073 pietate
3241 4004 3475 4060 claruis-

1894 4103 2020 4151 sent
2034 4092 2178 4147 ritas
2197 4090 2491 4162 diligenter
2504 4091 2863 4162 perdisceret,
2886 4091 3167 4163 animique
3184 4093 3473 4163 appetitio-

1894 4208 1992 4247 nes
2015 4205 2045 4245 a
2078 4186 2295 4242 ratione
2316 4184 2677 4241 abhorrentes
2708 4185 3073 4252 exscinderet,
3098 4186 3275 4256 ipsum
3303 4201 3363 4241 se
3386 4187 3471 4241 sui

1894 4286 2075 4358 potius
2092 4298 2257 4354 quam
2280 4280 2628 4338 subditorum
2651 4281 3036 4350 imperatorem
3062 4294 3357 4351 regemque
3378 4294 3476 4335 εισι

1896 4376 2081 4431 bibere
2093 4383 2372 4446 satagens,
2388 4370 2624 4441 indeque
2638 4370 2865 4425 multam
2886 4370 3055 4425 animi
3074 4370 3364 4426 utilitatem
3380 4385 3476 4442 pa-

1894 4479 2062 4523 raret.
2077 4468 2420 4538 Quapropter
2442 4466 2605 4520 etiam
2624 4464 2816 4517 beatos
2837 4462 2985 4517 viros
3007 4464 3183 4517 adhuc
3202 4463 3472 4532 supersti-

1898 4571 1998 4625 tes,
2019 4563 2225 4631 quique
2245 4560 2299 4615 in
2320 4567 2538 4614 terrena
2560 4558 2662 4611 hac
2678 4556 2787 4610 vita
2809 4555 2944 4612 nihil
2966 4564 3240 4610 terrenum
3262 4557 3471 4613 haben.

1897 4663 2003 4709 tem
2026 4656 2187 4708 vitam
2209 4653 2523 4716 instituant,
2546 4666 2609 4705 ac
2626 4650 2719 4722 qui
2744 4649 2800 4704 in
2836 4648 3007 4704 cados
3032 4648 3157 4704 vitae
3181 4664 3294 4705 sua:
3310 4649 3471 4722 315

1893 4746 2132 4800 rationes
2162 4760 2228 4799 ac
2258 4744 2653 4814 municipatum
2674 4741 3070 4806 transtulerint,
3099 4750 3326 4798 nosseet
3346 4758 3471 4797 cum

1888 4839 1969 4895 eis
1997 4837 2253 4908 congredi
2288 4851 2352 4891 ac
2384 4849 2693 4890 sermonem
2732 4832 2965 4888 miscere
3010 4833 3181 4904 pluris
3207 4831 3467 4903 faciebat,

1890 4932 2121 5003 ejusque
2144 4930 2223 4986 rei
2258 4945 2453 4999 magna
2485 4927 2966 4993 tenebatur-cura;
2995 4941 3105 4997 qua
3142 4936 3326 4983 tamen
3355 4930 3469 4985 sin—

1893 5024 2068 5094 gulari
2105 5023 2160 5077 in
2186 5036 2282 5077 eos
2306 5021 2503 5090 pietate
2530 5018 2846 5085 ducebatur,
2876 5032 2983 5073 non
3004 5033 3099 5075 eos
3114 5019 3182 5074 ad
3209 5036 3268 5075 se
3290 5036 3473 5076 accer-

1893 5115 2067 5176 sebat,
2112 5113 2204 5169 scd
2240 5113 2417 5184 posita
2473 5120 2764 5181 spretaque
2827 5110 3115 5180 majestate
3150 5112 3365 5182 imperii
3407 5127 3468 5168 se

1894 5208 2009 5278 ipse
2030 5205 2095 5261 ad
2118 5206 2239 5262 illos
2263 5203 2599 5270 conferebat,
2644 5204 2711 5259 ab
2743 5204 2934 5274 eisque
2969 5203 3220 5274 precibus
3266 5204 3468 5275 impar-

1892 5300 2151 5365 tiebatur,
2193 5312 2499 5368 eorumque
2536 5298 3022 5353 benedictionibus
3077 5298 3225 5352 velut
3263 5312 3466 5354 corona

1890 5393 2230 5463 cingebatur,
2278 5391 2576 5462 divinaque
2620 5391 2815 5445 timore
2841 5389 3270 5445 conﬁrmabatur
3318 5399 3372 5445 et
3399 5393 3465 5446 ad

1893 5482 2428 5553 Deijustitlcatioues
2476 5481 2835 5551 dirigebatur,
2885 5479 3124 5551 hincque
3168 5494 3382 5552 semper
3412 5481 3464 5535 in

1516 5622 1745 5679 VARIA‘J
1782 5622 2181 5680 LECTIONES.

197 5700 257 5771 ξτ
298 5699 626 5771 Στέφανον
660 5709 728 5761 Α.

127 5768 213 5822 τοῦ
284 5772 383 5825 Α.
458 5768 662 5831 "’Btn

743 5796 881 5844 σεως
905 5784 973 5836 Α.
1076 5786 1229 5840 “atati
1258 5801 1371 5841 om.
1401 5790 1463 5842 Α.

481 5937 764 6004 Parum.
818 5942 938 6005 Gn.
987 5943 1152 6009 CIX.

808 5710 855 5743 "
880 5711 1136 5766 ἁπάντων
1171 5731 1281 5769 om.
1317 5716 1375 5770 P.
1456 5718 1498 5749 ι’
1523 5720 1757 5773 ἐκείνου.
1785 5719 1988 5773 οἰκείου
2020 5718 2079 5773 P.
2157 5720 2225 5773 ‘°.:
2250 5716 2372 5769 ἐπεὶ
2421 5730 2531 5770 οιη.
2587 5717 2653 5772 Α.

178 5789 213 5853 γ
284 5789 345 5825 A
366 5812 383 5825 .
504 5789 548 5807 "
576 5789 881 5901 διηγησεως
905 5789 973 5836 A.
1076 5789 1229 5840 "xa't
1258 5801 1371 5841 om.
1401 5790 1463 5842 Α.
1571 5790 1615 5821 ’δ
1640 5790 1699 5841 τδ
1730 5789 1837 5844 AP.

178 5843 421 5897 εποῖει
465 5842 536 5901 Ρ.
613 5822 661 5880 ’δ
686 5865 712 5901 ε
750 5849 971 5916 λαδείας
1006 5854 1066 5906 οὐ
1098 5870 1210 5912 om.
1238 5858 1296 5911 Λ.
1380 5859 1422 5888 ”
1461 5860 1579 5921 ταῖς
1602 5876 1710 5912 om.
1747 5860 1809 5913 Α.

2731 5716 2777 5748 ’⁸
2826 5714 3050 5786 πολέμῳ
3079 5714 3139 5770 Ρ.
3239 5717 3303 5746 ¹¹⁹
3334 5717 3462 5786 ἐαρ-

1951 5758 1988 5771 ,,
2021 5758 2035 5772 .
2066 5759 2079 5773 ,
2202 5758 2372 5802 ην.-.
2424 5758 2531 5770 νη..
2713 5787 2725 5799 ,
2832 5758 3049 5797 τρημτ
3079 5758 3097 5770 ,
3125 5758 3139 5769 .
3178 5787 3188 5801 .
3334 5758 3460 5769 ---ι

1951 5792 1993 5823 ’⁸
2023 5787 2431 5861 κατεμανθανεν
2467 5786 2527 5841 Ρ.
2639 5788 2684 5818 ¹⁶
2710 5787 2961 5840 εντευθεν
2999 5787 3237 5857 ψυχικην
3282 5786 3347 5838 ἐκ
3398 5784 3463 5841 Ρ.

3014 5947 3079 6007 11
