3994 6220
181 350 278 414 31‘!

1251 348 1397 407 LIB.
1435 349 1499 407 V.
1524 371 1593 382 ο-
1632 347 1988 408 BASILIUS
2021 349 2349 410 MACEDO.

3327 356 3434 420 318

179 465 294 536 περὶ
344 462 533 518 τούτου
579 463 692 526 τοϊς
722 462 1000 532 πολεμίοις
1049 461 1312 531 αἰφνίδιον
1371 463 1742 532 ἐπιφαίνεται,

1855 463 2083 517 navibus
2113 479 2252 532 opus
2281 464 2553 520 accelerat
2583 503 2597 528 ,
2639 465 2998 536 hostibusque
3021 465 3159 522 nihil
3180 467 3307 522 dum
3331 469 3438 523 tale.

180 559 260 612 καὶ
288 557 522 626 συγχέας
545 556 724 610 αὐτῶν
750 557 827 627 τῷ
849 556 958 608 δέει
989 556 1116 618 τοὺς
1145 557 1442 626 λογισμοὺς
1483 557 1573 610 διά
1600 573 1657 609 τε
1687 556 1746 609 τὸ

178 652 232 704 ἐκ
254 651 350 717 τῆς
381 648 664 720 ,προτέρας
699 648 877 718 μάχης
909 649 1028 712 δέος
1065 649 1158 701 καὶ
1186 649 1272 702 δια
1301 650 1360 701 τὸ
1405 649 1504 717 τῆς
1555 649 1744 716 ἐφόδου

177 740 470 819 ἀπρόοπτον
497 737 584 811 [Ρ.
622 738 744 811 186]
785 739 904 792 ούδέ
939 740 1200 808 συστῆναι
1226 740 1316 791 καὶ
1341 738 1512 808 ἀλκῆς
1538 739 1748 808 μεμνῆ-

179 833 286 885 σθαι
324 827 606 895 παντελῶς
632 832 1040 902 συνεχώρησεν,
1074 833 1210 888 ἀλλὰ
1259 834 1357 896 τὰς
1389 833 1486 901 μὲν
1532 849 1746 901 πυρπο-

177 925 350 996 λήσας.
400 926 495 986 τὰς
524 925 581 976 δὲ
630 924 1057 988 καταποντῶσας
1111 925 1219 976 τῶν
1275 925 1549 994 πολεμίων
1588 925 1744 987 νεῶν,

176 1018 258 1070 καὶ
283 1017 390 1068 τῶν
423 1014 718 1085 βαρϐαρων
751 1017 874 1077 τοὺς
920 1017 1020 1084 μὲν
1068 1014 1273 1067 ἀνελὼν
1305 1015 1382 1084 τῷ
1424 1016 1587 1082 ξίφει,
1621 1016 1746 1078 τοὺς

175 1111 221 1164 δὲ
247 1109 613 1178 ὑποϐρυχίους
639 1109 717 1178 τῷ
747 1109 895 1179 βυθῴ
951 1110 1336 1181 ποιησάμενος,
1365 1109 1458 1161 καὶ
1501 1108 1587 1160 τὸν
1619 1106 1744 1159 τού-

173 1221 265 1256 των
295 1203 544 1272 ἀρχηγὸν
601 1199 828 1267 ἀνελὼν,
878 1202 1005 1265 τοὺς
1034 1203 1253 1265 λοιπούς
1286 1199 1744 1269 διασκεδασθῆναι

173 1295 295 1349 κατᾶ
315 1295 416 1364 τὴν
443 1295 608 1363 νῆσον
637 1295 948 1364 ἠνάγκασεν
968 1310 981 1323 °
1016 1293 1108 1357 οὓς
1137 1293 1478 1363 σαγηνεύσας
1520 1291 1744 1360 ὕστερον

173 1391 252 1443 καὶ
276 1387 510 1456 ζωγρῶν
541 1387 816 1458 διαφόροις
851 1386 1146 1456 τιμωρίαις·
1190 1384 1448 1438 ὑπέϐαλε.
1485 1384 1605 1435 Τῶν
1647 1384 1745 1452 μὲν

173 1480 263 1549 γὰρ
287 1481 336 1510 ’³
373 1479 474 1547 τὴν
502 1480 601 1547 τῆς
628 1478 829 1547 σαρκὸς
870 1480 1087 1531 ἀπέωσε
1119 1477 1305 1548 δορὰν,
1360 1475 1591 1547 μάλιστα
1639 1475 1746 1527 τῶν

171 1572 557 1639 ἀρνησαμένων
597 1572 654 1624 τὸ
686 1572 967 1641 βάπτισμα
1003 1570 1096 1624 τοῦ
1124 1569 1386 1639 Χριστοῦ,
1428 1568 1586 1620 τοῦτο
1616 1568 1745 1636 παρ’

171 1664 335 1715 αὐτῶν
367 1664 722 1732 ἀφαιρεῖσθαι
759 1664 956 1732 λέγων,
993 1663 1088 1716 καὶ
1119 1663 1269 1716 οὐδὲν
1291 1661 1468 1714 αὐτῶν
1494 1660 1621 1713 ἴδιον
1643 1675 1656 1688 °
1681 1660 1745 1710 ἐκ

168 1752 213 1804 δὲ
236 1752 343 1812 τῶν
407 1753 638 1820 ἱμάντας
673 1753 781 1806 ἀπὸ
833 1752 924 1806 τοῦ
979 1753 1113 1806 ίνίου
1143 1754 1186 1784 ⁷³
1219 1753 1345 1823 ἄχρι
1383 1750 1492 1803 τῶν
1522 1746 1744 1818 σφυρῶν

1857 556 1986 625 quid
2023 557 2388 626 cogitantibus
2422 567 2516 611 aut
2547 559 2884 626 praemonitis
2927 571 3152 628 repente
3189 560 3435 630 ingruit;

1831 645 2205 714 [impletisque
2253 658 2463 701 terrore
2501 663 2690 700 eorum
2726 649 2928 703 animis
2983 660 3095 704 tum
3127 651 3198 704 ob
3233 652 3436 720 prioris

1855 754 2047 808 pugnae
2078 739 2355 809 cladisque
2393 753 2671 795 recentem
2702 743 3052 807 memoriam,
3097 753 3210 798 tum
3252 745 3324 799 ob
3351 746 3434 798 in-

1854 841 2221 896 exspectatam
2259 831 2640 899 irruptioucm,
2697 848 2795 886 nec
2851 835 3000 887 coire
3055 849 3155 887 nec
3209 851 3436 902 prorsus

1859 921 2203 977 fortitudinis
2252 924 2568 978 meminisse
2609 925 2879 993 permisit,
2923 926 3014 979 sed
3048 929 3263 979 navium
3311 926 3436 981 aliis

1858 1016 1982 1084 igne
2009 1016 2318 1083 absumptis
2377 1017 2499 1071 aliis
2529 1017 2857 1077 submersis,
2899 1018 3254 1087 ipsorumque
3305 1019 3434 1070 bar-

1855 1107 2117 1161 barorum
2169 1109 2290 1162 aliis
2335 1125 2465 1162 ense
2499 1109 2749 1172 sublatis,
2788 1111 2909 1164 aliis
2952 1111 3118 1164 maris
3163 1109 3434 1179 profundo

1856 1200 2070 1262 mersis,
2115 1200 2344 1268 ipsoque
2379 1203 2596 1256 illorum
2635 1203 2775 1255 duce
2812 1203 3162 1271 interempto,
3192 1203 3432 1271 reliquos

1854 1307 1950 1361 per
2007 1291 2241 1347 insulam
2299 1295 2552 1360 dissipari
2620 1297 2838 1364 coegit;
2901 1310 3040 1362 quos
3074 1296 3219 1364 ipsos
3251 1304 3432 1362 postea

1853 1383 1996 1436 intra
2033 1399 2219 1438 casses
2253 1384 2480 1439 adactos
2514 1401 2576 1438 ac
2627 1387 2786 1454 quasi
2816 1395 3014 1440 venatu
3073 1401 3138 1440 ac
3181 1385 3434 1454 indagine

1852 1489 2044 1546 captos
2068 1478 2302 1533 diversis
2332 1479 2614 1547 suppliciis
2657 1481 2913 1546 subjecit.
2953 1481 3090 1533 Aliis
3117 1489 3298 1533 cutem
3332 1480 3432 1532 de.-

1854 1572 2044 1636 trahit,
2094 1573 2162 1626 iis
2207 1573 2442 1625 maxime
2473 1573 2566 1641 qui
2609 1573 2805 1640 ejurati
2837 1572 3045 1625 Christi
3089 1571 3433 1637 baptismatis

1856 1665 1929 1718 rei
1971 1675 2175 1728 essent,
2210 1665 2316 1718 hoc
2354 1665 2423 1718 ab
2449 1665 2530 1718 eis
2583 1662 2809 1726 auferri,
2864 1679 2972 1716 non
3000 1678 3188 1717 eorum
3226 1664 3430 1733 aliquid

1853 1757 2156 1826 proprium,
2198 1757 2410 1810 dicens.
2473 1756 2608 1809 Aliis
2640 1754 2906 1823 corrigias
2957 1754 3026 1808 ab
3057 1754 3314 1822 occipitio
3358 1755 3425 1809 ad

165 1843 267 1916 μετ’
289 1844 497 1913 ὀδύνης
523 1845 770 1913 δριμείας
798 1844 1100 1906 ἐξείλκυεψ
1128 1845 1324 1905 ἄλλους
1346 1844 1400 1896 δὲ
1421 1840 1736 1908 κηλωνείοις

1855 1849 2004 1902 )edes
2045 1862 2218 1916 usque
2273 1847 2608 1916 malleosque
2649 1849 2848 1901 acerbo
2889 1848 3135 1902 cruciatu
3167 1847 3424 1900 extrahe-

165 1939 283 1990 τισὶν
302 1936 556 2006 αἰωρῶν,
582 1933 698 1988 εἶτα
720 1937 825 1989 ἀπὸ
855 1937 946 1989 τοῦ
978 1935 1253 2006 μετεώρου
1278 1935 1414 2004 πρὸς
1439 1933 1670 2000 λέϐητας
1687 1931 1734 1963 ⁸⁸

167 2029 358 2097 πίσσης
411 2030 647 2097 μεστοὺς
686 2029 970 2098 ἐμϐάλλων
1022 2045 1081 2081 τε
1115 2029 1207 2080 καὶ
1255 2027 1433 2088 ὠθῶν,
1478 2026 1570 2078 τοῦ
1608 2025 1735 2077 ίδίου

163 2123 334 2184 αὐτοῖς
372 2123 713 2188 μεταδιδόναι
743 2121 1118 2191 βαπτίσματος
1146 2121 1299 2188 ἔλεγε
1334 2119 1427 2173 τοῦ
1460 2119 1736 2172 ἐπωδύνου

165 2216 242 2266 καὶ
271 2213 540 2284 ζοςεροῦ.
571 2213 757 2276 Οὕτως
787 2209 879 2266 οὖν
908 2214 1424 2282 κατακερτομὴσας,
1480 2213 1573 2266 καὶ
1602 2213 1737 2264 ἀνα-

163 2306 345 2374 λόγους
374 2308 415 2336 ⁸¹
443 2307 551 2359 τῶν
583 2307 958 2376 ἐργασθέντων
996 2307 1178 2368 αὐτοῖς
1215 2306 1405 2367 ποινὰς
1437 2303 1739 2374 εἰσπραξα-

169 2416 337 2468 μενος,
398 2401 492 2452 τοῦ
525 2400 618 2452 καί
648 2395 802 2462 αὖθις
836 2399 976 2452 κατὰ
1007 2399 1104 2466 τῆς
1141 2397 1455 2466 Ῥωμαῖκῆς
1506 2398 1740 2466 ἐπικρα-

166 2491 296 2556 τείας
331 2490 727 2560 ἐκστρατεύειν
753 2491 853 2543 οὐκ
883 2489 1062 2558 ὀλίγον
1085 2491 1204 2554 δέος
1235 2490 1509 2544 ἐνέϐαλεν.

226 2584 320 2653 ξβν.
366 2584 508 2636 Ἀλλ’
538 2583 714 2648 οὕτως
752 2584 852 2650 μὲν
883 2583 953 2636 τὰ
1001 2583 1352 2654 μεσημϐρινὰ
1376 2583 1744 2656 ⁹διεσκέδαστο

169 2676 477 2744 πνεύματα.
505 2677 598 2728 καὶ
628 2675 910 2738 ἁκλύστως
933 2675 1179 2727 ἐντεῦθεν
1214 2677 1274 2728 τὸ
1305 2675 1396 2726 τοῦ
1435 2673 1742 2744 Ῥωμαῖκοῦ

164 2769 395 2836 κράτους
417 2766 624 2835 σκάφος
652 2767 918 2835 ηύθύνετο
939 2782 953 2796 ·
987 2767 1051 2818 ἐκ
1076 2765 1130 2818 δὲ
1155 2765 1254 2834 τῆς
1293 2764 1454 2819 Ἑσπέ
1466 2781 1562 2834 ρας
1589 2762 1744 2826 αὖθις

162 2861 370 2913 κλύδων
422 2859 599 2923 δεινὸς
648 2859 998 2930 ἐπηγείρετο.
1065 2857 1123 2909 '0
1179 2859 1288 2928 γὰρ
1343 2858 1443 2925 τῆς
1482 2856 1745 2926 Ἀφρικῆς

161 2951 560 3022 ἁμερμουμνῆς
593 2949 973 3020 παμμεγέθεις
1013 2949 1143 3012 ναῦς
1173 2951 1438 3019 ἐξήκοντα
1481 2949 1572 3001 τὸν
1626 2951 1749 3020 ἀρι-

161 3044 285 3113 θμὸν
322 3047 891 3112 κατασκευασάμενος
908 3042 952 3074 ⁸²
987 3042 1126 3095 κατὰ
1147 3046 1245 3110 τῆς
1286 3041 1600 3112 Ῥωμαῖκῆς
1628 3044 1749 3095 ἐπι-

1838 1939 1950 1994 bat.
1991 1941 2144 1994 Alios
2174 1939 2542 1994 tollenonibus
2591 1941 2924 2010 quibusdam
2973 1940 3297 2002 sustollens,
3340 1943 3423 1996 sic

1838 2047 1903 2086 ex
1935 2031 2045 2085 alto
2081 2031 2133 2086 in
2171 2032 2370 2086 lebetes
2418 2032 2537 2100 pice
2570 2033 2760 2100 plenos
2793 2031 3046 2100 injiciens
3075 2033 3420 2099 pollensque,

1840 2124 1960 2193 ipso
1994 2125 2222 2178 illorum
2266 2126 2595 2194 baptismate
2624 2127 2749 2181 illos
2805 2141 2866 2181 se
2891 2127 3165 2194 impartiri
3224 2126 3427 2184 aiebat.

1839 2233 2154 2288 quanquam
2211 2219 2408 2273 acerbo
2451 2228 2506 2273 et
2533 2219 2858 2288 caliginoso.
2903 2217 2996 2272 Sic
3053 2220 3430 2282 subsannans.

1843 2324 1906 2365 ac
1934 2325 2032 2379 pro
2052 2310 2356 2365 facinorum
2382 2313 2594 2365 ratione
2628 2311 2830 2365 debitis
2861 2313 3041 2379 poenis
3071 2313 3426 2370 excrucians.

1842 2419 1950 2456 non
1989 2404 2156 2456 levem
2190 2405 2441 2457 timorem
2477 2404 2687 2468 injecit,
2723 2419 2791 2457 ne
2824 2405 3086 2472 deinceps
3115 2403 3426 2458 Romanam

1843 2497 2105 2550 ditionem
2135 2499 2306 2550 armis
2340 2495 2603 2550 infestare
2633 2511 2698 2550 ac
2729 2497 2967 2564 diripere
2990 2498 3250 2549 audeant.

1915 2587 2004 2641 62.
2069 2588 2181 2642 Hoc
2237 2589 2396 2642 modo
2467 2587 2789 2641 meridianis
2841 2586 3062 2640 ﬂatibus
3121 2585 3430 2654 dissipatis,

1850 2677 2079 2733 Romani
2125 2681 2340 2749 imperii
2365 2681 2519 2734 navis
2543 2695 2573 2735 a
2605 2680 2890 2748 nauiragio
2914 2687 3026 2731 tuta
3067 2678 3427 2747 dirigebatur.

1848 2770 1924 2824 Ex
1949 2769 2243 2825 Occidente
2287 2786 2429 2825 sarva
2456 2785 2648 2823 rursus
2690 2768 2927 2837 procella
2953 2767 3116 2836 302
3155 2767 3429 2820 exoritur.

1852 2863 2045 2918 Africa:
2080 2879 2316 2931 namque
2345 2875 2757 2916 amermumnes
2784 2859 2994 2928 magnis
3021 2859 3256 2912 navibus
3277 2873 3433 2912 sexa-

1849 2959 2004 3029 ginta
2087 2959 2393 3011 instructus
2470 2955 2778 3008 llomanam
2847 2952 3116 3007 ditionem
3191 2951 3428 3014 invasit;

1850 3061 2160 3121 eunttaque
2200 3052 2482 3120 intcrjecta
2521 3051 2788 3118 diripiens
2837 3063 2900 3102 ac
2962 3047 3150 3102 multis
3178 3047 3431 3102 adductis

160 3141 422 3210 κρατείας
455 3137 766 3208 ἐξώρμησε,
802 3137 893 3190 καὶ
923 3136 989 3188 τὰ
1025 3137 1226 3206 μεταξὺ
1281 3136 1602 3205 λη’ίξόμενος
1654 3137 1747 3189 καὶ

1855 3146 2082 3212 captivis
2113 3146 2179 3197 ad
2211 3144 2600 3211 Cepltalenium
2643 3159 2820 3210 usque
2850 3159 2913 3197 ac
2968 3140 3308 3210 Zacynthum
3345 3140 3431 3192 in-

163 3232 323 3285 ualli
366 3231 598 3295 σώματα
621 3231 916 3300 λαμϐάνων
955 3230 1277 3299 αἰχμάλωτα
1322 3229 1450 3297 ἄχρι
1492 3229 1746 3300 Κεφαλη-

163 3322 270 3384 νίας
293 3320 398 3373 καὶ
431 3320 712 3372 Ζακύνθου
742 3319 850 3371 τῶν
899 3320 1080 3388 νήσων
1116 3318 1363 3385 ἀοίκετο.
1397 3317 1575 3385 Ἀπερ
1605 3317 1747 3384 ἀκη-
1786 3347 1793 3353 -

163 3413 292 3478 κοὼς
326 3415 360 3464 ὁ
411 3413 668 3483 βασιλεὺς
724 3411 1011 3480 συντόμως
1044 3409 1180 3479 πρὸς
1211 3409 1311 3480 τὴν
1353 3409 1608 3479 βοήθειαν
1665 3410 1747 3461 δι·-

163 3507 468 3566 ανίσταται,
512 3506 604 3557 καὶ
635 3506 727 3557 τὸν
760 3505 867 3556 τῶν
890 3503 1163 3556 ναυτικῶν
1194 3501 1436 3570 ἡγεμόνα
1463 3501 1749 3570 δυνάμεων

166 3599 381 3670 (Νασαρ
433 3599 490 3651 δέ
529 3591 686 3660 οὗτος
733 3593 824 3668 ἦν)
880 3595 1021 3665 μετὰ
1071 3594 1355 3663 δυνάμεως
1404 3593 1750 3662 ἐκπέμπει⁸³

165 3693 352 3763 ἁδρᾶς,
377 3695 628 3763 τριήρων
660 3707 717 3742 τε
743 3691 840 3743 καὶ
870 3689 1070 3758 διήρων
1107 3687 1200 3739 καὶ
1252 3685 1428 3740 ἄλλων
1464 3687 1599 3738 νεῶν
1650 3703 1751 3740 τα-

165 3783 552 3854 χυναυτουσῶν
608 3779 815 3848 πλῆθος
867 3779 1330 3849 ἐξαρτυσάμενος.
1377 3778 1652 3847 Σύντομον
1693 3779 1751 3832 δέ

163 3876 244 3927 τὸν
285 3875 531 3928 ἔκπλουν
565 3874 593 3926 ὁ
646 3874 840 3942 Νασαρ
873 3870 1192 3940 πεποιηκὼς
1227 3872 1321 3924 καὶ
1356 3871 1553 3934 αἰσίοις
1600 3891 1752 3942 χρησ

167 3969 401 4035 σάμενος
441 3965 722 4034 πνεύμασι
759 3962 828 4016 δι’
861 3963 1043 4030 ὀλίγου
1099 3962 1196 4032 μὲν
1241 3963 1436 4032 χρόνου
1487 3963 1584 4033 τὴν
1639 3965 1753 4016 Μει-

163 4055 342 4127 Θώνην
389 4055 682 4118 κατέλαϐε,
720 4055 912 4109 θᾶττον
943 4055 999 4107 δὲ
1027 4055 1126 4125 τὴν
1157 4055 1299 4107 κατὰ
1325 4055 1433 4108 τῶν
1478 4055 1753 4124 πολεμίων

161 4151 412 4205 ἐπίθεσιν
446 4152 554 4204 ὸ.πὸ
583 4150 835 4218 τοιαύτης
854 4150 1032 4212 αἰτίας
1055 4149 1358 4221 διεκωλύθη
1385 4147 1750 4219 ποιήσασθαι·

159 4246 267 4299 τῶν
302 4247 417 4316 γὰρ
451 4247 659 4316 ἐρετῶν
697 4246 799 4298 οὐκ
822 4244 994 4312 ὀλίγοι
1032 4245 1170 4315 πρὸς
1200 4246 1290 4298 τὸν
1341 4245 1587 4298 κίνδυνον
1617 4246 1754 4298 ἀπο-

159 4337 536 4402 δειλιάσαντες
564 4337 683 4390 κατ’
705 4337 918 4404 ὀλίγους
949 4335 1222 4405 λαθραίως
1252 4337 1554 4404 ἀπέφυγον,
1585 4329 1658 4391 ὧν
1688 4340 1752 4409 τῇ

159 4429 486 4499 λειποταξίᾳ
536 4430 596 4482 τὸ
655 4429 931 4498 προσῆκον
979 4429 1144 4496 τάχος
1186 4427 1588 4496 ἀφαιρεθεισῶν
1643 4427 1754 4480 τῶν

1850 3238 1998 3288 sitias
2030 3235 2294 3302 pervenit.
2327 3234 2539 3299 Quibus
2570 3234 2772 3287 auditis
2836 3241 3133 3300 Imperator
3163 3231 3229 3283 ad
3269 3245 3427 3299 opem

1849 3327 2130 3382 ferendam
2186 3329 2593 3396 quamprimum
2648 3326 2990 3394 accingitur;
3044 3324 3432 3391 navaliumque

1849 3421 2132 3489 copiarum
2151 3420 2342 3472 ducem
2363 3417 2629 3472 Nasarum
2658 3432 2779 3470 cum
2803 3416 2978 3468 valida
3007 3416 3240 3468 militum
3267 3429 3430 3466 manu

1853 3515 2036 3578 tuittit,
2089 3515 2404 3566 triremibus
2467 3526 2530 3564 ac
2563 3509 2867 3564 biremibus
2901 3509 3134 3577 aliisque
3165 3507 3433 3562 cursori}.

1852 3607 2089 3661 navibus
2145 3607 2322 3670 iisque
2360 3605 2551 3657 multis
2590 3604 2876 3672 stipatum.
2910 3601 3084 3654 Celeri
3130 3599 3303 3654 Nasar
3333 3615 3432 3652 na-

1853 3703 2126 3769 vigatione
2155 3701 2446 3767 ventisque
2471 3697 2730 3752 secundis
2766 3710 2901 3750 usus
2941 3695 3088 3748 brevi
3117 3692 3430 3747 Metitonam

1853 3795 1999 3855 venit
2029 3809 2042 3844 :
2072 3809 2138 3846 ne
2193 3802 2372 3845 tamen
2417 3789 2582 3843 citius
2617 3789 2804 3842 hostes
2852 3789 3262 3857 aggrederetur,
3327 3785 3434 3838 tale

1854 3887 1984 3954 quid
2013 3887 2302 3940 obstaculo
2352 3883 2473 3934 fuit.
2514 3881 2628 3934 Non
2666 3881 2825 3948 pauci
2865 3883 3158 3949 remigum,
3203 3876 3430 3946 periculi

1855 3987 2000 4030 metu
2029 3975 2297 4034 deterriti,
2327 3972 2542 4025 occulte
2588 3970 2850 4038 paulatim
2901 3972 3266 4036 diliugerant;
3293 3985 3436 4034 quo-

1856 4080 1976 4118 rum
2006 4061 2336 4124 desertione,
2377 4061 2614 4113 navibus
2649 4073 2713 4112 ea
2744 4075 2868 4127 qua:
2905 4060 3124 4112 deceret
3156 4058 3435 4112 celeritate

1857 4155 2194 4214 carentibus,
2245 4153 2532 4207 deﬁciente
2578 4152 2746 4204 remis
2800 4151 3209 4220 impellentibus
3265 4149 3435 4203 vehe-

1859 4249 2026 4303 menti
2056 4248 2109 4300 in
2152 4247 2362 4300 hostem
2395 4245 2599 4312 impetu
2624 4281 2641 4308 ,
2684 4242 2826 4296 haud
2859 4256 3038 4309 operae
3065 4241 3296 4310 pretium
3333 4254 3434 4308 pu-

1861 4339 1998 4394 tavit
2042 4340 2123 4394 sic
2169 4337 2308 4390 male
2347 4335 2621 4388 instructa
2655 4332 2833 4386 classe
2863 4347 2988 4385 cum
3022 4331 3270 4384 hostibus
3303 4343 3424 4382 con-

1861 4433 2034 4503 gredi,
2066 4444 2290 4497 remque
2321 4427 2456 4480 adeo
2507 4440 2602 4496 per
2633 4424 2867 4479 celerem
2905 4437 3192 4477 cursorem
3223 4420 3433 4474 denun-

158 4521 330 4586 νεῶν,
361 4522 435 4590 μὴ
464 4520 705 4590 ἐχουσῶν
736 4519 833 4588 τὴν
863 4518 1004 4589 μετὰ
1037 4518 1220 4588 ῥοθίου
1253 4519 1350 4571 σὺν
1376 4519 1595 4589 ὀξύτητι
1614 4519 1749 4572 κατὰ

1865 4527 2006 4580 tiare
2063 4524 2246 4577 studet
2285 4519 2626 4589 imperatori.
2688 4517 2803 4579 Ille,
2848 4516 3033 4568 missis
3068 4523 3312 4581 prompte
3341 4511 3436 4580 qui

157 4614 276 4668 τῶν
303 4611 568 4665 ἐναντίων
618 4611 902 4676 ἐπέλασιν,
959 4612 1060 4663 οὐκ
1091 4611 1273 4679 ἔκρινε
1317 4611 1428 4663 δεῖν
1474 4611 1758 4682 παρωπλι-

161 4709 396 4775 σμὲνοις
419 4703 588 4768 οὕτως
623 4705 766 4757 κατὰ
786 4704 894 4756 τῶν
927 4704 1212 4770 δυσμενῶν
1237 4702 1514 4755 ἀπελθεῖν.
1547 4703 1758 4772 Μηνύει

158 4799 219 4853 δὲ
240 4801 309 4852 τὸ
342 4798 558 4867 συμϐὰν
587 4798 677 4850 διὰ
716 4798 1060 4867 ταχυδρόμου
1108 4796 1183 4866 τῷ
1218 4796 1450 4866 βασιλεῖ.
1506 4797 1563 4850 Ὀ
1585 4797 1640 4849 δὲ
1672 4796 1758 4848 διὰ

160 4892 396 4961 ταχείας
424 4892 732 4957 ἀποστολῆς
765 4892 873 4941 τῶν
914 4891 1050 4960 πρὸς
1080 4890 1238 4942 τοῦτο
1276 4889 1603 4959 ἐπιτηδείων
1629 4889 1761 4941 πάν-

160 4997 262 5046 τας
327 4985 455 5046 τοὺς
505 4983 879 5046 λειποτακτας
940 4981 1223 5053 ἐζώγρησε
1271 4984 1364 5036 καὶ
1415 4981 1762 5052 ἐμφρούρους

159 5075 420 5143 ἐποίησε.
458 5075 687 5128 Σκοπῶν
733 5075 790 5128 δὲ
824 5077 972 5137 ὅπως
1003 5076 1098 5128 καὶ
1123 5075 1412 5144 ὁμοφύλων
1447 5077 1611 5141 φόνου
1665 5075 1761 5136 τὰς

160 5169 360 5236 χεῖρας
391 5168 616 5237 τηρήσῃ
648 5167 894 5238 καθαρὰς
927 5168 1018 5220 καὶ
1053 5167 1114 5220 το
1164 5169 1441 5236 προσῆκον
1484 5167 1762 5237 ἐμποιήσῃ

159 5260 286 5322 δέος
320 5261 428 5322 tot;
461 5259 784 5322 ὑπολοίποις
815 5261 923 5314 τῶν
961 5259 1188 5331 ἐρετῶν,
1223 5259 1296 5321 ὡς
1333 5258 1398 5312 ἂν
1438 5258 1512 5329 μὴ
1537 5261 1632 5310 καὶ
1665 5260 1762 5312 ἄλ·-

159 5348 280 5413 λοις
311 5352 401 5420 εἴη
435 5353 573 5423 πρὸς
600 5353 833 5422 μίμησιν
866 5354 898 5422 ἡ
926 5355 1132 5406 τούτων
1164 5353 1332 5406 κακία
1377 5357 1473 5406 καὶ
1507 5352 1762 5404 ἐθελοκα-

159 5442 352 5494 κῶσιν
376 5442 462 5514 [Ρ.
500 5442 625 5515 187]
655 5445 704 5498 οἱ
733 5445 974 5498 πλεῖστοι
1005 5447 1094 5498 καὶ
1125 5444 1603 5516 ρᾳστωνεύωνται,
1635 5444 1762 5515 βου-

1865 4614 1931 4668 ad
1971 4615 2074 4666 hoc
2110 4609 2291 4663 idonei
2330 4618 2537 4671 essent,
2568 4607 2880 4678 desertores
2917 4617 3110 4658 omnes
3143 4603 3298 4655 viws
3341 4619 3436 4654 ca-v

1865 4707 1944 4776 pit
1972 4713 2024 4758 et
2057 4705 2108 4756 in
2146 4717 2421 4756 carcerem
2483 4699 2668 4751 lt‘ttdit.
2716 4697 2983 4764 Spectans
3027 4709 3157 4747 vero
3197 4708 3305 4762 qua
3342 4693 3440 4746 de-

1869 4809 2013 4846 mum
2049 4794 2259 4844 ratione
2297 4799 2351 4845 et
2382 4807 2412 4841 a
2448 4788 2730 4842 tribulium
2775 4785 2920 4839 caede
2966 4785 3281 4853 impollutas
3326 4798 3442 4836 ma-

1869 4904 1971 4941 nus
2018 4893 2283 4949 servaret,
2330 4892 2383 4935 et
2413 4881 2639 4948 reliquis
2676 4879 2941 4948 remigum
2971 4894 3130 4946 quem
3165 4893 3262 4946 par
3296 4884 3443 4931 esset

1863 4983 2112 5036 timorem
2171 4977 2458 5038 incuteret,
2505 4989 2570 5024 ne
2610 4971 2794 5024 mollis
2847 4985 3036 5024 eorum
3096 4969 3334 5024 defectio
3384 4968 3438 5021 in

1860 5073 2172 5140 exemplum
2230 5068 2353 5122 aliis
2402 5065 2616 5120 cederet
2669 5063 2960 5133 pluresque
3015 5061 3096 5116 sic
3133 5062 3443 5114 desertores

1863 5185 1926 5221 ac
1965 5161 2239 5232 elanguidi
2296 5173 2604 5228 segnesque
2666 5157 2904 5219 iiereut,
2963 5153 3437 5223 sapientissimum

1865 5258 2024 5330 303
2044 5258 2143 5310 init
2175 5254 2492 5308 consilium.
2515 5249 2720 5318 Nempe
2749 5247 3106 5302 excubiarum
3139 5244 3444 5311 druugario

1866 5353 2110 5424 praecipit
2145 5358 2202 5400 ut
2232 5349 2536 5400 vinctorum
2572 5345 2625 5396 in
2663 5341 2915 5410 ιιι-αξιοι·ἰο
2944 5354 3009 5392 ac
3043 5338 3440 5400 malelicorum,

1867 5448 1918 5500 iu
1962 5459 2102 5512 quos
2137 5443 2316 5508 legum
2359 5436 2654 5490 severitate
2684 5433 2789 5484 lata
2819 5431 3016 5500 capitis
3043 5429 3316 5484 sententia
3347 5430 3440 5494 sit,

1448 5607 1683 5664 VARUS
1726 5603 2128 5666 LECTIUNES.

271 5747 613 5823 ’[γὰρίοιιι.
658 5753 714 5805 Ρ.
794 5749 841 5781 ’⁸
873 5750 1022 5823 ῂνίου
1054 5751 1158 5807 Δι’.
1235 5752 1280 5783 ⁸⁹
1316 5751 1447 5821 πρδς
1480 5755 1604 5816 τοὺς
1630 5751 1862 5823 λέϐητας
1900 5749 1961 5806 P.

164 5835 266 5882 νος
315 5818 378 5872 Ρ.
437 5818 497 5854 ⁷⁸³
530 5820 932 5891 ἁποπέμτπιΡ.

2056 5749 2096 5779 ⁸¹
2131 5741 2413 5809 ἀναλόγοις
2454 5738 2515 5800 Λ,
2552 5733 2822 5806 ἁναλόγας
2850 5733 2910 5789 Ρ.
3019 5731 3062 5763 ⁸³
3091 5730 3441 5796 σκειναιιᾱιμε⁴
