3994 6220
175 209 279 270 Τ·Ξὸ

1293 221 1440 282 LIB.
1472 223 1536 282 V.
1559 247 1627 256 --
1666 222 2020 284 BASILIUS
2049 225 2370 288 MACEDO.

3341 243 3451 306 326

172 331 269 396 τὴν
297 328 596 399 ἔκπεμψιν,
628 334 722 386 καὶ
752 334 928 388 πάντα
960 337 1296 406 καταμαθών
1339 355 1399 392 τε
1429 339 1524 393 καὶ
1557 357 1722 410 στοχα

1853 339 2040 393 audito
2083 343 2244 411 regia:
2286 343 2480 398 classis
2519 359 2806 415 apparatu,
2857 361 3005 406 metu
3045 353 3290 411 deterriti
3323 374 3446 412 ces-

174 422 427 486 eifzsvog,
467 422 811 491 ἀπαγγέλλει
842 429 954 489 τοῖς
993 428 1403 496 ἀποστείλασιν,
1431 433 1478 485 οἳ
1522 433 1764 504 παρ’ὲλ-

172 513 294 563 πῖόα
337 512 396 564 τὸ
431 515 859 584 ἐμπαράσκευον
901 518 1168 588 βασιλέως
1218 521 1577 586 ἀκούσαντες,
1635 525 1759 578 τότε

175 604 265 669 μὲν
293 605 599 672 πτήξαντες
629 607 726 678 τὴν
769 609 1001 679 ἡσυχίαν
1030 611 1326 680 ἠγάπησαν
1366 615 1462 668 καὶ
1499 614 1593 685 τὴν
1625 617 1760 684 πρὸς

168 697 252 765 τὸν
279 697 520 749 ἔκπλουν
544 700 780 769 σπουδὴν
815 701 1154 768 διελύσαντο,
1175 705 1334 772 ἔμενε
1350 706 1405 759 δὲ
1436 709 1583 776 ὅμως
1617 710 1758 763 κατὰ

168 783 258 850 τὴν
290 782 694 851 βασιλεύουσαν
733 791 764 857 ἡ
823 790 1053 860 ναυτικὴ
1087 791 1406 860 πληθὶςεείς
1438 795 1498 847 τὸ
1527 798 1756 866 εἰρημέ-

167 891 249 926 νον
282 876 449 942 ἔργον
484 877 880 950 ἀσχολουμένη.

230 965 322 1029 ξδ’.
357 968 419 1020 Οί
451 968 506 1020 δὲ
541 969 598 1020 ἐν
628 970 937 1039 Καρχηδόνι
967 971 1236 1045 βάρϐαροι
1289 976 1376 1029 διὰ
1422 977 1521 1040 τὰς
1552 997 1753 1050 προγε-

163 1060 472 1126 γενημένας
500 1061 674 1132 ἦττας
703 1062 980 1132 δείσαντες
1030 1066 1104 1135 μὴ
1153 1067 1288 1137 πρὸς
1311 1069 1409 1140 τὴν
1439 1071 1620 1124 αὐτῶν
1649 1073 1750 1144 ἤδη

163 1149 292 1217 πρὸς
325 1149 385 1202 τὸ
415 1150 545 1216 ἐξῆς
580 1151 909 1221 διαπερᾶσαι
944 1157 972 1207 ό
1001 1156 1184 1221 στόλος
1211 1160 1240 1212 ό
1288 1159 1598 1228 Ῥωμαϊκὸς
1630 1181 1752 1216 πει-

166 1241 361 1310 ρασίιῇ.
394 1240 493 1293 καὶ
522 1243 608 1295 διὰ
633 1242 792 1296 τοῦτο
831 1244 965 1308 ναῦς
1005 1249 1198 1312 ἱκανὰς
1225 1253 1318 1304 καὶ
1351 1253 1508 1306 αὐτοὶ
1550 1273 1748 1328 τεκτη-

156 1334 400 1398 νάμενοι,
456 1335 578 1387 ἐπεὶ
623 1337 718 1388 τοῦ
753 1333 888 1409 ἦρος
927 1341 1302 1413 διεληλυθότος
1362 1346 1622 1416 οὐδεμίαν
1681 1352 1745 1404 ἐκ

153 1424 426 1494 βασιλέως
480 1426 714 1498 δύναμιν
753 1433 1120 1487 κατελθοῦσαν
1152 1437 1434 1500 ἐπύθοντο,
1462 1439 1742 1512 ὑποτοπή-

153 1534 343 1579 σαντες
366 1517 510 1588 πρδς
542 1520 722 1584 ἄλλοις
754 1522 1018 1594 πολέμοις
1048 1527 1278 1596 ἄσχολον
1316 1530 1605 1599 τυγχάνειν
1651 1533 1743 1587 τὸν

151 1604 417 1674 βασιλέως
490 1611 724 1680 στρατὸν
781 1617 1245 1685 ἐκστρατεύεσοαι
1291 1620 1434 1672 κατὰ
1485 1622 1738 1689 Σικελίας

1866 447 1987 486 sare
2012 433 2278 490 hactenus
2309 437 2532 506 eligunt,
2575 442 3044 512 expeditionisqne
3075 461 3138 500 ac
3164 451 3444 504 excursio-

1865 525 1949 576 nis
1997 526 2215 580 solvunt
2265 531 2626 596 propositum.
2678 530 2909 590 Navales
2951 547 3130 592 tamen
3173 542 3341 609 copize
3380 557 3444 594 ac

1861 616 2128 671 classiarii
2173 617 2418 688 Byzantii
2449 624 2764 691 manebant,
2797 637 2959 697 atque
2997 630 3120 684 huic
3147 633 3288 700 quod
3329 634 3442 687 disi

1859 709 2007 776 operi
2041 709 2382 764 insistebant.

1927 971 2014 1025 69.
2068 971 2292 1026 Barbari
2330 984 2510 1028 autem
2543 974 3021 1047 Carthaginienses,
3061 991 3284 1051 prOpter
3324 984 3436 1053 jam

1854 1075 2106 1132 acoeptas
2136 1066 2317 1120 clades
2360 1067 2517 1121 veriti
2552 1084 2619 1121 ne
2647 1080 2698 1122 et
2727 1069 2779 1121 in
2824 1086 2951 1126 suas
2990 1073 3244 1143 deinceps
3280 1077 3446 1132 sedes

1853 1153 2098 1210 Romana
2150 1159 2340 1211 classis
2387 1160 2634 1228 tiajieere
2687 1170 2955 1228 tentaret,
3015 1180 3187 1232 eaque
3229 1169 3438 1223 ratione

1851 1248 2037 1300 multis
2069 1256 2123 1300 et
2153 1249 2250 1316 ipsi
2288 1252 2582 1305 exstructis
2612 1253 2864 1316 navibus,
2897 1270 3020 1308 cum
3048 1269 3278 1312 exeunte
3312 1277 3436 1314 vere

1849 1340 2022 1393 nullas
2083 1342 2427 1406 imperatoris
2474 1344 2654 1399 exisse
2699 1347 2885 1414 cepias
2947 1348 3286 1415 didicissent,
3330 1353 3433 1409 rati

1847 1430 1993 1484 illius
2034 1434 2290 1488 cohortes
2327 1434 2482 1490 bellis
2519 1437 2642 1492 aliis
2684 1439 2954 1501 distineri,
2987 1441 3251 1497 adversus
3296 1445 3435 1498 Sici-

1844 1521 1972 1576 liam
2015 1539 2138 1576 cum
2184 1526 2471 1581 navalibus
2503 1528 2675 1596 cepiis
2723 1532 3160 1596 proﬁciscuntur.
3204 1533 3434 1589 Venien-

1844 1624 2032 1683 tesque
2065 1616 2128 1670 ad
2152 1617 2272 1684 ejus
2312 1620 2650 1687 metrOpolim
2687 1621 2902 1690 (nempe
2939 1622 3259 1696 Syracusas)
3289 1627 3430 1683 vallo

146 1703 489 1774 ἐθάρρησαν,
523 1707 777 1775 καὶπρὸς
808 1710 907 1779 τὴν
943 1713 1149 1782 ταύτης
1183 1713 1430 1778 ἐλθόντες
1465 1720 1727 1788 μητρόπο¹

1843 1720 1961 1758 eam
1993 1706 2305 1773 cinxerunt,
2339 1711 2483 1763 circa
2505 1727 2623 1764 eam
2651 1713 2824 1780 posita
2861 1715 3176 1783 diripie-ntes
3209 1734 3430 1785 agrum-

145 1793 242 1854 λιν,
274 1796 379 1857 τὰς
425 1797 783 1865 Συρακούσας
827 1804 989 1871 φημὶ,
1022 1804 1228 1874 ταύτην
1255 1807 1611 1877 ἐπολιόρκουν
1643 1814 1739 1866 καὶ

147 1887 267 1955 περὶ
290 1888 474 1958 αὐτὴν
522 1889 804 1958 ἐληΐζοντο
835 1894 927 1946 καὶ
959 1895 1254 1966 κατεδῄουν
1287 1897 1384 1967 τὴν
1413 1898 1597 1969 χώραν
1643 1903 1740 1956 καὶ

143 1978 206 2029 τὰ
227 1981 566 2048 προάστεια.
593 1981 700 2034 Τοῦ
732 1983 788 2035 δὲ
818 1986 1128 2054 στρατηγοῦ
1151 1988 1249 2057 τῆς
1278 1989 1299 2017 ⁸
1325 1989 1575 2055 Σικελίας
1605 1991 1738 2062 δῆλα

142 2069 310 2121 ταῦτα
337 2070 415 2140 τῷ
443 2070 659 2140 βασιλεῖ
683 2077 1147 2147 καταστήσαντος,
1179 2081 1380 2145 εὐθέως
1415 2085 1446 2153 ἡ
1475 2087 1613 2139 κατά
1638 2089 1738 2140 Συ-

140 2163 262 2228 ρίας
311 2164 742 2232 εὐτρεπισοεῖσα
779 2167 1010 2238 δύναμις
1059 2173 1195 2241 πρὸς
1240 2174 1491 2229 Σικελίαν
1526 2179 1736 2249 ἐκπέμ-

138 2269 320 2316 πεται,
359 2255 648 2325 Ἀδριανόν
680 2275 800 2312 τινα
834 2260 1110 2331 ναύαρχον
1146 2263 1345 2333 ἔχουσα
1374 2282 1388 2296 ·
1421 2263 1576 2331 οὗτος
1624 2272 1731 2340 γὰρ

140 2343 291 2413 ἔτυχε
323 2346 448 2400 τότε
483 2347 582 2415 τῆς
603 2351 866 2418 ναυτικῆς
894 2351 1174 2422 δυνάμεως
1208 2357 1594 2426 ἐξηγούμενος.
1635 2362 1730 2424 Ὃς

139 2440 245 2492 ἀπὸ
272 2441 367 2508 τῆς
396 2440 671 2511 βασιλίδος
702 2443 1155 2513 ἐξορμισάμενος,
1199 2453 1530 2518 πνευμάτων
1563 2454 1619 2506 δὲ
1654 2456 1728 2524 μὴ

143 2531 478 2600 εὖμοιρήσας
517 2534 844 2603 ἐπιτηδείων
873 2541 968 2589 καὶ
1009 2537 1219 2604 δεξιῶν,
1262 2541 1418 2608 μόλις
1460 2544 1730 2612 κατῆλθεν

143 2622 264 2690 ἇιςρι
294 2625 737 2695 Πελοποννήσου,
780 2629 837 2680 ἐν
865 2630 1232 2703 Μονεμϐασίᾳ
1266 2633 1321 2684 δὲ
1355 2635 1411 2686 ἐν
1437 2634 1516 2703 τῷ
1546 2635 1726 2700 λιμένι

140 2713 214 2783 τῷ
243 2716 574 2788 καλουμένῳ
617 2718 855 2789 Ἱέρακος
893 2724 1272 2792 προσορμίσας
1306 2725 1404 2789 τὰς
1442 2725 1573 2789 ναῦς
1605 2727 1727 2779 ἐπί-

137 2821 297 2873 φορον
328 2807 554 2877 πνεῦμα
587 2810 838 2878 ἀνέμενε,
867 2811 1262 2883 ῥᾳθυμότερος,
1302 2816 1374 2877 ὡς
1409 2816 1607 2880 ἔοικεν,
1651 2815 1726 2869 ὢν

137 2903 224 2950 καὶ
247 2899 330 2968 μὴ
351 2901 491 2969 ἔχων
518 2902 746 2964 ζέουσαν
773 2906 870 2971 τὴν
891 2904 1089 2974 ψυχὴν,
1117 2905 1259 2958 ὥστε
1287 2909 1376 2959 καὶ
1408 2908 1546 2978 πρὸς
1567 2910 1724 2960 ἐναν-

132 2993 220 3044 τία
253 2992 704 3076 παραϐάλλεσθαι
722 2994 1009 3063 πνεύματα
1035 2999 1125 3049 καὶ
1141 2997 1458 3067 διέίρεσίας
1486 2999 1570 3070 [Ρ.
1596 2999 1720 3072 191]
1749 3043 1792 3099 C

135 3083 189 3134 ἐν
225 3087 348 3148 ταῖς
404 3085 493 3137 διὰ
537 3087 707 3155 μέσου
759 3088 1021 3158 γαλήναις
1060 3091 1198 3160 πρὸς
1248 3092 1307 3143 τὸ
1359 3093 1721 3162 προκείμενον

136 3177 583 3244 κατεπείγεσθαι.
630 3179 754 3233 Ἐπὶ
779 3181 914 3235 πολὺ
956 3182 1013 3235 δὲ
1055 3183 1527 3252 χρονοτριὸοῦντος
1556 3185 1723 3238 αὑτοῦ

137 3267 270 3319 κατὰ
306 3270 400 3321 τὸν
425 3269 718 3339 εἰρημένον
746 3271 962 3342 λιμένα,
996 3273 1090 3326 καὶ
1107 3273 1214 3325 τῶν
1246 3274 1567 3343 Ἀγαρηνῶν
1596 3292 1723 3344 σφο-

134 3359 384 3431 δρότερον
433 3365 499 3432 τῇ
536 3363 823 3434 πολιορκία
854 3365 1225 3434 ἐπικειμένων
1264 3367 1359 3416 καὶ
1407 3366 1588 3418 πᾶσαν
1619 3384 1724 3435 μη-

129 3455 293 3523 ἱανὴν
329 3454 632 3505 κινούντων
656 3456 746 3507 καὶ
777 3455 1113 3508 σπευδόντων
1156 3456 1263 3525 πρὸ
1290 3456 1384 3508 τοῦ
1424 3457 1716 3526 ἐπιστῆναι

119 3544 232 3605 τοῖς
268 3545 755 3615 πολιορκουμένοις
807 3546 1059 3615 βοήθειαν
1091 3547 1288 3600 ἁνύσαι
1321 3548 1382 3600 τὸ
1413 3547 1707 3612 σπουδαζό-

122 3653 309 3702 μενον,
347 3637 551 3707 σννέὄη
609 3639 706 3707 τὴν
741 3637 898 3691 πόλιν
930 3639 1071 3694 κατὰ
1127 3641 1328 3710 κράτος
1360 3640 1563 3694 ἁλῶναι
1618 3641 1714 3695 καὶ

122 3728 218 3780 τῶν
252 3730 739 3800 ἀντιταττομένων
777 3731 936 3799 φόνον
963 3732 1214 3800 γενέσθαι
1239 3733 1428 3794 πολὺν,
1450 3732 1710 3803 ἐξανδρα-

117 3819 451 3889 ποδισθῆναι
481 3821 538 3874 δὲ
574 3824 755 3876 πᾶσαν
780 3824 880 3894 τὴν
922 3825 1064 3878 κατὰ
1094 3825 1155 3878 τὸ
1187 3826 1323 3878 ἄστυ
1357 3824 1566 3892 πληθὺν
1619 3827 1712 3880 καὶ

111 3911 190 3963 τὸν
227 3916 301 3965 ἐν
329 3915 471 3984 αὐτῇ
505 3913 729 3966 πλοῦτον
751 3915 968 3986 λάφυρα
993 3920 1103 3980 τοῖς
1129 3917 1408 3986 πολεμίοις
1433 3915 1709 3984 γενέσθαι,

105 4006 549 4076 κατασκαςνῆναι
579 4007 636 4062 δὲ
667 4007 763 4078 τὴν
799 4008 953 4061 πόλιν
990 4010 1084 4062 καὶ
1124 4010 1258 4080 πυρὶ
1306 4008 1529 4076 δοθῆναι
1585 4009 1711 4071 τοὺς
1743 4033 1757 4041 ν

100 4095 146 4149 ἐν
177 4099 341 4168 ,αὐτῇ
375 4099 558 4160 Θείους
587 4101 766 4166 ναοὺς,
818 4103 910 4154 καὶ
953 4102 1198 4169 ἐρείπιον
1232 4102 1572 4172 χρηματίσαι
1611 4101 1712 4170 τὴν

1842 1811 1948 1865 quo
1972 1811 2036 1850 ac
2071 1799 2380 1854 suburbana
2417 1810 2715 1856 vastantes.
2740 1802 2863 1858 llzec
2898 1808 3062 1860 simul
3093 1823 3156 1861 ac
3193 1808 3430 1878 impera-

1842 1895 1928 1940 tor
1972 1905 2002 1942 a
2061 1890 2260 1945 Sicilia:
2313 1907 2546 1960 praetore
2590 1896 2894 1965 signiﬁcata
2953 1902 3178 1969 accepit,
3233 1905 3425 1972 copias

1840 1981 2104 2036 adversus
2142 1983 2355 2054 Syriam
2401 1987 2702 2042 destinatas
2735 1989 2787 2042 in
2829 1990 3070 2045 Siciliam
3105 1994 3290 2058 mittit,
3325 2012 3424 2050 na-

1838 2075 2040 2128 varcbo
2074 2079 2308 2146 quodam
2348 2078 2588 2134 Adriano
2622 2100 2634 2136 :
2674 2082 2763 2136 liic
2800 2084 2948 2137 enim
2997 2087 3278 2141 navalibus
3307 2097 3422 2144 tum

1837 2165 2009 2232 copiis
2047 2177 2295 2235 praeerat.
2335 2167 2563 2226 Solvens
2611 2171 2795 2241 itaque
2823 2173 3098 2230 Adrianus
3136 2178 3418 2247 Byzantio,

1835 2253 1998 2324 310
2025 2258 2169 2325 quod
2204 2259 2380 2312 ventis
2417 2262 2676 2316 secundis
2717 2278 2777 2315 ac
2809 2267 3116 2322 commodis
3157 2270 3422 2324 destitue-

1835 2350 2030 2414 batur,
2075 2354 2159 2408 vix
2224 2355 2438 2409 tandem
2501 2356 2565 2408 ad
2635 2357 3068 2427 Peloponnesum
3138 2366 3416 2432 pervenit,

1833 2437 2324 2508 Mouembasiaaque
2375 2446 2426 2496 in
2475 2458 2657 2513 portu,
2706 2463 2867 2514 quem
2904 2449 3151 2504 llieraeis
3198 2464 3416 2517 vocant,

1832 2531 2075 2598 appulsis
2110 2532 2339 2586 navibus
2379 2534 2622 2600 aspirare
2654 2535 2759 2590 sibi
2807 2549 2997 2593 ventos
3039 2543 3413 2608 exspectabat.

1833 2621 1997 2674 homo
2023 2622 2262 2691 segnior,
2299 2631 2356 2677 ut
2384 2624 2620 2687 videtur,
2659 2641 2758 2680 nec
2799 2643 2894 2681 cor
2929 2628 3268 2686 ferventibus
3293 2649 3417 2687 mu-

1832 2710 2002 2763 nitum
2056 2713 2340 2780 Spir-ilibus
2375 2729 2594 2781 gerens,
2635 2725 2692 2769 ut
2731 2717 2990 2772 audacter
3016 2720 3178 2773 etiam
3219 2721 3415 2776 adver-

1829 2805 2078 2858 santibus
2103 2806 2277 2861 ventis
2305 2807 2407 2860 sibi
2431 2809 2819 2864 connitenduui
2850 2820 3080 2879 putaret,
3103 2828 3165 2866 ac
3195 2814 3410 2870 interitu

1829 2895 1954 2948 dum
1979 2896 2330 2963 tranquillum
2352 2904 2434 2950 est
2459 2898 2738 2968 nullisque
2770 2901 2945 2954 ventis
2968 2917 3116 2956 mare
3131 2902 3409 2969 perﬂatur,

1827 3002 1938 3055 quo
1997 2973 2335 3056 ριόμοεὶιυιη
2367 2997 2453 3044 est
2496 2991 2812 3060 remigando
2864 2995 3213 3050 contendere.
3271 2995 3408 3049 Dum

1828 3080 2010 3148 itaque
2067 3082 2216 3134 ineo
2261 3092 2418 3149 portu
2483 3081 2756 3150 longiOres
2809 3085 2853 3139 is
2901 3099 3083 3139 moras
3120 3087 3305 3152 nectit,
3357 3097 3412 3143 ct

1826 3169 2060 3238 Agareui
2105 3172 2288 3224 aerius
2338 3172 2641 3228 obsidendo
2673 3185 2884 3244 urgent,
2931 3176 3254 3246 nullumque
3300 3193 3406 3233 nou

1825 3269 2044 3314 niovcut
2100 3261 2375 3328 lapidem,
2429 3271 2485 3314 ut
2551 3273 2843 3332 antequam
2904 3267 3146 3321 obsessis
3206 3271 3407 3324 auxilia

1822 3354 2040 3407 veniant
2061 3369 2196 3422 opus
2226 3363 2510 3423 occeptum
2546 3355 2848 3424 perﬁciant,
2879 3359 3101 3427 contigit
3130 3359 3405 3414 civitatein

1819 3446 1869 3497 vi
1908 3447 2186 3514 armisque
2219 3445 2338 3515 capi
2365 3487 2379 3509 ,
2432 3447 2711 3513 multaque
2755 3449 3213 3516 prmsidiariorum
3265 3449 3406 3506 facta

1821 3552 1996 3609 stu-age
2027 3540 2422 3608 oppidanorum
2460 3539 2750 3593 multitudo
2779 3540 2960 3594 omnis
2995 3541 3046 3594 in
3078 3544 3398 3598 servituti-nt

1820 3631 2052 3685 adducta
2101 3640 2206 3684 est.
2264 3630 2394 3699 Ejus
2452 3630 2638 3684 multa:
2689 3631 2890 3685 divitia:
2940 3631 3189 3686 hostibus
3231 3635 3402 3703 spolia

1819 3736 2032 3774 cessere
2064 3734 2078 3772 :
2124 3721 2253 3774 urbs
2285 3720 2531 3774 funditus
2581 3736 2768 3775 eversa
2792 3761 2806 3783 ,
2839 3738 3013 3776 saera:
3047 3723 3102 3776 in
3149 3741 3209 3778 ea
3257 3724 3402 3781 :edes

1821 3810 1944 3881 igne
1977 3828 2274 3866 succense.
2321 3811 2527 3865 Civitas
2568 3811 2636 3864 ad
2672 3829 2734 3864 ea
2765 3821 3006 3880 tempora
3040 3815 3297 3882 praeclara
3337 3831 3402 3870 ac

1819 3900 2040 3962 nobilis,
2067 3909 2122 3952 et
2159 3914 2280 3965 qua»
2313 3899 2596 3968 plerasque
2643 3901 2841 3966 saepius
2884 3910 2996 3953 tum
3034 3899 3250 3954 Graecas
3285 3915 3398 3954 tum

1817 3991 2133 4045 barbaricas
2185 3991 2373 4057 copias
2423 3991 2596 4058 ipsam
2655 4007 2944 4059 aggressas
2989 3991 3396 4057 debellaverat,

1819 4082 2102 4154 parietinis
2139 4082 2524 4135 tantummodo
2563 4081 2753 4135 claret.

97 4196 266 4266 μέχρι
313 4195 439 4246 τότε
475 4195 630 4246 πάλιν
659 4199 930 4266 περιφανῆ
976 4198 1070 4250 καὶ
1094 4199 1356 4270 λαμπρὰν
1414 4198 1509 4250 καὶ
1569 4191 1769 4252 πολλὰς
1809 4175 2069 4237 πολλάκις
2111 4171 2428 4244 Ἑλληνικάς
2479 4190 2537 4226 τε
2599 4176 2694 4227 καὶ
2742 4174 3082 4247 βαρϐαρικὰς
3133 4175 3395 4246 δυνάμεις

93 4288 172 4339 iz'
210 4291 410 4357 αὐτὴν
440 4286 699 4353 ἐλθούσας
727 4290 1161 4346 καταϐαλοῦσαν.

153 4387 234 4440 o'.
266 4385 386 4437 Τοῦ
408 4384 464 4436 δὲ
497 4386 802 4452 συμϐάντος
823 4387 1073 4457 αἰσθησις
1109 4389 1216 4442 ἀπὸ
1245 4389 1504 4458 τοιαύτης
1531 4388 1710 4450 αίτίας
1739 4387 1788 4446 D

93 4480 328 4542 γίνεται
356 4478 437 4546 τῷ
475 4478 770 4548 Ἀδριανῷ·
807 4481 983 4541 Τόπος
1005 4479 1086 4542 τίς
1118 4482 1234 4533 ἐστι
1263 4484 1404 4534 κατὰ
1429 4481 1705 4534 Πελοπόν-

95 4589 277 4641 νησον
315 4572 384 4624 οὐ
425 4571 635 4642 μακρὰν
665 4572 1052 4641 Μονεμϐασίας
1083 4572 1408 4643 διεστηκὼς,
1440 4574 1560 4627 καθ’
1591 4575 1656 4644 ἢν
1680 4575 1702 4605 ⁹

96 4665 114 4713 ί
139 4663 486 4732 Ῥωμαῑκδς
518 4663 699 4726 στόλος
725 4663 995 4734 ηὐλίζετο,
1032 4665 1188 4729 Ἕλος
1219 4666 1701 4736 προσαγορευόμε-

100 4772 205 4818 νος,
282 4755 399 4807 ἀπὸ
427 4756 524 4824 τῆς
552 4759 682 4823 περὶ
730 4757 894 4810 αὑτὸν
939 4757 1162 4822 δασείας
1211 4758 1306 4811 καὶ
1359 4758 1702 4828 συνηρεφοῦς

103 4846 238 4914 ἰλης
269 4847 337 4900 τὸ
371 4847 546 4915 ὄνομα
573 4848 1023 4918 κληρωσάμενος.
1068 4852 1156 4904 Ἑν
1185 4850 1360 4922 τούτῳ
1388 4852 1567 4904 τοίνυν
1587 4852 1701 4905 δαι-

106 4945 272 5004 μονία
319 4958 412 5004 τις
454 4942 721 5011 ἐφήδρευε
755 4943 1006 5014 δύναμις,
1037 4946 1071 5016 ἣ
1106 4946 1199 4998 καὶ
1224 4945 1328 4998 ὑπὸ
1379 4947 1486 4998 τῶν
1521 4947 1700 5000 ἐκεῖσε

107 5035 391 5103 νεμόντων
449 5036 730 5105 ποιμένων
781 5035 1044 5099 πολλάκις
1091 5036 1477 5108 ἐθεραπεύετο,
1517 5037 1593 5100 ὡς
1633 5038 1699 5092 ἂν

105 5125 265 5199 ἀτινῆ
298 5127 467 5198 δῆθεν
501 5129 566 5182 ἐκ
617 5128 826 5182 τούτων
858 5129 927 5181 τὰ
981 5130 1255 5198 νεμόμενα
1288 5129 1702 5198 διαφυλάττοιτο

107 5217 191 5291 ’1ρέ
203 5236 432 5291 μματα.
461 5214 729 5274 Ὠντινων
754 5221 1028 5292 δαιμόνων
1060 5222 1226 5274 οἱονεὶ
1263 5221 1401 5290 πρὸς
1431 5222 1695 5291 ἀλλήλους

97 5305 510 5378 διαλεγομένων
539 5311 636 5364 καὶ
661 5312 1058 5380 ἐπιχαιρόντων
1078 5312 1317 5382 ἥκουσαν
1339 5313 1388 5364 οἱ
1422 5315 1602 5380 νομεῖς
1619 5311 1694 5374 ὡς

97 5399 242 5457 iam
269 5406 338 5473 τῇ
374 5402 502 5471 χθὲς
531 5404 718 5475 ἡμέρᾳ
742 5404 1064 5474 Συράκουσα
1098 5405 1191 5456 καὶ
1219 5405 1287 5458 τὰ
1307 5404 1368 5456 ἐν
1394 5404 1532 5475 αὐτῇ
1557 5404 1694 5457 πᾶν·

90 5505 160 5549 τα
193 5496 589 5549 κατέσκαπται
639 5497 735 5549 καὶ
765 5497 900 5568 πυρὶ
929 5496 1312 5569 παραδέδοται.
1345 5496 1528 5565 "Amp
1558 5494 1694 5566 πρός

199 5685 222 5716 ⁸
257 5682 361 5748 τῆς
390 5697 502 5738 om.
542 5685 608 5739 Δ.
685 5685 705 5716 ³
733 5683 792 5738 ὃν
817 5683 884 5738 Δ.

1885 4377 2089 4435 70.Res
2107 4379 2347 4433 Adriano
2367 4379 2420 4432 in
2444 4379 2587 4432 hunc
2604 4380 2822 4434 modum
2845 4381 3102 4435 innotuit:
3124 4380 3217 4437 Est
3240 4383 3394 4438 locus

1813 4473 1866 4527 in
1897 4470 2278 4542 Peloponneso
2306 4471 2447 4525 haud
2490 4473 2679 4538 procul
2708 4472 3098 4537 Monembasia,
3131 4476 3196 4528 ad
3225 4491 3390 4546 quam

1812 4566 2056 4620 llurnana
2077 4566 2272 4621 classis
2297 4566 2585 4620 stationem
2620 4576 2924 4634 acet-perat,
2971 4565 3138 4621 llelus
3169 4571 3390 4624 nomine

1808 4674 1838 4713 a
1868 4661 2018 4714 silvae
2040 4676 2205 4728 prope
2223 4660 2516 4714 ambientis
2535 4658 2912 4713 condensilate
2931 4675 2994 4713 ac
3012 4662 3303 4728 opacitate.
3329 4663 3386 4715 ln

1807 4769 1874 4808 eo
1927 4754 2234 4808 daenionum
2280 4754 2363 4808 vis
2409 4755 2654 4820 quaedam
2699 4751 2994 4814 insederat.
3035 4768 3196 4822 quam
3244 4753 3389 4809 haud

1807 4859 1931 4897 raro
1949 4853 2195 4912 pastores
2222 4843 2488 4910 obsequio
2505 4841 2766 4910 cultuque
2789 4841 3144 4908 deliniebant,
3167 4853 3225 4898 ut
3249 4860 3388 4913 quas

1798 4936 1954 5006 311
1985 4935 2283 5004 pascebant
2304 4931 2562 5002 pecudes,
2591 4934 2658 4987 ab
2677 4932 2756 4988 eis
2780 4933 2975 4988 illeesas
2998 4949 3062 4989 ac
3082 4934 3386 4990 incolumes

1799 5037 2144 5100 praestarent.
2179 5027 2288 5082 llos
2343 5027 2419 5080 illi
2450 5027 2726 5082 ιιιεηιοιιοε
2751 5025 2900 5080 velut
2949 5027 3092 5081 inter
3121 5042 3180 5081 se
3212 5027 3386 5080 collo-

1799 5131 2029 5192 quentes
2046 5137 2110 5176 ac
2131 5121 2474 5192 gratulantes
2499 5119 2821 5184 audierunt,
2852 5121 3010 5191 quasi
3029 5121 3200 5190 pridie
3223 5130 3383 5189 capta

1803 5215 1937 5270 urbe
1983 5215 2326 5285 Syracusana
2367 5214 2687 5284 cunctisque
2723 5215 2778 5268 iu
2817 5230 2882 5268 ea
2921 5215 3130 5268 eversis
3159 5228 3223 5267 ac
3269 5213 3380 5282 igni

1803 5308 2041 5362 traditis.
2098 5307 2225 5362 llaec
2293 5315 2541 5378 pastores
2599 5306 2728 5361 dum
2773 5308 3048 5362 nonnullis
3107 5307 3377 5376 referunt,

1802 5402 2050 5471 pervenit
2093 5401 2336 5456 narratio
2365 5401 2433 5456 ad
2480 5403 2658 5472 ipsum
2686 5399 3014 5455 Adi-ianum.
3073 5399 3379 5455 ACCOI'SlIlS

1801 5511 1930 5550 vero
1974 5495 2107 5565 ipsis
2137 5496 2472 5566 pastoribus,
2505 5510 2684 5564 exque
2733 5493 2840 5548 illis
2871 5492 3160 5563 diligenter
3191 5509 3253 5549 ac
3277 5511 3374 5549 cu-

1391 5586 1628 5643 VARIAI
1664 5585 2072 5645 LECTIONES.
