3994 6220
229 379 331 441 329

1324 391 1472 449 LIB.
1512 391 1583 451 Υ.
1616 416 1675 423 -ο
1720 389 2071 448 BASILIUS
2093 390 2417 450 MACEDO.

3394 396 3498 451 3150

227 493 524 565 θρησκείαν
568 494 838 549 ἑλκόντων
879 502 1384 571 προσεπαγόμενον.
1423 503 1677 567 Ἐνωθεὶς
1710 504 1803 557 οὖν

1915 505 2055 559 diuis
2093 505 2431 574 obiitopera.
2461 501 2740 559 Continuo
2771 502 2918 556 enim
2949 499 3263 556 Amantiam
3301 499 3495 553 urbem

222 587 247 636 ὁ
270 582 584 653 Νικηφόρος
615 588 735 647 ταῖς
767 587 907 655 μετά
959 589 1234 657 Στεφάνου
1256 593 1297 623 ¹⁷
1326 594 1588 665 δυνάμεσι
1640 596 1812 650 πολλὰ

222 679 320 731 καὶ
342 679 619 741 συνέσεως
649 678 786 749 ἔργα
822 682 916 733 καὶ
949 682 1254 754 πολεμικῆς
1292 686 1513 757 ἀνδρίας
1545 690 1641 742 καὶ
1685 706 1778 757 γεν
1798 720 1810 729 -

220 771 503 840 ναιότητος
548 772 889 839 ἀπεδείξατο.
929 776 1041 845 Τήν
1066 794 1124 829 τε
1167 780 1276 851 γάρ
1321 780 1478 834 πόλιν
1514 782 1811 851 Ἀμαντίας

220 860 381 924 εὐθὺς
399 862 754 933 ἐχειρώσατο,
779 867 905 930 τοὺς
926 868 1388 941 ἀντιταξαμένους
1411 873 1639 944 ἐχθροὺς
1663 875 1810 945 φόνῳ

221 953 396 1023 πολλῷ
421 955 789 1026 τρεψάμενος,
828 961 919 1011 ml.
958 960 1019 1013 τὸ
1054 963 1292 1033 κάστρον
1346 965 1374 1018 ὃ
1417 966 1637 1037 Τρόπας
1676 985 1810 1019 κατ-

216 1047 535 1117 ωθομάζετο
556 1050 647 1101 καὶ
671 1051 845 1121 τὸτῆς
877 1053 1066 1121 Ἀγίας
1081 1057 1380 1128 Σευηρίνης
1398 1060 1535 1131 πρὸς
1556 1062 1655 1130 τὴν
1680 1078 1811 1131 προο

217 1140 381 1211 τέραν
400 1142 723 1196 δεσποτείαν
748 1147 849 1214 τῆς
881 1145 1201 1220 Ῥωμαῖκῆς
1234 1152 1407 1222 ἀρχῆς
1445 1153 1807 1222 μετηγάγετο,

219 1234 310 1286 καὶ
375 1236 583 1305 μάχαις
633 1236 826 1301 ἄλλαις
882 1240 978 1292 καὶ
1034 1244 1376 1313 παρατάξεσι
1418 1247 1546 1309 τοὺς
1598 1248 1663 1300 ἐκ
1713 1248 1811 1315 τῆς

222 1327 399 1396 Ἀγαρ
429 1326 710 1394 νενίκηκε,
737 1330 830 1380 καὶ
860 1332 970 1393 τοῖς
995 1332 1052 1395 ἐξ
1075 1333 1255 1385 αὐτῶν
1286 1333 1547 1405 λαφύροις
1578 1335 1669 1389 τὸν
1718 1337 1809 1389 ὐπ’

217 1418 382 1471 αὐτὸν
408 1421 642 1488 στρατὸν
666 1420 859 1491 ἱκανῆς
895 1423 1163 1492 ὠφελείας
1188 1427 1473 1498 ἐνέπλησε.
1508 1430 1615 1481 Καὶ
1638 1430 1810 1483 ταῦτα

219 1508 341 1577 μὲν,
368 1510 476 1572 ἓως
499 1511 528 1561 ό
559 1512 616 1562 ἐν
653 1509 967 1581 βασιλεῦσιν
1016 1516 1259 1583 ἀοίδιμος
1300 1518 1397 1587 ἔζη
1429 1519 1732 1585 Βασίλειος,
1780 1522 1810 1575 ό

215 1602 352 1671 ἀνὴρ
411 1602 831 1674 κατεπράξατο·
891 1607 960 1658 τά
1018 1609 1074 1661 δέ
1141 1608 1395 1665 λείποντα
1464 1612 1808 1684 προσέθηκεν

217 1692 446 1764 ὕστερον
476 1695 568 1746 ἐπὶ
596 1694 689 1747 τοῦ
724 1700 1032 1766 πραοτάτου
1065 1702 1161 1754 καὶ
1190 1703 1510 1772 σοφωτάτου
1542 1704 1809 1775 βασιλέως

216 1789 475 1842 ἁπάντων
503 1790 549 1819 ’⁸
577 1790 807 1856 Λέοντος
838 1792 931 1844 τοῦ
981 1793 1193 1847 ἐκείνου
1248 1796 1290 1827 ¹⁹
1335 1794 1472 1849 υἱοῦ.
1530 1797 1593 1849 ΕΞ
1645 1796 1807 1868 δὲμὴ

1916 598 2080 668 cepit,
2115 598 2285 651 multa
2334 606 2517 669 strage
2563 596 2701 651 fusis
2736 594 3048 668 fugatisque
3074 594 3365 658 hostibus;
3413 608 3499 646 ar-

1915 705 2141 758 cemque
2171 687 2381 759 Trepas
2403 696 2457 742 et
2490 698 2734 742 sanctam
2764 687 3079 741 Severinam
3109 686 3174 739 ad
3206 686 3497 756 pristinum

1915 782 2128 851 imperii
2165 780 2396 836 Romani
2440 782 2742 835 dominium
2789 779 3043 845 reduxit;
3081 778 3314 848 aliisque
3361 792 3498 849 pra.

1913 874 2002 930 liis
2062 891 2127 930 ac
2181 873 2631 929 dimicationibus
2678 872 3051 939 Agarenorum
3106 871 3282 925 victor
3342 870 3498 931 exiit.

1914 975 2077 1036 atque
2106 982 2296 1021 eorum
2326 966 2515 1035 spoliis
2560 963 2798 1028 abunde,
2830 978 2992 1033 quem
3024 961 3258 1016 ducebat
3286 960 3498 1015 exerci-

1917 1069 2053 1122 tum,
2084 1059 2352 1113 recreavit
2407 1068 2573 1127 atque
2618 1053 2833 1109 ditavit.
2901 1053 2967 1107 Et
3008 1053 3124 1108 hmc
3168 1053 3389 1122 quidem
3442 1051 3496 1105 in

1914 1151 2051 1204 vivis
2073 1157 2265 1218 agente
2294 1148 2507 1218 inclytae
2531 1145 2811 1200 memoriae
2826 1143 3027 1198 Basilio
3059 1145 3390 1213 imperatore
3415 1142 3500 1196 vir

1914 1242 2002 1295 ille
2042 1242 2237 1313 gessit;
2282 1241 2493 1311 reliqua
2524 1240 2628 1293 sub
2660 1238 2957 1292 mitissimo
2976 1236 3495 1306 sapientissimoque

1914 1332 2097 1387 Leone
2145 1332 2475 1401 imperatore
2526 1330 2645 1400 ejus
2685 1328 2796 1384 (ilio
2846 1337 3034 1398 postea
3088 1326 3310 1396 adjecit.
3380 1324 3493 1381 Etsi

1912 1433 2095 1479 autem
2150 1438 2258 1477 non
2295 1422 2418 1477 alia:
2471 1422 2595 1476 aliis
2652 1431 2900 1491 tempore
2949 1418 3247 1489 conjuncta
3301 1432 3497 1488 pugna:

1912 1515 2273 1581 exstiterunt,
2305 1514 2531 1585 perinde
2560 1528 2623 1568 ac
2655 1512 2776 1566 illas
2803 1510 3028 1583 digessit
3059 1511 3307 1565 inStituta
3340 1508 3500 1563 nobis

1911 1608 2153 1663 narratio
2182 1625 2198 1675 ;
2234 1606 2377 1677 quod
2410 1613 2589 1660 tamen
2619 1605 3051 1673 uniuscujusque
3072 1610 3238 1672 gestae
3256 1602 3330 1654 rei
3354 1612 3497 1671 pra:-

1910 1697 2135 1768 stitique
2166 1696 2427 1751 facinoris
2467 1704 2720 1751 exactum
2742 1702 2958 1762 tempus
2999 1694 3307 1764 ignoretur,
3370 1707 3499 1763 pro-

1918 1800 2102 1862 pterea
2128 1805 2239 1845 uno
2267 1789 2458 1845 ordine
2477 1789 2688 1859 singula
2716 1786 3133 1858 conjungentes,
3162 1786 3239 1841 uti
3263 1784 3497 1858 professi

215 1880 563 1949 συνημμέναι
592 1884 706 1944 τοῖς
749 1884 962 1953 χρόνοις
990 1886 1249 1957 ἀλλήλαις
1275 1888 1331 1940 αί
1362 1889 1536 1958 μάχαι
1583 1855 1808 1959 ἐτύγχαΣ

1915 1855 2157 1946 eramus,
2191 1855 2591 1951 disposuimus.
2644 1879 2721 1933 Ac
2751 1855 2972 1948 quidem
3010 1876 3153 1932 bello
3188 1855 3341 1948 gesta
3380 1884 3496 1932 tum

213 1988 321 2036 νον,
342 1970 432 2042 ΙΡ.
463 1971 790 2045 1951ὧσπερ
817 1972 911 2029 οὖν
940 1979 972 2047 ἡ
1005 1977 1282 2049 διήγησις,
1316 1979 1433 2032 ἀλλ’
1457 1981 1608 2051 ὅμως
1629 1982 1809 2034 Emi.”

210 2061 504 2134 ὀέκάστης
561 2065 821 2135 πράξεως
880 2068 1117 2138 ἀκριῧὴς
1168 2072 1418 2140 ἠγνοεῖτο
1452 2071 1664 2142 χρόνος,
1718 2072 1809 2126 διὰ

208 2152 372 2205 τοῦτο
429 2154 562 2224 μίαν
619 2158 761 2210 κατὰ
813 2158 912 2230 τὴν
972 2161 1309 2228 ἐπαγγελίαν
1378 2162 1532 2230 τάξιν
1591 2164 1811 2227 ἐδέξατο

208 2245 451 2301 ἅπαντα.
491 2249 598 2301 Καὶ
626 2249 697 2301 τά
733 2251 832 2319 μὲν
886 2252 943 2305 ἐν
978 2253 1238 2323 πολέμοις
1266 2255 1310 2286 ’⁸
1347 2257 1810 2328 καταπραχθέντα

1915 1990 2017 2047 per
2034 1975 2273 2043 seipsnm
2307 1982 2422 2025 tum
2454 1985 2548 2040 per
2578 1969 2783 2039 legatos
2819 1967 3021 2023 Basilio
3051 1964 3215 2038 315.
3260 1967 3498 2036 impera-

1916 2044 2045 2135 tori,
2077 2076 2226 2122 terra
2271 2079 2427 2135 reque
2449 2073 2501 2118 et
2546 2062 2705 2127 mari,
2742 2062 2793 2116 in
2824 2061 3045 2115 Oriente
3080 2069 3133 2114 et
3178 2057 3498 2120 Occidente.

1915 2174 2259 2233 quaecunque
2289 2158 2344 2211 in
2381 2156 2627 2211 notitiam
2675 2170 2850 2210 meam
2900 2160 3194 2218 venerunt,
3233 2150 3345 2207 lucc
3387 2148 3501 2203 fere

1915 2271 1978 2310 ac
2008 2254 2133 2308 talia
2162 2261 2309 2307 sunt.

206 2338 294 2391 διά
319 2357 377 2391 τε
403 2340 657 2392 adrui”
691 2344 785 2395 xu".
807 2342 896 2396 διά
924 2344 1033 2397 τῶν
1052 2345 1481 2418 ὑποστρατήγων
1512 2349 1778 2421 Βασιλείῳ
1807 2350 1883 2421 τῷ
1916 2346 2146 2419 βασιλεῖ,
2181 2347 2282 2399 ὅσα
2307 2348 2385 2408 εἰς
2410 2345 2548 2416 ἐμὴν
2587 2342 2822 2412 ἔφθασεν
2842 2340 3013 2393 ἐλθεῖν
3044 2338 3212 2409 ἀκοὴν
3238 2379 3252 2403 ,
3287 2338 3375 2391 διά
3439 2341 3498 2388 τε

209 2436 308 2502 τῆς
335 2432 509 2501 ξηρᾶς
539 2435 631 2486 καὶ
684 2436 858 2505 ὐγρᾶς
911 2437 1054 2489 κατὰ
1116 2438 1406 2509 Ἀνατολὴν
1460 2441 1555 2495 καὶ
1607 2441 1793 2510 Δύσιν,
1828 2440 2055 2496 τοιαῦτα
2084 2440 2179 2493 καὶ
2203 2438 2446 2492 τοσαῦτα
2478 2437 2801 2505 ἐτύγχανεν.

278 2522 377 2594 οβ’.
412 2524 537 2595 Χρῆ
573 2524 629 2577 δέ
682 2524 837 2588 αὖθις
869 2525 959 2578 τὸν
1001 2525 1158 2595 λόγον
1189 2530 1523 2601 ἀναδραμεῖν
1568 2532 1663 2585 ἐπὶ
1691 2532 1793 2595 τὰς

206 2616 445 2686 πράξεις
479 2616 698 2680 ἐκείνας
725 2610 800 2671 ὧν
827 2618 1129 2690 αὐτουργὸς
1159 2622 1185 2673 ὁ
1214 2621 1473 2693 βασιλεὺς
1498 2624 1805 2697 ἐχρημάτι-

200 2708 322 2773 ζεν,
359 2711 459 2761 καὶ
498 2708 869 2780 διηγήσασθαι
901 2711 946 2741 ¹¹
974 2714 1125 2777 ὅπως
1169 2714 1255 2766 ἀεὶ
1305 2717 1417 2780 τοῖς
1462 2719 1664 2781 κοινοῖς
1719 2719 1806 2770 ὲν-

205 2798 630 2870 ασκχολούμενος
688 2802 977 2873 πράγμασι
1009 2808 1104 2858 καὶ
1130 2806 1177 2837 ’³
1224 2806 1363 2877 πρὸς
1388 2807 1488 2879 τὴν
1531 2810 1804 2883 κοσμικὴν

196 2892 546 2961 ἐπιμέλειαν
593 2895 901 2965 τεταμένην
943 2894 1082 2966 ἔχων
1121 2897 1389 2970 διηνεκῶς
1431 2901 1530 2971 τὴν
1565 2901 1807 2955 διάνοιαν

196 2984 404 3037 ἄλλοτε
441 2983 541 3053 μὲν
574 2984 641 3036 τά
672 2986 807 3055 πρὸς
832 2987 891 3039 τὸ
928 2987 1045 3042 δέον
1072 2993 1139 3061 τῇ
1171 2990 1403 3063 ἔμφρονι
1435 2996 1809 3067 μεταχειρίσει

196 3075 589 3145 κατηύθυνεν,
620 3077 808 3131 ἄλλοτε
850 3080 906 3133 δὲ
940 3080 1039 3152 τὴν
1071 3083 1240 3154 ἀκοὴν
1273 3084 1517 3141 ὑπετίθει
1566 3089 1660 3140 καὶ
1691 3090 1811 3142 ἐπι-

197 3168 397 3237 μελῶς
435 3170 680 3240 ἠκροᾶτο
720 3172 1012 3243 ἱστορικῶν
1038 3191 1098 3227 τε
1136 3174 1496 3245 διηγημάτων
1527 3178 1620 3231 καὶ
1653 3178 1808 3233 πολι-

1988 2531 2075 2584 72.
2114 2528 2382 2584 Rccurrat
2412 2541 2575 2597 porro
2607 2524 2787 2580 oratio
2812 2538 3039 2579 necesse
3064 2530 3148 2576 est
3169 2519 3237 2575 ad
3274 2536 3368 2575 cas
3402 2535 3499 2575 ac-

1916 2623 2091 2678 tiones
2125 2635 2359 2691 quarum
2388 2619 2504 2690 ipse
2527 2633 2623 2688 per
2663 2632 2720 2673 se
2762 2616 3059 2685 imperator
3096 2622 3289 2668 auctor
3328 2612 3499 2666 exsti-

1914 2712 2016 2777 tit;
2068 2718 2364 2780 narretque
2410 2705 2871 2778 quemadmodum
2904 2705 2994 2759 ille
3016 2702 3248 2775 publicis
3282 2717 3498 2770 semper

1915 2805 2079 2861 rebus
2103 2818 2322 2868 vacans,
2358 2804 2522 2874 inque
2553 2801 2740 2857 mundi
2766 2815 2951 2855 curam
2975 2798 3233 2854 continue
3250 2798 3495 2852 animum

1915 2898 2184 2954 intentum
2220 2897 2445 2974 habens,
2468 2894 2630 2950 modo
2654 2892 2871 2964 quidem
2895 2890 3147 2961 prudenti
3170 2888 3495 2945 tractatione

1917 2988 1986 3044 ad
2038 2988 2255 3043 honesti
2289 2988 2542 3058 aequique
2595 2986 2759 3042 tinem
2813 2984 3091 3054 dirigeret,
3145 2982 3311 3037 modo
3365 2997 3497 3040 vero

1917 3097 2106 3137 aurem
2142 3080 2588 3138 accommodaret
2614 3079 2950 3153 .audirelque
2975 3077 3168 3133 sedulo
3196 3076 3494 3134 historicas

1920 3175 2262 3229 narrationes
2304 3180 2357 3226 et
2390 3172 2610 3241 politiea
2652 3171 2977 3226 documenta
3018 3171 3365 3240 moralesque
3408 3170 3497 3226 ln-

194 3260 384 3315 τικῶν
416 3262 905 3333 παραγγελμάτων
938 3267 1035 3320 καὶ
1059 3267 1268 3338 ἠθικῶν
1296 3268 1687 3339 παιδευμάτων
1714 3273 1808 3325 καὶ

1917 3266 2266 3327 structiones,
2304 3265 2527 3319 Patrum
2560 3262 2796 3333 denique
2832 3278 2897 3316 ac
2934 3261 3195 3331 spiritalia
3235 3262 3498 3317 adhorta-

196 3354 507 3423 πατρικῶν
539 3371 599 3407 τε
658 3355 755 3408 καὶ
808 3361 1200 3429 πνευματικῶν
1250 3361 1673 3431 νουθετημάτων
1714 3364 1812 3415 καὶ

194 3444 584 3515 εἰσηγήσεων,
636 3444 825 3498 ἄλλοτε
874 3447 932 3501 δὲ
984 3450 1081 3502 καὶ
1126 3448 1226 3518 τὴν
1257 3451 1417 3520 χεῖρα
1463 3452 1602 3523 πρὶς
1640 3451 1732 3505 τὸν
1764 3452 1809 3483 ⁸⁵

1912 3368 2095 3411 menta
2131 3366 2186 3411 et
2222 3355 2673 3423 admonitiones;
2720 3353 2885 3408 modo
2923 3353 3087 3409 etiam
3143 3368 3369 3408 manum
3425 3354 3495 3408 ad

1912 3449 2266 3505 scribendum
2317 3448 2563 3504 erudiret
2610 3447 2995 3518 calamumque
3059 3446 3346 3514 dirigeret;
3429 3462 3495 3502 ac

1911 3543 2075 3598 modo
2116 3543 2337 3613 quidem
2379 3549 2675 3613 praetorum
2734 3555 2797 3596 ac
2854 3541 3249 3611 imperatorum
3314 3555 3495 3596 mores

1911 3636 2161 3706 vitasque
2188 3643 2244 3691 et
2271 3649 2455 3691 rerum
2510 3634 2889 3705 aggressiones
2947 3632 3251 3705 bellicaque
3314 3644 3493 3691 certa-

1911 3729 2061 3782 mina
2101 3728 2314 3783 rimaus
2357 3741 2422 3782 ac
2454 3726 2781 3798 dispiciens,
2820 3742 2884 3781 ex
2928 3725 3008 3780 eis
3032 3727 3493 3795 praestantissima

1911 3820 2244 3891 laudemque
2276 3820 2540 3876 habentia
2572 3820 2807 3890 seligeus
2835 3820 2887 3873 in
2917 3834 3045 3874 suas
3079 3820 3325 3876 actiones
3367 3821 3495 3876 imi-

1912 3909 2179 3964 tationem
2218 3907 2515 3964 transferre
2536 3909 2817 3974 studeret;
2848 3908 3009 3963 modo
3035 3917 3219 3963 autem
3249 3909 3491 3963 virorum

1911 4000 2005 4070 qui
2026 4000 2234 4069 optima
2266 4000 2389 4054 vita:
2411 4000 2700 4071 disciplina
2735 3999 2991 4070 religiosa
3022 3999 3232 4069 pietate
3258 4001 3492 4056 claruis-

1911 4099 2037 4148 seut
2052 4089 2195 4145 vitae
2214 4087 2507 4159 diligenter
2520 4088 2879 4159 perdisceret,
2903 4088 3184 4159 animique
3200 4089 3490 4159 appetitio-

1912 4204 2010 4243 nes
2032 4203 2063 4241 a
2094 4184 2311 4239 ratione
2334 4181 2694 4237 abhorrentes
2724 4181 3089 4248 exscinderet,
3114 4181 3292 4252 ipsum
3320 4198 3380 4237 se
3403 4183 3488 4237 sui

1911 4283 2092 4355 potius
2110 4295 2274 4352 quam
2297 4276 2644 4334 subditorum
2668 4278 3053 4347 Imperatorem
3080 4290 3374 4346 regemque
3396 4290 3494 4330 ex-

1913 4373 2099 4428 hibere
2111 4381 2389 4444 satagens,
2406 4367 2641 4438 indeque
2656 4367 2881 4422 multam
2902 4366 3071 4421 animi
3091 4365 3382 4421 utilitatem
3398 4381 3493 4438 pa-

1912 4477 2081 4520 raret.
2095 4465 2437 4536 Quapropter
2458 4464 2622 4516 etiam
2640 4460 2832 4515 beatos
2854 4458 3001 4513 viros
3023 4459 3200 4513 adhuc
3220 4459 3489 4528 supersti-

1915 4569 2016 4621 tes,
2037 4559 2242 4628 quique
2262 4557 2316 4613 in
2336 4565 2555 4611 terrena
2578 4555 2679 4608 hac
2696 4553 2803 4606 vita
2825 4552 2960 4607 nihil
2983 4560 3258 4607 terrenum
3280 4553 3489 4609 haben-

190 3539 492 3609 γραφικὺν
545 3538 861 3605 ἐξεπαίδευε
914 3541 1008 3595 καὶ
1058 3542 1364 3613 κατηύθυνε
1404 3544 1672 3617 κάλαμον,
1714 3547 1807 3599 καὶ

191 3631 304 3683 νῦν
348 3630 453 3699 μὲν
506 3632 834 3701 στρατηγῶν
871 3650 932 3686 τε
983 3635 1079 3687 καὶ
1129 3636 1553 3707 αὐτοκρατόρων
1595 3638 1805 3710 ἀνδρῶν

194 3722 320 3792 {fit}
357 3720 456 3775 καὶ
489 3720 642 3792 βίους
667 3724 760 3775 καὶ⁹
790 3723 1193 3795 μεταχειρίσεις
1224 3726 1568 3798 πραγμάτων
1592 3730 1688 3783 καὶ
1714 3748 1809 3783 πο-

188 3815 480 3885 λεμικοὺς
527 3814 747 3880 ἀγῶνας
793 3816 1142 3887 διηρευνᾶτο,
1190 3819 1284 3871 καὶ
1333 3820 1690 3887 ἀνασκοπῶν,
1742 3823 1810 3877 τὰ

186 3910 496 3975 κράτιστα
530 3906 737 3961 τούτων
780 3910 875 3961 καὶ
912 3909 1283 3980 ἐπαινούμενα
1321 3910 1701 3982 ἐκλεγόμενος,
1731 3916 1809 3977 εἰς

184 3999 435 4060 οἰκείας
461 3999 690 4071 πράξεις
711 4001 1010 4067 ἐσπούδαζε
1030 4002 1129 4073 τὴν
1151 4002 1383 4074 μίμησιν
1395 4004 1807 4068 κατατίθεσθαι,

189 4092 312 4144 νῦν
351 4092 410 4144 δέ
436 4091 552 4144 τῶν
577 4093 636 4145 ἐν
663 4096 728 4164 τῇ
763 4093 906 4149 κατὰ
932 4094 1063 4148 Θεὸν
1091 4095 1289 4168 ἀρίστῃ
1318 4096 1564 4169 πολιτείᾳ
1588 4098 1811 4167 διαπρε-

175 4187 443 4255 ιλιάντων
462 4185 677 4256 ἀνδρῶν
702 4189 827 4253 τούς
852 4188 1000 4258 βίους
1024 4188 1298 4260 ἐπιμελῶς
1317 4189 1751 4261 καταμανθάνων
1765 4192 1808 4224 ’³

174 4281 303 4333 καὶ
332 4277 433 4342 τάς
456 4277 691 4346 ἀλόγους
712 4280 893 4351 ὁρμάς
912 4282 1011 4349 τῆς
1041 4279 1218 4351 ψυχῆς
1241 4281 1624 4352 περιέκοπτεν,
1649 4282 1809 4337 αὐτὸν

170 4370 414 4425 ἑαυτοῦ
444 4368 719 4421 δεικνύειν
746 4370 945 4423 ἐθέλων
971 4370 1077 4440 πρὸ
1105 4372 1212 4425 τῶν
1232 4374 1387 4435 ἐκτὸς
1406 4374 1806 4444 αὐτοκράτορα,

166 4466 299 4517 καὶ
366 4461 579 4531 πολλὴν
625 4461 875 4515 ἐντεῦθεν
909 4464 955 4495 ³⁸
1003 4464 1319 4535 ἐκαρποῦτο
1366 4465 1681 4533 ὼφείλειαν.
1716 4466 1810 4519 Διὸ

160 4557 297 4609 καὶ
353 4553 489 4615 τοὺς
526 4552 610 4608 ἔτι
656 4553 733 4623 τῷ
771 4553 871 4624 βίῳ
902 4556 1192 4626 περιόντας
1233 4556 1343 4609 τῶν
1389 4556 1678 4625 μακαρίων
1708 4558 1806 4610 ἀν·-

154 4647 381 4717 δρών,
428 4644 542 4696 τῶν
575 4645 674 4715 τὴν
723 4645 886 4699 άῦλον
939 4646 1218 4699 πολιτείαν
1271 4646 1583 4713 διαξώντων
1632 4651 1689 4702 ἐν
1734 4652 1800 4720 τῇ

1915 4660 2020 4707 tem
2044 4652 2206 4705 vitam
2226 4650 2541 4713 instituant,
2563 4663 2625 4702 ac
2643 4646 2736 4719 qui
2760 4646 2817 4701 in
2852 4644 3023 4700 cretes
3049 4644 3175 4699 vitae
3198 4644 3489 4717 sua315

152 4738 411 4795 ὑλώδει
443 4737 622 4807 ταύτῃ
668 4738 779 4809 ζωῇ
822 4739 918 4791 καὶ
966 4739 1271 4809 πολίτευμα
1323 4739 1713 4811 μεταθεμένων
1745 4744 1803 4796 ἐν

1915 4743 2151 4797 rationes
2181 4757 2246 4796 ac
2276 4741 2669 4811 municipatum
2691 4737 3087 4802 transtulerint,
3116 4746 3344 4794 nosseet
3364 4754 3489 4793 cum

146 4832 495 4905 οὐρανοῖς,
544 4832 835 4901 γνωρίζειν
882 4836 977 4886 καὶ
1031 4834 1388 4903 ἐντυγχάνειν
1441 4834 1536 4887 καὶ
1592 4835 1803 4906 όμιλεῖν

1915 4836 1987 4893 eis
2014 4833 2271 4905 congredi
2306 4848 2369 4887 ac
2401 4845 2710 4887 sermonem
2749 4829 2982 4884 miscere
3026 4829 3198 4900 pluris
3225 4827 3484 4899 faciebat,

142 4924 459 4980 ἐποιεῖτο
494 4924 540 4954 ”
573 4926 696 4993 περὶ
727 4924 922 4977 πολλοῦ
954 4926 1047 4978 καὶ
1088 4928 1146 4978 ἐν
1175 4926 1388 4997 μεγάλῃ
1422 4928 1667 4998 φροντίδι
1696 4929 1804 4981 ἐτί-

1915 4930 2139 4999 ejusque
2162 4927 2241 4983 rei
2276 4942 2470 4996 magna
2502 4924 2983 4989 tenebaturacura;
3012 4938 3122 4993 qua
3159 4932 3343 4979 tamen
3372 4925 3487 4980 sin-

140 5022 349 5076 οετο.
410 5016 552 5068 Ὑπὸ
590 5017 647 5069 δὲ
678 5017 774 5087 τῆς
806 5018 948 5085 ἄγαν
971 5017 1257 5081 εὐλαϐείας
1283 5021 1329 5051 ¹¹¹
1355 5020 1415 5072 οὐ
1448 5021 1585 5089 πρὸς
1610 5022 1806 5075 ἐαυτὸν

1915 5021 2086 5091 gulari
2124 5020 2178 5074 in
2205 5032 2299 5073 eos
2323 5018 2521 5086 pietate
2547 5015 2863 5081 ducebatur,
2893 5030 3000 5070 non
3021 5030 3117 5072 eos
3131 5016 3199 5071 ad
3226 5032 3285 5071 se
3307 5032 3491 5071 accer-

135 5109 413 5168 αὐτῡῦς
453 5107 861 5177 μετεστέλλετο,
888 5109 1002 5162 ἀλλ’
1035 5110 1190 5162 οὐδὲν
1214 5110 1307 5163 τὸν
1334 5111 1611 5180 βασιλικὸν
1636 5113 1802 5181 ὄγκον

1915 5112 2085 5173 sebat,
2130 5110 2222 5165 scd
2259 5109 2435 5180 posita
2491 5116 2781 5177 spretaque
2845 5107 3131 5177 majestate
3167 5108 3381 5178 imperii
3424 5124 3485 5164 se

129 5204 501 5272 τιθέμενος
540 5199 757 5264 ἐϐάδιζε
784 5202 922 5271 πρὸς
953 5204 1174 5267 αὐτοὺς,
1207 5204 1303 5256 καὶ
1352 5205 1461 5257 τῶν
1491 5205 1667 5275 εὐχῶν
1704 5206 1803 5259 αὐ-

1915 5204 2026 5275 ipse
2048 5201 2113 5257 ad
2136 5202 2258 5258 illos
2281 5200 2616 5266 conferebat,
2661 5201 2728 5256 ab
2760 5201 2951 5271 eisque
2986 5200 3237 5271 precibus
3282 5201 3485 5271 impar-

128 5300 275 5352 τῶν
362 5291 779 5363 μετελάγχανε,
816 5293 910 5348 καί
954 5313 1070 5358 πως
1098 5298 1219 5356 ταῖς
1246 5298 1291 5328 ²⁹
1338 5295 1397 5360 ἐξ
1438 5298 1619 5351 αὐτῶν
1650 5298 1802 5351 εὐλο-

1915 5297 2169 5361 tiebatur,
2212 5308 2516 5364 eorumque
2566 5294 3039 5349 benedictionibus
3093 5294 3243 5348 velut
3280 5308 3483 5350 corona

128 5388 339 5457 γξαις
416 5381 788 5450 ἐστεφανοῦτο
841 5383 935 5437 καὶ
981 5384 1117 5455 πρὸς
1163 5386 1254 5438 τὸν
1310 5386 1451 5440 θεῖον
1484 5388 1802 5457 ἐστηρίζετο

1915 5389 2249 5458 cingebatur,
2298 5388 2593 5457 divinaque
2638 5387 2833 5441 timore
2859 5385 3287 5441 conﬁrmabatur
3335 5396 3389 5441 et
3417 5389 3482 5442 ad

124 5478 361 5551 φόϐον
414 5473 511 5526 καὶ
539 5475 677 5528 ποὸι
720 5475 791 5528 τὰ
820 5476 913 5530 τοῦ
963 5477 1100 5532 Θεοῦ
1145 5480 1492 5536 δικαιώματα
1526 5481 1798 5553 κατηυθύ-

1915 5478 2447 5549 Deijustitlcationes
2494 5477 2852 5547 dirigebatur,
2903 5476 3141 5547 hincque
3185 5491 3399 5548 semper
3429 5477 3481 5531 in

1534 5619 1763 5675 VARIZE
1799 5618 2200 5677 LECTIONES.

731 5742 752 5798 ἒ
826 5706 873 5740 ⁸⁸
898 5709 1154 5798 ἁπάντωγ
1188 5728 1299 5798 οξη.
1335 5713 1392 5767 Ρ.
1427 5786 1442 5798 ⁸
1472 5715 1515 5746 ¹⁹
1540 5716 1775 5798 ἐκείνρυ,
1799 5715 2006 5798 ,οἰκείου
2038 5714 2096 5769 l’.
2176 5716 2246 5798 πῆ
2269 5712 2391 5798 ἐπεὶ
2440 5725 2551 5798 om.
2607 5713 2703 5798 Az.
2732 5711 2795 5794 .¹⁸
2844 5710 3068 5798 πρλέμιρ
3096 5710 3156 5766 Ρ.
3195 5782 3205 5797 ι
3256 5713 3321 5798 ""
3352 5714 3480 5798 ἑαμ-

519 5776 566 5872 ς’
593 5773 899 5898 navigasti);
925 5782 991 5833 Α.
1094 5782 1139 5814 ’³
1156 5784 1247 5837 καὶ
1275 5798 1387 5838 om.
1418 5786 1480 5838 Α.
1588 5787 1633 5817 ³³
1658 5786 1717 5838 rb
1749 5773 1855 5840 ᾹΡ.
1969 5788 2012 5819 ’⁸
2041 5773 2450 5856 κατεμάνθανεν
2486 5781 2546 5837 Ρ.
2658 5783 2703 5814 ’⁸
2729 5773 2995 5836 ἐντεῦθεν
3017 5773 3255 5853 φυχικὴν
3300 5782 3365 5833 ἐκ
3416 5780 3480 5838 Ρ.

537 5882 554 5898 .
703 5862 730 5898 ε
769 5846 990 5908 λαδείας
1024 5852 1084 5903 οὐ
1116 5867 1227 5908 om.
1255 5854 1313 5907 Λ.
1397 5856 1439 5884 ¹⁹
1478 5856 1597 5908 ταῒξ
1620 5872 1728 5908 om.
1765 5857 1827 5908 Α.

1302 5895 1313 5907 .
1399 5871 1439 5884 ·’
1478 5871 1597 5918 ταις
1620 5872 1728 5908 om.
1765 5871 1827 5909 Α.

506 5934 784 6001 Ρλτιιοι..
837 5941 956 6003 Gn.
1005 5941 1169 6006 δικ.
3033 5943 3097 6003 ¹¹

1839 4616 1883 4670 ι)
