  <div class='ocr_page' id='page_1' title='image "/cluster/home/n/w/nwhite01/storage/ocr_20150623/109/hvd.32044073502312/181.png"; bbox 0 0 3994 6220; ppageno 0'>
   <div class='ocr_carea' id='block_1_1' title="bbox 516 344 614 409">
    <p class='ocr_par' dir='ltr' id='par_1_1' title="bbox 516 344 614 409">
     <span class='ocr_line' id='line_1_1' title="bbox 516 344 614 409; baseline 0.01 -1"><span class='ocrx_word' id='word_1_1' title='bbox 516 344 614 409; x_wconf 84' lang='lat'><strong>331</strong></span> 
     </span>
    </p>
   </div>
   <div class='ocr_carea' id='block_1_2' title="bbox 1587 337 2680 402">
    <p class='ocr_par' dir='ltr' id='par_1_2' title="bbox 1587 337 2680 402">
     <span class='ocr_line' id='line_1_2' title="bbox 1587 337 2680 402; baseline 0.003 -4"><span class='ocrx_word' id='word_1_2' title='bbox 1587 337 1996 399; x_wconf 79' lang='grc' dir='ltr'><strong>ΤΙΙΕΟΡΠΛΝ</strong></span> <span class='ocrx_word' id='word_1_3' title='bbox 2004 339 2094 400; x_wconf 90' lang='lat' dir='ltr'><strong>ES</strong></span> <span class='ocrx_word' id='word_1_4' title='bbox 2124 340 2400 402; x_wconf 83' lang='lat' dir='ltr'><strong>CONTIN</strong></span> <span class='ocrx_word' id='word_1_5' title='bbox 2413 342 2680 402; x_wconf 80' lang='lat' dir='ltr'><strong>UATUS.</strong></span> 
     </span>
    </p>
   </div>
   <div class='ocr_carea' id='block_1_3' title="bbox 3675 339 3779 404">
    <p class='ocr_par' dir='ltr' id='par_1_3' title="bbox 3675 339 3779 404">
     <span class='ocr_line' id='line_1_3' title="bbox 3675 339 3779 404; baseline -0.019 1"><span class='ocrx_word' id='word_1_6' title='bbox 3675 339 3779 404; x_wconf 71' lang='lat'><strong>332</strong></span> 
     </span>
    </p>
   </div>
   <div class='ocr_carea' id='block_1_4' title="bbox 516 453 2092 528">
    <p class='ocr_par' dir='ltr' id='par_1_4' title="bbox 516 453 2088 526">
     <span class='ocr_line' id='line_1_4' title="bbox 516 453 2088 526; baseline -0.008 -8"><span class='ocrx_word' id='word_1_7' title='bbox 516 463 608 518; x_wconf 80' lang='lat' dir='ltr'><strong>ille</strong></span> <span class='ocrx_word' id='word_1_8' title='bbox 635 469 943 516; x_wconf 88' lang='lat' dir='ltr'><strong>manentem</strong></span> <span class='ocrx_word' id='word_1_9' title='bbox 985 459 1249 514; x_wconf 88' lang='lat' dir='ltr'><strong>virtutum</strong></span> <span class='ocrx_word' id='word_1_10' title='bbox 1293 453 1710 526; x_wconf 74' lang='lat' dir='ltr'><strong>quatrrniouem</strong></span> <span class='ocrx_word' id='word_1_11' title='bbox 1743 465 1860 509; x_wconf 87' lang='lat' dir='ltr'><strong>erat</strong></span> <span class='ocrx_word' id='word_1_12' title='bbox 1886 455 2088 508; x_wconf 82' lang='lat' dir='ltr'><strong>videre.</strong></span> 
     </span>
    </p>
   </div>
   <div class='ocr_carea' id='block_1_5' title="bbox 2197 453 3759 528">
    <p class='ocr_par' dir='ltr' id='par_1_5' title="bbox 2199 453 3759 528">
     <span class='ocr_line' id='line_1_5' title="bbox 2199 453 3759 528; baseline 0.001 -20"><span class='ocrx_word' id='word_1_13' title='bbox 2199 474 2336 512; x_wconf 84' lang='grc' dir='ltr'>νετο.</span> <span class='ocrx_word' id='word_1_14' title='bbox 2375 457 2482 510; x_wconf 73' lang='grc' dir='ltr'>Καὶ</span> <span class='ocrx_word' id='word_1_15' title='bbox 2505 457 2613 512; x_wconf 81' lang='grc' dir='ltr'>ἀπὸ</span> <span class='ocrx_word' id='word_1_16' title='bbox 2644 456 2834 508; x_wconf 83' lang='grc' dir='ltr'>τούτου</span> <span class='ocrx_word' id='word_1_17' title='bbox 2885 453 3152 525; x_wconf 79' lang='grc' dir='ltr'>διηνεκῶς</span> <span class='ocrx_word' id='word_1_18' title='bbox 3189 453 3613 525; x_wconf 84' lang='grc' dir='ltr'>ἐνδιαιτωμένην</span> <span class='ocrx_word' id='word_1_19' title='bbox 3644 472 3759 528; x_wconf 71' lang='grc' dir='ltr'><strong>παρ</strong></span> 
     </span>
    </p>
   </div>
   <div class='ocr_carea' id='block_1_6' title="bbox 514 546 2085 621">
    <p class='ocr_par' dir='ltr' id='par_1_6' title="bbox 514 546 2085 621">
     <span class='ocr_line' id='line_1_6' title="bbox 514 546 2085 621; baseline -0.007 -11"><span class='ocrx_word' id='word_1_20' title='bbox 514 553 944 612; x_wconf 79' lang='lat' dir='ltr'><strong>Admirationem</strong></span> <span class='ocrx_word' id='word_1_21' title='bbox 983 551 1215 621; x_wconf 86' lang='lat' dir='ltr'><strong>habebat</strong></span> <span class='ocrx_word' id='word_1_22' title='bbox 1259 548 1547 619; x_wconf 78' lang='lat' dir='ltr'><strong>prudentia</strong></span> <span class='ocrx_word' id='word_1_23' title='bbox 1600 546 1908 601; x_wconf 74' lang='lat' dir='ltr'><strong>fortitudini</strong></span> <span class='ocrx_word' id='word_1_24' title='bbox 1953 563 2085 601; x_wconf 85' lang='lat' dir='ltr'><strong>con-</strong></span> 
     </span>
    </p>
   </div>
   <div class='ocr_carea' id='block_1_7' title="bbox 507 637 2087 715">
    <p class='ocr_par' dir='ltr' id='par_1_7' title="bbox 507 637 2087 715">
     <span class='ocr_line' id='line_1_7' title="bbox 507 637 2087 715; baseline -0.006 -15"><span class='ocrx_word' id='word_1_25' title='bbox 507 648 720 714; x_wconf 88' lang='lat' dir='ltr'><strong>juncta,</strong></span> <span class='ocrx_word' id='word_1_26' title='bbox 753 641 1232 715; x_wconf 73' lang='lat' dir='ltr'><strong>temperantiaeque</strong></span> <span class='ocrx_word' id='word_1_27' title='bbox 1263 656 1448 695; x_wconf 86' lang='lat' dir='ltr'><strong>comes</strong></span> <span class='ocrx_word' id='word_1_28' title='bbox 1473 637 1684 709; x_wconf 89' lang='lat' dir='ltr'><strong>justitia</strong></span> <span class='ocrx_word' id='word_1_29' title='bbox 1711 655 1728 704; x_wconf 92' lang='lat'><strong>;</strong></span> <span class='ocrx_word' id='word_1_30' title='bbox 1780 649 2087 706; x_wconf 84' lang='lat' dir='ltr'><strong>cunctaque</strong></span> 
     </span>
    </p>
   </div>
   <div class='ocr_carea' id='block_1_8' title="bbox 514 729 2084 804">
    <p class='ocr_par' dir='ltr' id='par_1_8' title="bbox 514 729 2084 804">
     <span class='ocr_line' id='line_1_8' title="bbox 514 729 2084 804; baseline -0.008 -14"><span class='ocrx_word' id='word_1_31' title='bbox 514 740 566 792; x_wconf 91' lang='lat' dir='ltr'><strong>in</strong></span> <span class='ocrx_word' id='word_1_32' title='bbox 622 737 817 792; x_wconf 90' lang='lat' dir='ltr'><strong>melius</strong></span> <span class='ocrx_word' id='word_1_33' title='bbox 857 730 1243 804; x_wconf 71' lang='lat' dir='ltr'><strong>proﬁciebant.</strong></span> <span class='ocrx_word' id='word_1_34' title='bbox 1295 729 1538 784; x_wconf 80' lang='lat' dir='ltr'><strong>Dixisses</strong></span> <span class='ocrx_word' id='word_1_35' title='bbox 1579 729 1875 782; x_wconf 89' lang='lat' dir='ltr'><strong>humanam</strong></span> <span class='ocrx_word' id='word_1_36' title='bbox 1923 730 2084 781; x_wconf 80' lang='lat' dir='ltr'><strong>vitam</strong></span> 
     </span>
    </p>
   </div>
   <div class='ocr_carea' id='block_1_9' title="bbox 510 818 2086 900">
    <p class='ocr_par' dir='ltr' id='par_1_9' title="bbox 510 818 2086 900">
     <span class='ocr_line' id='line_1_9' title="bbox 510 818 2086 900; baseline -0.01 -15"><span class='ocrx_word' id='word_1_37' title='bbox 510 829 794 900; x_wconf 86' lang='lat' dir='ltr'><strong>antiquam</strong></span> <span class='ocrx_word' id='word_1_38' title='bbox 851 841 1045 880; x_wconf 82' lang='lat' dir='ltr'><strong>rurSus</strong></span> <span class='ocrx_word' id='word_1_39' title='bbox 1079 822 1356 892; x_wconf 85' lang='lat' dir='ltr'><strong>recepisse</strong></span> <span class='ocrx_word' id='word_1_40' title='bbox 1380 820 1592 874; x_wconf 88' lang='lat' dir='ltr'><strong>ordinis</strong></span> <span class='ocrx_word' id='word_1_41' title='bbox 1636 818 2086 888; x_wconf 85' lang='lat' dir='ltr'><strong>tranquillitatem</strong></span> 
     </span>
    </p>
   </div>
   <div class='ocr_carea' id='block_1_10' title="bbox 508 909 2088 982">
    <p class='ocr_par' dir='ltr' id='par_1_10' title="bbox 508 909 2088 982">
     <span class='ocr_line' id='line_1_10' title="bbox 508 909 2088 982; baseline -0.011 -5"><span class='ocrx_word' id='word_1_42' title='bbox 508 937 573 977; x_wconf 88' lang='lat' dir='ltr'><strong>ac</strong></span> <span class='ocrx_word' id='word_1_43' title='bbox 605 918 1075 981; x_wconf 88' lang='lat' dir='ltr'><strong>constitutionem,</strong></span> <span class='ocrx_word' id='word_1_44' title='bbox 1104 931 1228 970; x_wconf 89' lang='lat' dir='ltr'><strong>cum</strong></span> <span class='ocrx_word' id='word_1_45' title='bbox 1257 924 1311 967; x_wconf 82' lang='lat' dir='ltr'><strong>et</strong></span> <span class='ocrx_word' id='word_1_46' title='bbox 1343 913 1458 982; x_wconf 89' lang='lat' dir='ltr'><strong>ipse</strong></span> <span class='ocrx_word' id='word_1_47' title='bbox 1497 912 1550 965; x_wconf 92' lang='lat' dir='ltr'><strong>in</strong></span> <span class='ocrx_word' id='word_1_48' title='bbox 1603 926 1723 964; x_wconf 90' lang='lat' dir='ltr'><strong>eam</strong></span> <span class='ocrx_word' id='word_1_49' title='bbox 1760 909 1961 980; x_wconf 84' lang='lat' dir='ltr'><strong>jugiter</strong></span> <span class='ocrx_word' id='word_1_50' title='bbox 1991 923 2088 961; x_wconf 88' lang='lat' dir='ltr'><strong>eu-</strong></span> 
     </span>
    </p>
   </div>
   <div class='ocr_carea' id='block_1_11' title="bbox 509 999 2090 1073">
    <p class='ocr_par' dir='ltr' id='par_1_11' title="bbox 509 999 2090 1073">
     <span class='ocr_line' id='line_1_11' title="bbox 509 999 2090 1073; baseline -0.009 -8"><span class='ocrx_word' id='word_1_51' title='bbox 509 1006 625 1066; x_wconf 85' lang='lat' dir='ltr'><strong>rain</strong></span> <span class='ocrx_word' id='word_1_52' title='bbox 659 1009 1023 1070; x_wconf 86' lang='lat' dir='ltr'><strong>incumberet,</strong></span> <span class='ocrx_word' id='word_1_53' title='bbox 1047 1015 1106 1060; x_wconf 89' lang='lat' dir='ltr'><strong>ut</strong></span> <span class='ocrx_word' id='word_1_54' title='bbox 1127 1003 1330 1059; x_wconf 88' lang='lat' dir='ltr'><strong>subditi</strong></span> <span class='ocrx_word' id='word_1_55' title='bbox 1352 1001 1562 1073; x_wconf 88' lang='lat' dir='ltr'><strong>placida</strong></span> <span class='ocrx_word' id='word_1_56' title='bbox 1587 1004 1772 1070; x_wconf 81' lang='lat' dir='ltr'><strong>quiete</strong></span> <span class='ocrx_word' id='word_1_57' title='bbox 1790 999 2090 1068; x_wconf 80' lang='lat' dir='ltr'><strong>gauderent</strong></span> 
     </span>
    </p>
   </div>
   <div class='ocr_carea' id='block_1_12' title="bbox 507 1091 2088 1175">
    <p class='ocr_par' dir='ltr' id='par_1_12' title="bbox 507 1091 2088 1175">
     <span class='ocr_line' id='line_1_12' title="bbox 507 1091 2088 1175; baseline -0.009 -17"><span class='ocrx_word' id='word_1_58' title='bbox 507 1120 610 1159; x_wconf 77' lang='lat' dir='ltr'><strong>nec</strong></span> <span class='ocrx_word' id='word_1_59' title='bbox 658 1104 950 1175; x_wconf 85' lang='lat' dir='ltr'><strong>quisquam</strong></span> <span class='ocrx_word' id='word_1_60' title='bbox 991 1099 1161 1153; x_wconf 89' lang='lat' dir='ltr'><strong>alium</strong></span> <span class='ocrx_word' id='word_1_61' title='bbox 1210 1096 1411 1166; x_wconf 79' lang='lat' dir='ltr'><strong>injuria</strong></span> <span class='ocrx_word' id='word_1_62' title='bbox 1472 1095 1578 1147; x_wconf 90' lang='lat' dir='ltr'><strong>ulla</strong></span> <span class='ocrx_word' id='word_1_63' title='bbox 1619 1093 1881 1156; x_wconf 77' lang='lat' dir='ltr'><strong>violaret;</strong></span> <span class='ocrx_word' id='word_1_64' title='bbox 1939 1091 2088 1156; x_wconf 80' lang='lat' dir='ltr'><strong>iique</strong></span> 
     </span>
    </p>
   </div>
   <div class='ocr_carea' id='block_1_13' title="bbox 507 1183 2090 1266">
    <p class='ocr_par' dir='ltr' id='par_1_13' title="bbox 507 1183 2090 1266">
     <span class='ocr_line' id='line_1_13' title="bbox 507 1183 2090 1266; baseline -0.011 -14"><span class='ocrx_word' id='word_1_65' title='bbox 507 1211 648 1266; x_wconf 84' lang='lat' dir='ltr'><strong>quos</strong></span> <span class='ocrx_word' id='word_1_66' title='bbox 687 1192 931 1264; x_wconf 82' lang='lat' dir='ltr'><strong>quotidie</strong></span> <span class='ocrx_word' id='word_1_67' title='bbox 981 1188 1297 1260; x_wconf 75' lang='lat' dir='ltr'><strong>reipublicae</strong></span> <span class='ocrx_word' id='word_1_68' title='bbox 1351 1187 1708 1256; x_wconf 76' lang='lat' dir='ltr'><strong>magistratus</strong></span> <span class='ocrx_word' id='word_1_69' title='bbox 1763 1183 2090 1254; x_wconf 71' lang='lat' dir='ltr'><strong>prmlieiebat</strong></span> 
     </span>
    </p>
   </div>
   <div class='ocr_carea' id='block_1_14' title="bbox 506 1275 2089 1358">
    <p class='ocr_par' dir='ltr' id='par_1_14' title="bbox 506 1275 2089 1358">
     <span class='ocr_line' id='line_1_14' title="bbox 506 1275 2089 1358; baseline -0.009 -16"><span class='ocrx_word' id='word_1_70' title='bbox 506 1286 843 1358; x_wconf 74' lang='lat' dir='ltr'><strong>diligentiam</strong></span> <span class='ocrx_word' id='word_1_71' title='bbox 882 1289 1151 1356; x_wconf 83' lang='lat' dir='ltr'><strong>ponerent</strong></span> <span class='ocrx_word' id='word_1_72' title='bbox 1176 1278 1472 1336; x_wconf 90' lang='lat' dir='ltr'><strong>utdomini</strong></span> <span class='ocrx_word' id='word_1_73' title='bbox 1507 1277 1737 1348; x_wconf 90' lang='lat' dir='ltr'><strong>herique</strong></span> <span class='ocrx_word' id='word_1_74' title='bbox 1762 1275 2089 1329; x_wconf 82' lang='lat' dir='ltr'><strong>aemularen-</strong></span> 
     </span>
    </p>
   </div>
   <div class='ocr_carea' id='block_1_15' title="bbox 507 1369 2090 1446">
    <p class='ocr_par' dir='ltr' id='par_1_15' title="bbox 507 1369 2090 1446">
     <span class='ocr_line' id='line_1_15' title="bbox 507 1369 2090 1446; baseline -0.009 -12"><span class='ocrx_word' id='word_1_75' title='bbox 507 1389 596 1434; x_wconf 88' lang='lat' dir='ltr'><strong>tur</strong></span> <span class='ocrx_word' id='word_1_76' title='bbox 625 1391 753 1446; x_wconf 81' lang='lat' dir='ltr'><strong>erga</strong></span> <span class='ocrx_word' id='word_1_77' title='bbox 786 1374 956 1428; x_wconf 84' lang='lat' dir='ltr'><strong>Deum</strong></span> <span class='ocrx_word' id='word_1_78' title='bbox 989 1372 1253 1442; x_wconf 84' lang='lat' dir='ltr'><strong>pietatem</strong></span> <span class='ocrx_word' id='word_1_79' title='bbox 1285 1384 1526 1440; x_wconf 75' lang='lat' dir='ltr'><strong>ergaque</strong></span> <span class='ocrx_word' id='word_1_80' title='bbox 1545 1369 1861 1422; x_wconf 87' lang='lat' dir='ltr'><strong>sacerdotes</strong></span> <span class='ocrx_word' id='word_1_81' title='bbox 1883 1374 1938 1420; x_wconf 90' lang='lat' dir='ltr'><strong>et</strong></span> <span class='ocrx_word' id='word_1_82' title='bbox 1971 1379 2090 1420; x_wconf 91' lang='lat' dir='ltr'><strong>mo-</strong></span> 
     </span>
    </p>
   </div>
   <div class='ocr_carea' id='block_1_16' title="bbox 507 1459 2087 1534">
    <p class='ocr_par' dir='ltr' id='par_1_16' title="bbox 507 1459 2087 1534">
     <span class='ocr_line' id='line_1_16' title="bbox 507 1459 2087 1534; baseline -0.008 -11"><span class='ocrx_word' id='word_1_83' title='bbox 507 1469 716 1525; x_wconf 86' lang='lat' dir='ltr'><strong>nachos</strong></span> <span class='ocrx_word' id='word_1_84' title='bbox 748 1466 1138 1529; x_wconf 84' lang='lat' dir='ltr'><strong>reverentiam,</strong></span> <span class='ocrx_word' id='word_1_85' title='bbox 1166 1477 1294 1534; x_wconf 83' lang='lat' dir='ltr'><strong>erga</strong></span> <span class='ocrx_word' id='word_1_86' title='bbox 1326 1477 1518 1519; x_wconf 91' lang='lat' dir='ltr'><strong>omnes</strong></span> <span class='ocrx_word' id='word_1_87' title='bbox 1557 1461 1795 1530; x_wconf 87' lang='lat' dir='ltr'><strong>denique</strong></span> <span class='ocrx_word' id='word_1_88' title='bbox 1817 1459 2087 1528; x_wconf 81' lang='lat' dir='ltr'><strong>justitiam</strong></span> 
     </span>
    </p>
   </div>
   <div class='ocr_carea' id='block_1_17' title="bbox 507 1547 2090 1630">
    <p class='ocr_par' dir='ltr' id='par_1_17' title="bbox 507 1547 2090 1630">
     <span class='ocr_line' id='line_1_17' title="bbox 507 1547 2090 1630; baseline -0.008 -14"><span class='ocrx_word' id='word_1_89' title='bbox 507 1547 561 1618; x_wconf 82' lang='lat' dir='ltr'><strong>ct</strong></span> <span class='ocrx_word' id='word_1_90' title='bbox 587 1560 920 1630; x_wconf 68' lang='lat' dir='ltr'><strong>aequitatem.</strong></span> <span class='ocrx_word' id='word_1_91' title='bbox 970 1557 1122 1612; x_wconf 85' lang='lat' dir='ltr'><strong>Illius</strong></span> <span class='ocrx_word' id='word_1_92' title='bbox 1149 1556 1294 1611; x_wconf 89' lang='lat' dir='ltr'><strong>enim</strong></span> <span class='ocrx_word' id='word_1_93' title='bbox 1330 1563 1658 1625; x_wconf 70' lang='lat' dir='ltr'><strong>praeceptum</strong></span> <span class='ocrx_word' id='word_1_94' title='bbox 1691 1561 1883 1608; x_wconf 88' lang='lat' dir='ltr'><strong>eratet</strong></span> <span class='ocrx_word' id='word_1_95' title='bbox 1917 1551 2090 1606; x_wconf 89' lang='lat' dir='ltr'><strong>docu-</strong></span> 
     </span>
    </p>
   </div>
   <div class='ocr_carea' id='block_1_18' title="bbox 508 1640 2090 1716">
    <p class='ocr_par' dir='ltr' id='par_1_18' title="bbox 508 1640 2090 1716">
     <span class='ocr_line' id='line_1_18' title="bbox 508 1640 2090 1716; baseline -0.011 -9"><span class='ocrx_word' id='word_1_96' title='bbox 508 1659 775 1716; x_wconf 88' lang='lat' dir='ltr'><strong>mentum,</strong></span> <span class='ocrx_word' id='word_1_97' title='bbox 815 1657 871 1702; x_wconf 84' lang='lat' dir='ltr'><strong>ut</strong></span> <span class='ocrx_word' id='word_1_98' title='bbox 916 1664 1009 1702; x_wconf 84' lang='lat' dir='ltr'><strong>nec</strong></span> <span class='ocrx_word' id='word_1_99' title='bbox 1038 1647 1214 1716; x_wconf 83' lang='lat' dir='ltr'><strong>major</strong></span> <span class='ocrx_word' id='word_1_100' title='bbox 1247 1645 1503 1698; x_wconf 80' lang='lat' dir='ltr'><strong>minorem</strong></span> <span class='ocrx_word' id='word_1_101' title='bbox 1530 1659 1623 1713; x_wconf 83' lang='lat' dir='ltr'><strong>per</strong></span> <span class='ocrx_word' id='word_1_102' title='bbox 1665 1640 1952 1711; x_wconf 79' lang='lat' dir='ltr'><strong>potentiam</strong></span> <span class='ocrx_word' id='word_1_103' title='bbox 1998 1652 2090 1706; x_wconf 86' lang='lat' dir='ltr'><strong>op-</strong></span> 
     </span>
    </p>
   </div>
   <div class='ocr_carea' id='block_1_19' title="bbox 507 1731 2090 1815">
    <p class='ocr_par' dir='ltr' id='par_1_19' title="bbox 507 1731 2090 1815">
     <span class='ocr_line' id='line_1_19' title="bbox 507 1731 2090 1815; baseline -0.009 -18"><span class='ocrx_word' id='word_1_104' title='bbox 507 1743 773 1815; x_wconf 83' lang='lat' dir='ltr'><strong>primeret,</strong></span> <span class='ocrx_word' id='word_1_105' title='bbox 807 1756 896 1795; x_wconf 78' lang='lat' dir='ltr'><strong>nec</strong></span> <span class='ocrx_word' id='word_1_106' title='bbox 930 1736 1316 1806; x_wconf 59' lang='lat' dir='ltr'><strong>praecellentem</strong></span> <span class='ocrx_word' id='word_1_107' title='bbox 1364 1749 1555 1804; x_wconf 81' lang='lat' dir='ltr'><strong>egenus</strong></span> <span class='ocrx_word' id='word_1_108' title='bbox 1591 1732 1888 1786; x_wconf 76' lang='lat' dir='ltr'><strong>maledictis</strong></span> <span class='ocrx_word' id='word_1_109' title='bbox 1920 1731 2090 1784; x_wconf 78' lang='lat' dir='ltr'><strong>inces-</strong></span> 
     </span>
    </p>
   </div>
   <div class='ocr_carea' id='block_1_20' title="bbox 2191 547 3771 620">
    <p class='ocr_par' dir='ltr' id='par_1_20' title="bbox 2191 547 3771 620">
     <span class='ocr_line' id='line_1_20' title="bbox 2191 547 3771 620; baseline -0.002 -17"><span class='ocrx_word' id='word_1_110' title='bbox 2191 549 2338 620; x_wconf 78' lang='grc' dir='ltr'>αὐτῷ</span> <span class='ocrx_word' id='word_1_111' title='bbox 2399 550 2498 617; x_wconf 80' lang='grc' dir='ltr'>τὴν</span> <span class='ocrx_word' id='word_1_112' title='bbox 2553 549 2664 600; x_wconf 88' lang='grc' dir='ltr'><strong>τῶν</strong></span> <span class='ocrx_word' id='word_1_113' title='bbox 2700 547 2913 616; x_wconf 82' lang='grc' dir='ltr'><strong>ἀρετῶν</strong></span> <span class='ocrx_word' id='word_1_114' title='bbox 2963 547 3215 618; x_wconf 77' lang='grc' dir='ltr'>ὑπῆρχεν</span> <span class='ocrx_word' id='word_1_115' title='bbox 3263 548 3396 618; x_wconf 80' lang='grc' dir='ltr'>ὁρᾷν</span> <span class='ocrx_word' id='word_1_116' title='bbox 3444 549 3771 618; x_wconf 74' lang='grc' dir='ltr'>τετραιιτὺν,</span> 
     </span>
    </p>
   </div>
   <div class='ocr_carea' id='block_1_21' title="bbox 2191 635 3775 711">
    <p class='ocr_par' dir='ltr' id='par_1_21' title="bbox 2191 635 3775 711">
     <span class='ocr_line' id='line_1_21' title="bbox 2191 635 3775 711; baseline -0.001 -18"><span class='ocrx_word' id='word_1_117' title='bbox 2191 637 2277 711; x_wconf 74' lang='grc' dir='ltr'><strong>[Ρ.</strong></span> <span class='ocrx_word' id='word_1_118' title='bbox 2314 637 2440 711; x_wconf 71' lang='grc'><strong>194]</strong></span> <span class='ocrx_word' id='word_1_119' title='bbox 2477 639 2570 692; x_wconf 77' lang='grc' dir='ltr'><strong>καὶ</strong></span> <span class='ocrx_word' id='word_1_120' title='bbox 2623 636 2970 706; x_wconf 78' lang='grc' dir='ltr'><strong>ἐθαυμάζετο</strong></span> <span class='ocrx_word' id='word_1_121' title='bbox 3014 635 3182 690; x_wconf 79' lang='grc' dir='ltr'>αὐτοῦ</span> <span class='ocrx_word' id='word_1_122' title='bbox 3221 638 3360 707; x_wconf 81' lang='grc' dir='ltr'>μετὰ</span> <span class='ocrx_word' id='word_1_123' title='bbox 3389 637 3490 708; x_wconf 83' lang='grc' dir='ltr'>τῆς</span> <span class='ocrx_word' id='word_1_124' title='bbox 3550 637 3775 711; x_wconf 70' lang='grc' dir='ltr'>ἀνδρίας</span> 
     </span>
    </p>
   </div>
   <div class='ocr_carea' id='block_1_22' title="bbox 2189 707 3772 802">
    <p class='ocr_par' dir='ltr' id='par_1_22' title="bbox 2189 707 3772 802">
     <span class='ocr_line' id='line_1_22' title="bbox 2189 707 3772 802; baseline -0.001 -21"><span class='ocrx_word' id='word_1_125' title='bbox 2189 707 2251 782; x_wconf 72' lang='grc' dir='ltr'>τὸ</span> <span class='ocrx_word' id='word_1_126' title='bbox 2284 707 2544 802; x_wconf 60' lang='grc' dir='ltr'>φρόνημα</span> <span class='ocrx_word' id='word_1_127' title='bbox 2595 731 2688 784; x_wconf 82' lang='grc' dir='ltr'><strong>καὶ</strong></span> <span class='ocrx_word' id='word_1_128' title='bbox 2737 729 2876 801; x_wconf 84' lang='grc' dir='ltr'>μετὰ</span> <span class='ocrx_word' id='word_1_129' title='bbox 2903 729 3005 798; x_wconf 77' lang='grc' dir='ltr'><strong>τῆς</strong></span> <span class='ocrx_word' id='word_1_130' title='bbox 3038 727 3396 800; x_wconf 63' lang='grc' dir='ltr'>σωφροσύνης</span> <span class='ocrx_word' id='word_1_131' title='bbox 3439 707 3502 780; x_wconf 80' lang='grc' dir='ltr'>τὸ</span> <span class='ocrx_word' id='word_1_132' title='bbox 3540 707 3772 794; x_wconf 57' lang='grc' dir='ltr'>δίκαζον,</span> 
     </span>
    </p>
   </div>
   <div class='ocr_carea' id='block_1_23' title="bbox 2193 819 3776 893">
    <p class='ocr_par' dir='ltr' id='par_1_23' title="bbox 2193 819 3776 893">
     <span class='ocr_line' id='line_1_23' title="bbox 2193 819 3776 893; baseline -0.003 -16"><span class='ocrx_word' id='word_1_133' title='bbox 2193 825 2286 877; x_wconf 80' lang='grc' dir='ltr'><strong>καὶ</strong></span> <span class='ocrx_word' id='word_1_134' title='bbox 2314 823 2492 877; x_wconf 83' lang='grc' dir='ltr'>πάντα</span> <span class='ocrx_word' id='word_1_135' title='bbox 2535 819 2648 893; x_wconf 71' lang='grc' dir='ltr'>εἶχε</span> <span class='ocrx_word' id='word_1_136' title='bbox 2680 822 2777 893; x_wconf 78' lang='grc' dir='ltr'><strong>τὴν</strong></span> <span class='ocrx_word' id='word_1_137' title='bbox 2810 823 2946 893; x_wconf 83' lang='grc' dir='ltr'>πρὸς</span> <span class='ocrx_word' id='word_1_138' title='bbox 2993 822 3055 874; x_wconf 75' lang='grc' dir='ltr'>τὸ</span> <span class='ocrx_word' id='word_1_139' title='bbox 3086 823 3334 892; x_wconf 80' lang='grc' dir='ltr'>κρεῖττον</span> <span class='ocrx_word' id='word_1_140' title='bbox 3373 821 3639 874; x_wconf 88' lang='grc' dir='ltr'>ἐπίδοσιν.</span> <span class='ocrx_word' id='word_1_141' title='bbox 3665 821 3776 876; x_wconf 71' lang='grc' dir='ltr'>Καὶ</span> 
     </span>
    </p>
   </div>
   <div class='ocr_carea' id='block_1_24' title="bbox 2191 911 3779 986">
    <p class='ocr_par' dir='ltr' id='par_1_24' title="bbox 2191 911 3779 986">
     <span class='ocr_line' id='line_1_24' title="bbox 2191 911 3779 986; baseline -0.001 -17"><span class='ocrx_word' id='word_1_142' title='bbox 2191 917 2367 970; x_wconf 84' lang='grc' dir='ltr'>ἐδόκει</span> <span class='ocrx_word' id='word_1_143' title='bbox 2401 911 2561 981; x_wconf 74' lang='grc' dir='ltr'>αὖθις</span> <span class='ocrx_word' id='word_1_144' title='bbox 2603 917 2631 968; x_wconf 77' lang='grc' dir='ltr'><strong>ὁ</strong></span> <span class='ocrx_word' id='word_1_145' title='bbox 2663 915 2778 986; x_wconf 86' lang='grc' dir='ltr'>βίος</span> <span class='ocrx_word' id='word_1_146' title='bbox 2810 915 2903 968; x_wconf 75' lang='grc' dir='ltr'>ἐπὶ</span> <span class='ocrx_word' id='word_1_147' title='bbox 2935 914 3031 984; x_wconf 79' lang='grc' dir='ltr'>τῆς</span> <span class='ocrx_word' id='word_1_148' title='bbox 3067 913 3303 983; x_wconf 82' lang='grc' dir='ltr'>ἀρχαίας</span> <span class='ocrx_word' id='word_1_149' title='bbox 3335 912 3590 981; x_wconf 85' lang='grc' dir='ltr'>γενέσθαι</span> <span class='ocrx_word' id='word_1_150' title='bbox 3621 913 3779 967; x_wconf 76' lang='grc' dir='ltr'>εὐτα-</span> 
     </span>
    </p>
   </div>
   <div class='ocr_carea' id='block_1_25' title="bbox 2192 1002 3778 1076">
    <p class='ocr_par' dir='ltr' id='par_1_25' title="bbox 2192 1002 3778 1076">
     <span class='ocr_line' id='line_1_25' title="bbox 2192 1002 3778 1076; baseline -0.001 -18"><span class='ocrx_word' id='word_1_151' title='bbox 2192 1007 2311 1072; x_wconf 81' lang='grc' dir='ltr'>ξίας</span> <span class='ocrx_word' id='word_1_152' title='bbox 2341 1008 2386 1038; x_wconf 76' lang='grc' dir='ltr'><strong>³ο</strong></span> <span class='ocrx_word' id='word_1_153' title='bbox 2406 1008 2501 1062; x_wconf 81' lang='grc' dir='ltr'>καὶ</span> <span class='ocrx_word' id='word_1_154' title='bbox 2532 1009 2942 1068; x_wconf 80' lang='grc' dir='ltr'><strong>καταστάσεως,</strong></span> <span class='ocrx_word' id='word_1_155' title='bbox 2971 1005 3136 1059; x_wconf 76' lang='grc' dir='ltr'>αὐτοῦ</span> <span class='ocrx_word' id='word_1_156' title='bbox 3157 1022 3215 1058; x_wconf 89' lang='grc' dir='ltr'><strong>τε</strong></span> <span class='ocrx_word' id='word_1_157' title='bbox 3241 1002 3463 1075; x_wconf 80' lang='grc' dir='ltr'>διηνεκῆ</span> <span class='ocrx_word' id='word_1_158' title='bbox 3496 1004 3778 1076; x_wconf 66' lang='grc' dir='ltr'>κεκτημέ-</span> 
     </span>
    </p>
   </div>
   <div class='ocr_carea' id='block_1_26' title="bbox 2191 1097 3780 1169">
    <p class='ocr_par' dir='ltr' id='par_1_26' title="bbox 2191 1097 3780 1169">
     <span class='ocr_line' id='line_1_26' title="bbox 2191 1097 3780 1169; baseline -0.001 -18"><span class='ocrx_word' id='word_1_159' title='bbox 2191 1116 2283 1151; x_wconf 92' lang='grc' dir='ltr'><strong>νου</strong></span> <span class='ocrx_word' id='word_1_160' title='bbox 2313 1099 2572 1168; x_wconf 81' lang='grc' dir='ltr'>πρόνοιαν</span> <span class='ocrx_word' id='word_1_161' title='bbox 2599 1100 2738 1169; x_wconf 80' lang='grc' dir='ltr'>ὑπὲρ</span> <span class='ocrx_word' id='word_1_162' title='bbox 2760 1098 2854 1152; x_wconf 76' lang='grc' dir='ltr'>τοῦ</span> <span class='ocrx_word' id='word_1_163' title='bbox 2882 1097 3164 1152; x_wconf 74' lang='grc' dir='ltr'>εὐσταθεῖν</span> <span class='ocrx_word' id='word_1_164' title='bbox 3186 1099 3247 1150; x_wconf 79' lang='grc' dir='ltr'><strong>τὸ</strong></span> <span class='ocrx_word' id='word_1_165' title='bbox 3275 1098 3519 1168; x_wconf 73' lang='grc' dir='ltr'>ὑπήκοον</span> <span class='ocrx_word' id='word_1_166' title='bbox 3550 1098 3648 1149; x_wconf 69' lang='grc' dir='ltr'><strong>καὶ</strong></span> <span class='ocrx_word' id='word_1_167' title='bbox 3673 1097 3780 1150; x_wconf 75' lang='grc' dir='ltr'><strong>ὑπὸ</strong></span> 
     </span>
    </p>
   </div>
   <div class='ocr_carea' id='block_1_27' title="bbox 2194 1190 3778 1264">
    <p class='ocr_par' dir='ltr' id='par_1_27' title="bbox 2194 1190 3778 1264">
     <span class='ocr_line' id='line_1_27' title="bbox 2194 1190 3778 1264; baseline -0.001 -21"><span class='ocrx_word' id='word_1_168' title='bbox 2194 1193 2424 1262; x_wconf 69' lang='grc' dir='ltr'>μηδενὸς</span> <span class='ocrx_word' id='word_1_169' title='bbox 2463 1192 2668 1262; x_wconf 73' lang='grc' dir='ltr'>μηδένα</span> <span class='ocrx_word' id='word_1_170' title='bbox 2696 1191 3123 1264; x_wconf 78' lang='grc' dir='ltr'>ἐπηρεάζεσθαι,</span> <span class='ocrx_word' id='word_1_171' title='bbox 3157 1191 3252 1244; x_wconf 77' lang='grc' dir='ltr'><strong>καὶ</strong></span> <span class='ocrx_word' id='word_1_172' title='bbox 3291 1190 3400 1243; x_wconf 88' lang='grc' dir='ltr'><strong>τῶν</strong></span> <span class='ocrx_word' id='word_1_173' title='bbox 3432 1191 3512 1252; x_wconf 82' lang='grc' dir='ltr'><strong>εἰς</strong></span> <span class='ocrx_word' id='word_1_174' title='bbox 3549 1190 3650 1252; x_wconf 80' lang='grc' dir='ltr'>τὰς</span> <span class='ocrx_word' id='word_1_175' title='bbox 3677 1191 3778 1259; x_wconf 64' lang='grc' dir='ltr'><strong>ἀρα</strong></span> 
     </span>
    </p>
   </div>
   <div class='ocr_carea' id='block_1_28' title="bbox 2190 1280 3780 1354">
    <p class='ocr_par' dir='ltr' id='par_1_28' title="bbox 2190 1280 3780 1354">
     <span class='ocr_line' id='line_1_28' title="bbox 2190 1280 3780 1354; baseline -0.003 -17"><span class='ocrx_word' id='word_1_176' title='bbox 2190 1283 2291 1354; x_wconf 60' lang='lat' dir='ltr'><strong>xit;</strong></span> <span class='ocrx_word' id='word_1_177' title='bbox 2325 1282 2783 1354; x_wconf 75' lang='grc' dir='ltr'>προϐαλλομένων</span> <span class='ocrx_word' id='word_1_178' title='bbox 2813 1283 3074 1336; x_wconf 81' lang='grc' dir='ltr'>ἑκάστοτε</span> <span class='ocrx_word' id='word_1_179' title='bbox 3122 1281 3407 1352; x_wconf 82' lang='grc' dir='ltr'>μιμεῖσθαι</span> <span class='ocrx_word' id='word_1_180' title='bbox 3439 1280 3780 1345; x_wconf 75' lang='grc' dir='ltr'>σπουδαζόν-</span> 
     </span>
    </p>
   </div>
   <div class='ocr_carea' id='block_1_29' title="bbox 2192 1368 3780 1444">
    <p class='ocr_par' dir='ltr' id='par_1_29' title="bbox 2192 1368 3780 1444">
     <span class='ocr_line' id='line_1_29' title="bbox 2192 1368 3780 1444; baseline -0.004 -18"><span class='ocrx_word' id='word_1_181' title='bbox 2192 1391 2299 1427; x_wconf 88' lang='grc' dir='ltr'><strong>των</strong></span> <span class='ocrx_word' id='word_1_182' title='bbox 2327 1373 2426 1444; x_wconf 84' lang='grc' dir='ltr'><strong>τὴν</strong></span> <span class='ocrx_word' id='word_1_183' title='bbox 2455 1373 2792 1443; x_wconf 85' lang='grc' dir='ltr'>Δεσποτικὴν</span> <span class='ocrx_word' id='word_1_184' title='bbox 2821 1371 2918 1425; x_wconf 73' lang='grc' dir='ltr'><strong>καὶ</strong></span> <span class='ocrx_word' id='word_1_185' title='bbox 2944 1371 3071 1442; x_wconf 85' lang='grc' dir='ltr'><strong>περί</strong></span> <span class='ocrx_word' id='word_1_186' title='bbox 3095 1373 3156 1424; x_wconf 74' lang='grc' dir='ltr'><strong>τὸ</strong></span> <span class='ocrx_word' id='word_1_187' title='bbox 3175 1371 3332 1423; x_wconf 76' lang='grc' dir='ltr'>θεῖον</span> <span class='ocrx_word' id='word_1_188' title='bbox 3365 1368 3654 1422; x_wconf 80' lang='grc' dir='ltr'>εὐλάϐειαν</span> <span class='ocrx_word' id='word_1_189' title='bbox 3685 1370 3780 1420; x_wconf 77' lang='grc' dir='ltr'><strong>καὶ</strong></span> 
     </span>
    </p>
   </div>
   <div class='ocr_carea' id='block_1_30' title="bbox 2193 1461 3782 1536">
    <p class='ocr_par' dir='ltr' id='par_1_30' title="bbox 2193 1461 3782 1536">
     <span class='ocr_line' id='line_1_30' title="bbox 2193 1461 3782 1536; baseline -0.004 -17"><span class='ocrx_word' id='word_1_190' title='bbox 2193 1465 2330 1535; x_wconf 85' lang='grc' dir='ltr'>πρὸς</span> <span class='ocrx_word' id='word_1_191' title='bbox 2362 1465 2490 1528; x_wconf 79' lang='grc' dir='ltr'>τοὺς</span> <span class='ocrx_word' id='word_1_192' title='bbox 2523 1466 2691 1536; x_wconf 82' lang='grc' dir='ltr'>ἱερεῖς</span> <span class='ocrx_word' id='word_1_193' title='bbox 2722 1463 2815 1518; x_wconf 70' lang='grc' dir='ltr'><strong>καί⁸</strong></span> <span class='ocrx_word' id='word_1_194' title='bbox 2850 1462 3186 1533; x_wconf 77' lang='grc' dir='ltr'>μονάζοντας</span> <span class='ocrx_word' id='word_1_195' title='bbox 3215 1461 3350 1516; x_wconf 83' lang='grc' dir='ltr'>αἰδῶ</span> <span class='ocrx_word' id='word_1_196' title='bbox 3389 1462 3484 1514; x_wconf 75' lang='grc' dir='ltr'>καὶ</span> <span class='ocrx_word' id='word_1_197' title='bbox 3515 1463 3611 1514; x_wconf 72' lang='grc' dir='ltr'><strong>τὸν</strong></span> <span class='ocrx_word' id='word_1_198' title='bbox 3642 1461 3782 1532; x_wconf 36' lang='grc' dir='ltr'><strong>πρῲ</strong></span> 
     </span>
    </p>
   </div>
   <div class='ocr_carea' id='block_1_31' title="bbox 2191 1552 3781 1627">
    <p class='ocr_par' dir='ltr' id='par_1_31' title="bbox 2191 1552 3781 1627">
     <span class='ocr_line' id='line_1_31' title="bbox 2191 1552 3781 1627; baseline -0.003 -18"><span class='ocrx_word' id='word_1_199' title='bbox 2191 1556 2318 1620; x_wconf 83' lang='grc' dir='ltr'>τοὺς</span> <span class='ocrx_word' id='word_1_200' title='bbox 2352 1557 2591 1627; x_wconf 76' lang='grc' dir='ltr'>πένητας</span> <span class='ocrx_word' id='word_1_201' title='bbox 2634 1554 2784 1608; x_wconf 78' lang='grc' dir='ltr'>ἔλεον</span> <span class='ocrx_word' id='word_1_202' title='bbox 2818 1555 2912 1608; x_wconf 78' lang='grc' dir='ltr'><strong>καί</strong></span> <span class='ocrx_word' id='word_1_203' title='bbox 2941 1553 3040 1626; x_wconf 85' lang='grc' dir='ltr'>τὴν</span> <span class='ocrx_word' id='word_1_204' title='bbox 3073 1553 3210 1624; x_wconf 82' lang='grc' dir='ltr'>πρὸς</span> <span class='ocrx_word' id='word_1_205' title='bbox 3259 1555 3467 1618; x_wconf 81' lang='grc' dir='ltr'>πάντας</span> <span class='ocrx_word' id='word_1_206' title='bbox 3497 1552 3781 1606; x_wconf 72' lang='grc' dir='ltr'>δικαιοσὺο</span> 
     </span>
    </p>
   </div>
   <div class='ocr_carea' id='block_1_32' title="bbox 2190 1639 3782 1715">
    <p class='ocr_par' dir='ltr' id='par_1_32' title="bbox 2190 1639 3782 1715">
     <span class='ocr_line' id='line_1_32' title="bbox 2190 1639 3782 1715; baseline -0.002 -17"><span class='ocrx_word' id='word_1_207' title='bbox 2190 1662 2290 1714; x_wconf 84' lang='grc' dir='ltr'><strong>νην</strong></span> <span class='ocrx_word' id='word_1_208' title='bbox 2321 1647 2412 1700; x_wconf 71' lang='grc' dir='ltr'><strong>καὶ</strong></span> <span class='ocrx_word' id='word_1_209' title='bbox 2447 1645 2691 1715; x_wconf 77' lang='grc' dir='ltr'>ἰσότητα.</span> <span class='ocrx_word' id='word_1_210' title='bbox 2733 1645 2976 1698; x_wconf 85' lang='grc' dir='ltr'>Ἐκείνου</span> <span class='ocrx_word' id='word_1_211' title='bbox 3000 1643 3108 1715; x_wconf 78' lang='grc' dir='ltr'><strong>γάρ</strong></span> <span class='ocrx_word' id='word_1_212' title='bbox 3129 1639 3198 1714; x_wconf 81' lang='grc' dir='ltr'>ἦν</span> <span class='ocrx_word' id='word_1_213' title='bbox 3225 1643 3411 1714; x_wconf 82' lang='grc' dir='ltr'>ἐντολὴ</span> <span class='ocrx_word' id='word_1_214' title='bbox 3437 1643 3531 1696; x_wconf 70' lang='grc' dir='ltr'><strong>καί⁸</strong></span> <span class='ocrx_word' id='word_1_215' title='bbox 3561 1661 3634 1696; x_wconf 87' lang='grc' dir='ltr'><strong>πα</strong></span> <span class='ocrx_word' id='word_1_216' title='bbox 3646 1643 3782 1712; x_wconf 79' lang='grc' dir='ltr'>ράγ-</span> 
     </span>
    </p>
   </div>
   <div class='ocr_carea' id='block_1_33' title="bbox 2193 1735 3784 1810">
    <p class='ocr_par' dir='ltr' id='par_1_33' title="bbox 2193 1735 3784 1810">
     <span class='ocr_line' id='line_1_33' title="bbox 2193 1735 3784 1810; baseline -0.002 -18"><span class='ocrx_word' id='word_1_217' title='bbox 2193 1739 2375 1810; x_wconf 87' lang='grc' dir='ltr'>γελμα</span> <span class='ocrx_word' id='word_1_218' title='bbox 2407 1739 2488 1802; x_wconf 84' lang='grc' dir='ltr'>τὸ,</span> <span class='ocrx_word' id='word_1_219' title='bbox 2532 1738 2688 1808; x_wconf 82' lang='grc' dir='ltr'>μήτε</span> <span class='ocrx_word' id='word_1_220' title='bbox 2717 1739 2824 1792; x_wconf 80' lang='grc' dir='ltr'><strong>τὸν</strong></span> <span class='ocrx_word' id='word_1_221' title='bbox 2851 1737 3073 1805; x_wconf 80' lang='grc' dir='ltr'><strong>ἥττονα</strong></span> <span class='ocrx_word' id='word_1_222' title='bbox 3105 1736 3224 1792; x_wconf 80' lang='grc' dir='ltr'><strong>ὑπὸ</strong></span> <span class='ocrx_word' id='word_1_223' title='bbox 3251 1735 3356 1791; x_wconf 91' lang='grc' dir='ltr'>τοῦ</span> <span class='ocrx_word' id='word_1_224' title='bbox 3381 1735 3653 1806; x_wconf 74' lang='grc' dir='ltr'>μείζονος</span> <span class='ocrx_word' id='word_1_225' title='bbox 3676 1752 3784 1790; x_wconf 80' lang='grc' dir='ltr'>κα-</span> 
     </span>
    </p>
   </div>
   <div class='ocr_carea' id='block_1_34' title="bbox 508 1814 2092 1900">
    <p class='ocr_par' dir='ltr' id='par_1_34' title="bbox 508 1814 2092 1891">
     <span class='ocr_line' id='line_1_34' title="bbox 508 1814 2092 1891; baseline -0.009 -3"><span class='ocrx_word' id='word_1_226' title='bbox 508 1814 640 1888; x_wconf 69' lang='lat' dir='ltr'><strong>seret</strong></span> <span class='ocrx_word' id='word_1_227' title='bbox 685 1842 776 1885; x_wconf 79' lang='lat' dir='ltr'><strong>aut</strong></span> <span class='ocrx_word' id='word_1_228' title='bbox 804 1831 1001 1886; x_wconf 76' lang='lat' dir='ltr'><strong>crimen</strong></span> <span class='ocrx_word' id='word_1_229' title='bbox 1036 1827 1117 1881; x_wconf 83' lang='lat' dir='ltr'><strong>illi</strong></span> <span class='ocrx_word' id='word_1_230' title='bbox 1145 1827 1453 1888; x_wconf 78' lang='lat' dir='ltr'><strong>intentaret,</strong></span> <span class='ocrx_word' id='word_1_231' title='bbox 1485 1824 1576 1880; x_wconf 71' lang='lat' dir='ltr'><strong>sed</strong></span> <span class='ocrx_word' id='word_1_232' title='bbox 1613 1824 1704 1877; x_wconf 81' lang='lat' dir='ltr'><strong>ille</strong></span> <span class='ocrx_word' id='word_1_233' title='bbox 1734 1837 2014 1891; x_wconf 83' lang='lat' dir='ltr'><strong>pauperem</strong></span> <span class='ocrx_word' id='word_1_234' title='bbox 2036 1829 2092 1874; x_wconf 82' lang='lat' dir='ltr'><strong>ut</strong></span> 
     </span>
    </p>
   </div>
   <div class='ocr_carea' id='block_1_35' title="bbox 2197 1814 3784 1900">
    <p class='ocr_par' dir='ltr' id='par_1_35' title="bbox 2197 1827 3784 1900">
     <span class='ocr_line' id='line_1_35' title="bbox 2197 1827 3784 1900; baseline -0.003 -14"><span class='ocrx_word' id='word_1_235' title='bbox 2197 1831 2751 1888; x_wconf 71' lang='grc' dir='ltr'>ταδυναοντεύεσθιιι</span> <span class='ocrx_word' id='word_1_236' title='bbox 2776 1829 2932 1900; x_wconf 78' lang='grc' dir='ltr'>μήτε</span> <span class='ocrx_word' id='word_1_237' title='bbox 2964 1829 3073 1884; x_wconf 77' lang='grc' dir='ltr'><strong>τὸν</strong></span> <span class='ocrx_word' id='word_1_238' title='bbox 3107 1827 3482 1898; x_wconf 79' lang='grc' dir='ltr'><strong>ὑπερέχοντα</strong></span> <span class='ocrx_word' id='word_1_239' title='bbox 3512 1827 3632 1884; x_wconf 78' lang='grc' dir='ltr'><strong>ὑπὸ</strong></span> <span class='ocrx_word' id='word_1_240' title='bbox 3673 1828 3784 1882; x_wconf 83' lang='grc' dir='ltr'>τοῦ</span> 
     </span>
    </p>
   </div>
   <div class='ocr_carea' id='block_1_36' title="bbox 509 1914 2094 1994">
    <p class='ocr_par' dir='ltr' id='par_1_36' title="bbox 509 1914 2094 1994">
     <span class='ocr_line' id='line_1_36' title="bbox 509 1914 2094 1994; baseline -0.005 -18"><span class='ocrx_word' id='word_1_241' title='bbox 509 1924 730 1994; x_wconf 74' lang='lat' dir='ltr'><strong>fratrem</strong></span> <span class='ocrx_word' id='word_1_242' title='bbox 761 1921 886 1978; x_wconf 72' lang='grc' dir='ltr'>δὶιιιι,</span> <span class='ocrx_word' id='word_1_243' title='bbox 906 1917 1340 1988; x_wconf 81' lang='lat' dir='ltr'><strong>complecteretur</strong></span> <span class='ocrx_word' id='word_1_244' title='bbox 1386 1931 1450 1969; x_wconf 86' lang='lat' dir='ltr'><strong>ac</strong></span> <span class='ocrx_word' id='word_1_245' title='bbox 1505 1915 1724 1985; x_wconf 81' lang='lat' dir='ltr'><strong>foveret,</strong></span> <span class='ocrx_word' id='word_1_246' title='bbox 1773 1914 1919 1983; x_wconf 76' lang='lat' dir='ltr'><strong>isque</strong></span> <span class='ocrx_word' id='word_1_247' title='bbox 1959 1927 2094 1981; x_wconf 76' lang='lat' dir='ltr'><strong>pra:-</strong></span> 
     </span>
    </p>
   </div>
   <div class='ocr_carea' id='block_1_37' title="bbox 509 2015 2093 2082">
    <p class='ocr_par' dir='ltr' id='par_1_37' title="bbox 509 2015 2093 2082">
     <span class='ocr_line' id='line_1_37' title="bbox 509 2015 2093 2082; baseline -0.007 -11"><span class='ocrx_word' id='word_1_248' title='bbox 509 2016 780 2071; x_wconf 71' lang='lat' dir='ltr'><strong>ceuentem</strong></span> <span class='ocrx_word' id='word_1_249' title='bbox 803 2022 1056 2082; x_wconf 74' lang='lat' dir='ltr'><strong>tanquam</strong></span> <span class='ocrx_word' id='word_1_250' title='bbox 1089 2026 1419 2064; x_wconf 83' lang='lat' dir='ltr'><strong>communem</strong></span> <span class='ocrx_word' id='word_1_251' title='bbox 1467 2021 1670 2077; x_wconf 81' lang='lat' dir='ltr'><strong>patrem</strong></span> <span class='ocrx_word' id='word_1_252' title='bbox 1693 2017 1740 2063; x_wconf 80' lang='lat' dir='ltr'><strong>et</strong></span> <span class='ocrx_word' id='word_1_253' title='bbox 1767 2015 2093 2063; x_wconf 72' lang='lat' dir='ltr'><strong>servatorem</strong></span> 
     </span>
    </p>
   </div>
   <div class='ocr_carea' id='block_1_38' title="bbox 510 2099 2096 2176">
    <p class='ocr_par' dir='ltr' id='par_1_38' title="bbox 510 2099 2096 2176">
     <span class='ocr_line' id='line_1_38' title="bbox 510 2099 2096 2176; baseline -0.008 -11"><span class='ocrx_word' id='word_1_254' title='bbox 510 2109 854 2172; x_wconf 84' lang='lat' dir='ltr'><strong>benediceret,</strong></span> <span class='ocrx_word' id='word_1_255' title='bbox 882 2121 1045 2176; x_wconf 74' lang='lat' dir='ltr'><strong>exque</strong></span> <span class='ocrx_word' id='word_1_256' title='bbox 1095 2105 1274 2157; x_wconf 85' lang='lat' dir='ltr'><strong>animo</strong></span> <span class='ocrx_word' id='word_1_257' title='bbox 1334 2101 1532 2172; x_wconf 74' lang='lat' dir='ltr'><strong>absque</strong></span> <span class='ocrx_word' id='word_1_258' title='bbox 1567 2101 1710 2156; x_wconf 87' lang='lat' dir='ltr'><strong>omni</strong></span> <span class='ocrx_word' id='word_1_259' title='bbox 1739 2100 1862 2155; x_wconf 88' lang='lat' dir='ltr'><strong>dolo</strong></span> <span class='ocrx_word' id='word_1_260' title='bbox 1887 2103 2021 2154; x_wconf 84' lang='lat' dir='ltr'><strong>bona</strong></span> <span class='ocrx_word' id='word_1_261' title='bbox 2047 2099 2096 2153; x_wconf 85' lang='lat' dir='ltr'><strong>ei</strong></span> 
     </span>
    </p>
   </div>
   <div class='ocr_carea' id='block_1_39' title="bbox 508 2192 2090 2274">
    <p class='ocr_par' dir='ltr' id='par_1_39' title="bbox 508 2192 2090 2274">
     <span class='ocr_line' id='line_1_39' title="bbox 508 2192 2090 2274; baseline -0.006 -17"><span class='ocrx_word' id='word_1_262' title='bbox 508 2208 816 2274; x_wconf 79' lang='lat' dir='ltr'><strong>precaretur</strong></span> <span class='ocrx_word' id='word_1_263' title='bbox 851 2197 1018 2270; x_wconf 77' lang='lat'><strong>316</strong></span> <span class='ocrx_word' id='word_1_264' title='bbox 1042 2214 1075 2250; x_wconf 93' lang='lat' dir='ltr'><strong>a</strong></span> <span class='ocrx_word' id='word_1_265' title='bbox 1106 2195 1355 2252; x_wconf 84' lang='lat' dir='ltr'><strong>Domino.</strong></span> <span class='ocrx_word' id='word_1_266' title='bbox 1409 2192 1502 2250; x_wconf 87' lang='lat' dir='ltr'><strong>Sic</strong></span> <span class='ocrx_word' id='word_1_267' title='bbox 1541 2210 1672 2249; x_wconf 89' lang='lat' dir='ltr'><strong>vero</strong></span> <span class='ocrx_word' id='word_1_268' title='bbox 1730 2208 2090 2263; x_wconf 77' lang='lat' dir='ltr'><strong>componens,</strong></span> 
     </span>
    </p>
   </div>
   <div class='ocr_carea' id='block_1_40' title="bbox 509 2285 2091 2362">
    <p class='ocr_par' dir='ltr' id='par_1_40' title="bbox 509 2285 2091 2362">
     <span class='ocr_line' id='line_1_40' title="bbox 509 2285 2091 2362; baseline -0.008 -11"><span class='ocrx_word' id='word_1_269' title='bbox 509 2293 818 2362; x_wconf 71' lang='lat' dir='ltr'><strong>divinaeque</strong></span> <span class='ocrx_word' id='word_1_270' title='bbox 868 2287 1224 2362; x_wconf 76' lang='lat' dir='ltr'><strong>providentia:</strong></span> <span class='ocrx_word' id='word_1_271' title='bbox 1247 2301 1378 2343; x_wconf 87' lang='lat' dir='ltr'><strong>suas</strong></span> <span class='ocrx_word' id='word_1_272' title='bbox 1417 2285 1537 2356; x_wconf 87' lang='lat' dir='ltr'><strong>ipse</strong></span> <span class='ocrx_word' id='word_1_273' title='bbox 1571 2300 1736 2341; x_wconf 86' lang='lat' dir='ltr'><strong>curas</strong></span> <span class='ocrx_word' id='word_1_274' title='bbox 1767 2294 2091 2351; x_wconf 85' lang='lat' dir='ltr'><strong>annectens,</strong></span> 
     </span>
    </p>
   </div>
   <div class='ocr_carea' id='block_1_41' title="bbox 509 2377 2095 2454">
    <p class='ocr_par' dir='ltr' id='par_1_41' title="bbox 509 2377 2095 2454">
     <span class='ocr_line' id='line_1_41' title="bbox 509 2377 2095 2454; baseline -0.007 -13"><span class='ocrx_word' id='word_1_275' title='bbox 509 2399 700 2441; x_wconf 89' lang='lat' dir='ltr'><strong>eorum</strong></span> <span class='ocrx_word' id='word_1_276' title='bbox 725 2397 849 2454; x_wconf 70' lang='lat' dir='ltr'><strong>quae</strong></span> <span class='ocrx_word' id='word_1_277' title='bbox 872 2379 1038 2436; x_wconf 80' lang='lat' dir='ltr'><strong>ollicii</strong></span> <span class='ocrx_word' id='word_1_278' title='bbox 1062 2393 1127 2434; x_wconf 86' lang='lat' dir='ltr'><strong>ac</strong></span> <span class='ocrx_word' id='word_1_279' title='bbox 1169 2377 1556 2434; x_wconf 84' lang='lat' dir='ltr'><strong>convenientia</strong></span> <span class='ocrx_word' id='word_1_280' title='bbox 1583 2387 1771 2433; x_wconf 86' lang='lat' dir='ltr'><strong>essent</strong></span> <span class='ocrx_word' id='word_1_281' title='bbox 1802 2382 1970 2431; x_wconf 85' lang='lat' dir='ltr'><strong>multa</strong></span> <span class='ocrx_word' id='word_1_282' title='bbox 2002 2391 2095 2446; x_wconf 88' lang='lat' dir='ltr'><strong>pa-</strong></span> 
     </span>
    </p>
   </div>
   <div class='ocr_carea' id='block_1_42' title="bbox 511 2469 2091 2546">
    <p class='ocr_par' dir='ltr' id='par_1_42' title="bbox 511 2469 2091 2546">
     <span class='ocr_line' id='line_1_42' title="bbox 511 2469 2091 2546; baseline -0.007 -13"><span class='ocrx_word' id='word_1_283' title='bbox 511 2477 620 2546; x_wconf 87' lang='lat' dir='ltr'><strong>lam</strong></span> <span class='ocrx_word' id='word_1_284' title='bbox 656 2475 710 2531; x_wconf 93' lang='lat' dir='ltr'><strong>in</strong></span> <span class='ocrx_word' id='word_1_285' title='bbox 762 2473 973 2531; x_wconf 83' lang='lat' dir='ltr'><strong>somnis</strong></span> <span class='ocrx_word' id='word_1_286' title='bbox 1002 2471 1336 2538; x_wconf 85' lang='lat' dir='ltr'><strong>docebatur;</strong></span> <span class='ocrx_word' id='word_1_287' title='bbox 1366 2480 1421 2526; x_wconf 88' lang='lat' dir='ltr'><strong>et</strong></span> <span class='ocrx_word' id='word_1_288' title='bbox 1441 2483 1576 2525; x_wconf 86' lang='lat' dir='ltr'><strong>&#39;cum</strong></span> <span class='ocrx_word' id='word_1_289' title='bbox 1604 2469 1801 2541; x_wconf 90' lang='lat' dir='ltr'><strong>plenus</strong></span> <span class='ocrx_word' id='word_1_290' title='bbox 1833 2485 2091 2526; x_wconf 88' lang='lat' dir='ltr'><strong>curarum</strong></span> 
     </span>
    </p>
   </div>
   <div class='ocr_carea' id='block_1_43' title="bbox 511 2562 2092 2634">
    <p class='ocr_par' dir='ltr' id='par_1_43' title="bbox 511 2562 2092 2634">
     <span class='ocr_line' id='line_1_43' title="bbox 511 2562 2092 2634; baseline -0.006 -8"><span class='ocrx_word' id='word_1_291' title='bbox 511 2584 571 2626; x_wconf 85' lang='lat' dir='ltr'><strong>se</strong></span> <span class='ocrx_word' id='word_1_292' title='bbox 600 2566 872 2622; x_wconf 89' lang='lat' dir='ltr'><strong>inlectum</strong></span> <span class='ocrx_word' id='word_1_293' title='bbox 898 2563 1195 2628; x_wconf 83' lang='lat' dir='ltr'><strong>conferret,</strong></span> <span class='ocrx_word' id='word_1_294' title='bbox 1220 2563 1528 2633; x_wconf 78' lang='lat' dir='ltr'><strong>anxiusque</strong></span> <span class='ocrx_word' id='word_1_295' title='bbox 1556 2562 1834 2634; x_wconf 80' lang='lat' dir='ltr'><strong>negotium</strong></span> <span class='ocrx_word' id='word_1_296' title='bbox 1867 2562 2092 2632; x_wconf 88' lang='lat' dir='ltr'><strong>aliquod</strong></span> 
     </span>
    </p>
   </div>
   <div class='ocr_carea' id='block_1_44' title="bbox 509 2653 2092 2724">
    <p class='ocr_par' dir='ltr' id='par_1_44' title="bbox 509 2653 2092 2724">
     <span class='ocr_line' id='line_1_44' title="bbox 509 2653 2092 2724; baseline -0.007 -8"><span class='ocrx_word' id='word_1_297' title='bbox 509 2659 579 2716; x_wconf 86' lang='lat' dir='ltr'><strong>ad</strong></span> <span class='ocrx_word' id='word_1_298' title='bbox 617 2673 727 2713; x_wconf 89' lang='lat' dir='ltr'><strong>rem</strong></span> <span class='ocrx_word' id='word_1_299' title='bbox 753 2671 1104 2714; x_wconf 86' lang='lat' dir='ltr'><strong>communem</strong></span> <span class='ocrx_word' id='word_1_300' title='bbox 1141 2663 1398 2724; x_wconf 89' lang='lat' dir='ltr'><strong>spectans</strong></span> <span class='ocrx_word' id='word_1_301' title='bbox 1428 2654 1614 2709; x_wconf 90' lang='lat' dir='ltr'><strong>animo</strong></span> <span class='ocrx_word' id='word_1_302' title='bbox 1648 2653 1913 2720; x_wconf 83' lang='lat' dir='ltr'><strong>volveret,</strong></span> <span class='ocrx_word' id='word_1_303' title='bbox 1948 2653 2092 2708; x_wconf 82' lang='lat' dir='ltr'><strong>haud</strong></span> 
     </span>
    </p>
   </div>
   <div class='ocr_carea' id='block_1_45' title="bbox 514 2747 2095 2817">
    <p class='ocr_par' dir='ltr' id='par_1_45' title="bbox 514 2747 2095 2817">
     <span class='ocr_line' id='line_1_45' title="bbox 514 2747 2095 2817; baseline -0.003 -11"><span class='ocrx_word' id='word_1_304' title='bbox 514 2766 640 2806; x_wconf 89' lang='lat' dir='ltr'><strong>raro</strong></span> <span class='ocrx_word' id='word_1_305' title='bbox 674 2750 728 2805; x_wconf 92' lang='lat' dir='ltr'><strong>in</strong></span> <span class='ocrx_word' id='word_1_306' title='bbox 759 2748 971 2804; x_wconf 89' lang='lat' dir='ltr'><strong>somnis</strong></span> <span class='ocrx_word' id='word_1_307' title='bbox 996 2757 1252 2803; x_wconf 76' lang='lat' dir='ltr'><strong>eventum</strong></span> <span class='ocrx_word' id='word_1_308' title='bbox 1284 2747 1566 2809; x_wconf 89' lang='lat' dir='ltr'><strong>cernebat,</strong></span> <span class='ocrx_word' id='word_1_309' title='bbox 1591 2748 1846 2816; x_wconf 87' lang='lat' dir='ltr'><strong>bonaque</strong></span> <span class='ocrx_word' id='word_1_310' title='bbox 1879 2763 1974 2817; x_wconf 89' lang='lat' dir='ltr'><strong>spe</strong></span> <span class='ocrx_word' id='word_1_311' title='bbox 2010 2762 2095 2802; x_wconf 85' lang='lat' dir='ltr'><strong>re-</strong></span> 
     </span>
    </p>
   </div>
   <div class='ocr_carea' id='block_1_46' title="bbox 513 2837 2090 2920">
    <p class='ocr_par' dir='ltr' id='par_1_46' title="bbox 513 2837 2090 2920">
     <span class='ocr_line' id='line_1_46' title="bbox 513 2837 2090 2920; baseline -0.005 -22"><span class='ocrx_word' id='word_1_312' title='bbox 513 2839 789 2920; x_wconf 65' lang='lat' dir='ltr'><strong>iecillatus</strong></span> <span class='ocrx_word' id='word_1_313' title='bbox 813 2839 1004 2893; x_wconf 88' lang='lat' dir='ltr'><strong>turbas</strong></span> <span class='ocrx_word' id='word_1_314' title='bbox 1035 2837 1205 2892; x_wconf 91' lang='lat' dir='ltr'><strong>animi</strong></span> <span class='ocrx_word' id='word_1_315' title='bbox 1239 2838 1810 2908; x_wconf 65' lang='lat' dir='ltr'><strong>sedabatJlirumque</strong></span> <span class='ocrx_word' id='word_1_316' title='bbox 1845 2853 1953 2892; x_wconf 91' lang='lat' dir='ltr'><strong>non</strong></span> <span class='ocrx_word' id='word_1_317' title='bbox 1988 2847 2090 2905; x_wconf 87' lang='lat' dir='ltr'><strong>est,</strong></span> 
     </span>
    </p>
   </div>
   <div class='ocr_carea' id='block_1_47' title="bbox 511 2929 2090 3004">
    <p class='ocr_par' dir='ltr' id='par_1_47' title="bbox 511 2929 2090 3004">
     <span class='ocr_line' id='line_1_47' title="bbox 511 2929 2090 3004; baseline -0.004 -14"><span class='ocrx_word' id='word_1_318' title='bbox 511 2949 608 2990; x_wconf 89' lang='lat' dir='ltr'><strong>eos</strong></span> <span class='ocrx_word' id='word_1_319' title='bbox 639 2934 731 3004; x_wconf 89' lang='lat' dir='ltr'><strong>qui</strong></span> <span class='ocrx_word' id='word_1_320' title='bbox 761 2930 908 2986; x_wconf 89' lang='lat' dir='ltr'><strong>haud</strong></span> <span class='ocrx_word' id='word_1_321' title='bbox 943 2946 1103 2986; x_wconf 89' lang='lat' dir='ltr'><strong>secus</strong></span> <span class='ocrx_word' id='word_1_322' title='bbox 1128 2945 1193 2985; x_wconf 90' lang='lat' dir='ltr'><strong>ac</strong></span> <span class='ocrx_word' id='word_1_323' title='bbox 1229 2945 1290 2984; x_wconf 88' lang='lat' dir='ltr'><strong>re</strong></span> <span class='ocrx_word' id='word_1_324' title='bbox 1321 2945 1500 2996; x_wconf 87' lang='lat' dir='ltr'><strong>saera,</strong></span> <span class='ocrx_word' id='word_1_325' title='bbox 1532 2938 1803 3000; x_wconf 88' lang='lat' dir='ltr'><strong>potestate</strong></span> <span class='ocrx_word' id='word_1_326' title='bbox 1833 2945 1998 3000; x_wconf 87' lang='lat' dir='ltr'><strong>quam</strong></span> <span class='ocrx_word' id='word_1_327' title='bbox 2039 2929 2090 2983; x_wconf 89' lang='lat' dir='ltr'><strong>in</strong></span> 
     </span>
    </p>
   </div>
   <div class='ocr_carea' id='block_1_48' title="bbox 512 3017 2091 3091">
    <p class='ocr_par' dir='ltr' id='par_1_48' title="bbox 512 3017 2091 3091">
     <span class='ocr_line' id='line_1_48' title="bbox 512 3017 2091 3091; baseline -0.003 -11"><span class='ocrx_word' id='word_1_328' title='bbox 512 3017 676 3080; x_wconf 83' lang='lat' dir='ltr'><strong>terris</strong></span> <span class='ocrx_word' id='word_1_329' title='bbox 710 3021 981 3087; x_wconf 89' lang='lat' dir='ltr'><strong>obtinent,</strong></span> <span class='ocrx_word' id='word_1_330' title='bbox 1023 3021 1104 3077; x_wconf 86' lang='lat' dir='ltr'><strong>sic</strong></span> <span class='ocrx_word' id='word_1_331' title='bbox 1153 3020 1547 3091; x_wconf 81' lang='lat' dir='ltr'><strong>defunguntur,</strong></span> <span class='ocrx_word' id='word_1_332' title='bbox 1585 3021 1942 3091; x_wconf 86' lang='lat' dir='ltr'><strong>divinumque</strong></span> <span class='ocrx_word' id='word_1_333' title='bbox 1966 3037 2091 3076; x_wconf 90' lang='lat' dir='ltr'><strong>vere</strong></span> 
     </span>
    </p>
   </div>
   <div class='ocr_carea' id='block_1_49' title="bbox 514 3115 2090 3184">
    <p class='ocr_par' dir='ltr' id='par_1_49' title="bbox 514 3115 2090 3184">
     <span class='ocr_line' id='line_1_49' title="bbox 514 3115 2090 3184; baseline -0.003 -12"><span class='ocrx_word' id='word_1_334' title='bbox 514 3115 881 3178; x_wconf 88' lang='lat' dir='ltr'><strong>ministerium</strong></span> <span class='ocrx_word' id='word_1_335' title='bbox 915 3115 968 3170; x_wconf 88' lang='lat' dir='ltr'><strong>in</strong></span> <span class='ocrx_word' id='word_1_336' title='bbox 997 3115 1084 3169; x_wconf 92' lang='lat' dir='ltr'><strong>his</strong></span> <span class='ocrx_word' id='word_1_337' title='bbox 1115 3115 1349 3170; x_wconf 88' lang='lat' dir='ltr'><strong>terrenis</strong></span> <span class='ocrx_word' id='word_1_338' title='bbox 1375 3115 1525 3170; x_wconf 91' lang='lat' dir='ltr'><strong>circa</strong></span> <span class='ocrx_word' id='word_1_339' title='bbox 1557 3129 1659 3170; x_wconf 90' lang='lat' dir='ltr'><strong>nos</strong></span> <span class='ocrx_word' id='word_1_340' title='bbox 1685 3125 2090 3184; x_wconf 79' lang='lat' dir='ltr'><strong>exsequuntur,</strong></span> 
     </span>
    </p>
   </div>
   <div class='ocr_carea' id='block_1_50' title="bbox 520 3207 2095 3285">
    <p class='ocr_par' dir='ltr' id='par_1_50' title="bbox 520 3207 2095 3285">
     <span class='ocr_line' id='line_1_50' title="bbox 520 3207 2095 3285; baseline -0.004 -17"><span class='ocrx_word' id='word_1_341' title='bbox 520 3223 686 3285; x_wconf 86' lang='lat' dir='ltr'><strong>atque</strong></span> <span class='ocrx_word' id='word_1_342' title='bbox 725 3213 792 3267; x_wconf 89' lang='lat' dir='ltr'><strong>ad</strong></span> <span class='ocrx_word' id='word_1_343' title='bbox 817 3210 910 3267; x_wconf 87' lang='lat' dir='ltr'><strong>Dei</strong></span> <span class='ocrx_word' id='word_1_344' title='bbox 958 3211 1292 3278; x_wconf 78' lang='lat' dir='ltr'><strong>exemplum,</strong></span> <span class='ocrx_word' id='word_1_345' title='bbox 1330 3208 1512 3280; x_wconf 87' lang='lat' dir='ltr'><strong>quoad</strong></span> <span class='ocrx_word' id='word_1_346' title='bbox 1535 3209 1683 3274; x_wconf 89' lang='lat' dir='ltr'><strong>licet,</strong></span> <span class='ocrx_word' id='word_1_347' title='bbox 1732 3207 2095 3264; x_wconf 89' lang='lat' dir='ltr'><strong>similitudine</strong></span> 
     </span>
    </p>
   </div>
   <div class='ocr_carea' id='block_1_51' title="bbox 513 3301 2094 3366">
    <p class='ocr_par' dir='ltr' id='par_1_51' title="bbox 513 3301 2094 3366">
     <span class='ocr_line' id='line_1_51' title="bbox 513 3301 2094 3366; baseline -0.004 -6"><span class='ocrx_word' id='word_1_348' title='bbox 513 3304 784 3360; x_wconf 76' lang='lat' dir='ltr'><strong>ell‘ormati</strong></span> <span class='ocrx_word' id='word_1_349' title='bbox 835 3312 986 3366; x_wconf 89' lang='lat' dir='ltr'><strong>sunt,</strong></span> <span class='ocrx_word' id='word_1_350' title='bbox 1015 3317 1046 3357; x_wconf 90' lang='lat' dir='ltr'><strong>a</strong></span> <span class='ocrx_word' id='word_1_351' title='bbox 1104 3301 1458 3357; x_wconf 87' lang='lat' dir='ltr'><strong>Providentia</strong></span> <span class='ocrx_word' id='word_1_352' title='bbox 1485 3303 1711 3358; x_wconf 81' lang='lat' dir='ltr'><strong>excitari</strong></span> <span class='ocrx_word' id='word_1_353' title='bbox 1753 3311 1807 3358; x_wconf 88' lang='lat' dir='ltr'><strong>et</strong></span> <span class='ocrx_word' id='word_1_354' title='bbox 1842 3303 1908 3356; x_wconf 89' lang='lat' dir='ltr'><strong>ad</strong></span> <span class='ocrx_word' id='word_1_355' title='bbox 1943 3301 2094 3355; x_wconf 87' lang='lat' dir='ltr'><strong>utilia</strong></span> 
     </span>
    </p>
   </div>
   <div class='ocr_carea' id='block_1_52' title="bbox 516 3395 1775 3480">
    <p class='ocr_par' dir='ltr' id='par_1_52' title="bbox 516 3395 1775 3480">
     <span class='ocr_line' id='line_1_52' title="bbox 516 3395 1775 3480; baseline -0.002 -28"><span class='ocrx_word' id='word_1_356' title='bbox 516 3396 675 3480; x_wconf 80' lang='lat' dir='ltr'><strong>dirigi</strong></span> <span class='ocrx_word' id='word_1_357' title='bbox 702 3407 865 3468; x_wconf 90' lang='lat' dir='ltr'><strong>atque</strong></span> <span class='ocrx_word' id='word_1_358' title='bbox 886 3396 1067 3452; x_wconf 79' lang='lat' dir='ltr'><strong>futura</strong></span> <span class='ocrx_word' id='word_1_359' title='bbox 1100 3395 1420 3466; x_wconf 73' lang='lat' dir='ltr'><strong>praedoceri.</strong></span> <span class='ocrx_word' id='word_1_360' title='bbox 1773 3399 1775 3402; x_wconf 60' lang='lat'><em>‘</em></span> 
     </span>
    </p>
   </div>
   <div class='ocr_carea' id='block_1_53' title="bbox 577 3704 2095 3778">
    <p class='ocr_par' dir='ltr' id='par_1_53' title="bbox 577 3704 2095 3778">
     <span class='ocr_line' id='line_1_53' title="bbox 577 3704 2095 3778; baseline -0.005 -11"><span class='ocrx_word' id='word_1_361' title='bbox 577 3711 678 3769; x_wconf 66' lang='lat'><strong>73.</strong></span> <span class='ocrx_word' id='word_1_362' title='bbox 712 3707 870 3778; x_wconf 85' lang='lat' dir='ltr'><strong>Quod</strong></span> <span class='ocrx_word' id='word_1_363' title='bbox 913 3722 1042 3764; x_wconf 87' lang='lat' dir='ltr'><strong>vero</strong></span> <span class='ocrx_word' id='word_1_364' title='bbox 1069 3705 1179 3762; x_wconf 89' lang='lat' dir='ltr'><strong>alio</strong></span> <span class='ocrx_word' id='word_1_365' title='bbox 1211 3705 1395 3762; x_wconf 82' lang='lat' dir='ltr'><strong>ferens</strong></span> <span class='ocrx_word' id='word_1_366' title='bbox 1435 3704 1705 3761; x_wconf 87' lang='lat' dir='ltr'><strong>orationis</strong></span> <span class='ocrx_word' id='word_1_367' title='bbox 1726 3704 1962 3775; x_wconf 87' lang='lat' dir='ltr'><strong>impetus</strong></span> <span class='ocrx_word' id='word_1_368' title='bbox 1992 3720 2095 3760; x_wconf 79' lang='lat' dir='ltr'><strong>suo</strong></span> 
     </span>
    </p>
   </div>
   <div class='ocr_carea' id='block_1_54' title="bbox 518 3796 2093 3870">
    <p class='ocr_par' dir='ltr' id='par_1_54' title="bbox 518 3796 2093 3870">
     <span class='ocr_line' id='line_1_54' title="bbox 518 3796 2093 3870; baseline -0.008 -9"><span class='ocrx_word' id='word_1_369' title='bbox 518 3803 764 3861; x_wconf 83' lang='lat' dir='ltr'><strong>enarrari</strong></span> <span class='ocrx_word' id='word_1_370' title='bbox 788 3813 1034 3870; x_wconf 83' lang='lat' dir='ltr'><strong>tempore</strong></span> <span class='ocrx_word' id='word_1_371' title='bbox 1061 3798 1206 3854; x_wconf 86' lang='lat' dir='ltr'><strong>haud</strong></span> <span class='ocrx_word' id='word_1_372' title='bbox 1261 3797 1533 3869; x_wconf 84' lang='lat' dir='ltr'><strong>permisit,</strong></span> <span class='ocrx_word' id='word_1_373' title='bbox 1567 3797 1654 3851; x_wconf 90' lang='lat' dir='ltr'><strong>hic</strong></span> <span class='ocrx_word' id='word_1_374' title='bbox 1675 3796 1803 3862; x_wconf 88' lang='lat' dir='ltr'><strong>loci,</strong></span> <span class='ocrx_word' id='word_1_375' title='bbox 1845 3812 1970 3852; x_wconf 89' lang='lat' dir='ltr'><strong>eum</strong></span> <span class='ocrx_word' id='word_1_376' title='bbox 2005 3813 2093 3850; x_wconf 88' lang='lat' dir='ltr'><strong>rc-</strong></span> 
     </span>
    </p>
   </div>
   <div class='ocr_carea' id='block_1_55' title="bbox 518 3889 2093 3963">
    <p class='ocr_par' dir='ltr' id='par_1_55' title="bbox 518 3889 2093 3963">
     <span class='ocr_line' id='line_1_55' title="bbox 518 3889 2093 3963; baseline -0.007 -11"><span class='ocrx_word' id='word_1_377' title='bbox 518 3911 644 3956; x_wconf 89' lang='lat' dir='ltr'><strong>rum</strong></span> <span class='ocrx_word' id='word_1_378' title='bbox 673 3895 750 3952; x_wconf 87' lang='lat' dir='ltr'><strong>illi</strong></span> <span class='ocrx_word' id='word_1_379' title='bbox 779 3893 917 3950; x_wconf 89' lang='lat' dir='ltr'><strong>bello</strong></span> <span class='ocrx_word' id='word_1_380' title='bbox 947 3901 1221 3963; x_wconf 74' lang='lat' dir='ltr'><strong>gestarum</strong></span> <span class='ocrx_word' id='word_1_381' title='bbox 1251 3891 1412 3946; x_wconf 84' lang='lat' dir='ltr'><strong>tinem</strong></span> <span class='ocrx_word' id='word_1_382' title='bbox 1431 3890 1690 3960; x_wconf 85' lang='lat' dir='ltr'><strong>deinceps</strong></span> <span class='ocrx_word' id='word_1_383' title='bbox 1712 3890 1952 3944; x_wconf 85' lang='lat' dir='ltr'><strong>narratio</strong></span> <span class='ocrx_word' id='word_1_384' title='bbox 1995 3889 2093 3942; x_wconf 85' lang='lat' dir='ltr'><strong>ha-</strong></span> 
     </span>
    </p>
   </div>
   <div class='ocr_carea' id='block_1_56' title="bbox 517 3981 2093 4058">
    <p class='ocr_par' dir='ltr' id='par_1_56' title="bbox 517 3981 2093 4058">
     <span class='ocr_line' id='line_1_56' title="bbox 517 3981 2093 4058; baseline -0.008 -11"><span class='ocrx_word' id='word_1_385' title='bbox 517 3989 667 4055; x_wconf 76' lang='lat' dir='ltr'><strong>beat,</strong></span> <span class='ocrx_word' id='word_1_386' title='bbox 695 4001 876 4058; x_wconf 65' lang='lat' dir='ltr'><strong>Opera:</strong></span> <span class='ocrx_word' id='word_1_387' title='bbox 929 3985 1166 4056; x_wconf 83' lang='lat' dir='ltr'><strong>pretium</strong></span> <span class='ocrx_word' id='word_1_388' title='bbox 1195 3983 1358 4039; x_wconf 79' lang='lat' dir='ltr'><strong>fuerit</strong></span> <span class='ocrx_word' id='word_1_389' title='bbox 1393 3983 1601 4052; x_wconf 89' lang='lat' dir='ltr'><strong>scripto</strong></span> <span class='ocrx_word' id='word_1_390' title='bbox 1630 3982 1976 4054; x_wconf 83' lang='lat' dir='ltr'><strong>consignare.</strong></span> <span class='ocrx_word' id='word_1_391' title='bbox 2039 3981 2093 4035; x_wconf 79' lang='lat' dir='ltr'><strong>ld</strong></span> 
     </span>
    </p>
   </div>
   <div class='ocr_carea' id='block_1_57' title="bbox 517 4074 2094 4142">
    <p class='ocr_par' dir='ltr' id='par_1_57' title="bbox 517 4074 2094 4142">
     <span class='ocr_line' id='line_1_57' title="bbox 517 4074 2094 4142; baseline -0.004 -10"><span class='ocrx_word' id='word_1_392' title='bbox 517 4091 646 4132; x_wconf 83' lang='lat' dir='ltr'><strong>vero</strong></span> <span class='ocrx_word' id='word_1_393' title='bbox 679 4083 976 4132; x_wconf 88' lang='lat' dir='ltr'><strong>esteorum</strong></span> <span class='ocrx_word' id='word_1_394' title='bbox 1005 4075 1310 4129; x_wconf 83' lang='lat' dir='ltr'><strong>recordatio</strong></span> <span class='ocrx_word' id='word_1_395' title='bbox 1336 4087 1398 4128; x_wconf 89' lang='lat' dir='ltr'><strong>ac</strong></span> <span class='ocrx_word' id='word_1_396' title='bbox 1429 4074 1826 4137; x_wconf 87' lang='lat' dir='ltr'><strong>remuneratio,</strong></span> <span class='ocrx_word' id='word_1_397' title='bbox 1850 4076 1943 4142; x_wconf 90' lang='lat' dir='ltr'><strong>qui</strong></span> <span class='ocrx_word' id='word_1_398' title='bbox 1972 4089 2094 4127; x_wconf 89' lang='lat' dir='ltr'><strong>mu-</strong></span> 
     </span>
    </p>
   </div>
   <div class='ocr_carea' id='block_1_58' title="bbox 519 4164 2093 4236">
    <p class='ocr_par' dir='ltr' id='par_1_58' title="bbox 519 4164 2093 4236">
     <span class='ocr_line' id='line_1_58' title="bbox 519 4164 2093 4236; baseline -0.003 -12"><span class='ocrx_word' id='word_1_399' title='bbox 519 4167 668 4224; x_wconf 84' lang='lat' dir='ltr'><strong>neris</strong></span> <span class='ocrx_word' id='word_1_400' title='bbox 684 4167 890 4236; x_wconf 81' lang='lat' dir='ltr'><strong>aliquid</strong></span> <span class='ocrx_word' id='word_1_401' title='bbox 925 4181 989 4224; x_wconf 83' lang='lat' dir='ltr'><strong>ac</strong></span> <span class='ocrx_word' id='word_1_402' title='bbox 1020 4165 1269 4234; x_wconf 88' lang='lat' dir='ltr'><strong>obsequii</strong></span> <span class='ocrx_word' id='word_1_403' title='bbox 1300 4165 1353 4219; x_wconf 90' lang='lat' dir='ltr'><strong>in</strong></span> <span class='ocrx_word' id='word_1_404' title='bbox 1395 4166 1778 4233; x_wconf 83' lang='lat' dir='ltr'><strong>imperatorem</strong></span> <span class='ocrx_word' id='word_1_405' title='bbox 1806 4165 1858 4218; x_wconf 90' lang='lat' dir='ltr'><strong>in</strong></span> <span class='ocrx_word' id='word_1_406' title='bbox 1893 4164 2093 4220; x_wconf 63' lang='lat' dir='ltr'><strong>minori</strong></span> 
     </span>
    </p>
   </div>
   <div class='ocr_carea' id='block_1_59' title="bbox 517 4256 2095 4322">
    <p class='ocr_par' dir='ltr' id='par_1_59' title="bbox 517 4256 2095 4322">
     <span class='ocr_line' id='line_1_59' title="bbox 517 4256 2095 4322; baseline -0.003 -7"><span class='ocrx_word' id='word_1_407' title='bbox 517 4260 698 4315; x_wconf 84' lang='lat' dir='ltr'><strong>adhuc</strong></span> <span class='ocrx_word' id='word_1_408' title='bbox 728 4257 949 4314; x_wconf 74' lang='lat' dir='ltr'><strong>fortuna</strong></span> <span class='ocrx_word' id='word_1_409' title='bbox 977 4257 1336 4312; x_wconf 87' lang='lat' dir='ltr'><strong>constitutum</strong></span> <span class='ocrx_word' id='word_1_410' title='bbox 1384 4256 1710 4312; x_wconf 84' lang='lat' dir='ltr'><strong>humaniore</strong></span> <span class='ocrx_word' id='word_1_411' title='bbox 1751 4271 1918 4322; x_wconf 85' lang='lat' dir='ltr'><strong>sensu</strong></span> <span class='ocrx_word' id='word_1_412' title='bbox 1961 4272 2095 4312; x_wconf 83' lang='lat' dir='ltr'><strong>cou-</strong></span> 
     </span>
    </p>
   </div>
   <div class='ocr_carea' id='block_1_60' title="bbox 515 4349 2091 4421">
    <p class='ocr_par' dir='ltr' id='par_1_60' title="bbox 515 4349 2091 4421">
     <span class='ocr_line' id='line_1_60' title="bbox 515 4349 2091 4421; baseline -0.003 -13"><span class='ocrx_word' id='word_1_413' title='bbox 515 4352 806 4416; x_wconf 83' lang='lat' dir='ltr'><strong>tulissent;</strong></span> <span class='ocrx_word' id='word_1_414' title='bbox 866 4351 1014 4421; x_wconf 87' lang='lat' dir='ltr'><strong>quod</strong></span> <span class='ocrx_word' id='word_1_415' title='bbox 1070 4350 1196 4404; x_wconf 88' lang='lat' dir='ltr'><strong>item</strong></span> <span class='ocrx_word' id='word_1_416' title='bbox 1232 4349 1374 4403; x_wconf 84' lang='lat' dir='ltr'><strong>nihil</strong></span> <span class='ocrx_word' id='word_1_417' title='bbox 1400 4349 1602 4404; x_wconf 89' lang='lat' dir='ltr'><strong>oblitus</strong></span> <span class='ocrx_word' id='word_1_418' title='bbox 1634 4358 1724 4404; x_wconf 87' lang='lat' dir='ltr'><strong>est</strong></span> <span class='ocrx_word' id='word_1_419' title='bbox 1772 4365 1963 4405; x_wconf 86' lang='lat' dir='ltr'><strong>eorum</strong></span> <span class='ocrx_word' id='word_1_420' title='bbox 1999 4350 2091 4417; x_wconf 87' lang='lat' dir='ltr'><strong>qui</strong></span> 
     </span>
    </p>
   </div>
   <div class='ocr_carea' id='block_1_61' title="bbox 517 4438 2094 4509">
    <p class='ocr_par' dir='ltr' id='par_1_61' title="bbox 517 4438 2094 4509">
     <span class='ocr_line' id='line_1_61' title="bbox 517 4438 2094 4509; baseline -0.004 -9"><span class='ocrx_word' id='word_1_421' title='bbox 517 4438 736 4509; x_wconf 80' lang='lat' dir='ltr'><strong>ab&#39;illo,</strong></span> <span class='ocrx_word' id='word_1_422' title='bbox 767 4441 896 4497; x_wconf 87' lang='lat' dir='ltr'><strong>dum</strong></span> <span class='ocrx_word' id='word_1_423' title='bbox 915 4442 1163 4498; x_wconf 85' lang='lat' dir='ltr'><strong>altiorem</strong></span> <span class='ocrx_word' id='word_1_424' title='bbox 1201 4442 1428 4509; x_wconf 75' lang='lat' dir='ltr'><strong>gradum</strong></span> <span class='ocrx_word' id='word_1_425' title='bbox 1468 4441 1905 4505; x_wconf 70' lang='lat' dir='ltr'><strong>conscendisset,</strong></span> <span class='ocrx_word' id='word_1_426' title='bbox 1968 4457 2094 4508; x_wconf 78' lang='lat' dir='ltr'><strong>gra-</strong></span> 
     </span>
    </p>
   </div>
   <div class='ocr_carea' id='block_1_62' title="bbox 2195 1918 3784 1988">
    <p class='ocr_par' dir='ltr' id='par_1_62' title="bbox 2195 1918 3784 1988">
     <span class='ocr_line' id='line_1_62' title="bbox 2195 1918 3784 1988; baseline -0.002 -13"><span class='ocrx_word' id='word_1_427' title='bbox 2195 1921 2444 1986; x_wconf 78' lang='grc' dir='ltr'>ἐνδεοῦς</span> <span class='ocrx_word' id='word_1_428' title='bbox 2464 1919 2870 1988; x_wconf 71' lang='grc' dir='ltr'>λοιδφεῖο-θαι</span> <span class='ocrx_word' id='word_1_429' title='bbox 2910 1919 2947 1988; x_wconf 87' lang='grc' dir='ltr'><strong>ἢ</strong></span> <span class='ocrx_word' id='word_1_430' title='bbox 2974 1918 3426 1983; x_wconf 64' lang='grc' dir='ltr'>διαϐάλλεσθαι,</span> <span class='ocrx_word' id='word_1_431' title='bbox 3451 1918 3593 1973; x_wconf 68' lang='grc' dir='ltr'><em>ἀλλ’</em></span> <span class='ocrx_word' id='word_1_432' title='bbox 3623 1919 3784 1972; x_wconf 79' lang='grc' dir='ltr'>ἐκεῖ·</span> 
     </span>
    </p>
   </div>
   <div class='ocr_carea' id='block_1_63' title="bbox 2194 2009 3785 2081">
    <p class='ocr_par' dir='ltr' id='par_1_63' title="bbox 2194 2009 3785 2081">
     <span class='ocr_line' id='line_1_63' title="bbox 2194 2009 3785 2081; baseline -0.003 -14"><span class='ocrx_word' id='word_1_433' title='bbox 2194 2014 2306 2068; x_wconf 73' lang='grc' dir='ltr'><strong>νόν</strong></span> <span class='ocrx_word' id='word_1_434' title='bbox 2333 2030 2400 2067; x_wconf 81' lang='grc' dir='ltr'><strong>τε</strong></span> <span class='ocrx_word' id='word_1_435' title='bbox 2436 2013 2517 2078; x_wconf 85' lang='grc' dir='ltr'>ὡς</span> <span class='ocrx_word' id='word_1_436' title='bbox 2568 2012 2840 2081; x_wconf 71' lang='grc' dir='ltr'><strong>ἀδελφὸν</strong></span> <span class='ocrx_word' id='word_1_437' title='bbox 2865 2011 3286 2080; x_wconf 74' lang='grc' dir='ltr'>ἀγκαλίζεσθαι</span> <span class='ocrx_word' id='word_1_438' title='bbox 3335 2009 3433 2062; x_wconf 80' lang='grc' dir='ltr'>καὶ</span> <span class='ocrx_word' id='word_1_439' title='bbox 3473 2009 3785 2076; x_wconf 74' lang='grc' dir='ltr'>περιέπειν</span> 
     </span>
    </p>
   </div>
   <div class='ocr_carea' id='block_1_64' title="bbox 2194 2101 3783 2171">
    <p class='ocr_par' dir='ltr' id='par_1_64' title="bbox 2194 2101 3783 2171">
     <span class='ocr_line' id='line_1_64' title="bbox 2194 2101 3783 2171; baseline -0.001 -13"><span class='ocrx_word' id='word_1_440' title='bbox 2194 2105 2302 2158; x_wconf 79' lang='grc' dir='ltr'><strong>τὸν</strong></span> <span class='ocrx_word' id='word_1_441' title='bbox 2336 2104 2590 2171; x_wconf 76' lang='grc' dir='ltr'>πένητα,</span> <span class='ocrx_word' id='word_1_442' title='bbox 2644 2105 2742 2157; x_wconf 79' lang='grc' dir='ltr'>καὶ</span> <span class='ocrx_word' id='word_1_443' title='bbox 2781 2103 3000 2158; x_wconf 76' lang='grc' dir='ltr'>τοῦτον</span> <span class='ocrx_word' id='word_1_444' title='bbox 3046 2103 3128 2169; x_wconf 86' lang='grc' dir='ltr'><strong>ὡς</strong></span> <span class='ocrx_word' id='word_1_445' title='bbox 3163 2102 3371 2157; x_wconf 78' lang='grc' dir='ltr'>κοινὸν</span> <span class='ocrx_word' id='word_1_446' title='bbox 3425 2101 3650 2171; x_wconf 78' lang='grc' dir='ltr'>πατέρα</span> <span class='ocrx_word' id='word_1_447' title='bbox 3679 2102 3783 2156; x_wconf 72' lang='grc' dir='ltr'><strong>καί</strong></span> 
     </span>
    </p>
   </div>
   <div class='ocr_carea' id='block_1_65' title="bbox 2195 2193 3786 2265">
    <p class='ocr_par' dir='ltr' id='par_1_65' title="bbox 2195 2193 3786 2265">
     <span class='ocr_line' id='line_1_65' title="bbox 2195 2193 3786 2265; baseline -0.001 -15"><span class='ocrx_word' id='word_1_448' title='bbox 2195 2195 2440 2265; x_wconf 72' lang='grc' dir='ltr'>σωτῆρα</span> <span class='ocrx_word' id='word_1_449' title='bbox 2500 2197 2606 2249; x_wconf 68' lang='grc' dir='ltr'><strong>τεν</strong></span> <span class='ocrx_word' id='word_1_450' title='bbox 2656 2198 3031 2264; x_wconf 74' lang='grc' dir='ltr'>ὑπερέχοντα</span> <span class='ocrx_word' id='word_1_451' title='bbox 3082 2193 3360 2262; x_wconf 71' lang='grc' dir='ltr'>εὐλογεῖν</span> <span class='ocrx_word' id='word_1_452' title='bbox 3395 2193 3495 2247; x_wconf 80' lang='grc' dir='ltr'>καὶ</span> <span class='ocrx_word' id='word_1_453' title='bbox 3547 2193 3786 2260; x_wconf 73' lang='grc' dir='ltr'>ἀδόλως</span> 
     </span>
    </p>
   </div>
   <div class='ocr_carea' id='block_1_66' title="bbox 2193 2287 3781 2358">
    <p class='ocr_par' dir='ltr' id='par_1_66' title="bbox 2193 2287 3781 2358">
     <span class='ocr_line' id='line_1_66' title="bbox 2193 2287 3781 2358; baseline -0.001 -15"><span class='ocrx_word' id='word_1_454' title='bbox 2193 2288 2356 2354; x_wconf 84' lang='grc' dir='ltr'><strong>αὺτῷ</strong></span> <span class='ocrx_word' id='word_1_455' title='bbox 2407 2290 2480 2343; x_wconf 79' lang='grc' dir='ltr'>τὰ</span> <span class='ocrx_word' id='word_1_456' title='bbox 2529 2289 2720 2358; x_wconf 73' lang='grc' dir='ltr'>ἀγαθὰ</span> <span class='ocrx_word' id='word_1_457' title='bbox 2761 2287 2921 2356; x_wconf 68' lang='grc' dir='ltr'>παρὰ</span> <span class='ocrx_word' id='word_1_458' title='bbox 2973 2287 3081 2342; x_wconf 78' lang='grc' dir='ltr'>τοῦ</span> <span class='ocrx_word' id='word_1_459' title='bbox 3125 2288 3345 2356; x_wconf 75' lang='grc' dir='ltr'>Κυρίου</span> <span class='ocrx_word' id='word_1_460' title='bbox 3390 2287 3781 2354; x_wconf 76' lang='grc' dir='ltr'>ἐπεύχεσθαι.</span> 
     </span>
    </p>
   </div>
   <div class='ocr_carea' id='block_1_67' title="bbox 2195 2379 3785 2452">
    <p class='ocr_par' dir='ltr' id='par_1_67' title="bbox 2195 2379 3785 2452">
     <span class='ocr_line' id='line_1_67' title="bbox 2195 2379 3785 2452; baseline -0.006 -13"><span class='ocrx_word' id='word_1_461' title='bbox 2195 2383 2352 2439; x_wconf 76' lang='grc' dir='ltr'>Οὕτω</span> <span class='ocrx_word' id='word_1_462' title='bbox 2377 2381 2433 2436; x_wconf 80' lang='grc' dir='ltr'>δὲ</span> <span class='ocrx_word' id='word_1_463' title='bbox 2454 2382 2544 2434; x_wconf 81' lang='grc' dir='ltr'><strong>τὸν</strong></span> <span class='ocrx_word' id='word_1_464' title='bbox 2570 2381 2683 2452; x_wconf 84' lang='grc' dir='ltr'>βίον</span> <span class='ocrx_word' id='word_1_465' title='bbox 2712 2381 2880 2434; x_wconf 74' lang='grc' dir='ltr'>αὐτοῦ</span> <span class='ocrx_word' id='word_1_466' title='bbox 2911 2379 3190 2450; x_wconf 73' lang='grc' dir='ltr'>ῥυθμίζων</span> <span class='ocrx_word' id='word_1_467' title='bbox 3217 2380 3431 2449; x_wconf 74' lang='grc' dir='ltr'>καὶτῆς</span> <span class='ocrx_word' id='word_1_468' title='bbox 3461 2379 3614 2442; x_wconf 86' lang='grc' dir='ltr'>θείας</span> <span class='ocrx_word' id='word_1_469' title='bbox 3645 2395 3785 2448; x_wconf 80' lang='grc' dir='ltr'>προ-</span> 
     </span>
    </p>
   </div>
   <div class='ocr_carea' id='block_1_68' title="bbox 2193 2472 3784 2545">
    <p class='ocr_par' dir='ltr' id='par_1_68' title="bbox 2193 2472 3784 2545">
     <span class='ocr_line' id='line_1_68' title="bbox 2193 2472 3784 2545; baseline -0.003 -15"><span class='ocrx_word' id='word_1_470' title='bbox 2193 2475 2341 2540; x_wconf 86' lang='grc' dir='ltr'>νοίας</span> <span class='ocrx_word' id='word_1_471' title='bbox 2371 2476 2472 2545; x_wconf 74' lang='grc' dir='ltr'>τὴν</span> <span class='ocrx_word' id='word_1_472' title='bbox 2505 2476 2716 2529; x_wconf 84' lang='grc' dir='ltr'>οἰκείαν</span> <span class='ocrx_word' id='word_1_473' title='bbox 2744 2475 2988 2542; x_wconf 77' lang='grc' dir='ltr'>ἐξαρτῶν</span> <span class='ocrx_word' id='word_1_474' title='bbox 3030 2473 3199 2527; x_wconf 79' lang='grc' dir='ltr'>πολλὰ</span> <span class='ocrx_word' id='word_1_475' title='bbox 3234 2473 3343 2528; x_wconf 87' lang='grc' dir='ltr'><strong>τῶν</strong></span> <span class='ocrx_word' id='word_1_476' title='bbox 3377 2473 3605 2527; x_wconf 84' lang='grc' dir='ltr'>δεόντων</span> <span class='ocrx_word' id='word_1_477' title='bbox 3636 2472 3784 2527; x_wconf 82' lang='grc' dir='ltr'><strong>κατὰ</strong></span> 
     </span>
    </p>
   </div>
   <div class='ocr_carea' id='block_1_69' title="bbox 2193 2565 3784 2638">
    <p class='ocr_par' dir='ltr' id='par_1_69' title="bbox 2193 2565 3784 2638">
     <span class='ocr_line' id='line_1_69' title="bbox 2193 2565 3784 2638; baseline -0.004 -14"><span class='ocrx_word' id='word_1_478' title='bbox 2193 2570 2318 2633; x_wconf 80' lang='grc' dir='ltr'>τοὺς</span> <span class='ocrx_word' id='word_1_479' title='bbox 2342 2568 2543 2632; x_wconf 73' lang='grc' dir='ltr'>ὕπνους</span> <span class='ocrx_word' id='word_1_480' title='bbox 2566 2568 2813 2638; x_wconf 77' lang='grc' dir='ltr'>ἐναργῶς</span> <span class='ocrx_word' id='word_1_481' title='bbox 2859 2567 3170 2622; x_wconf 81' lang='grc' dir='ltr'>ἐδιδάσκετο</span> <span class='ocrx_word' id='word_1_482' title='bbox 3190 2581 3204 2596; x_wconf 78' lang='grc'>⁸</span> <span class='ocrx_word' id='word_1_483' title='bbox 3251 2567 3346 2619; x_wconf 79' lang='grc' dir='ltr'><strong>καί</strong></span> <span class='ocrx_word' id='word_1_484' title='bbox 3370 2567 3499 2619; x_wconf 79' lang='grc' dir='ltr'>ὅταν</span> <span class='ocrx_word' id='word_1_485' title='bbox 3540 2565 3784 2637; x_wconf 64' lang='grc' dir='ltr'>ἐμφρον-</span> 
     </span>
    </p>
   </div>
   <div class='ocr_carea' id='block_1_70' title="bbox 2193 2659 3783 2732">
    <p class='ocr_par' dir='ltr' id='par_1_70' title="bbox 2193 2659 3783 2732">
     <span class='ocr_line' id='line_1_70' title="bbox 2193 2659 3783 2732; baseline -0.002 -17"><span class='ocrx_word' id='word_1_486' title='bbox 2193 2679 2276 2724; x_wconf 83' lang='grc' dir='ltr'><strong>τις</strong></span> <span class='ocrx_word' id='word_1_487' title='bbox 2301 2662 2342 2693; x_wconf 86' lang='grc'><strong>³¹</strong></span> <span class='ocrx_word' id='word_1_488' title='bbox 2380 2661 2473 2715; x_wconf 73' lang='grc' dir='ltr'>ἐπὶ</span> <span class='ocrx_word' id='word_1_489' title='bbox 2501 2660 2601 2732; x_wconf 83' lang='grc' dir='ltr'><strong>τὴν</strong></span> <span class='ocrx_word' id='word_1_490' title='bbox 2641 2661 2831 2730; x_wconf 82' lang='grc' dir='ltr'>κοίτην</span> <span class='ocrx_word' id='word_1_491' title='bbox 2857 2659 2944 2732; x_wconf 77' lang='grc' dir='ltr'>ᾔει</span> <span class='ocrx_word' id='word_1_492' title='bbox 2977 2660 3071 2714; x_wconf 70' lang='grc' dir='ltr'><strong>καὶ</strong></span> <span class='ocrx_word' id='word_1_493' title='bbox 3103 2659 3230 2731; x_wconf 89' lang='grc' dir='ltr'>περί</span> <span class='ocrx_word' id='word_1_494' title='bbox 3269 2677 3413 2722; x_wconf 84' lang='grc' dir='ltr'>τινος</span> <span class='ocrx_word' id='word_1_495' title='bbox 3442 2659 3552 2712; x_wconf 89' lang='grc' dir='ltr'><strong>τῶν</strong></span> <span class='ocrx_word' id='word_1_496' title='bbox 3584 2659 3783 2711; x_wconf 87' lang='grc' dir='ltr'>κοινῶν</span> 
     </span>
    </p>
   </div>
   <div class='ocr_carea' id='block_1_71' title="bbox 2194 2735 3783 2824">
    <p class='ocr_par' dir='ltr' id='par_1_71' title="bbox 2194 2735 3783 2824">
     <span class='ocr_line' id='line_1_71' title="bbox 2194 2735 3783 2824; baseline -0.004 -18"><span class='ocrx_word' id='word_1_497' title='bbox 2194 2750 2465 2821; x_wconf 77' lang='grc' dir='ltr'>ἐσφάδαζε</span> <span class='ocrx_word' id='word_1_498' title='bbox 2508 2735 2814 2824; x_wconf 84' lang='grc' dir='ltr'>μεριμνῶν,</span> <span class='ocrx_word' id='word_1_499' title='bbox 2860 2750 3124 2813; x_wconf 79' lang='grc' dir='ltr'>πολλάκις</span> <span class='ocrx_word' id='word_1_500' title='bbox 3157 2749 3288 2817; x_wconf 79' lang='grc' dir='ltr'>ὄναρ</span> <span class='ocrx_word' id='word_1_501' title='bbox 3332 2748 3482 2819; x_wconf 86' lang='grc' dir='ltr'>ἐώρα</span> <span class='ocrx_word' id='word_1_502' title='bbox 3511 2747 3572 2801; x_wconf 80' lang='grc' dir='ltr'>τὸ</span> <span class='ocrx_word' id='word_1_503' title='bbox 3609 2747 3783 2818; x_wconf 71' lang='grc' dir='ltr'>ἐκϐη-</span> 
     </span>
    </p>
   </div>
   <div class='ocr_carea' id='block_1_72' title="bbox 2197 2839 3782 2915">
    <p class='ocr_par' dir='ltr' id='par_1_72' title="bbox 2197 2839 3782 2915">
     <span class='ocr_line' id='line_1_72' title="bbox 2197 2839 3782 2915; baseline -0.003 -18"><span class='ocrx_word' id='word_1_504' title='bbox 2197 2843 2423 2915; x_wconf 84' lang='grc' dir='ltr'>σόμενον</span> <span class='ocrx_word' id='word_1_505' title='bbox 2454 2844 2548 2896; x_wconf 70' lang='grc' dir='ltr'>καὶ</span> <span class='ocrx_word' id='word_1_506' title='bbox 2580 2842 2670 2896; x_wconf 75' lang='grc' dir='ltr'>ἐπ’</span> <span class='ocrx_word' id='word_1_507' title='bbox 2708 2842 2923 2907; x_wconf 81' lang='grc' dir='ltr'>ἐλπίδος</span> <span class='ocrx_word' id='word_1_508' title='bbox 2956 2842 3166 2910; x_wconf 88' lang='grc' dir='ltr'>ἐγίνετο</span> <span class='ocrx_word' id='word_1_509' title='bbox 3201 2841 3410 2911; x_wconf 82' lang='grc' dir='ltr'><strong>ἀγαθῆς</strong></span> <span class='ocrx_word' id='word_1_510' title='bbox 3442 2841 3537 2894; x_wconf 79' lang='grc' dir='ltr'><strong>καί</strong></span> <span class='ocrx_word' id='word_1_511' title='bbox 3559 2840 3651 2892; x_wconf 67' lang='grc' dir='ltr'>τὸν</span> <span class='ocrx_word' id='word_1_512' title='bbox 3682 2839 3782 2904; x_wconf 79' lang='grc' dir='ltr'>τῆς</span> 
     </span>
    </p>
   </div>
   <div class='ocr_carea' id='block_1_73' title="bbox 2193 2931 3780 3005">
    <p class='ocr_par' dir='ltr' id='par_1_73' title="bbox 2193 2931 3780 3005">
     <span class='ocr_line' id='line_1_73' title="bbox 2193 2931 3780 3005; baseline -0.003 -17"><span class='ocrx_word' id='word_1_513' title='bbox 2193 2934 2373 3005; x_wconf 75' lang='grc' dir='ltr'>ψυχῆς</span> <span class='ocrx_word' id='word_1_514' title='bbox 2431 2933 2756 2988; x_wconf 87' lang='grc' dir='ltr'>κατέστελλε</span> <span class='ocrx_word' id='word_1_515' title='bbox 2805 2933 3053 3005; x_wconf 75' lang='grc' dir='ltr'>θόρυϐον.</span> <span class='ocrx_word' id='word_1_516' title='bbox 3107 2933 3215 2986; x_wconf 82' lang='grc' dir='ltr'><strong>Καὶ</strong></span> <span class='ocrx_word' id='word_1_517' title='bbox 3269 2931 3418 2986; x_wconf 77' lang='grc' dir='ltr'>οὐδὲν</span> <span class='ocrx_word' id='word_1_518' title='bbox 3467 2931 3780 3001; x_wconf 67' lang='grc' dir='ltr'>θαυμαστὲ»</span> 
     </span>
    </p>
   </div>
   <div class='ocr_carea' id='block_1_74' title="bbox 2192 3007 3781 3097">
    <p class='ocr_par' dir='ltr' id='par_1_74' title="bbox 2192 3020 3781 3097">
     <span class='ocr_line' id='line_1_74' title="bbox 2192 3020 3781 3097; baseline -0.004 -18"><span class='ocrx_word' id='word_1_519' title='bbox 2192 3027 2320 3090; x_wconf 77' lang='grc' dir='ltr'>τοὺς</span> <span class='ocrx_word' id='word_1_520' title='bbox 2347 3024 2691 3097; x_wconf 87' lang='grc' dir='ltr'>λειτουργίαν</span> <span class='ocrx_word' id='word_1_521' title='bbox 2729 3024 2919 3094; x_wconf 81' lang='grc' dir='ltr'>ὥσπερ</span> <span class='ocrx_word' id='word_1_522' title='bbox 2949 3023 3070 3077; x_wconf 75' lang='grc' dir='ltr'>τινὰ</span> <span class='ocrx_word' id='word_1_523' title='bbox 3101 3023 3201 3094; x_wconf 72' lang='grc' dir='ltr'><strong>τὴν</strong></span> <span class='ocrx_word' id='word_1_524' title='bbox 3235 3022 3328 3075; x_wconf 76' lang='grc' dir='ltr'>ἐπὶ</span> <span class='ocrx_word' id='word_1_525' title='bbox 3361 3022 3464 3091; x_wconf 77' lang='grc' dir='ltr'>τῆς</span> <span class='ocrx_word' id='word_1_526' title='bbox 3489 3023 3592 3093; x_wconf 81' lang='grc' dir='ltr'>γῆς</span> <span class='ocrx_word' id='word_1_527' title='bbox 3621 3020 3781 3087; x_wconf 65' lang='grc' dir='ltr'>ἐξους</span> 
     </span>
    </p>
   </div>
   <div class='ocr_carea' id='block_1_75' title="bbox 2197 3114 3785 3185">
    <p class='ocr_par' dir='ltr' id='par_1_75' title="bbox 2197 3114 3785 3185">
     <span class='ocr_line' id='line_1_75' title="bbox 2197 3114 3785 3185; baseline -0.004 -14"><span class='ocrx_word' id='word_1_528' title='bbox 2197 3116 2320 3172; x_wconf 88' lang='grc' dir='ltr'>σίαν</span> <span class='ocrx_word' id='word_1_529' title='bbox 2372 3117 2635 3181; x_wconf 77' lang='grc' dir='ltr'>άνὺοντας</span> <span class='ocrx_word' id='word_1_530' title='bbox 2666 3117 2712 3148; x_wconf 77' lang='grc'><strong>³⁹</strong></span> <span class='ocrx_word' id='word_1_531' title='bbox 2752 3117 2845 3169; x_wconf 83' lang='grc' dir='ltr'>καὶ</span> <span class='ocrx_word' id='word_1_532' title='bbox 2884 3117 2985 3185; x_wconf 76' lang='grc' dir='ltr'><strong>τὴν</strong></span> <span class='ocrx_word' id='word_1_533' title='bbox 3017 3115 3166 3168; x_wconf 86' lang='grc' dir='ltr'>θείαν</span> <span class='ocrx_word' id='word_1_534' title='bbox 3200 3115 3279 3184; x_wconf 84' lang='grc' dir='ltr'>τῷ</span> <span class='ocrx_word' id='word_1_535' title='bbox 3331 3115 3445 3168; x_wconf 74' lang='grc' dir='ltr'>ὄντι</span> <span class='ocrx_word' id='word_1_536' title='bbox 3499 3114 3785 3167; x_wconf 80' lang='grc' dir='ltr'>διακονίαν</span> 
     </span>
    </p>
   </div>
   <div class='ocr_carea' id='block_1_76' title="bbox 2199 3203 3787 3278">
    <p class='ocr_par' dir='ltr' id='par_1_76' title="bbox 2199 3203 3787 3278">
     <span class='ocr_line' id='line_1_76' title="bbox 2199 3203 3787 3278; baseline -0.001 -16"><span class='ocrx_word' id='word_1_537' title='bbox 2199 3209 2558 3273; x_wconf 77' lang='grc' dir='ltr'>ἐκτελοῦντας</span> <span class='ocrx_word' id='word_1_538' title='bbox 2609 3211 2668 3262; x_wconf 83' lang='grc' dir='ltr'><strong>ἐν</strong></span> <span class='ocrx_word' id='word_1_539' title='bbox 2700 3210 2814 3272; x_wconf 84' lang='grc' dir='ltr'>τοῖς</span> <span class='ocrx_word' id='word_1_540' title='bbox 2864 3207 3016 3278; x_wconf 85' lang='grc' dir='ltr'>κάτω</span> <span class='ocrx_word' id='word_1_541' title='bbox 3045 3207 3173 3277; x_wconf 68' lang='grc' dir='ltr'>περὶ</span> <span class='ocrx_word' id='word_1_542' title='bbox 3216 3207 3384 3276; x_wconf 75' lang='grc' dir='ltr'>ἡμᾶς,</span> <span class='ocrx_word' id='word_1_543' title='bbox 3419 3205 3515 3259; x_wconf 79' lang='grc' dir='ltr'>καὶ</span> <span class='ocrx_word' id='word_1_544' title='bbox 3556 3205 3696 3275; x_wconf 71' lang='grc' dir='ltr'>πρὸς</span> <span class='ocrx_word' id='word_1_545' title='bbox 3719 3203 3787 3260; x_wconf 65' lang='grc' dir='ltr'>τὸ</span> 
     </span>
    </p>
   </div>
   <div class='ocr_carea' id='block_1_77' title="bbox 2198 3296 3787 3374">
    <p class='ocr_par' dir='ltr' id='par_1_77' title="bbox 2198 3296 3787 3374">
     <span class='ocr_line' id='line_1_77' title="bbox 2198 3296 3787 3374; baseline -0.004 -18"><span class='ocrx_word' id='word_1_546' title='bbox 2198 3306 2447 3374; x_wconf 86' lang='grc' dir='ltr'>κρεῖττον</span> <span class='ocrx_word' id='word_1_547' title='bbox 2497 3300 2967 3372; x_wconf 80' lang='grc' dir='ltr'>ἀφωμοιωμένους</span> <span class='ocrx_word' id='word_1_548' title='bbox 3010 3299 3364 3371; x_wconf 78' lang='grc' dir='ltr'>παράδειγμα</span> <span class='ocrx_word' id='word_1_549' title='bbox 3416 3297 3507 3350; x_wconf 78' lang='grc' dir='ltr'><strong>τὸν</strong></span> <span class='ocrx_word' id='word_1_550' title='bbox 3549 3296 3787 3350; x_wconf 81' lang='grc' dir='ltr'>δυνατὸν</span> 
     </span>
    </p>
   </div>
   <div class='ocr_carea' id='block_1_78' title="bbox 2196 3389 3786 3469">
    <p class='ocr_par' dir='ltr' id='par_1_78' title="bbox 2196 3389 3786 3469">
     <span class='ocr_line' id='line_1_78' title="bbox 2196 3389 3786 3469; baseline -0.006 -18"><span class='ocrx_word' id='word_1_551' title='bbox 2196 3397 2421 3469; x_wconf 85' lang='grc' dir='ltr'>τρόπον,</span> <span class='ocrx_word' id='word_1_552' title='bbox 2485 3397 2590 3449; x_wconf 77' lang='grc' dir='ltr'>ὑπὸ</span> <span class='ocrx_word' id='word_1_553' title='bbox 2645 3395 2746 3465; x_wconf 81' lang='grc' dir='ltr'>τῆς</span> <span class='ocrx_word' id='word_1_554' title='bbox 2795 3392 3061 3464; x_wconf 84' lang='grc' dir='ltr'>Προνοίας</span> <span class='ocrx_word' id='word_1_555' title='bbox 3110 3389 3634 3464; x_wconf 78' lang='grc' dir='ltr'>παραθαρρὁνεσθαι</span> <span class='ocrx_word' id='word_1_556' title='bbox 3685 3392 3786 3442; x_wconf 72' lang='grc' dir='ltr'><strong>καὶ</strong></span> 
     </span>
    </p>
   </div>
   <div class='ocr_carea' id='block_1_79' title="bbox 2197 3480 3790 3557">
    <p class='ocr_par' dir='ltr' id='par_1_79' title="bbox 2197 3480 3790 3557">
     <span class='ocr_line' id='line_1_79' title="bbox 2197 3480 3790 3557; baseline -0.003 -18"><span class='ocrx_word' id='word_1_557' title='bbox 2197 3487 2332 3556; x_wconf 83' lang='grc' dir='ltr'>πρὸς</span> <span class='ocrx_word' id='word_1_558' title='bbox 2363 3487 2424 3540; x_wconf 83' lang='grc' dir='ltr'><strong>τὸ</strong></span> <span class='ocrx_word' id='word_1_559' title='bbox 2466 3485 2747 3557; x_wconf 76' lang='grc' dir='ltr'>συμφέρον</span> <span class='ocrx_word' id='word_1_560' title='bbox 2782 3482 3059 3537; x_wconf 76' lang='grc' dir='ltr'>ἰθύνεσθαι</span> <span class='ocrx_word' id='word_1_561' title='bbox 3113 3482 3209 3536; x_wconf 78' lang='grc' dir='ltr'><strong>καὶ</strong></span> <span class='ocrx_word' id='word_1_562' title='bbox 3239 3481 3306 3534; x_wconf 84' lang='grc' dir='ltr'>τὰ</span> <span class='ocrx_word' id='word_1_563' title='bbox 3354 3480 3617 3551; x_wconf 83' lang='grc' dir='ltr'>μέλλοντα</span> <span class='ocrx_word' id='word_1_564' title='bbox 3646 3496 3790 3549; x_wconf 83' lang='grc' dir='ltr'>προ-</span> 
     </span>
    </p>
   </div>
   <div class='ocr_carea' id='block_1_80' title="bbox 2195 3577 2565 3632">
    <p class='ocr_par' dir='ltr' id='par_1_80' title="bbox 2195 3577 2565 3632">
     <span class='ocr_line' id='line_1_80' title="bbox 2195 3577 2565 3632; baseline 0.003 -2"><span class='ocrx_word' id='word_1_565' title='bbox 2195 3577 2565 3632; x_wconf 85' lang='grc' dir='ltr'>διδάσκεσθαι.</span> 
     </span>
    </p>
   </div>
   <div class='ocr_carea' id='block_1_81' title="bbox 2265 3709 3789 3783">
    <p class='ocr_par' dir='ltr' id='par_1_81' title="bbox 2265 3709 3789 3783">
     <span class='ocr_line' id='line_1_81' title="bbox 2265 3709 3789 3783; baseline -0.002 -18"><span class='ocrx_word' id='word_1_566' title='bbox 2265 3709 2366 3781; x_wconf 83' lang='grc' dir='ltr'>ογ⁹.</span> <span class='ocrx_word' id='word_1_567' title='bbox 2419 3712 2560 3765; x_wconf 76' lang='grc' dir='ltr'>Ἀλλ’</span> <span class='ocrx_word' id='word_1_568' title='bbox 2595 3712 2733 3782; x_wconf 84' lang='grc' dir='ltr'>ὅπερ</span> <span class='ocrx_word' id='word_1_569' title='bbox 2764 3714 2796 3782; x_wconf 80' lang='grc' dir='ltr'><strong>ἡ</strong></span> <span class='ocrx_word' id='word_1_570' title='bbox 2831 3711 2978 3783; x_wconf 81' lang='grc' dir='ltr'>ῥύμη</span> <span class='ocrx_word' id='word_1_571' title='bbox 3010 3711 3105 3765; x_wconf 74' lang='grc' dir='ltr'>τοῦ</span> <span class='ocrx_word' id='word_1_572' title='bbox 3146 3711 3306 3780; x_wconf 83' lang='grc' dir='ltr'>λόγου</span> <span class='ocrx_word' id='word_1_573' title='bbox 3345 3711 3661 3780; x_wconf 78' lang='grc' dir='ltr'>παρήνεγκε</span> <span class='ocrx_word' id='word_1_574' title='bbox 3688 3711 3789 3777; x_wconf 71' lang='grc' dir='ltr'><strong>φέ-</strong></span> 
     </span>
    </p>
   </div>
   <div class='ocr_carea' id='block_1_82' title="bbox 2199 3804 3791 3878">
    <p class='ocr_par' dir='ltr' id='par_1_82' title="bbox 2199 3804 3791 3878">
     <span class='ocr_line' id='line_1_82' title="bbox 2199 3804 3791 3878; baseline -0.001 -20"><span class='ocrx_word' id='word_1_575' title='bbox 2199 3808 2490 3878; x_wconf 76' lang='grc' dir='ltr'>ρουσα,καὶ</span> <span class='ocrx_word' id='word_1_576' title='bbox 2519 3806 2662 3860; x_wconf 80' lang='grc' dir='ltr'>κατὰ</span> <span class='ocrx_word' id='word_1_577' title='bbox 2691 3807 2784 3858; x_wconf 71' lang='grc' dir='ltr'><strong>τὸν</strong></span> <span class='ocrx_word' id='word_1_578' title='bbox 2834 3808 3033 3859; x_wconf 84' lang='grc' dir='ltr'>οἰκεῖον</span> <span class='ocrx_word' id='word_1_579' title='bbox 3063 3805 3296 3877; x_wconf 76' lang='grc' dir='ltr'>ῥηθῆναι</span> <span class='ocrx_word' id='word_1_580' title='bbox 3331 3804 3526 3875; x_wconf 85' lang='grc' dir='ltr'>καιρὸν</span> <span class='ocrx_word' id='word_1_581' title='bbox 3555 3805 3659 3856; x_wconf 83' lang='grc' dir='ltr'>οὐκ</span> <span class='ocrx_word' id='word_1_582' title='bbox 3687 3806 3791 3856; x_wconf 85' lang='grc' dir='ltr'>ἐπ-</span> 
     </span>
    </p>
   </div>
   <div class='ocr_carea' id='block_1_83' title="bbox 2196 3896 3787 3970">
    <p class='ocr_par' dir='ltr' id='par_1_83' title="bbox 2196 3896 3787 3970">
     <span class='ocr_line' id='line_1_83' title="bbox 2196 3896 3787 3970; baseline -0.004 -16"><span class='ocrx_word' id='word_1_583' title='bbox 2196 3899 2441 3970; x_wconf 71' lang='grc' dir='ltr'>ἇτρεψεν,</span> <span class='ocrx_word' id='word_1_584' title='bbox 2496 3898 2736 3953; x_wconf 82' lang='grc' dir='ltr'>ἐνταῦθα</span> <span class='ocrx_word' id='word_1_585' title='bbox 2764 3900 2863 3970; x_wconf 67' lang='grc' dir='ltr'>ἤδη</span> <span class='ocrx_word' id='word_1_586' title='bbox 2923 3899 3060 3968; x_wconf 80' lang='grc' dir='ltr'>μετὰ</span> <span class='ocrx_word' id='word_1_587' title='bbox 3097 3901 3158 3949; x_wconf 78' lang='grc' dir='ltr'><strong>τδ</strong></span> <span class='ocrx_word' id='word_1_588' title='bbox 3195 3897 3452 3966; x_wconf 80' lang='grc' dir='ltr'>σχολάσαι</span> <span class='ocrx_word' id='word_1_589' title='bbox 3477 3896 3588 3949; x_wconf 88' lang='grc' dir='ltr'><strong>τῶν</strong></span> <span class='ocrx_word' id='word_1_590' title='bbox 3618 3897 3787 3949; x_wconf 84' lang='grc' dir='ltr'>πολε-</span> 
     </span>
    </p>
   </div>
   <div class='ocr_carea' id='block_1_84' title="bbox 2199 3988 3788 4062">
    <p class='ocr_par' dir='ltr' id='par_1_84' title="bbox 2199 3988 3788 4062">
     <span class='ocr_line' id='line_1_84' title="bbox 2199 3988 3788 4062; baseline -0.003 -18"><span class='ocrx_word' id='word_1_591' title='bbox 2199 3992 2376 4062; x_wconf 84' lang='grc' dir='ltr'>μικῶν</span> <span class='ocrx_word' id='word_1_592' title='bbox 2427 3992 2653 4061; x_wconf 81' lang='grc' dir='ltr'>ἀγώνων</span> <span class='ocrx_word' id='word_1_593' title='bbox 2708 3992 2799 4044; x_wconf 72' lang='grc' dir='ltr'><strong>τὸν</strong></span> <span class='ocrx_word' id='word_1_594' title='bbox 2848 3991 3006 4057; x_wconf 78' lang='grc' dir='ltr'>λόγον</span> <span class='ocrx_word' id='word_1_595' title='bbox 3057 3992 3152 4042; x_wconf 70' lang='grc' dir='ltr'>καὶ</span> <span class='ocrx_word' id='word_1_596' title='bbox 3211 3989 3321 4041; x_wconf 87' lang='grc' dir='ltr'><strong>τῶν</strong></span> <span class='ocrx_word' id='word_1_597' title='bbox 3375 3988 3698 4057; x_wconf 81' lang='grc' dir='ltr'>πολεμικῶν</span> <span class='ocrx_word' id='word_1_598' title='bbox 3743 3989 3788 4018; x_wconf 84' lang='grc'>³³</span> 
     </span>
    </p>
   </div>
   <div class='ocr_carea' id='block_1_85' title="bbox 2195 4081 3790 4157">
    <p class='ocr_par' dir='ltr' id='par_1_85' title="bbox 2195 4081 3790 4157">
     <span class='ocr_line' id='line_1_85' title="bbox 2195 4081 3790 4157; baseline -0.004 -19"><span class='ocrx_word' id='word_1_599' title='bbox 2195 4084 2527 4157; x_wconf 59' lang='grc' dir='ltr'>ἀρηγὴσεων</span> <span class='ocrx_word' id='word_1_600' title='bbox 2553 4085 2718 4138; x_wconf 77' lang='grc' dir='ltr'>καλὸν</span> <span class='ocrx_word' id='word_1_601' title='bbox 2743 4083 3189 4152; x_wconf 71' lang='grc' dir='ltr'>ἀναγράψασθαι.</span> <span class='ocrx_word' id='word_1_602' title='bbox 3218 4083 3378 4150; x_wconf 83' lang='grc' dir='ltr'>Λέγω</span> <span class='ocrx_word' id='word_1_603' title='bbox 3403 4081 3460 4134; x_wconf 85' lang='grc' dir='ltr'><strong>δέ</strong></span> <span class='ocrx_word' id='word_1_604' title='bbox 3493 4081 3554 4134; x_wconf 82' lang='grc' dir='ltr'><strong>τὸ</strong></span> <span class='ocrx_word' id='word_1_605' title='bbox 3578 4082 3626 4114; x_wconf 69' lang='grc'><strong>⁸⁵</strong></span> <span class='ocrx_word' id='word_1_606' title='bbox 3655 4081 3790 4150; x_wconf 80' lang='grc' dir='ltr'>περὶ</span> 
     </span>
    </p>
   </div>
   <div class='ocr_carea' id='block_1_86' title="bbox 2194 4173 3787 4247">
    <p class='ocr_par' dir='ltr' id='par_1_86' title="bbox 2194 4173 3787 4247">
     <span class='ocr_line' id='line_1_86' title="bbox 2194 4173 3787 4247; baseline -0.003 -17"><span class='ocrx_word' id='word_1_607' title='bbox 2194 4179 2291 4246; x_wconf 84' lang='grc' dir='ltr'>τὴν</span> <span class='ocrx_word' id='word_1_608' title='bbox 2332 4180 2554 4247; x_wconf 85' lang='grc' dir='ltr'>μνήμην</span> <span class='ocrx_word' id='word_1_609' title='bbox 2603 4175 2984 4245; x_wconf 74' lang='grc' dir='ltr'>καὶ-ἀμοιϐὴν</span> <span class='ocrx_word' id='word_1_610' title='bbox 3028 4175 3136 4228; x_wconf 91' lang='grc' dir='ltr'><strong>τῶν</strong></span> <span class='ocrx_word' id='word_1_611' title='bbox 3193 4177 3251 4228; x_wconf 90' lang='grc' dir='ltr'><strong>ἐν</strong></span> <span class='ocrx_word' id='word_1_612' title='bbox 3287 4177 3352 4244; x_wconf 81' lang='grc' dir='ltr'>τῇ</span> <span class='ocrx_word' id='word_1_613' title='bbox 3389 4173 3640 4228; x_wconf 80' lang='grc' dir='ltr'>ἐλάττονι</span> <span class='ocrx_word' id='word_1_614' title='bbox 3702 4174 3787 4226; x_wconf 71' lang='grc' dir='ltr'>ἔτι</span> 
     </span>
    </p>
   </div>
   <div class='ocr_carea' id='block_1_87' title="bbox 2197 4266 3787 4340">
    <p class='ocr_par' dir='ltr' id='par_1_87' title="bbox 2197 4266 3787 4340">
     <span class='ocr_line' id='line_1_87' title="bbox 2197 4266 3787 4340; baseline -0.001 -19"><span class='ocrx_word' id='word_1_615' title='bbox 2197 4268 2338 4340; x_wconf 79' lang='grc' dir='ltr'>τύχῃ</span> <span class='ocrx_word' id='word_1_616' title='bbox 2389 4267 2518 4320; x_wconf 75' lang='grc' dir='ltr'>ὄντα</span> <span class='ocrx_word' id='word_1_617' title='bbox 2576 4267 3037 4337; x_wconf 84' lang='grc' dir='ltr'>θεραπευσάντων</span> <span class='ocrx_word' id='word_1_618' title='bbox 3075 4269 3164 4322; x_wconf 75' lang='grc' dir='ltr'><strong>τὸν</strong></span> <span class='ocrx_word' id='word_1_619' title='bbox 3197 4267 3445 4337; x_wconf 78' lang='grc' dir='ltr'>βασιλέα,</span> <span class='ocrx_word' id='word_1_620' title='bbox 3482 4268 3576 4320; x_wconf 70' lang='grc' dir='ltr'><strong>καὶ</strong></span> <span class='ocrx_word' id='word_1_621' title='bbox 3617 4268 3679 4320; x_wconf 82' lang='grc' dir='ltr'><strong>τὸ</strong></span> <span class='ocrx_word' id='word_1_622' title='bbox 3710 4266 3787 4337; x_wconf 78' lang='grc' dir='ltr'>μὴ</span> 
     </span>
    </p>
   </div>
   <div class='ocr_carea' id='block_1_88' title="bbox 2196 4359 3789 4431">
    <p class='ocr_par' dir='ltr' id='par_1_88' title="bbox 2196 4359 3789 4431">
     <span class='ocr_line' id='line_1_88' title="bbox 2196 4359 3789 4431; baseline -0.001 -17"><span class='ocrx_word' id='word_1_623' title='bbox 2196 4359 2552 4414; x_wconf 83' lang='grc' dir='ltr'>ἐπιλαθέσθαι</span> <span class='ocrx_word' id='word_1_624' title='bbox 2600 4361 2782 4412; x_wconf 83' lang='grc' dir='ltr'>αὐτῶν</span> <span class='ocrx_word' id='word_1_625' title='bbox 2835 4360 3220 4431; x_wconf 82' lang='grc' dir='ltr'>αἰτησαμένων</span> <span class='ocrx_word' id='word_1_626' title='bbox 3258 4361 3316 4413; x_wconf 90' lang='grc' dir='ltr'><strong>ἐν</strong></span> <span class='ocrx_word' id='word_1_627' title='bbox 3355 4363 3419 4430; x_wconf 83' lang='grc' dir='ltr'>τῇ</span> <span class='ocrx_word' id='word_1_628' title='bbox 3463 4361 3562 4429; x_wconf 72' lang='grc' dir='ltr'>τῆς</span> <span class='ocrx_word' id='word_1_629' title='bbox 3611 4360 3789 4430; x_wconf 78' lang='grc' dir='ltr'>τύχης</span> 
     </span>
    </p>
   </div>
   <div class='ocr_carea' id='block_1_89' title="bbox 2198 4448 3786 4524">
    <p class='ocr_par' dir='ltr' id='par_1_89' title="bbox 2198 4448 3786 4524">
     <span class='ocr_line' id='line_1_89' title="bbox 2198 4448 3786 4524; baseline -0.002 -18"><span class='ocrx_word' id='word_1_630' title='bbox 2198 4453 2568 4523; x_wconf 81' lang='grc' dir='ltr'>λαμπρότητι.</span> <span class='ocrx_word' id='word_1_631' title='bbox 2597 4448 2757 4508; x_wconf 75' lang='grc' dir='ltr'>Οὗτοι</span> <span class='ocrx_word' id='word_1_632' title='bbox 2779 4454 2835 4506; x_wconf 76' lang='grc' dir='ltr'>δὲ</span> <span class='ocrx_word' id='word_1_633' title='bbox 2882 4449 3022 4524; x_wconf 86' lang='grc' dir='ltr'>ἦσαν</span> <span class='ocrx_word' id='word_1_634' title='bbox 3051 4454 3080 4504; x_wconf 89' lang='grc' dir='ltr'>ὁ</span> <span class='ocrx_word' id='word_1_635' title='bbox 3118 4453 3214 4506; x_wconf 73' lang='grc' dir='ltr'>τοῦ</span> <span class='ocrx_word' id='word_1_636' title='bbox 3256 4453 3443 4522; x_wconf 81' lang='grc' dir='ltr'>Ἀγίου</span> <span class='ocrx_word' id='word_1_637' title='bbox 3479 4453 3786 4522; x_wconf 76' lang='grc' dir='ltr'>Διομήδους</span> 
     </span>
    </p>
   </div>
   <div class='ocr_carea' id='block_1_90' title="bbox 516 4517 2092 4616">
    <p class='ocr_par' dir='ltr' id='par_1_90' title="bbox 516 4531 2092 4604">
     <span class='ocr_line' id='line_1_90' title="bbox 516 4531 2092 4604; baseline -0.003 -12"><span class='ocrx_word' id='word_1_638' title='bbox 516 4535 719 4604; x_wconf 83' lang='lat' dir='ltr'><strong>tiarum</strong></span> <span class='ocrx_word' id='word_1_639' title='bbox 746 4533 947 4604; x_wconf 86' lang='lat' dir='ltr'><strong>aliquid</strong></span> <span class='ocrx_word' id='word_1_640' title='bbox 967 4533 1269 4603; x_wconf 87' lang='lat' dir='ltr'><strong>petiissent.</strong></span> <span class='ocrx_word' id='word_1_641' title='bbox 1288 4531 1353 4586; x_wconf 88' lang='lat' dir='ltr'><strong>lli</strong></span> <span class='ocrx_word' id='word_1_642' title='bbox 1375 4542 1524 4588; x_wconf 81' lang='lat' dir='ltr'><strong>erant</strong></span> <span class='ocrx_word' id='word_1_643' title='bbox 1551 4531 1892 4588; x_wconf 82' lang='lat' dir='ltr'><strong>S.Diomedis</strong></span> <span class='ocrx_word' id='word_1_644' title='bbox 1911 4548 2092 4587; x_wconf 81' lang='lat' dir='ltr'><strong>mona-</strong></span> 
     </span>
    </p>
   </div>
   <div class='ocr_carea' id='block_1_91' title="bbox 2197 4517 3787 4616">
    <p class='ocr_par' dir='ltr' id='par_1_91' title="bbox 2201 4517 3787 4616">
     <span class='ocr_line' id='line_1_91' title="bbox 2201 4517 3787 4616; baseline -0.001 -17"><span class='ocrx_word' id='word_1_645' title='bbox 2201 4517 2300 4616; x_wconf 68' lang='grc' dir='ltr'>τῆς</span> <span class='ocrx_word' id='word_1_646' title='bbox 2333 4517 2499 4616; x_wconf 74' lang='grc' dir='ltr'>μονῆς</span> <span class='ocrx_word' id='word_1_647' title='bbox 2543 4547 2822 4616; x_wconf 78' lang='grc' dir='ltr'>προεστὼς</span> <span class='ocrx_word' id='word_1_648' title='bbox 2860 4517 2954 4599; x_wconf 77' lang='grc' dir='ltr'><strong>καὶ</strong></span> <span class='ocrx_word' id='word_1_649' title='bbox 2991 4548 3024 4616; x_wconf 84' lang='grc' dir='ltr'>ἠ</span> <span class='ocrx_word' id='word_1_650' title='bbox 3070 4548 3134 4598; x_wconf 79' lang='grc' dir='ltr'><strong>ἐκ</strong></span> <span class='ocrx_word' id='word_1_651' title='bbox 3171 4546 3254 4614; x_wconf 80' lang='lat' dir='ltr'><strong>IP.</strong></span> <span class='ocrx_word' id='word_1_652' title='bbox 3293 4517 3415 4616; x_wconf 64' lang='grc' dir='ltr'><strong>ιὸδ]</strong></span> <span class='ocrx_word' id='word_1_653' title='bbox 3447 4517 3787 4614; x_wconf 69' lang='grc' dir='ltr'>Πελοποννή-</span> 
     </span>
    </p>
   </div>
   <div class='ocr_carea' id='block_1_92' title="bbox 517 4623 2090 4696">
    <p class='ocr_par' dir='ltr' id='par_1_92' title="bbox 517 4623 2090 4696">
     <span class='ocr_line' id='line_1_92' title="bbox 517 4623 2090 4696; baseline -0.002 -14"><span class='ocrx_word' id='word_1_654' title='bbox 517 4627 670 4682; x_wconf 82' lang='lat' dir='ltr'><strong>sterii</strong></span> <span class='ocrx_word' id='word_1_655' title='bbox 702 4625 994 4696; x_wconf 52' lang='lat' dir='ltr'><strong>praefectus</strong></span> <span class='ocrx_word' id='word_1_656' title='bbox 1024 4635 1381 4694; x_wconf 86' lang='lat' dir='ltr'><strong>matronaque</strong></span> <span class='ocrx_word' id='word_1_657' title='bbox 1401 4625 1798 4694; x_wconf 79' lang='lat' dir='ltr'><strong>Peloponnesia</strong></span> <span class='ocrx_word' id='word_1_658' title='bbox 1838 4623 2090 4691; x_wconf 84' lang='lat' dir='ltr'><strong>Danelis;</strong></span> 
     </span>
    </p>
   </div>
   <div class='ocr_carea' id='block_1_93' title="bbox 518 4717 2097 4788">
    <p class='ocr_par' dir='ltr' id='par_1_93' title="bbox 518 4717 2097 4788">
     <span class='ocr_line' id='line_1_93' title="bbox 518 4717 2097 4788; baseline 0.003 -18"><span class='ocrx_word' id='word_1_659' title='bbox 518 4732 752 4788; x_wconf 91' lang='lat' dir='ltr'><strong>quorum</strong></span> <span class='ocrx_word' id='word_1_660' title='bbox 783 4732 908 4788; x_wconf 90' lang='lat' dir='ltr'><strong>spes</strong></span> <span class='ocrx_word' id='word_1_661' title='bbox 930 4717 1090 4787; x_wconf 81' lang='lat' dir='ltr'><strong>longe</strong></span> <span class='ocrx_word' id='word_1_662' title='bbox 1116 4717 1418 4787; x_wconf 84' lang='lat' dir='ltr'><strong>majoribus</strong></span> <span class='ocrx_word' id='word_1_663' title='bbox 1441 4718 1600 4774; x_wconf 90' lang='lat' dir='ltr'><strong>bonis</strong></span> <span class='ocrx_word' id='word_1_664' title='bbox 1617 4719 1948 4774; x_wconf 89' lang='lat' dir='ltr'><strong>cumulavit.</strong></span> <span class='ocrx_word' id='word_1_665' title='bbox 1987 4719 2097 4774; x_wconf 77' lang='grc' dir='ltr'>Μει-</span> 
     </span>
    </p>
   </div>
   <div class='ocr_carea' id='block_1_94' title="bbox 519 4809 2098 4882">
    <p class='ocr_par' dir='ltr' id='par_1_94' title="bbox 519 4809 2098 4882">
     <span class='ocr_line' id='line_1_94' title="bbox 519 4809 2098 4882; baseline 0.004 -20"><span class='ocrx_word' id='word_1_666' title='bbox 519 4825 685 4880; x_wconf 69' lang='lat' dir='ltr'><strong>gnum</strong></span> <span class='ocrx_word' id='word_1_667' title='bbox 702 4811 846 4880; x_wconf 82' lang='lat' dir='ltr'><strong>enim</strong></span> <span class='ocrx_word' id='word_1_668' title='bbox 869 4819 1156 4881; x_wconf 80' lang='lat' dir='ltr'><strong>martyrem</strong></span> <span class='ocrx_word' id='word_1_669' title='bbox 1180 4809 1488 4866; x_wconf 87' lang='lat' dir='ltr'><strong>Diomedem</strong></span> <span class='ocrx_word' id='word_1_670' title='bbox 1511 4821 1620 4866; x_wconf 91' lang='lat' dir='ltr'><strong>tum</strong></span> <span class='ocrx_word' id='word_1_671' title='bbox 1641 4813 1884 4869; x_wconf 87' lang='lat' dir='ltr'><strong>donariis</strong></span> <span class='ocrx_word' id='word_1_672' title='bbox 1899 4817 2098 4882; x_wconf 86' lang='lat' dir='ltr'><strong>pretio-</strong></span> 
     </span>
    </p>
   </div>
   <div class='ocr_carea' id='block_1_95' title="bbox 518 4903 2094 4978">
    <p class='ocr_par' dir='ltr' id='par_1_95' title="bbox 518 4903 2094 4978">
     <span class='ocr_line' id='line_1_95' title="bbox 518 4903 2094 4978; baseline 0.001 -16"><span class='ocrx_word' id='word_1_673' title='bbox 518 4904 732 4963; x_wconf 80' lang='lat' dir='ltr'><strong>sistum</strong></span> <span class='ocrx_word' id='word_1_674' title='bbox 754 4903 1016 4959; x_wconf 85' lang='lat' dir='ltr'><strong>librorum</strong></span> <span class='ocrx_word' id='word_1_675' title='bbox 1055 4906 1211 4976; x_wconf 84' lang='lat' dir='ltr'><strong>copia</strong></span> <span class='ocrx_word' id='word_1_676' title='bbox 1240 4907 1484 4971; x_wconf 85' lang='lat' dir='ltr'><strong>donavit,</strong></span> <span class='ocrx_word' id='word_1_677' title='bbox 1516 4908 1948 4978; x_wconf 82' lang='lat' dir='ltr'><strong>pignoribusque</strong></span> <span class='ocrx_word' id='word_1_678' title='bbox 1968 4911 2094 4964; x_wconf 87' lang='lat' dir='ltr'><strong>aliis</strong></span> 
     </span>
    </p>
   </div>
   <div class='ocr_carea' id='block_1_96' title="bbox 516 4993 2103 5072">
    <p class='ocr_par' dir='ltr' id='par_1_96' title="bbox 516 4993 2103 5072">
     <span class='ocr_line' id='line_1_96' title="bbox 516 4993 2103 5072; baseline 0.004 -23"><span class='ocrx_word' id='word_1_679' title='bbox 516 4993 680 5068; x_wconf 76' lang='lat'><strong>317</strong></span> <span class='ocrx_word' id='word_1_680' title='bbox 699 5009 762 5050; x_wconf 88' lang='lat' dir='ltr'><strong>ac</strong></span> <span class='ocrx_word' id='word_1_681' title='bbox 790 4995 1088 5066; x_wconf 86' lang='lat' dir='ltr'><strong>splendidis</strong></span> <span class='ocrx_word' id='word_1_682' title='bbox 1106 4999 1348 5053; x_wconf 88' lang='lat' dir='ltr'><strong>vestibus</strong></span> <span class='ocrx_word' id='word_1_683' title='bbox 1373 5001 1657 5071; x_wconf 77' lang='lat' dir='ltr'><strong>magniﬁce</strong></span> <span class='ocrx_word' id='word_1_684' title='bbox 1689 5003 1931 5068; x_wconf 88' lang='lat' dir='ltr'><strong>ornavit;</strong></span> <span class='ocrx_word' id='word_1_685' title='bbox 1957 5002 2103 5072; x_wconf 80' lang='lat' dir='ltr'><strong>ejus-</strong></span> 
     </span>
    </p>
   </div>
   <div class='ocr_carea' id='block_1_97' title="bbox 519 5086 2105 5164">
    <p class='ocr_par' dir='ltr' id='par_1_97' title="bbox 519 5086 2105 5164">
     <span class='ocr_line' id='line_1_97' title="bbox 519 5086 2105 5164; baseline 0.006 -24"><span class='ocrx_word' id='word_1_686' title='bbox 519 5102 626 5158; x_wconf 88' lang='lat' dir='ltr'><strong>que</strong></span> <span class='ocrx_word' id='word_1_687' title='bbox 656 5086 878 5144; x_wconf 90' lang='lat' dir='ltr'><strong>nomine</strong></span> <span class='ocrx_word' id='word_1_688' title='bbox 894 5097 1234 5143; x_wconf 75' lang='lat' dir='ltr'><strong>exstruetum</strong></span> <span class='ocrx_word' id='word_1_689' title='bbox 1259 5093 1649 5146; x_wconf 82' lang='lat' dir='ltr'><strong>monasterium</strong></span> <span class='ocrx_word' id='word_1_690' title='bbox 1687 5109 1878 5164; x_wconf 72' lang='lat' dir='ltr'><strong>magna</strong></span> <span class='ocrx_word' id='word_1_691' title='bbox 1905 5095 2105 5163; x_wconf 76' lang='lat' dir='ltr'><strong>praedia</strong></span> 
     </span>
    </p>
   </div>
   <div class='ocr_carea' id='block_1_98' title="bbox 520 5178 2109 5254">
    <p class='ocr_par' dir='ltr' id='par_1_98' title="bbox 520 5178 2109 5254">
     <span class='ocr_line' id='line_1_98' title="bbox 520 5178 2109 5254; baseline 0.007 -24"><span class='ocrx_word' id='word_1_692' title='bbox 520 5178 825 5249; x_wconf 83' lang='lat' dir='ltr'><strong>uberesque</strong></span> <span class='ocrx_word' id='word_1_693' title='bbox 851 5178 1060 5233; x_wconf 84' lang='lat' dir='ltr'><strong>reditus</strong></span> <span class='ocrx_word' id='word_1_694' title='bbox 1092 5179 1380 5251; x_wconf 74' lang='lat' dir='ltr'><strong>praebendo</strong></span> <span class='ocrx_word' id='word_1_695' title='bbox 1407 5183 1620 5238; x_wconf 88' lang='lat' dir='ltr'><strong>abunde</strong></span> <span class='ocrx_word' id='word_1_696' title='bbox 1650 5185 2020 5254; x_wconf 83' lang='lat' dir='ltr'><strong>locupletavit,</strong></span> <span class='ocrx_word' id='word_1_697' title='bbox 2053 5194 2109 5241; x_wconf 90' lang='lat' dir='ltr'><strong>et</strong></span> 
     </span>
    </p>
   </div>
   <div class='ocr_carea' id='block_1_99' title="bbox 520 5269 2104 5347">
    <p class='ocr_par' dir='ltr' id='par_1_99' title="bbox 520 5269 2104 5347">
     <span class='ocr_line' id='line_1_99' title="bbox 520 5269 2104 5347; baseline 0.005 -25"><span class='ocrx_word' id='word_1_698' title='bbox 520 5275 580 5322; x_wconf 88' lang='lat' dir='ltr'><strong>ut</strong></span> <span class='ocrx_word' id='word_1_699' title='bbox 609 5269 774 5325; x_wconf 91' lang='lat' dir='ltr'><strong>nullis</strong></span> <span class='ocrx_word' id='word_1_700' title='bbox 809 5285 1046 5341; x_wconf 85' lang='lat' dir='ltr'><strong>unquam</strong></span> <span class='ocrx_word' id='word_1_701' title='bbox 1107 5272 1434 5326; x_wconf 84' lang='lat' dir='ltr'><strong>necessariis</strong></span> <span class='ocrx_word' id='word_1_702' title='bbox 1479 5273 1803 5329; x_wconf 87' lang='lat' dir='ltr'><strong>delicerctur</strong></span> <span class='ocrx_word' id='word_1_703' title='bbox 1839 5276 2104 5347; x_wconf 87' lang='lat' dir='ltr'><strong>providit;</strong></span> 
     </span>
    </p>
   </div>
   <div class='ocr_carea' id='block_1_100' title="bbox 518 5359 2104 5435">
    <p class='ocr_par' dir='ltr' id='par_1_100' title="bbox 518 5359 2104 5435">
     <span class='ocr_line' id='line_1_100' title="bbox 518 5359 2104 5435; baseline 0.005 -19"><span class='ocrx_word' id='word_1_704' title='bbox 518 5359 872 5418; x_wconf 66' lang='lat' dir='ltr'><strong>aediﬁciorum</strong></span> <span class='ocrx_word' id='word_1_705' title='bbox 953 5378 1172 5435; x_wconf 86' lang='lat' dir='ltr'><strong>quoque</strong></span> <span class='ocrx_word' id='word_1_706' title='bbox 1245 5364 1549 5435; x_wconf 77' lang='lat' dir='ltr'><strong>magniﬁcis</strong></span> <span class='ocrx_word' id='word_1_707' title='bbox 1605 5371 1898 5424; x_wconf 84' lang='lat' dir='ltr'><strong>structuris</strong></span> <span class='ocrx_word' id='word_1_708' title='bbox 1981 5369 2104 5424; x_wconf 88' lang='lat' dir='ltr'><strong>illu-</strong></span> 
     </span>
    </p>
   </div>
   <div class='ocr_carea' id='block_1_101' title="bbox 521 5452 1972 5527">
    <p class='ocr_par' dir='ltr' id='par_1_101' title="bbox 521 5452 1972 5527">
     <span class='ocr_line' id='line_1_101' title="bbox 521 5452 1972 5527; baseline 0.005 -22"><span class='ocrx_word' id='word_1_709' title='bbox 521 5452 733 5518; x_wconf 84' lang='lat' dir='ltr'><strong>stravit,</strong></span> <span class='ocrx_word' id='word_1_710' title='bbox 764 5454 1051 5526; x_wconf 83' lang='lat' dir='ltr'><strong>modisque</strong></span> <span class='ocrx_word' id='word_1_711' title='bbox 1077 5456 1334 5512; x_wconf 86' lang='lat' dir='ltr'><strong>omnibus</strong></span> <span class='ocrx_word' id='word_1_712' title='bbox 1363 5456 1555 5512; x_wconf 71' lang='lat' dir='ltr'><strong>extulit</strong></span> <span class='ocrx_word' id='word_1_713' title='bbox 1586 5466 1750 5527; x_wconf 88' lang='lat' dir='ltr'><strong>atque</strong></span> <span class='ocrx_word' id='word_1_714' title='bbox 1781 5459 1972 5514; x_wconf 88' lang='lat' dir='ltr'><strong>ditavit</strong></span> 
     </span>
    </p>
   </div>
   <div class='ocr_carea' id='block_1_102' title="bbox 2205 4629 3783 4704">
    <p class='ocr_par' dir='ltr' id='par_1_102' title="bbox 2205 4629 3783 4704">
     <span class='ocr_line' id='line_1_102' title="bbox 2205 4629 3783 4704; baseline -0.003 -15"><span class='ocrx_word' id='word_1_715' title='bbox 2205 4652 2298 4689; x_wconf 89' lang='grc' dir='ltr'><strong>σου</strong></span> <span class='ocrx_word' id='word_1_716' title='bbox 2349 4637 2487 4704; x_wconf 75' lang='grc' dir='ltr'>γυνὴ</span> <span class='ocrx_word' id='word_1_717' title='bbox 2520 4635 2772 4703; x_wconf 61' lang='grc' dir='ltr'>Δανηλίς.</span> <span class='ocrx_word' id='word_1_718' title='bbox 2825 4629 2904 4698; x_wconf 68' lang='grc' dir='ltr'>οἷς</span> <span class='ocrx_word' id='word_1_719' title='bbox 2951 4636 3061 4688; x_wconf 88' lang='grc' dir='ltr'><strong>τῶν</strong></span> <span class='ocrx_word' id='word_1_720' title='bbox 3118 4635 3481 4688; x_wconf 78' lang='grc' dir='ltr'>ἐλπισθέντων</span> <span class='ocrx_word' id='word_1_721' title='bbox 3530 4635 3783 4687; x_wconf 81' lang='grc' dir='ltr'>ἀπέδωκε</span> 
     </span>
    </p>
   </div>
   <div class='ocr_carea' id='block_1_103' title="bbox 2205 4728 3784 4801">
    <p class='ocr_par' dir='ltr' id='par_1_103' title="bbox 2205 4728 3784 4801">
     <span class='ocr_line' id='line_1_103' title="bbox 2205 4728 3784 4801; baseline -0.002 -20"><span class='ocrx_word' id='word_1_722' title='bbox 2205 4730 2449 4800; x_wconf 77' lang='grc' dir='ltr'>μείζονα.</span> <span class='ocrx_word' id='word_1_723' title='bbox 2479 4729 2581 4781; x_wconf 82' lang='grc' dir='ltr'>Τόν</span> <span class='ocrx_word' id='word_1_724' title='bbox 2615 4747 2675 4782; x_wconf 87' lang='grc' dir='ltr'><strong>τε</strong></span> <span class='ocrx_word' id='word_1_725' title='bbox 2723 4729 2832 4801; x_wconf 85' lang='grc' dir='ltr'><strong>γὰρ</strong></span> <span class='ocrx_word' id='word_1_726' title='bbox 2867 4730 3041 4799; x_wconf 86' lang='grc' dir='ltr'>μέγαν</span> <span class='ocrx_word' id='word_1_727' title='bbox 3080 4731 3139 4782; x_wconf 90' lang='grc' dir='ltr'><strong>ἐν</strong></span> <span class='ocrx_word' id='word_1_728' title='bbox 3187 4730 3462 4799; x_wconf 86' lang='grc' dir='ltr'>μάρτυρσι</span> <span class='ocrx_word' id='word_1_729' title='bbox 3508 4728 3784 4798; x_wconf 76' lang='grc' dir='ltr'>Διομήδην</span> 
     </span>
    </p>
   </div>
   <div class='ocr_carea' id='block_1_104' title="bbox 2203 4819 3786 4892">
    <p class='ocr_par' dir='ltr' id='par_1_104' title="bbox 2203 4819 3786 4892">
     <span class='ocr_line' id='line_1_104' title="bbox 2203 4819 3786 4892; baseline -0.004 -16"><span class='ocrx_word' id='word_1_730' title='bbox 2203 4826 2297 4876; x_wconf 78' lang='grc' dir='ltr'><strong>καί</strong></span> <span class='ocrx_word' id='word_1_731' title='bbox 2339 4823 2710 4892; x_wconf 82' lang='grc' dir='ltr'>ἀναθημάτων</span> <span class='ocrx_word' id='word_1_732' title='bbox 2763 4821 3074 4876; x_wconf 83' lang='grc' dir='ltr'>πολυτελῶν</span> <span class='ocrx_word' id='word_1_733' title='bbox 3122 4823 3380 4875; x_wconf 80' lang='grc' dir='ltr'>ἀναθέσει</span> <span class='ocrx_word' id='word_1_734' title='bbox 3415 4821 3514 4874; x_wconf 75' lang='grc' dir='ltr'>καὶ</span> <span class='ocrx_word' id='word_1_735' title='bbox 3563 4819 3786 4890; x_wconf 77' lang='grc' dir='ltr'>βιϐλίων</span> 
     </span>
    </p>
   </div>
   <div class='ocr_carea' id='block_1_105' title="bbox 2204 4909 3785 4982">
    <p class='ocr_par' dir='ltr' id='par_1_105' title="bbox 2204 4909 3785 4982">
     <span class='ocr_line' id='line_1_105' title="bbox 2204 4909 3785 4982; baseline -0.002 -18"><span class='ocrx_word' id='word_1_736' title='bbox 2204 4912 2408 4965; x_wconf 80' lang='grc' dir='ltr'>ἱκανῶν</span> <span class='ocrx_word' id='word_1_737' title='bbox 2439 4914 2654 4982; x_wconf 81' lang='grc' dir='ltr'>παροχῇ</span> <span class='ocrx_word' id='word_1_738' title='bbox 2703 4912 2798 4964; x_wconf 79' lang='grc' dir='ltr'>καὶ</span> <span class='ocrx_word' id='word_1_739' title='bbox 2841 4911 3145 4982; x_wconf 85' lang='grc' dir='ltr'>κειμηλίων</span> <span class='ocrx_word' id='word_1_740' title='bbox 3186 4911 3363 4966; x_wconf 79' lang='grc' dir='ltr'>ἄλλων</span> <span class='ocrx_word' id='word_1_741' title='bbox 3397 4912 3491 4966; x_wconf 74' lang='grc' dir='ltr'><strong>καὶ</strong></span> <span class='ocrx_word' id='word_1_742' title='bbox 3510 4909 3785 4981; x_wconf 84' lang='grc' dir='ltr'>λαμπρῶν</span> 
     </span>
    </p>
   </div>
   <div class='ocr_carea' id='block_1_106' title="bbox 2203 5003 3784 5075">
    <p class='ocr_par' dir='ltr' id='par_1_106' title="bbox 2203 5003 3784 5075">
     <span class='ocr_line' id='line_1_106' title="bbox 2203 5003 3784 5075; baseline -0.003 -19"><span class='ocrx_word' id='word_1_743' title='bbox 2203 5003 2527 5074; x_wconf 80' lang='grc' dir='ltr'>ἐσθημάτων</span> <span class='ocrx_word' id='word_1_744' title='bbox 2581 5007 2916 5075; x_wconf 78' lang='grc' dir='ltr'>προσαγωγῇ</span> <span class='ocrx_word' id='word_1_745' title='bbox 2984 5003 3420 5074; x_wconf 81' lang='grc' dir='ltr'>μεγαλοπρεπῶς</span> <span class='ocrx_word' id='word_1_746' title='bbox 3473 5004 3652 5072; x_wconf 79' lang='grc' dir='ltr'>ἐφάνη</span> <span class='ocrx_word' id='word_1_747' title='bbox 3699 5019 3784 5053; x_wconf 80' lang='grc' dir='ltr'><strong>κε.-</strong></span> 
     </span>
    </p>
   </div>
   <div class='ocr_carea' id='block_1_107' title="bbox 2207 5094 3786 5168">
    <p class='ocr_par' dir='ltr' id='par_1_107' title="bbox 2207 5094 3786 5168">
     <span class='ocr_line' id='line_1_107' title="bbox 2207 5094 3786 5168; baseline -0.001 -20"><span class='ocrx_word' id='word_1_748' title='bbox 2207 5095 2380 5165; x_wconf 86' lang='grc' dir='ltr'>σμῶν,</span> <span class='ocrx_word' id='word_1_749' title='bbox 2417 5097 2512 5149; x_wconf 77' lang='grc' dir='ltr'><strong>καὶ</strong></span> <span class='ocrx_word' id='word_1_750' title='bbox 2538 5095 2636 5167; x_wconf 85' lang='grc' dir='ltr'><strong>τὴν</strong></span> <span class='ocrx_word' id='word_1_751' title='bbox 2661 5097 2748 5148; x_wconf 77' lang='grc' dir='ltr'>ἐπ’</span> <span class='ocrx_word' id='word_1_752' title='bbox 2775 5097 2997 5168; x_wconf 84' lang='grc' dir='ltr'>ὀνόματι</span> <span class='ocrx_word' id='word_1_753' title='bbox 3025 5097 3217 5150; x_wconf 83' lang='grc' dir='ltr'>τούτου</span> <span class='ocrx_word' id='word_1_754' title='bbox 3251 5097 3418 5167; x_wconf 82' lang='grc' dir='ltr'>μονὴν</span> <span class='ocrx_word' id='word_1_755' title='bbox 3443 5097 3537 5149; x_wconf 75' lang='grc' dir='ltr'><strong>καὶ</strong></span> <span class='ocrx_word' id='word_1_756' title='bbox 3571 5094 3786 5165; x_wconf 72' lang='grc' dir='ltr'>κτημά-</span> 
     </span>
    </p>
   </div>
   <div class='ocr_carea' id='block_1_108' title="bbox 2205 5187 3788 5260">
    <p class='ocr_par' dir='ltr' id='par_1_108' title="bbox 2205 5187 3788 5260">
     <span class='ocr_line' id='line_1_108' title="bbox 2205 5187 3788 5260; baseline -0.003 -20"><span class='ocrx_word' id='word_1_757' title='bbox 2205 5205 2312 5241; x_wconf 91' lang='grc' dir='ltr'><strong>των</strong></span> <span class='ocrx_word' id='word_1_758' title='bbox 2363 5188 2604 5241; x_wconf 81' lang='grc' dir='ltr'>ἐπιδόσει</span> <span class='ocrx_word' id='word_1_759' title='bbox 2665 5190 2918 5258; x_wconf 88' lang='grc' dir='ltr'>μεγάλων</span> <span class='ocrx_word' id='word_1_760' title='bbox 2964 5207 3022 5242; x_wconf 89' lang='grc' dir='ltr'><strong>τε</strong></span> <span class='ocrx_word' id='word_1_761' title='bbox 3085 5189 3181 5243; x_wconf 71' lang='grc' dir='ltr'>καὶ</span> <span class='ocrx_word' id='word_1_762' title='bbox 3238 5189 3524 5260; x_wconf 83' lang='grc' dir='ltr'>προσόδων</span> <span class='ocrx_word' id='word_1_763' title='bbox 3585 5187 3788 5242; x_wconf 86' lang='grc' dir='ltr'>ἱκανῶν</span> 
     </span>
    </p>
   </div>
   <div class='ocr_carea' id='block_1_109' title="bbox 2205 5279 3786 5352">
    <p class='ocr_par' dir='ltr' id='par_1_109' title="bbox 2205 5279 3786 5352">
     <span class='ocr_line' id='line_1_109' title="bbox 2205 5279 3786 5352; baseline 0.004 -20"><span class='ocrx_word' id='word_1_764' title='bbox 2205 5279 2424 5350; x_wconf 81' lang='grc' dir='ltr'>ἀφθόνῳ</span> <span class='ocrx_word' id='word_1_765' title='bbox 2451 5280 2684 5352; x_wconf 79' lang='grc' dir='ltr'>χορηγίᾳ</span> <span class='ocrx_word' id='word_1_766' title='bbox 2707 5282 2802 5334; x_wconf 69' lang='grc' dir='ltr'>καὶ</span> <span class='ocrx_word' id='word_1_767' title='bbox 2823 5281 3073 5352; x_wconf 70' lang='grc' dir='ltr'>δαψιλείᾳ</span> <span class='ocrx_word' id='word_1_768' title='bbox 3096 5281 3231 5352; x_wconf 78' lang='grc' dir='ltr'>πρὸς</span> <span class='ocrx_word' id='word_1_769' title='bbox 3251 5284 3310 5335; x_wconf 84' lang='grc' dir='ltr'><strong>τὸ</strong></span> <span class='ocrx_word' id='word_1_770' title='bbox 3331 5280 3569 5351; x_wconf 79' lang='grc' dir='ltr'>εὔπορον</span> <span class='ocrx_word' id='word_1_771' title='bbox 3591 5281 3786 5352; x_wconf 70' lang='grc' dir='ltr'>ἠγαγε.</span> 
     </span>
    </p>
   </div>
   <div class='ocr_carea' id='block_1_110' title="bbox 2208 5371 3801 5446">
    <p class='ocr_par' dir='ltr' id='par_1_110' title="bbox 2208 5371 3801 5446">
     <span class='ocr_line' id='line_1_110' title="bbox 2208 5371 3801 5446; baseline 0.001 -23"><span class='ocrx_word' id='word_1_772' title='bbox 2208 5371 2305 5424; x_wconf 77' lang='grc' dir='ltr'><strong>καὶ</strong></span> <span class='ocrx_word' id='word_1_773' title='bbox 2349 5372 2411 5425; x_wconf 82' lang='grc' dir='ltr'><strong>τὸ</strong></span> <span class='ocrx_word' id='word_1_774' title='bbox 2461 5372 2801 5441; x_wconf 84' lang='grc' dir='ltr'>πανταχόθεν</span> <span class='ocrx_word' id='word_1_775' title='bbox 2854 5373 3100 5437; x_wconf 86' lang='grc' dir='ltr'>άνενδεές</span> <span class='ocrx_word' id='word_1_776' title='bbox 3155 5375 3294 5446; x_wconf 78' lang='grc' dir='ltr'>αὐτῇ</span> <span class='ocrx_word' id='word_1_777' title='bbox 3349 5375 3801 5444; x_wconf 73' lang='grc' dir='ltr'>ἐμνηστεύσατο,</span> 
     </span>
    </p>
   </div>
   <div class='ocr_carea' id='block_1_111' title="bbox 2205 5464 3814 5538">
    <p class='ocr_par' dir='ltr' id='par_1_111' title="bbox 2205 5464 3814 5538">
     <span class='ocr_line' id='line_1_111' title="bbox 2205 5464 3814 5538; baseline 0.007 -26"><span class='ocrx_word' id='word_1_778' title='bbox 2205 5464 2300 5514; x_wconf 79' lang='grc' dir='ltr'>καὶ</span> <span class='ocrx_word' id='word_1_779' title='bbox 2351 5465 2667 5533; x_wconf 81' lang='grc' dir='ltr'>κτισμάτων</span> <span class='ocrx_word' id='word_1_780' title='bbox 2728 5465 3074 5520; x_wconf 83' lang='grc' dir='ltr'>πολυτελέσιν</span> <span class='ocrx_word' id='word_1_781' title='bbox 3132 5467 3444 5536; x_wconf 80' lang='grc' dir='ltr'>οἰκοδομαῖς</span> <span class='ocrx_word' id='word_1_782' title='bbox 3513 5468 3814 5538; x_wconf 76' lang='grc' dir='ltr'>κατελάμ-</span> 
     </span>
    </p>
   </div>
   <div class='ocr_carea' id='block_1_112' title="bbox 2214 5557 3797 5631">
    <p class='ocr_par' dir='ltr' id='par_1_112' title="bbox 2214 5557 3797 5631">
     <span class='ocr_line' id='line_1_112' title="bbox 2214 5557 3797 5631; baseline 0.005 -24"><span class='ocrx_word' id='word_1_783' title='bbox 2214 5569 2400 5628; x_wconf 66' lang='grc' dir='ltr'>πρυνε,</span> <span class='ocrx_word' id='word_1_784' title='bbox 2450 5557 2545 5609; x_wconf 79' lang='grc' dir='ltr'>καὶ</span> <span class='ocrx_word' id='word_1_785' title='bbox 2597 5559 2866 5621; x_wconf 86' lang='grc' dir='ltr'>παντοίως</span> <span class='ocrx_word' id='word_1_786' title='bbox 2905 5558 3148 5631; x_wconf 81' lang='grc' dir='ltr'>ὑπερῆρε</span> <span class='ocrx_word' id='word_1_787' title='bbox 3200 5561 3298 5612; x_wconf 78' lang='grc' dir='ltr'>καὶ</span> <span class='ocrx_word' id='word_1_788' title='bbox 3331 5560 3797 5618; x_wconf 72' lang='grc' dir='ltr'>κατεπλούτιστν,</span> 
     </span>
    </p>
   </div>
   <div class='ocr_carea' id='block_1_113' title="bbox 1695 5702 2477 5766">
    <p class='ocr_par' dir='ltr' id='par_1_113' title="bbox 1695 5702 2477 5766">
     <span class='ocr_line' id='line_1_113' title="bbox 1695 5702 2477 5766; baseline 0.014 -11"><span class='ocrx_word' id='word_1_789' title='bbox 1695 5731 1702 5738; x_wconf 94' lang='grc'><strong><em>-</em></strong></span> <span class='ocrx_word' id='word_1_790' title='bbox 1791 5702 2029 5760; x_wconf 68' lang='grc' dir='ltr'><strong>ἾΑΒΙΛΞ</strong></span> <span class='ocrx_word' id='word_1_791' title='bbox 2071 5704 2477 5766; x_wconf 72' lang='lat' dir='ltr'><strong>LECTIONES.</strong></span> 
     </span>
    </p>
   </div>
   <div class='ocr_carea' id='block_1_114' title="bbox 573 5805 988 5871">
    <p class='ocr_par' dir='ltr' id='par_1_114' title="bbox 573 5805 988 5871">
     <span class='ocr_line' id='line_1_114' title="bbox 573 5805 988 5871; baseline 0.012 -12"><span class='ocrx_word' id='word_1_792' title='bbox 573 5815 582 5822; x_wconf 83' lang='lat'><strong><em>‘</em></strong></span> <span class='ocrx_word' id='word_1_793' title='bbox 615 5808 662 5839; x_wconf 83' lang='lat'>&quot;</span> <span class='ocrx_word' id='word_1_794' title='bbox 689 5805 901 5871; x_wconf 73' lang='grc' dir='ltr'>εὐεξίας</span> <span class='ocrx_word' id='word_1_795' title='bbox 923 5810 988 5863; x_wconf 81' lang='grc' dir='ltr'><strong>Α.</strong></span> 
     </span>
    </p>
   </div>
   <div class='ocr_carea' id='block_1_115' title="bbox 1090 5812 2481 5886">
    <p class='ocr_par' dir='ltr' id='par_1_115' title="bbox 1090 5812 2481 5886">
     <span class='ocr_line' id='line_1_115' title="bbox 1090 5812 2481 5886; baseline 0.008 -19"><span class='ocrx_word' id='word_1_796' title='bbox 1090 5812 1132 5844; x_wconf 72' lang='grc'>³⁸</span> <span class='ocrx_word' id='word_1_797' title='bbox 1168 5813 1391 5883; x_wconf 79' lang='grc' dir='ltr'>ἔμφρων</span> <span class='ocrx_word' id='word_1_798' title='bbox 1424 5833 1500 5877; x_wconf 86' lang='grc' dir='ltr'><strong>τις</strong></span> <span class='ocrx_word' id='word_1_799' title='bbox 1537 5816 1596 5869; x_wconf 81' lang='grc' dir='ltr'><strong>Ρ.</strong></span> <span class='ocrx_word' id='word_1_800' title='bbox 1671 5815 1715 5848; x_wconf 85' lang='grc'><strong>⁸¹</strong></span> <span class='ocrx_word' id='word_1_801' title='bbox 1742 5817 1992 5883; x_wconf 79' lang='grc' dir='ltr'>ἐξουσίαν</span> <span class='ocrx_word' id='word_1_802' title='bbox 2022 5818 2097 5884; x_wconf 84' lang='grc' dir='ltr'>ὡς</span> <span class='ocrx_word' id='word_1_803' title='bbox 2120 5819 2380 5886; x_wconf 79' lang='grc' dir='ltr'>άνύοντας</span> <span class='ocrx_word' id='word_1_804' title='bbox 2419 5825 2481 5878; x_wconf 75' lang='grc' dir='ltr'><strong>Α.</strong></span> 
     </span>
    </p>
   </div>
   <div class='ocr_carea' id='block_1_116' title="bbox 2561 5828 3418 5889">
    <p class='ocr_par' dir='ltr' id='par_1_116' title="bbox 2561 5828 3418 5889">
     <span class='ocr_line' id='line_1_116' title="bbox 2561 5828 3418 5889; baseline 0.009 -8"><span class='ocrx_word' id='word_1_805' title='bbox 2561 5828 2606 5859; x_wconf 82' lang='grc'><strong><em>⁸³</em></strong></span> <span class='ocrx_word' id='word_1_806' title='bbox 2637 5829 2973 5884; x_wconf 66' lang='grc' dir='ltr'>πολιτικῶνῖ</span> <span class='ocrx_word' id='word_1_807' title='bbox 3048 5832 3171 5886; x_wconf 53' lang='lat' dir='ltr'><strong>“ea</strong></span> <span class='ocrx_word' id='word_1_808' title='bbox 3204 5847 3313 5888; x_wconf 86' lang='lat' dir='ltr'><strong>om.</strong></span> <span class='ocrx_word' id='word_1_809' title='bbox 3358 5833 3418 5889; x_wconf 80' lang='grc' dir='ltr'><strong>Ρ.</strong></span> 
     </span>
    </p>
   </div>
  </div>
