3994 6220
265 361 370 426 333

1364 354 1511 415 LIB.
1554 354 1621 417 V.
1665 380 1733 392 -—
1764 355 2122 415 BASILIUS
2158 356 2482 419 MACEDO.

3408 338 3559 431 334‘

332 469 430 526 08'.
451 468 557 522 Τὸν
576 466 635 522 δὲ
654 468 751 537 τῆς
773 467 1064 535 Δανηλίδος
1089 467 1205 521 υίὸν
1225 465 1343 537 ἅμα
1370 466 1445 537 τῷ
1460 466 1711 536 γενέσθαι
1738 469 1833 536 τῆς

2009 466 2096 520 74.
2135 465 2411 522 Danelidis
2446 484 2575 523 vero
2615 468 2809 539 filium,
2844 471 3030 527 atatim
3066 480 3231 544 atque
3289 475 3520 548 imperio

255 564 437 636 ἀρχῆς
479 560 761 632 ἐγκρατὴς
819 560 1323 630 μεταπεμψάμενος
1373 558 1455 629 τῷ
1491 557 1584 611 τοῦ
1618 574 1831 628 πρωτο-

257 654 570 727 στυαθαρίου
615 653 880 723 ἐτίμησεν
922 650 1193 723 ἀξιώματι
1237 652 1332 705 καὶ
1371 652 1473 722 τῆς
1502 651 1639 723 πρὸς
1671 650 1834 703 αὑτὸν

219 732 575 820 ’παρρησίας
610 744 885 815 μετέδωκε
940 744 1029 799 διὰ
1066 744 1165 816 τὴν
1217 745 1506 815 φθάσασαν
1550 743 1835 797 κοινωνίαν

222 840 356 917 Ιτῆς
384 838 785 906 ,πνευματικῆς
830 835 1214 906 άδελφότητος.
1259 834 1411 887 Ἐπεὶ
1442 834 1497 887 δὲ
1543 834 1695 903 καὶὴ
1731 833 1836 904 μή·

217 924 227 969 τ
251 944 363 999 τηρ
389 928 580 989 αὑτοῦ,
604 927 809 997 καίπερ
833 927 1017 998 σχεδὸν
1041 926 1217 997 γραῦς
1242 928 1342 997 ἠδη
1367 926 1657 996 τυγχάνειν
1684 942 1837 994 νομιο

255 1018 484 1087 ζομένη,
517 1016 685 1071 πόθον
741 1018 868 1088 ἔσχε
905 1018 1000 1070 καὶ
1032 1016 1275 1087 μεγάλην
1325 1016 1511 1086 ἔφεσιν
1549 1015 1689 1069 ὥστε
1745 1014 1837 1068 τὸν

256 1108 487 1180 βασιλέα
543 1109 676 1162 ἰδεῖν
728 1111 826 1162 καὶ
872 1107 1184 1162 ἀπολαῦσαί
1235 1124 1378 1171 τινος
1417 1108 1513 1161 καὶ
1570 1106 1709 1177 αὐτὴ
1742 1124 1839 1158 πε-

256 1198 581 1269 ρισσοτέρας
612 1200 673 1252 ὲν
692 1198 774 1269 τῷ
805 1200 954 1270 γήρᾳ
974 1198 1021 1232 ⁸⁸
1045 1198 1214 1269 τιμῆς
1262 1197 1354 1252 διὰ
1388 1198 1486 1267 τὴν
1531 1198 1596 1250 ὲκ
1622 1196 1717 1249 τοῦ
1749 1196 1839 1250 εὐ-

252 1289 458 1353 λαὸοῦς
513 1290 750 1359 μοναχοῦ
808 1291 1209 1361 προαγόρευσιν
1262 1290 1355 1344 καλ¹
1405 1289 1494 1343 διὰ
1524 1287 1624 1358 τὴν
1671 1288 1838 1359 ἄλλην

250 1383 582 1451 εὐεργεσίαν
611 1377 670 1435 τέ
702 1382 800 1437 καὶ
826 1381 1093 1449 δεξίωσιν,
1124 1382 1530 1454 προστάξαντος
1558 1380 1655 1435 τοῦ
1683 1380 1838 1451 βασι-

249 1474 393 1538 λέως
447 1475 682 1545 ἐντίμως
715 1473 855 1527 πάνυ
907 1475 1002 1528 καὶ
1047 1474 1187 1546 μετὰ
1241 1474 1481 1545 μεγάλης
1513 1472 1840 1543 δορυφορίας

249 1569 350 1622 καὶ
397 1567 705 1639 ὑπηρεσίας
735 1567 886 1638 ςπρδς
926 1566 1026 1638 τὴν
1059 1566 1450 1639 βασιλεύουσαν
1488 1564 1838 1635 ἀνελήλυθεν.

262 1659 356 1723 Ὠς
383 1660 499 1730 γὰρ
546 1658 669 1713 οὔτε
697 1658 936 1730 ὀχήματι
970 1657 1166 1729 ἔποχος
1212 1655 1337 1712 οὔτε
1386 1657 1538 1728 ἵππῳ
1585 1656 1840 1725 γενέσθαι

246 1747 321 1824 ἦν
349 1751 579 1822 δυνατὴ.
622 1751 784 1821 τυχὸν
827 1751 885 1805 δὲ
915 1751 1011 1804 καὶ
1039 1749 1301 1821 τρυφῶσα
1348 1750 1437 1803 διὰ
1483 1749 1583 1820 τὴν
1610 1749 1840 1819 ἄφθονον

1942 557 2145 626 potitus
2192 569 2296 623 est,
2349 560 2773 629 protospatharii
2805 562 3068 633 dignitate
3115 565 3518 633 cohonestavit,

1942 646 2286 716 liberumque
2335 648 2384 703 ei
2427 648 2492 702 ad
2538 665 2598 705 se
2639 651 2847 704 aditum
2886 652 3331 725 colloquiumque
3385 672 3520 714 con-

1942 740 2109 795 cessit
2154 739 2225 795 ob
2261 740 2523 810 spiritalis
2573 743 2712 797 inter
2744 744 2895 813 ipsos
2927 744 3283 803 fraternitatis
3331 749 3520 805 initam

1943 831 2151 886 dudum
2213 832 2531 887 societatem
2578 848 2905 904 nexumque.
2966 835 3104 901 Quia
3162 852 3292 893 vero
3357 841 3520 894 etiam

1944 931 2137 988 mater,
2183 922 2285 978 etsi
2324 921 2434 990 jam
2480 921 2594 977 fere
2644 939 2783 980 anus
2832 926 3095 995 senioque
3132 927 3406 994 confecta,
3441 932 3525 984 in-

1945 1014 2093 1084 genti
2132 1012 2405 1068 desiderio
2439 1014 2665 1069 ardebat
2695 1016 2904 1071 visendi
2935 1017 3317 1087 imperatorem
3350 1020 3526 1089 majo-
3632 1030 3637 1036 '

1945 1104 2133 1172 risque
2196 1102 2405 1172 aliquid
2444 1105 2673 1159 honoris
2714 1105 2767 1159 in
2801 1118 3085 1162 senectute
3133 1111 3521 1180 consequendi,

1950 1203 2061 1247 tum
2114 1206 2335 1264 propter
2402 1196 2641 1266 religiosi
2697 1200 2950 1253 monachi
3007 1200 3349 1269 vaticinium,
3411 1214 3524 1257 tum

1945 1292 2165 1353 propter
2222 1284 2330 1338 alia
2402 1301 2632 1341 munera
2704 1287 3130 1359 hospitiumque,
3185 1292 3529 1362 imperatoris

1941 1376 2102 1445 jussu
2138 1375 2435 1431 honorifice
2486 1378 2779 1433 admodum
2820 1396 3127 1450 magnoque
3169 1384 3433 1439 comitatu
3464 1401 3529 1441 ac

1942 1468 2172 1524 servitio
2220 1468 2538 1540 Byzantium
2578 1471 2743 1528 venit.
2792 1472 2897 1527 Sed
2947 1490 3069 1528 cum
3133 1492 3311 1546 neque
3361 1493 3525 1534 curru

1949 1576 2124 1631 neque
2180 1576 2323 1632 equo
2374 1563 2501 1618 vehi
2543 1573 2749 1632 posset,
2798 1564 2936 1618 forte
2969 1566 3131 1620 etiam
3170 1567 3299 1624 luxu
3349 1572 3527 1626 soluta

1948 1654 2019 1709 ob
2063 1653 2407 1711 abundantes
2437 1655 2680 1723 divitias,
2715 1656 2769 1710 in
2814 1656 3008 1713 lectica
3038 1660 3251 1729 jacens,
3284 1662 3439 1719 lectis
3473 1666 3528 1719 in

1948 1760 2067 1802 eam
2113 1762 2230 1803 rem
2272 1749 2529 1805 trecentis
2575 1749 2806 1805 robusto
2841 1764 3073 1818 corpore
3111 1751 3431 1820 juvenibus,
3461 1759 3530 1811 ab

247 1843 347 1898 τοῦ
370 1844 608 1897 πλούτου
635 1842 974 1914 περιουσίαν,
998 1842 1091 1896 ἐπὶ
1115 1842 1413 1912 σκίμποδος
1429 1841 1598 1911 αὐτὴν
1618 1841 1838 1896 ἀνακλί-

1950 1840 2049 1896 illis
2091 1854 2152 1895 se
2205 1840 2262 1896 in
2334 1841 2527 1897 urbem
2595 1841 2795 1897 deferri
2843 1844 3144 1900 mandavit.
3191 1844 3283 1902 Sic
3341 1847 3529 1904 decem

248 1947 394 1983 νασα
427 1929 495 1997 ³⁸,
550 1930 645 1984 καὶ
686 1929 1037 1999 τριακοσίους
1087 1929 1197 1983 τῶν
1243 1929 1470 1985 οἰκετῶν
1529 1930 1840 1996 ἀπολέξασα

246 2022 414 2086 νέους
463 2021 559 2076 καὶ
610 2000 867 2093 ίσχυροῦς
913 2022 975 2075 τὸ
1024 2022 1207 2092 σῶμα,
1255 2021 1628 2093 βαστάζοντας
1671 2023 1841 2094 αὐτὴν

251 2114 473 2168 ἀνιέναι
508 2112 831 2168 ὲκελεύσατο
860 2113 926 2176 ³⁷,
956 2112 1054 2167 καὶ
1087 2112 1262 2178 οὓτως
1293 2113 1398 2167 ὑπὸ
1424 2113 1560 2167 δέκα
1588 2114 1650 2167 τὸ
1684 2113 1842 2185 λέχος

252 2207 527 2278 αἱρόντων
560 2208 655 2260 καὶ
687 2207 755 2260 ἐκ
795 2206 1050 2276 διαδοχῆς
1092 2206 1357 2276 ἀλλήλους
1388 2206 1843 2263 ὑπαλλασσόντων

251 2299 362 2370 τὴν
398 2300 463 2352 ἐκ
494 2298 896 2368 Πελοποννήσου
930 2299 1095 2370 μέχρι
1138 2300 1237 2369 τῆς
1275 2298 1667 2370 βασιλευούσης
1703 2300 1839 2355 ταύ-

250 2409 357 2462 της
388 2391 501 2445 τῶν
545 2392 754 2445 πόλεων
800 2392 1024 2462 πορείαν
1061 2392 1333 2463 διήνυσεν.
1377 2394 1548 2464 Δοχῆ;
1582 2393 1639 2446 δὲ
1686 2410 1845 2461 γεγο-

250 2480 413 2545 νυίας
451 2482 509 2536 ὲν
548 2486 613 2553 τῇ
644 2483 970 2555 Μαγναύρᾳ,
998 2483 1181 2546 καθώς
1214 2485 1362 2538 ἐστιν
1389 2483 1511 2546 ἔθος
1539 2488 1652 2549 τοῖς
1687 2486 1845 2555 βασι-

246 2575 411 2629 λεῦσι
460 2574 748 2644 Ῥωμαίων
774 2577 969 2642 ποιεῖν,
992 2577 1124 2631 ὅταν
1147 2579 1269 2630 τινα
1302 2577 1411 2631 τῶν
1433 2576 1519 2646 ἐφ’
1546 2576 1846 2647 ἡγεμονίας

245 2668 452 2731 ἔθνους
501 2668 651 2733 τινος
701 2668 1017 2741 περιφανῶν
1055 2668 1154 2724 καὶ
1204 2668 1457 2739 μεγάλων
1506 2668 1846 2738 εἰσδέχεσθαι

245 2761 562 2833 μέλλωσιν,
594 2762 819 2835 εἰσήχθη
863 2762 957 2817 καὶ
989 2761 1130 2830 αὐτὴ
1162 2761 1302 2832 πρὸς
1347 2760 1572 2831 βασιλέα
1610 2761 1847 2831 ὲντίμως

242 2872 311 2909 τε
344 2855 447 2908 καὶ
488 2854 780 2925 λαμπρῶς,
823 2854 1197 2923 εἰσαγαγοῦσα
1227 2854 1325 2907 καὶ
1371 2854 1522 2925 δῶρα
1554 2852 1844 2921 πολυτελῆ,

243 2941 348 3003 οἶα
375 2946 494 3001 τῶν
517 2946 751 3002 ἐθνικῶν
775 2946 820 2978 ³⁸
851 2945 1118 3015 βασιλέων
1139 2946 1317 3011 οὐδεὶς
1346 2947 1535 3017 σχεδὸν
1565 2947 1727 3017 μέχρι
1755 2947 1848 2998 καὶ

243 3041 381 3095 τότε
411 3040 556 3111 πρὸς
596 3039 826 3109 βασιλέα
869 3039 1157 3109 Ῥωμαίων
1186 3042 1503 3110 εἰσήγαγεν.
1532 3035 1714 3093 ’Ἦσαν
1738 3040 1849 3109 γὰρ

243 3132 519 3185 οἰκετικὰ
556 3131 657 3199 μὲν
696 3132 964 3202 πρόσωπα
1000 3133 1357 3196 πεντακόσια,
1392 3130 1452 3197 ἐξ
1499 3125 1574 3186 ὧν
1602 3132 1849 3202 ὑπῆρχον

245 3225 491 3287 εὐειδεῖς
522 3223 770 3293 ὲντομίαι
796 3226 885 3278 τὸν
921 3225 1154 3298 ἀριθμὸν
1183 3226 1399 3280 ἑκατόν.
1439 3226 1593 3296 ᾜδει
1623 3224 1752 3294 γάρ,
1776 3223 1851 3287 ὡς

244 3316 465 3381 ἔοικεν,
501 3316 536 3385 ἡ
563 3314 986 3385 πλουτοκράτωρ
1011 3313 1195 3385 ἐκείνη
1224 3314 1396 3385 γραῦς
1421 3316 1503 3368 ὅτι
1527 3314 1614 3368 ἀεὶ
1641 3311 1849 3381 τυγχά-

244 3428 339 3463 νει
374 3407 537 3479 χώρα
571 3409 686 3471 τοίς
722 3409 980 3463 σπάδουσι
1015 3408 1225 3472 τούτοις
1253 3410 1333 3470 είς
1360 3408 1428 3461 τὰ
1460 3407 1729 3477 βασίλεια,
1755 3405 1852 3459 καὶ

247 3504 314 3557 ἐν
348 3502 571 3565 τούτοις
608 3501 749 3571 ὑπὲρ
780 3500 881 3563 τὰς
911 3503 1075 3570 μυίας
1113 3502 1170 3554 ἐν
1196 3500 1357 3570 ἔαρος
1385 3498 1504 3571 ῶρᾳ
1538 3499 1680 3551 κατὰ
1715 3513 1851 3568 προ-

248 3597 449 3650 ϐάτων
480 3593 652 3662 σηκὸν
675 3594 1109 3663 ἀναστρέφονται
1134 3609 1147 3622 ⁸
1190 3593 1283 3647 καὶ
1326 3590 1416 3646 διὰ
1445 3589 1604 3644 τοῦτο
1627 3590 1852 3656 τούτους

246 3685 780 3759 προηυτρεπίσατο,
805 3683 879 3747 ὡς
918 3683 984 3738 ἂν
1017 3682 1351 3755 δορυφόρους
1378 3681 1578 3745 αὐτοὺς
1604 3680 1853 3751 εὑρίσκοι

244 3780 429 3851 τυχὸν
460 3778 553 3831 διὰ
600 3777 701 3846 τὴν
735 3776 901 3830 πάλαι
942 3775 1211 3841 δουλείαν,
1241 3775 1370 3828 ὅταν
1412 3775 1489 3838 είς
1510 3774 1579 3828 τὰ
1607 3772 1873 3843 βασίλεια,

244 3875 522 3929 εἴσεισιν.
553 3866 737 3924 Ἦσαν
774 3870 831 3923 δὲ
876 3871 968 3922 καὶ
997 3870 1257 3938 γυναῖκες
1291 3867 1606 3937 σκιάστριαι
1636 3864 1854 3930 ἑκατὸν,

242 3969 358 4023 καὶ
383 3965 605 4019 Σιδόνια
632 3964 676 3996 ³⁹
713 3963 850 4033 ἔργα
881 3961 1246 4033 παμποίκιλα,
1282 3959 1317 4013 ἃ
1342 3960 1408 4029 δὴ
1435 3958 1531 4013 νῦν
1561 3957 1855 4029 παραφθα-

243 4060 459 4132 ρέντος
494 4058 663 4127 τυχὸν
692 4055 786 4110 τοῦ
828 4056 1090 4126 ὀνόματος
1116 4055 1205 4128 [Ρ.
1236 4052 1361 4125 196]
1392 4055 1459 4123 τῇ
1493 4052 1602 4105 τῶν
1640 4049 1854 4105 πολλῶν

236 4153 483 4224 ἀμαθία
507 4150 729 4220 λέγεται
759 4151 988 4216 σενδαῖς,
1017 4149 1235 4217 ἑκατὸν,
1260 4145 1686 4217 λινομαλοτάρια
1724 4144 1855 4197 ἑκα-

1947 1930 2195 1987 lecticam
2267 1933 2718 1998 sustollentibus,
2812 1936 3078 2007 «lenisque
3142 1939 3266 1996 aliis
3339 1955 3531 1997 succe-

1946 2023 2225 2089 dentibus,
2268 2027 2416 2093 quod
2455 2041 2485 2080 a
2537 2025 2914 2096 Peloponneso
2963 2029 3037 2083 ad
3085 2029 3277 2086 urbem
3324 2031 3529 2102 regiam

1947 2115 2051 2170 iter
2095 2125 2180 2171 est
2220 2117 2472 2173 confecit.
2506 2122 2744 2189 Accepta
2777 2119 2831 2173 in
2861 2118 3158 2191 Magnaura
3192 2121 3360 2194 318
3396 2139 3533 2179 con-

1948 2207 2094 2264 vivio
2152 2207 2285 2280 (quo
2350 2210 2471 2265 loco
2534 2211 2769 2267 ltomani
2834 2212 3194 2284 imperatores
3251 2216 3533 2287 suscipere

1947 2301 2145 2367 solent,
2178 2301 2225 2356 si
2273 2316 2412 2370 quos
2438 2302 2730 2359 illustrium
2761 2320 3196 2376 magnorumque
3224 2308 3400 2378 gentis
3430 2310 3532 2363 ali-

1950 2394 2107 2463 cujus
2134 2405 2485 2464 satraparum
2523 2410 2588 2449 ac
2616 2396 2923 2466 principum
2967 2400 3247 2467 excepturi
3284 2400 3435 2468 sunt)
3465 2400 3531 2453 ad

1951 2485 2335 2555 imperatorem
2373 2488 2676 2543 honorifice
2722 2504 2789 2543 ac
2837 2491 3125 2559 splendido
3170 2492 3321 2546 cultu
3369 2492 3533 2545 indu—

1952 2580 2113 2641 citur,
2143 2580 2266 2648 ejus
2294 2581 2509 2648 generis
2543 2588 2805 2650 tantaqne
2847 2582 2987 2636 dona
3025 2581 3289 2650 inferens,
3329 2593 3535 2653 quanta

1957 2687 2118 2728 nemo
2149 2672 2265 2727 fere
2296 2689 2535 2742 unquam
2566 2674 2801 2729 aliarum
2827 2676 3071 2746 gentium
3102 2691 3291 2747 regum
3323 2677 3389 2731 ad
3424 2678 3537 2732 haec

1953 2779 2129 2835 usque
2159 2773 2400 2834 tempora
2441 2764 2692 2820 Romano
2726 2766 3041 2836 imperatori
3094 2767 3297 2824 intulit.
3345 2765 3539 2824 Vernae

1952 2866 2109 2910 erant
2138 2857 2391 2922 trecenti,
2421 2873 2485 2911 ex
2517 2858 2720 2927 quibus
2767 2867 2985 2914 centum
3013 2860 3289 2931 elegantes
3314 2864 3536 2918 castrati

1953 2958 2131 3004 erant.
2162 2947 2402 3005 Noverat
2446 2950 2617 3014 enim,
2665 2958 2723 3004 ut
2753 2951 2989 3017 videtnr,
3016 2953 3376 3023 prmlocuples
3404 2970 3542 3009 anns

1955 3055 2174 3110 semper
2210 3041 2420 3096 aditum
2454 3042 2507 3095 in
2544 3042 2727 3098 aulam
2758 3043 3103 3114 spadonibus
3132 3054 3340 3116 patere,
3373 3047 3541 3118 inque

1957 3130 2051 3185 illa
2080 3132 2267 3199 plures
2300 3132 2511 3186 versari
2544 3148 2707 3201 quam
2749 3134 2804 3187 in
2833 3136 2989 3189 caula
3040 3136 3315 3204 pecudum
3367 3152 3540 3192 verno

1878 3199 1921 3257 (ἶ
1957 3232 2200 3291 tempore
2231 3238 2459 3279 muscae.
2500 3223 2743 3293 Ej-usque
2773 3225 2846 3277 rei
2887 3226 3061 3295 gratia
3083 3242 3179 3280 eos
3210 3236 3371 3282 antea
3404 3242 3543 3297 prae.

1956 3324 2261 3384 paraverat,
2297 3324 2355 3369 ut
2386 3315 2523 3369 forte
2548 3324 2917 3385 opportunum
2945 3315 3261 3371 comitatum
3292 3317 3538 3385 haberet,

1954 3422 2066 3478 quo
2099 3409 2306 3476 pridem
2338 3408 2604 3477 obsequio
2641 3407 2817 3463 functi
2857 3415 3065 3473 essent,
3090 3423 3211 3464 cum
3245 3410 3300 3464 in
3339 3411 3539 3481 regiam

1956 3500 2272 3570 ingressura
2332 3509 2499 3555 esset.
2556 3500 2723 3555 Erant
2777 3501 2905 3556 item
2965 3501 3226 3558 mulieres
3280 3503 3545 3559 sciastria

1953 3602 2197 3659 centum,
2238 3593 2610 3663 sindonesque
2654 3594 2839 3664 lepore
2888 3594 3043 3649 vario
3090 3593 3335 3651 distincti
3385 3595 3545 3665 (quos

1956 3701 2101 3741 nunc
2139 3694 2405 3754 corrupta
2457 3684 2683 3740 forsitan
2739 3700 2876 3741 voce
2924 3687 3059 3740 rude
3107 3686 3300 3755 vulgus
3350 3686 3546 3740 senties

1955 3777 2135 3847 vocat)
2160 3786 2401 3833 centum.
2440 3777 2865 3831 Linomalotaria
2892 3788 3109 3833 centum
3129 3784 3374 3847 (praestat
3398 3776 3545 3830 enim

1956 3869 2012 3922 in
2048 3868 2169 3923 istis
2199 3884 2267 3922 ex
2305 3868 2450 3938 vulgi
2478 3883 2579 3923 usu
2611 3869 2933 3938 compositis
2966 3869 3043 3922 uti
3073 3868 3348 3936 vocibus),
3376 3870 3547 3921 Ama-

1955 3960 2027 4014 lia
2058 3960 2283 4029 pulchra
2309 3959 2452 4013 linea
2476 3959 2733 4023 ducenta,
2766 3960 2983 4027 aliaque
3006 3960 3307 4015 subtilitate
3339 3959 3549 4013 tenuis-

1961 4052 2098 4105 sima
2150 4066 2215 4104 ac
2268 4065 2596 4105 aranearum
2638 4050 2753 4120 ipsa
2810 4051 3045 4106 stamina
3085 4053 3382 4113 vincentia,
3412 4064 3551 4119 quor

1964 4160 2083 4198 rum
2127 4142 2559 4213 unumquodque
2590 4143 2643 4197 in
2682 4143 2880 4197 calami
2917 4144 3151 4199 articulo
3189 4142 3547 4205 condebatur,

233 4245 359 4297 τὸν
382 4242 577 4313 (καλὸν
590 4241 699 4311 γὰρ
726 4242 820 4293 ἐπὶ
842 4240 1051 4304 τούτοις
1076 4237 1482 4310 κοινολεκτεῖν),
1500 4236 1710 4309 ἁμάλια
1732 4236 1844 4290 λινᾶ

1961 4247 2016 4293 et
2050 4237 2167 4306 ipsa
2198 4243 2439 4291 centum.
2466 4232 2607 4291 Vasa
2645 4236 2880 4306 pretiosa
2913 4246 3168 4307 argentea
3193 4243 3356 4304 atque
3382 4248 3549 4288 aurea

229 4333 399 4406 ψιλὰ
428 4333 477 4363 ⁸ο
510 4330 787 4396 διακόσια,
833 4330 925 4385 καὶ
977 4330 1138 4401 ἕτερα
1168 4328 1309 4400 ὑπὲρ
1341 4329 1410 4383 τὰ
1454 4328 1549 4382 τοῦ
1592 4327 1844 4399 ἀραχνίου

1965 4329 2141 4383 multa
2173 4344 2238 4384 ac
2272 4329 2444 4383 varia.

232 4428 494 4496 νήματα
530 4426 611 4487 εἰς
632 4423 958 4494 λεπτότητα,
980 4418 1056 4480 ὧν
1088 4424 1319 4478 ἕκαστον
1347 4424 1426 4487 είς
1456 4423 1706 4495 καλάμου
1732 4422 2339 4495 κόῶυλονὲνεὸέδλητο,
2361 4424 2457 4478 καὶ
2484 4421 2625 4477 αὐτὰ
2652 4421 2866 4485 ἑκατὸν,
2886 4417 2982 4473 καὶ
3009 4415 3177 4488 σκεύη
3198 4414 3463 4487 πολυτελῆ
3492 4416 3553 4484 ἐξ

230 4520 518 4592 ἀργύρου
550 4520 646 4576 καὶ
675 4517 876 4589 χρυσοῦ
909 4519 1067 4572 ικανὰ
1099 4517 1193 4571 καλ.
1223 4516 1475 4588 διάφορα.

333 4608 439 4664 σε’.
491 4608 877 4679 ’Δπώεχθείσα
921 4609 977 4661 δὲ
1013 4608 1203 4673 δεξιῶς
1256 4608 1353 4663 καὶ
1401 4607 1844 4678 φιλοφρονηθεῶε

2039 4606 2127 4662 75.
2173 4603 2264 4659 Sic
2299 4617 2429 4657 vero
2474 4599 2833 4656 conveniente
2853 4597 2999 4652 cultu
3054 4604 3293 4664 recepta,
3346 4610 3555 4666 proque

232 4702 719 4778 μεγαλοπρεπῶς
750 4701 1027 4769 ἀναλόγως
1050 4703 1148 4771 τῆς
1182 4699 1554 4772 προαιρέσεως
1583 4701 1674 4753 καὶ
1710 4702 1844 4768 εὖγε·

1961 4698 2127 4753 animi
2164 4695 2248 4751 sui
2283 4693 2566 4765 proposito
2610 4708 2675 4749 ac
2707 4692 2922 4762 generis
2956 4687 3239 4743 nobilitate
3266 4686 3555 4758 magnifice

229 4798 427 4859 νεὶας
454 4794 655 4861 αὐτῆς,
697 4794 791 4846 καὶ
832 4795 1019 4864 μήτηρ
1055 4794 1341 4849 καλεῖσθαι
1382 4793 1646 4865 βασιλέως
1696 4793 1844 4858 ἀξιωε

1965 4800 2209 4861 accepta,
2258 4798 2313 4844 et
2338 4804 2460 4857 quae
2507 4785 2860 4854 imperatoris
2905 4792 3081 4839 mater
3133 4784 3352 4840 audiret
3388 4784 3553 4855 digna

230 4892 458 4949 θεῖσα,
492 4887 589 4940 καὶ
627 4887 839 4939 πολλῶν
866 4888 1214 4958 μετασχοῦσα
1243 4888 1540 4959 βασιλικῶν
1563 4886 1844 4951 δεξιώσεω

1966 4884 2171 4949 habita,
2229 4881 2525 4949 multisque
2564 4878 2714 4950 regio
2757 4893 2986 4933 munere
3029 4876 3220 4933 ofﬁciis
3261 4891 3325 4932 ac
3379 4875 3556 4929 hono-

228 4985 371 5042 καὶ
404 4983 611 5053 τιμῶν,
645 4980 901 5051 ὲγεγήοει
927 4999 984 5034 τε
1019 4983 1113 5036 καὶ
1143 4984 1403 5050 ἐγάννυτο
1429 4984 1522 5037 καὶ
1552 4982 1797 5044 ἔκπλεως
1821 4980 1843 5011 ⁵

1967 4976 2122 5030 ribus
2157 4975 2437 5033 decorata,
2471 4971 2670 5043 gaudio
2700 4970 3010 5026 exsultabat
3042 4985 3145 5025 nec
3181 4979 3365 5024 tenere
3391 4964 3557 5037 319

221 5082 371 5144 τὰς
409 5076 673 5147 ἀμοιϐάς,
700 5075 903 5146 μᾶλλον
936 5075 1104 5129 δὲκαὶ
1134 5075 1538 5147 ὑπεραιρούσας
1569 5074 1712 5129 κατὰ
1732 5073 1844 5126 πολὶ

1976 5067 2217 5123 laetitiam
2275 5071 2507 5135 poterat,
2562 5062 2899 5132 uberemque
2951 5058 3280 5124 mercedem,
3335 5057 3466 5126 quin
3504 5062 3559 5112 et

221 5166 611 5238 δεωνμολὸγει
672 5164 881 5220 λαϐεῖν.
917 5165 1010 5219 Διὸ
1057 5166 1123 5237 δὴ
1156 5167 1201 5197 ⁸¹
1247 5167 1342 5220 καὶ
1400 5165 1746 5236 προσέθηκεν
1790 5162 1844 5217 ἔτ

1974 5161 2134 5231 longe
2160 5158 2536 5223 excedentem,
2561 5170 2619 5211 se
2642 5154 2919 5225 accepisse
2946 5154 3330 5210 confitebatur.
3351 5152 3559 5218 Quam-

224 5258 691 5339 μεγαλαψύχως
721 5258 816 5311 ἐπὶ
843 5259 956 5322 τοῖς
995 5258 1308 5330 εἰρημένοις
1347 5257 1542 5328 δώροις
1570 5258 1631 5310 οὐ
1678 5256 1840 5327 μικρὸ

1968 5253 2158 5309 obrem
2197 5252 2381 5330 etiarn;
2410 5257 2608 5321 praeter
2670 5263 2734 5303 ea
2790 5260 2911 5316 qua:
2958 5246 3104 5301 dicta
3131 5252 3260 5300 sunt
3306 5258 3556 5312 munera,

219 5337 366 5415 aea}.
427 5353 531 5423 τῆς
560 5352 972 5421 Πελοποννήσου
1006 5351 1195 5423 μέρος,
1239 5351 1376 5420 ὅπερ
1409 5350 1484 5414 ὡς
1520 5349 1649 5403 ῑδιον
1687 5348 1844 5418 κτῆμε

1975 5347 2267 5404 cumulatae
2290 5344 2706 5417 magnificentia
2738 5340 3019 5412 specimen
3048 5340 3238 5403 edens,
3264 5337 3410 5394 haud
3441 5337 3562 5393 exi...

216 5444 563 5520 τυγχάνον
590 5444 769 5514 αὐτῆς
808 5444 1120 5515 φιλοδὼρως
1146 5444 1271 5498 τότε
1304 5443 1385 5514 τῷ
1404 5442 1513 5515 υίῴ
1542 5443 1637 5496 καὶ
1662 5440 1875 5511 βασιλεῖ

218 5537 602 5621 ἐχαρίζετο.
658 5537 1006 5609 Διατρίψασα
1061 5537 1120 5592 δὲ.
1174 5538 1318 5594 κατὰ
1360 5536 1461 5609 τὴν
1514 5534 1844 5606 μεγαλόπολι

1983 5534 2107 5604 prio
2123 5530 2458 5603 possidebat,
2480 5538 2721 5599 tuncque
2747 5527 2859 5584 filio
2874 5536 2931 5584 et
2962 5526 3278 5599 imperatori
3305 5525 3495 5581 munifl
3507 5542 3568 5582 ce

1593 5650 1827 5709 VARUE
1868 5647 2275 5706 LECTIONES.

326 5758 402 5794 ³³
446 5753 752 5858 είήρῗτηΔ.
866 5714 913 5783 π
938 5748 1283 5873 ἀᾘλίσασα
1316 5748 1376 5810 Ρ,
1414 5747 1733 5802 ἀνεκλίνατο
1905 5745 1948 5776 ³⁷
1982 5743 2365 5799 ὲνεκελεύσατο
2394 5742 2420 5796 ’ἒ
2504 5740 2549 5775 ³⁸
2573 5738 2805 5806 ἐθνικῶς
2830 5740 2896 5795 Δ.

326 5844 466 5873 νει.
547 5835 564 5857 θ
642 5820 798 5873 ψιλὰ]
842 5820 980 5873 καλὰ
1053 5861 1065 5873 .
1162 5821 1203 5853 ’δι
1237 5820 1554 5873 ἐκπλέονΑ.
1671 5816 1803 5873 ’δ’δη
1834 5830 1946 5870 om.
1974 5815 2035 5868 P.

216 5815 471 5894 δίς-καί
506 5815 589 5858 ’λδ
642 5820 798 5896 ψιλά]
842 5815 1065 5877 καλὰΐί.
1162 5821 1203 5853 ’δι
1237 5820 1462 5874 ἐκπλέον
1488 5820 1554 5873 Α.
1671 5818 1713 5849 ’δ’
1739 5815 1803 5887 δὴ
1834 5830 1946 5870 om.
1974 5815 2035 5868 P.

3005 5738 3050 5773 ’ν
3080 5735 3412 5793 Barberiuus
3450 5749 3563 5785 σιν-

1979 5459 2143 5516 guam
2177 5439 2541 5511 Peloponnesi
2576 5446 2787 5509 partem
2837 5435 3061 5506 adjecit,
3090 5449 3253 5507 quam
3287 5433 3410 5503 jure
3435 5448 3565 5503 pro.
3664 5450 3668 5457 ·
