3994 6220
517 296 626 369 ιιι

1606 302 2114 367 THEOPHANES
2148 300 2708 369 CONTINUATUS.
3624 314 3707 378 318

522 366 713 469 multis
755 412 1005 484 partibus
1035 412 1194 487 331
1230 413 1455 472 Dei-viri
1493 416 1706 472 Domini
1746 417 1949 490 etiigies
1975 426 2095 473 arte

2213 420 2430 490 (υμένον
2454 418 2721 474 πάντοθεν
2739 416 2963 489 ἔχουοαο
3000 416 3058 471 ὲν
3147 418 3281 474 κατὰ
3310 418 3463 475 πολλὰ
3489 423 3610 496 μέρη
3625 430 3701 479 καὶ

523 504 775 575 chymica
833 505 1008 564 ellicta
1055 516 1158 564 est.
1216 508 1452 578 Adytum
1503 524 1631 565 vero
1672 511 1850 580 ipsum
1890 520 2095 581 quanta

522 597 720 652 decora
752 606 1050 669 sanctaque
1079 599 1353 654 contineat
1381 616 1447 655 ac
1476 601 1530 655 in
1566 617 1626 657 se
1650 603 1768 673 ipso
1803 604 1951 658 velut
1980 606 2098 659 the-

524 702 723 743 sauros
759 691 1042 754 recondat,
1086 705 1272 746 sermo
1310 691 1515 765 refugit
1544 694 1745 755 dicere,
1780 697 2097 765 mavultque

512 787 587 833 stt
628 778 848 851 adytum
877 780 1242 852 (inaccessum
1290 784 1499 840 scilicet
1542 794 1599 840 et
1632 787 1862 843 orationi
1897 787 2098 858 imper-

524 870 697 936 vium)
744 872 945 927 sinere.
999 874 1058 929 lu
1114 875 1200 929 his
1242 875 1389 929 enim
1421 892 1542 946 quae
1572 877 1679 932 vim
1727 893 1947 934 omnem
1978 895 2096 936 ser-

527 959 707 1014 monis
740 970 1026 1031 superant,
1064 963 1481 1018 convenientior
1524 965 1726 1020 silentii
1758 966 1946 1037 religio
1991 975 2095 1022 est.

526 1051 595 1108 Et
628 1053 746 1111 haec
772 1056 991 1125 quidem
1018 1058 1331 1124 orientalia,
1357 1069 1414 1114 ut
1447 1058 1527 1115 sic
1562 1061 1761 1129 dicam,
1797 1063 1961 1134 regiae
1997 1063 2097 1119 de-

526 1159 676 1213 cora,
706 1146 891 1220 inclyti
922 1147 1266 1218 imperatoris
1292 1149 1471 1206 Basilii
1500 1151 1622 1206 ﬁdei
1647 1153 1917 1215 germina.

599 1322 692 1378 88.
750 1323 806 1378 In
838 1324 961 1381 aliis
999 1326 1248 1395 partibus
1277 1327 1381 1382 alia
1411 1338 1647 1409 exstant.
1676 1328 1822 1386 lutcr
1857 1347 1921 1387 ea
1954 1334 2097 1388 sacri

528 1415 801 1483 praeconis
842 1415 994 1471 Pauli
1027 1420 1336 1475 venerabile
1363 1423 1665 1477 oratorium
1694 1433 1801 1489 est,
1845 1426 2097 1480 eumdem

530 1514 808 1562 auctorem
840 1523 1167 1577 agnoscens,
1205 1510 1381 1580 ipsum
1413 1528 1637 1583 quoque
1664 1515 1811 1569 illius
1844 1514 2097 1585 largissi-

535 1615 623 1654 ma
669 1600 991 1655 liberalitate
1036 1604 1354 1658 excitatum.
1408 1603 1556 1659 Illius
1608 1606 1755 1659 enim
1790 1605 2101 1674 pavimenta

536 1698 707 1747 strata
751 1706 1025 1747 marmore
1051 1708 1356 1763 eorumque
1384 1694 1545 1749 orbes
1569 1704 1797 1764 argento
1834 1695 2103 1765 colligun-

2202 514 2236 583 ἡ
2257 510 2546 583 θεανδρικὴ
2585 510 2678 564 τοῦ
2713 510 2919 580 Κυρίου
2947 508 3129 580 μορφὴ
3166 511 3296 581 μετὰ
3320 514 3601 581 χυμεύσεως
3629 519 3704 570 ὲκ-

2201 604 2528 658 τετύπωται.
2578 603 2717 656 Αὐτὸ
2754 602 2811 656 δὲ
2832 602 2893 656 τὸ
2926 602 3118 656 ἄδυτον
3172 603 3269 657 ὅσα
3307 604 3464 674 κάλλη
3494 602 3573 660 καί
3600 609 3705 675 ἅγια

2204 693 2522 763 περιείληφε
2554 692 2645 745 καὶ
2697 692 2754 744 ὲν
2789 691 2965 761 ἑαυτῷ
2998 691 3474 761 θησαυροφυλακεῖ,
3517 695 3541 746 ὁ
3581 695 3709 763 λόγος

2204 788 2547 856 παραιτεῖται
2568 783 2781 855 δηλοῦν,
2814 784 2909 855 ὲᾷν
2928 784 2984 838 δὲ
3009 783 3207 854 μᾶλλον
3232 784 3304 848 ὠς
3327 784 3504 837 ἄδυτον
3525 787 3713 851 καὶτοῖς

2203 878 2382 947 λόγοις
2414 880 2616 933 ἇὸατον
2649 876 2929 947 βούλεται·
2966 876 3024 926 ὲν
3051 873 3158 945 γὰρ
3186 876 3294 936 τοῖς
3320 875 3558 927 ἐπέκεινα
3580 875 3716 943 λόγου

2205 970 2545 1042 εὐλογωτέρα
2575 972 2608 1041 ἡ
2646 970 2846 1040 σιωπή.
2878 969 2987 1022 Καὶ
3019 968 3089 1021 τὶ
3133 968 3230 1036 μὲν
3283 966 3355 1029 ὡς
3385 966 3445 1019 ἂν
3487 967 3616 1019 εἴποι
3650 985 3717 1030 τις

2205 1066 2316 1138 ἑῷα
2358 1067 2529 1137 κάλλη
2572 1066 2679 1119 τῶν
2705 1065 3038 1134 ἀνακτόρων,
3096 1062 3237 1132 ἅπερ
3275 1063 3341 1114 ὲκ
3391 1062 3482 1129 τῆς
3510 1061 3594 1114 τοῦ
3626 1063 3721 1113 ἄοι-

2203 1158 2361 1229 δίμου
2380 1158 2641 1229 βασιλέως
2662 1156 2938 1211 Βασιλείου
2958 1157 3193 1219 πίστεως
3223 1152 3557 1221 ἐξανέτειλεν,
3576 1152 3722 1206 ταῦτά

2206 1252 2374 1305 ἐστιν.

2276 1339 2391 1414 πη’.
2434 1343 2574 1395 Κατ’
2606 1342 2740 1397 ἄλλα
2770 1341 2825 1395 δὲ
2875 1341 3013 1413 μέρη
3062 1334 3367 1407 καθέστηκε
3398 1337 3462 1390 τὰ
3487 1336 3653 1399 λοιπὰ,
3682 1336 3729 1386 ἐν

2204 1430 2286 1499 οἷς
2307 1434 2368 1487 τό
2394 1451 2455 1487 τε
2482 1434 2577 1488 τοῦ
2612 1435 2969 1505 ἱεροκήρυκος
3022 1432 3235 1486 Παύλου
3286 1432 3475 1485 σεπτὸν
3510 1428 3731 1499 τυγχάνει

2206 1524 2622 1595 εύκτήριον,τὺν
2645 1524 2806 1577 αὐτὸν
2854 1522 3194 1592 κεκτημένον
3242 1521 3575 1593 δημιουργὸν,
3615 1518 3728 1589 μετᾶ

2206 1617 2305 1688 τῆς
2337 1618 2505 1686 αὐτῆς
2526 1617 2960 1686 πλουτοχορήγου
2974 1615 3018 1647 ⁸⁸
3051 1614 3139 1686 [Ρ.
3170 1612 3488 1686 204]χειρὸς
3514 1613 3598 1663 καλ.
3619 1609 3728 1662 aut?)

2206 1709 2615 1781 δομησὰμενον·
2669 1710 2762 1763 καὶ
2817 1709 2876 1761 τὸ
2907 1707 3098 1761 τούτου
3135 1698 3248 1777 γὰρ
3294 1706 3483 1775 ἔδαφος
3531 1704 3737 1774 ἄργυρον

536 1794 644 1847 tur,
678 1793 1110 1855 sumptuumque
1162 1786 1534 1842 immensitate
1580 1797 1629 1842 et
1691 1788 2102 1859 pulchritudine

2213 1801 2314 1871 ἔχει
2356 1802 2481 1865 τοὺς
2512 1801 2743 1864 κύκλους
2795 1800 2905 1854 τῶν
2939 1800 3250 1872 μαρμάρων
3290 1796 3732 1868 εμπερικλείοντα,

534 1874 670 1929 nihil
704 1875 934 1944 reliquis
978 1876 1163 1931 minus
1203 1875 1404 1931 habere
1433 1878 1797 1948 conspicitur.
1842 1877 2105 1934 Similiter

533 1967 727 2031 etiam,
763 1969 908 2036 quod
940 1966 1082 2023 beati
1128 1967 1272 2023 Petri
1300 1951 1672 2038 apostolorum
1712 1971 1974 2041 principis
2005 1988 2106 2027 no-

536 2058 685 2113 mine
734 2059 788 2113 in
825 2057 1089 2114 Marciani
1148 2061 1591 2116 ambulacrorum
1643 2074 1889 2118 extremo
1949 2064 2107 2134 quasi

536 2162 750 2202 summa
776 2164 872 2203 arx
906 2148 974 2204 ab
999 2166 1065 2205 eo
1098 2151 1358 2220 templum
1392 2152 1747 2216 aediﬁcatum,
1775 2156 1862 2208 cui
1905 2163 1961 2208 et
1998 2169 2110 2211 ca:-

536 2242 689 2297 lestis
716 2242 921 2297 militia:
952 2243 1220 2313 principis
1254 2245 1554 2301 oratorium
1597 2247 1959 2316 coniunctum
2003 2257 2105 2303 est.

536 2331 693 2399 Quod
731 2334 861 2387 item
900 2334 975 2388 illi
1010 2335 1266 2404 superius
1289 2346 1493 2390 sancta:
1525 2334 1621 2391 Dei
1651 2336 1902 2391 Parentis
1924 2345 2109 2391 orato-

535 2427 678 2479 rium
706 2435 812 2491 est,
840 2442 947 2496 qua
980 2428 1196 2484 decoris
1230 2428 1623 2498 elegantiteque
1648 2430 1967 2484 excellentia
1998 2445 2107 2484 non

536 2516 748 2572 ιιωυίιῖ
798 2519 1039 2587 Cujusve
1097 2520 1287 2576 oculos
1337 2534 1448 2574 non
1488 2521 1705 2576 abunde
1756 2531 1937 2591 pascat
1989 2523 2110 2576 aui—

537 2621 798 2677 mumquc
856 2618 1086 2673 recreet,
1137 2623 1376 2680 eumque
1432 2611 1525 2681 qui
1568 2612 1746 2665 videat
1806 2622 1979 2666 totum
2039 2611 2106 2665 ad

538 2697 866 2754 hilaritatem
898 2710 1183 2755 convertat
1209 2701 1231 2755 ?

606 2789 697 2844 89.
726 2789 949 2845 Atidium
978 2806 1108 2847 vero
1149 2792 1368 2859 decora,
1398 2808 1519 2863 qua:
1553 2793 1700 2849 velut
1726 2794 1997 2864 regiarum
2026 2809 2111 2848 re-

538 2878 659 2949 gias
718 2879 775 2936 in
817 2882 965 2951 regia
998 2880 1235 2938 Basilius
1287 2884 1587 2954 imperator
1622 2887 1929 2950 exstruxit,
1972 2900 2113 2953 prac-

539 2972 869 3028 stantiorum
914 2988 1235 3031 sermonum
1276 2978 1549 3047 praeconio
1580 2978 1648 3032 ad
1680 2979 1765 3033 sui
1802 2978 1963 3050 332
1997 2980 2114 3032 lau-

538 3062 662 3119 dem
725 3064 1010 3135 indigent,
1070 3082 1344 3138 manuque
1402 3068 1714 3138 perfectiori
1765 3071 1832 3122 ad
1886 3085 1947 3123 ea
2012 3085 2108 3139 pro

540 3155 810 3212 orationis
839 3156 1124 3227 majestate
1152 3160 1409 3229 penicillo
1438 3160 1645 3215 chartis
1683 3160 1960 3226 illinenda,
1987 3178 2109 3231 qua:

538 3260 706 3302 nemo
733 3248 871 3303 satis
900 3247 1165 3304 imitando
1203 3252 1422 3316 assequi
1453 3252 1647 3321 possit.
1671 3251 1806 3309 Novi
1837 3253 1983 3308 enim
2013 3254 2111 3308 de-

540 3337 692 3393 coris
728 3337 927 3395 domus
982 3340 1069 3394 cui
1138 3341 1426 3413 Caenurgiu
1476 3358 1674 3398 nomen
1734 3354 1837 3407 est,
1874 3361 2038 3414 quam
2080 3361 2111 3400 a

540 3427 915 3487 fundamentis
961 3433 1254 3499 exstruxit,
1292 3448 1455 3503 quem
1493 3438 1856 3505 spectantium
1889 3447 2114 3509 stupore

542 3535 654 3576 non
710 3521 943 3577 adiciat?
993 3522 1141 3580 illam
1203 3523 1443 3578 sedecim
1506 3526 1777 3583 columnae
1828 3531 2114 3587 ordinibus

542 3610 765 3681 digesta
803 3611 1125 3668 suﬂ‘ttlciunt
1154 3630 1169 3667 :
1192 3624 1320 3670 octo
1348 3629 1414 3670 ex
1439 3616 1759 3675 Thessalico
1787 3619 1988 3690 lapide,
2020 3624 2114 3692 qui

542 3702 739 3759 viridis
775 3704 979 3760 coloris
1003 3713 1109 3768 est,
1140 3719 1236 3761 sex
1266 3721 1399 3763 vero
1432 3710 1712 3781 onychitis
1749 3727 1945 3768 nomen
1970 3716 2116 3770 obti-

546 3804 716 3860 nent;
750 3809 890 3864 qnas
918 3795 1147 3866 lapicida
1178 3800 1328 3855 omni
1358 3801 1622 3857 varietate
1654 3806 1962 3869 exornavit,
1989 3808 2118 3865 vitis

545 3884 777 3942 formam
801 3886 948 3943 circa
973 3904 1066 3944 eas
1096 3890 1381 3960 aliingens,
1415 3895 1707 3964 omnisque
1747 3899 1964 3966 generis
1997 3901 2120 3954 ani-

547 3977 814 4033 mantium
847 3978 1048 4052 ﬁguras
1107 3986 1161 4039 in
1213 4000 1276 4040 ea
1329 3984 1647 4041 ell‘ormaus.
1705 3988 1948 4059 Reliquae
1987 3991 2112 4047 dum

547 4077 603 4125 et
632 4068 766 4139 ipsa:
811 4072 1083 4142 onychitis
1127 4083 1379 4131 naturam
1416 4078 1642 4144 habent,
1678 4095 1785 4136 non
1820 4091 2002 4137 tamen
2038 4084 2118 4137 si-

543 4160 725 4219 milem
757 4162 987 4220 formam
1013 4181 1044 4221 a
1074 4167 1324 4239 lapicidis
1358 4181 1535 4227 nacta:
1564 4183 1714 4238 sunt,
1749 4173 1843 4229 sed
1870 4175 2118 4231 distortis

543 4254 695 4312 striis
742 4257 860 4313 laevi
891 4258 1164 4329 planoque
1195 4262 1481 4329 orbantur,
1516 4280 1641 4320 cum
1674 4281 1769 4321 eas
1801 4268 1873 4322 ita
1906 4269 2120 4322 variare

544 4348 743 4406 artiﬁci
774 4350 1065 4421 placuerit,
1095 4362 1279 4423 utpote
1304 4359 1400 4425 qui
1432 4372 1499 4413 ex
1533 4359 1817 4429 multiplici
1852 4362 2115 4415 varietate

544 4436 806 4496 decorum
838 4453 1085 4513 captaret
1136 4455 1193 4500 et
1237 4446 1583 4507 delectabile.
1618 4449 1796 4520 Super
1826 4453 2111 4509 columnas

544 4533 613 4588 ad
652 4542 854 4591 tectum
910 4552 1087 4609 usque
1130 4548 1186 4595 et
1230 4540 1495 4597 orientale
1546 4544 1988 4614 hemisphaerium
2051 4562 2115 4602 ex

545 4625 933 4696 pulcherrimis
967 4632 1255 4705 tessellulis
1303 4633 1500 4689 domus
1552 4637 1733 4691 omnis
1790 4637 2115 4705 inanratur,

546 4720 923 4788 prasidentem
983 4725 1190 4783 habens
1221 4727 1403 4798 operis
1452 4736 1751 4796 auctorem,
1787 4730 2117 4801 stipantibus

500 4860 501 4863 η
548 4813 1018 4873 commilitonibus
1062 4820 1255 4888 legatis
1312 4820 1689 4892 subiectisque
1720 4823 1979 4888 ducibus,
2021 4827 2115 4896 qui

549 4902 726 4961 instar
751 4923 1039 4966 munerum
1071 4925 1259 4983 captas
1310 4917 1379 4970 ab
1425 4933 1488 4972 eo
1529 4917 1690 4973 urbes
1745 4917 1820 4972 illi
1857 4920 2110 4975 otl‘crnnt.

550 4994 872 5070 Rursusque
920 5001 1153 5073 desuper
1180 5008 1232 5060 in
1265 5009 1453 5063 abside
1484 5026 1549 5065 ac
1578 5021 1718 5066 tecto
1748 5012 1961 5081 depicta
1991 5023 2120 5067 sunt

550 5088 814 5146 llerculea
898 5091 1246 5162 imperatoris
1299 5102 1600 5157 certamina
1659 5105 2120 5173 subditorumqne

549 5194 715 5236 causa
764 5185 1023 5239 exantlati
1071 5185 1288 5242 labores
1340 5205 1403 5243 ac
1462 5208 1643 5247 rerum
1683 5196 1939 5265 praeclare
1980 5198 2121 5251 bello

551 5280 824 5339 gestarum
878 5278 1108 5336 sudores
1152 5279 1369 5352 Deoque
1401 5294 1622 5340 auctore
1677 5299 1844 5357 parta:
1874 5290 2118 5345 victoria:

551 5370 895 5436 tropaeaquc;
952 5372 1054 5427 sub
1109 5372 1312 5442 quibus
1379 5385 1640 5443 tauquam
1693 5380 1891 5434 malum
1945 5381 2117 5436 stellis

554 5454 906 5522 praelucidum
938 5463 1115 5533 surgit
1145 5475 1430 5535 exstatque
1460 5469 1775 5525 cubiculum
1812 5472 1880 5526 ab
1925 5473 2117 5528 eodem

554 5544 883 5615 imperatore
934 5554 1141 5611 alTabre
1192 5558 1569 5627 fabrefactum,
1604 5572 1894 5618 vrnustum
1930 5576 1983 5619 et
2029 5582 2120 5619 va-

2205 1894 2299 1947 καὶ
2330 1892 2647 1964 πολυτελείᾳ
2681 1893 2774 1945 καὶ
2830 1892 3016 1945 κάλλει
3060 1892 3170 1944 τῶν
3202 1890 3376 1945 ἄλλων
3436 1890 3548 1941 κατ’
3604 1886 3731 1938 οῦδὲν

2206 1988 2400 2057 ὁρᾶται
2424 1986 2763 2056 λειπόμενον.
2816 1985 3091 2047 Ὡσαύτως
3113 1983 3217 2037 καλ.
3246 1984 3273 2034 ὁ
3304 1982 3387 2033 ἐπ’
3414 1980 3623 2048 ὀνόματι
3667 1975 3744 2029 τοῦ

2207 2079 2504 2149 κορυφαίου
2545 2078 2653 2131 τῶν
2694 2077 3005 2131 ἀποστόλων
3025 2074 3240 2145 Πέτρου
3264 2072 3404 2127 κατὰ
3425 2071 3482 2125 rb
3500 2068 3749 2139 ἆκροντῶν

2207 2170 2524 2241 Μαρκιανοῦ
2558 2169 2905 2239 περιδρόμων
2932 2167 3010 2231 ὡς
3054 2165 3433 2237 ἀκροπύργιον
3471 2163 3556 2215 ὑπ’
3609 2157 3747 2213 αύτοῦ

2215 2262 2685 2324 κατασκευασθείς
2709 2262 2850 2323 θεῖος
2877 2260 3025 2323 ναὸς,
3129 2258 3233 2311 καὶ
3255 2258 3318 2311 τδ
3343 2255 3437 2309 τοῦ
3461 2257 3753 2324 ἀρχιστρατ-

2208 2356 2345 2425 ήγου
2384 2353 2552 2423 εύκτή
2564 2370 2676 2424 ριον
2706 2353 2933 2424 ἥνωται.
2961 2352 3068 2405 Καὶ
3091 2351 3117 2404 δ
3143 2352 3251 2421 τῆς
3268 2348 3601 2418 Θεομήτορος
3619 2339 3752 2403 αὖθις

2209 2446 2551 2516 ὑπέρκειται,
2585 2444 2744 2496 ποίαν
2771 2443 3103 2513 εὐπρεπείας
3135 2442 3240 2493 καὶ
3271 2435 3755 2511 ὡραιότητοςύπερ-

2210 2534 2371 2605 ϐολὴν
2426 2535 2526 2587 οὐκ
2583 2532 2935 2604 ὲπλούτησεν,
2978 2532 3010 2601 ἢ
3074 2530 3230 2594 τίνος
3281 2530 3383 2582 οὐκ
3421 2527 3485 2581 ἂν
3511 2521 3756 2593 ὀφθαλμὸν

2211 2628 2452 2681 ὲστιάσοι
2477 2626 2569 2679 καὶ
2600 2626 2779 2696 ψυχὴν
2809 2624 3069 2694 εύφράνοι
3119 2624 3223 2677 καὶ
3268 2622 3389 2675 ὅλον
3422 2618 3548 2690 ἡδίω
3570 2617 3753 2685 ποιήσοι

2210 2720 2300 2773 τὸν
2325 2720 2555 2789 Θεατήν;

2280 2812 2388 2866 πθ’.
2416 2812 2499 2865 Τὰ
2529 2811 2587 2864 δὲ
2638 2811 2747 2862 τῶν
2778 2810 2943 2863 οἴκων
2972 2808 3168 2879 κάλλη,
3210 2808 3361 2878 ἆπερ
3389 2806 3469 2869 ὡς
3508 2800 3758 2873 βασιλείων

2214 2904 2457 2975 βασίλεια
2488 2906 2545 2957 ὲν
2573 2902 2753 2965 αὐτοῖς
2789 2905 2901 2965 τοῖς
2940 2900 3240 2971 βασιλείοις
3277 2903 3305 2955 ὁ
3342 2897 3588 2970 βασιλεὺς
3622 2894 3758 2947 Baci-

2211 2998 2353 3061 λειος
2386 2994 2731 3065 ἀνεδείματο,
2762 2993 3162 3065 λαμπροτέρων
3195 2994 3377 3047 ἐδεῖτο
3422 2988 3667 3061 κηρύκων
3691 2984 3763 3037 λό-

2211 3107 2324 3158 γων
2355 3090 2435 3151 είς
2467 3087 2701 3159 δήλωσιν
2744 3087 2838 3139 καὶ
2865 3086 3046 3156 χειρὸς
3082 3084 3486 3153 ὲντελεστέρας
3515 3084 3592 3143 είς
3619 3078 3673 3131 τὸ
3690 3076 3765 3129 δύ-

2209 3178 2402 3235 νασθαι
2420 3179 2561 3248 λόγῳ
2573 3177 2764 3248 δηλοῦν
2780 3177 2815 3231 ἃ.
2828 3180 2935 3240 τοῖς
2955 3176 3134 3245 ἔργοις
3152 3176 3309 3227 ἐστὶν
3328 3175 3596 3244 ἀμίμητα.
3614 3165 3767 3236 Ὀγὰρ

2212 3269 2587 3340 καινοπρεπὴς
2627 3260 2783 3330 οὗτος
2830 3262 3006 3329 οἶκος,
3035 3261 3095 3320 οὗ
3131 3266 3194 3318 τὸ
3245 3262 3610 3334 Καινούργιόν
3646 3263 3771 3311 ἐστιν

2212 3359 2520 3429 ἐπώνυμον,
2550 3357 2609 3409 ὃν
2626 3358 2690 3410 ὲκ
2715 3356 2934 3427 βάθρων
2960 3356 3167 3417 ἐκεῖνος
3200 3356 3524 3426 ἀνήγειρεν,
3551 3350 3661 3419 τίνα
3680 3348 3770 3400 τῶν

2215 3452 2507 3522 θεωμένων
2525 3450 2625 3503 οὐκ
2652 3448 2859 3518 ἐγείρει
2892 3446 3031 3517 πρὸς
3061 3445 3376 3517 ἔκπληξινς
3421 3446 3481 3499 ὃν
3510 3440 3776 3497 ἑκκαίδεκα

2215 3545 2393 3603 κίονες
2415 3541 2556 3595 κατὰ
2586 3540 2767 3610 στίχον
2794 3538 3089 3609 ἑστηκότες
3114 3539 3437 3608 ἀνέχουσιν,
3471 3538 3522 3590 oi
3545 3534 3639 3606 μὲν
3654 3528 3777 3583 ὀκτὼ

2213 3634 2419 3688 τούτων
2449 3635 2515 3686 ὲκ
2538 3631 2689 3685 λίθου
2708 3614 3069 3701 τυγχάνοντες
3096 3630 3411 3700 Θετταλῆς,
3437 3630 3473 3702 ἣ
3491 3628 3551 3681 τὺ
3578 3624 3782 3697 πράσιον

2216 3724 2413 3796 Χρῶμα
2444 3724 2819 3794 κεκλήρωται·
2855 3723 2906 3776 οἱ
2941 3722 2999 3788 ἒξ
3020 3722 3077 3775 δὲ
3107 3721 3208 3791 τὴν
3236 3721 3337 3776 τοῦ
3373 3720 3624 3790 ὀνυχίτου
3641 3729 3784 3784 προσ·

2217 3818 2446 3888 ηγορίαν
2474 3815 2754 3887 αὐχοῦσιν,
2781 3814 2874 3877 οὓς
2896 3816 2923 3868 ὁ
2955 3813 3195 3878 λιθοξόος
3231 3813 3524 3877 παντοίως
3551 3811 3789 3882 ὡρὰῑσενν

2219 3910 2465 3981 ἀμπέλου
2496 3910 2682 3981 σχῆμα
2698 3908 2817 3961 κατ’
2845 3908 3040 3969 αὐτοὺς
3066 3906 3381 3976 μορφώσας
3412 3905 3512 3957 καὶ
3548 3898 3791 3954 παντοίων

2220 4005 2374 4068 ζώων
2405 4003 2549 4065 ἰδέας
2594 4004 2652 4055 ὲν
2683 3999 2861 4070 ταύτῃ
2889 3998 3388 4069 ἀπεργασάμενος.
3430 3997 3499 4051 Ol
3528 3996 3705 4064 ἕτεροι
3750 3988 3799 4041 δὲ

2219 4096 2311 4150 δύο
2340 4095 2434 4148 καὶ
2460 4093 2615 4147 αὐτοὶ
2645 4092 2742 4163 μὲν
2768 4092 2867 4160 τὴν
2902 4088 3069 4143 αὐτοῦ
3097 4088 3359 4158 ὀνυχίτου
3391 4088 3563 4157 φύσιν
3594 4085 3796 4150 εἰλήφα-

2223 4205 2328 4251 σιν,
2364 4188 2462 4255 οὐχ
2512 4185 2696 4253 ὅμοιον
2742 4182 2798 4235 δὲ
2855 4182 2916 4235 τὸ
2949 4182 3134 4253 σχῆμα
3189 4180 3353 4250 παρὰ
3412 4178 3528 4231 τῶν
3571 4170 3799 4238 λιθοξόων

2222 4280 2489 4345 ἐδέξαντο,
2507 4277 2642 4330 ἀλλὰ
2662 4276 2954 4346 γραμμαῖς
2986 4273 3224 4335 σκολιαῖς
3258 4274 3327 4324 τὸ
3364 4273 3474 4341 τῆς
3498 4264 3801 4337 ἐπιφανείας

2223 4369 2426 4440 ὁμαλὸν
2462 4366 2835 4436 ἀφῃρέθησαν,
2857 4364 3000 4419 οὕτω
3050 4363 3294 4417 ποικῖλαι
3327 4362 3550 4425 ταύτας
3601 4357 3695 4412 τοῦ
3725 4370 3803 4407 τε·

2226 4462 2411 4533 χνίτου
2440 4460 2788 4529 θελήσαντος,
2817 4457 2892 4519 ὼς
2926 4458 2991 4510 ὲκ
3012 4454 3108 4509 τοῦ
3132 4454 3268 4508 πολυ
3280 4456 3512 4525 μόρφου
3550 4450 3805 4521 θηρῶντος

2224 4555 2286 4606 τὸ
2312 4552 2586 4623 εὐπρεπὲς
2638 4549 2733 4603 καὶ
2782 4548 3066 4620 ἐράσμιον.
3103 4545 3354 4598 Ἀνωθεν
3385 4546 3450 4598 δὲ
3480 4543 3594 4597 τῶν
3631 4540 3807 4593 κιόνων

2224 4647 2352 4717 ἄχρι
2372 4646 2470 4713 τῆς
2499 4643 2705 4713 ὀροφῆς
2741 4642 2837 4694 καὶ
2860 4641 2919 4692 τὸ
2950 4638 3090 4692 κατὰ
3114 4637 3394 4701 ἀνατολὰς
3432 4634 3808 4709 ἡμισφαίριον,

2225 4740 2289 4792 ὲκ
2315 4736 2562 4807 ψηφίδων
2592 4734 2808 4803 ὡραίων
2856 4731 3001 4792 ἅπας
3038 4730 3066 4781 ὁ
3099 4725 3251 4791 οἶκος
3284 4728 3808 4798 κατακεχρύσωται.

2224 4822 2641 4896 προκαθήμενον
2672 4821 2811 4888 ἔχων
2850 4819 2940 4870 τὸν
2965 4816 3060 4869 τοῦ
3107 4814 3269 4886 ἔργου
3303 4816 3693 4887 δημιουργὸν,
3722 4809 3813 4862 ὑπὸ

2220 4918 2331 4970 τῶν
2369 4912 2786 4983 συναγωνιστῶν
2834 4910 3265 4980 ὑποστρατήγων
3301 4908 3811 4980 δορυφορούμενον,

2220 5009 2295 5069 ὼς
2317 5007 2466 5076 δῶρα
2488 5005 2870 5074 προσαγόντων
2894 5001 3044 5071 αὐτῷ
3066 5001 3161 5063 τὰς
3184 5000 3275 5053 ὑπ’
3304 5002 3497 5055 αὐτοῦ
3524 4994 3819 5054 ἑαλωκυίας

2221 5100 2425 5161 πόλεις.
2459 5098 2566 5149 Καὶ
2600 5091 2755 5157 αὖθις
2782 5092 2989 5146 ἄνωθεν
3016 5094 3109 5143 ἐπὶ
3144 5092 3244 5159 τῆς
3268 5091 3502 5161 ὀροφῆς
3533 5086 3817 5154 ἀνιστόρη-

2222 5209 2312 5245 ται
2342 5191 2407 5243 τὰ
2435 5188 2528 5241 τοῦ
2555 5186 2818 5257 βασιλέως
2846 5184 3143 5255 Ἡράκλεια
3173 5180 3315 5235 ἆθλα
3354 5185 3465 5237 καὶ
3491 5184 3545 5236 οἱ
3584 5180 3723 5251 ὑπὲρ
3740 5168 3823 5227 τοῦ

2225 5284 2466 5354 ὑπηκόου
2498 5282 2648 5334 πόνοι
2686 5280 2781 5332 καὶ
2804 5278 2854 5330 οί
2901 5278 3008 5330 τῶν
3038 5274 3360 5345 πολεμικῶν
3390 5277 3643 5342 ἀγώνων
3672 5266 3825 5341 ίδρῶσ

2226 5395 2316 5441 τες
2346 5375 2536 5429 καὶτὰ
2587 5376 2652 5426 ὲκ
2684 5370 2818 5424 Θεοῦ
2863 5368 3178 5439 νικητήρια,
3226 5366 3319 5435 ὑφ’
3356 5362 3445 5422 ὦν
3488 5368 3574 5429 ὡς
3610 5360 3830 5436 οὐρανὸς

2229 5470 2320 5524 ὑπ’
2344 5469 2589 5538 ἀστέρων
2616 5464 3011 5533 ύπέρλαμπρος
3034 5461 3309 5530 ἐξανίσχει
3355 5461 3583 5514 κοιτὼν
3617 5459 3725 5513 ὑπὸ
3742 5451 3830 5506 τῡῦ

2228 5562 2394 5617 αὐτοῦ
2426 5560 2511 5633 [Ρ.
2549 5557 2677 5628 205]
2710 5553 3115 5625 φιλοτεχνηθεὶς
3143 5552 3615 5623 αὑτοκράτοροῖ,
3642 5538 3836 5619 ὼριίὀς

1820 5656 2049 5713 ΥᾹΙΗΑΞ
2082 5654 2477 5714 LECTIONES.

624 5733 671 5768 “‘
704 5734 1060 5809 πλουτοχόρου
1092 5742 1154 5795 Α,
