3994 6220
321 269 435 338 889

1377 277 1529 343 LIB.
1560 278 1627 339 V.
1672 301 1739 311 ·-
1780 271 2135 334 BASILIUS
2174 272 2506 336 MACEDO.

3475 281 3584 348 350

320 401 382 441 τε
405 383 505 439 καὶ
532 384 905 457 παμποίκιλος
950 389 1040 443 καὶ
1076 390 1219 445 κατὰ
1258 391 1469 447 πάντων
1501 390 1688 463 σχεδὸν
1716 390 1786 444 τὰ
1804 405 1865 441 το

1970 432 1975 444 ,
2007 385 2147 439 rium
2179 396 2485 457 cunctaque
2525 387 2638 443 fere
2665 387 2955 446 excellenti
2981 391 3395 463 pulchritudine
3418 395 3583 468 333

320 479 553 543 κάλλους
605 481 907 553 φερόμενος
939 486 1254 555 νικητήρια.
1288 486 1464 551 Εὐθὺς
1511 486 1621 557 γὰρ
1663 485 1806 540 κατὰ
1838 503 1867 538 τ

2004 489 2291 545 superans.
2335 476 2528 531 Statim
2590 478 2736 532 cnim
2803 477 2857 533 in
2922 482 3217 551 pavimenti
3279 486 3584 542 meditullio

317 569 414 625 τοῦ
444 570 678 641 ἐδάφους
707 573 1035 642 μεσαίτατον
1053 574 1114 627 τὸ
1135 575 1381 644 Μηδικὸν
1405 577 1593 647 ὄρνεον
1619 577 1647 629 ὁ
1665 577 1811 641 ταὼς
1834 578 1899 631 ἐκ

313 662 568 732 ψηφίδων
595 662 866 735 λαμπρῶν
891 668 955 738 τῇ
984 665 1208 738 λιθοξόῳ
1226 669 1389 742 τέχνη
1420 669 1895 742 διαμεμὸρφωται,

316 756 376 807 ἐν
398 754 708 829 εύθυτόρνῳ
742 756 930 829 κύκλῳ
960 759 1024 813 ἐκ
1049 758 1200 813 λίθου
1236 761 1491 831 Καρικῆς
1539 762 1897 831 συγκλειόμε-

312 863 426 912 νος,
453 846 548 916 ἀφ’
591 840 765 919 οὗπερ
804 850 1025 913 ἀκτῖνες
1066 850 1173 904 ἀπὸ
1212 849 1364 904 λίθου
1393 852 1492 921 τῆς
1546 852 1721 923 αὐτῆς
1758 852 1895 923 πρὸς

314 937 474 993 ἄλλον
498 938 721 1010 μείζονα
758 939 957 994 κύκλον
991 942 1393 1013 ἐκπέμπονται.
1426 942 1667 1010 Ἐξωθεν
1711 944 1766 996 δὲ
1796 944 1893 997 καὶ

315 1029 505 1085 τούτου
540 1031 795 1103 καθάπερ
844 1032 989 1096 τινὲς
1022 1033 1226 1105 ῥύακες
1286 1033 1320 1106 ἧ
1356 1036 1593 1106 ποταμοὶ
1644 1036 1707 1088 ὲκ
1738 1034 1889 1089 λίθου

314 1121 664 1194 Θεπαλῆς,ἢ
689 1124 749 1178 τὸ
776 1124 1007 1193 πράσιον
1033 1125 1232 1197 χρῶμα
1260 1126 1631 1199 κεκλήρωται,
1659 1129 1801 1183 κατὰ
1827 1128 1890 1182 τὸ

310 1211 405 1267 τοῦ
440 1213 591 1268 οῐκου
618 1215 962 1286 τετράγωνον
996 1217 1184 1290 σχῆμα
1214 1218 1590 1289 ἐφὴπλωνται,
1619 1222 1764 1274 κατὰ
1788 1222 1888 1285 τὰς

306 1303 463 1368 ἐντὸς
481 1304 714 1372 λαγόνας
747 1306 1013 1377 τέτταρας
1036 1309 1232 1373 ἀετοὺς
1258 1312 1322 1364 ἐκ
1343 1309 1594 1381 ψηφίδων
1624 1311 1886 1366 ποικίλων

304 1408 366 1446 τε
388 1392 487 1447 καὶ
528 1392 743 1448 λεπτῶν
774 1395 1261 1466 περισφίγγουσαι,
1319 1398 1400 1461 είς
1428 1397 1683 1452 τοσοῦτον
1723 1399 1885 1470 ἀκρισ-

305 1482 510 1537 ϐοὖντα
568 1483 667 1555 τὴν
699 1485 935 1556 μίμησιν
986 1486 1203 1541 ἅπαντα
1235 1487 1311 1552 ὡς
1345 1487 1589 1553 εἰκάζειν
1612 1488 1750 1542 αὐτὰ
1783 1491 1884 1560 ζῇν

304 1575 400 1628 καὶ
431 1575 693 1630 ῖπτασθαι
726 1576 1034 1647 βούλεσθαι.
1087 1579 1153 1632 Ol
1183 1578 1241 1632 δὲ
1278 1579 1410 1651 παρ’
1442 1580 1680 1653 ἑκάτερα
1713 1581 1883 1652 τοῖχοι

301 1665 471 1720 ὑάλου
531 1667 856 1738 πολυχρόοις
884 1669 1051 1735 πλαξὶ
1094 1671 1548 1740 περισκέπονται,
1604 1672 1880 1744 διαφόρων

298 1757 511 1811 ἀνθέων
535 1757 822 1823 δοκοῦντες
858 1765 1096 1832 μορφαῖς
1120 1762 1476 1834 ὡραῖζεσθαι.
1502 1763 1780 1833 Ὓπερθεν
1825 1763 1881 1816 δὲ

296 1850 511 1905 τούτων
534 1851 742 1922 κόσμος
773 1870 859 1917 τις
906 1853 1067 1918 ἄλλος
1125 1855 1586 1926 περιηνθισμένος
1641 1855 1881 1909 διαθέσει

296 1941 512 2014 χρυσῷ,
541 1943 633 2014 ὑφ’
655 1937 718 1999 οὗ
744 1945 1077 2018 διείργεσθαι
1102 1946 1171 2000 τὰ
1199 1947 1484 2018 κατώτερα
1511 1948 1622 2001 τῶν
1654 1948 1766 2001 ἄνω
1796 1947 1880 2000 δο-

293 2033 415 2085 κεῖ’
456 2030 515 2086 ὃν
559 2034 624 2086 ἐκ
668 2033 875 2104 χρυσοῦ
930 2033 1184 2104 ψηφίδων
1213 2034 1521 2107 διαδέχεται
1569 2034 1875 2105 τερπνότης

293 2125 454 2196 ἄλλη,
486 2125 739 2199 ἔνθρονον
765 2126 1022 2181 δεικνῦσα
1063 2126 1154 2181 τὸν
1176 2126 1271 2181 τοῦ
1332 2127 1497 2199 ἔργου
1541 2125 1875 2197 δημιουργὸν

291 2216 677 2288 αὐτοκράτορα
706 2217 806 2271 καὶ
837 2217 937 2287 τὴν
966 2215 1202 2285 σύζυγον
1226 2218 1511 2287 Εύδοκίαν,
1541 2218 1758 2281 στολαῖς
1784 2235 1876 2272 κε-

290 2309 696 2382 κοσμημένους
751 2309 1061 2381 βασιλικαῖς
1130 2313 1229 2366 καὶ
1288 2311 1707 2382 ταινιουμένους
1759 2315 1875 2375 τοῖς

289 2400 629 2473 στέμμασιν.
665 2403 728 2455 Oi
756 2402 814 2455 δὲ
841 2403 1015 2457 κοινοὶ
1048 2404 1237 2467 παῖδες
1264 2404 1340 2469 ὡς
1371 2403 1599 2475 ἀστέρες
1627 2403 1872 2475 λαμπροὶ

284 2494 382 2549 τοῦ
413 2495 582 2566 δόμου
609 2495 770 2566 πέριξ
795 2496 1138 2568 ἱστόρηνται,
1173 2500 1295 2562 ταῖς
1335 2497 1627 2569 βασιλείοις
1651 2499 1746 2552 καὶ
1770 2498 1871 2551 αύ-

280 2589 369 2643 τοὶ
391 2587 611 2653 στολαῖς
646 2590 740 2643 καὶ
776 2591 891 2654 τοῖς
915 2589 1191 2662 στέμμασι
1222 2590 1738 2661 καταγλαῖζόμενοι.
1769 2584 1871 2643 Ὧν

277 2680 332 2733 οἱ
362 2680 472 2751 μὲν
498 2679 727 2751 ἄρῤενες
756 2678 958 2751 τόμους
990 2681 1377 2753 ἐπιφερόμενοι
1410 2681 1722 2736 δείκνυνται
1769 2680 1868 2750 τᾲς

276 2770 439 2835 θείας
462 2771 704 2839 ἐντολὰς,
732 2767 821 2837 αἷς
839 2775 1073 2843 στοιχεῖν
1093 2772 1455 2840 ἐπαιδεύοντο,
1478 2772 1833 2845 περιέχοντας
1849 2788 1865 2803 ο

273 2861 341 2915 τὺ
367 2862 429 2917 δὲ
483 2862 618 2934 θῆλυ
659 2864 816 2933 γένος
861 2863 958 2919 καὶ
994 2864 1127 2918 αὐτὸ
1185 2864 1402 2936 βίϐλους
1431 2865 1585 2929 τινὰς
1635 2865 1866 2936 κατέχον

271 2952 503 3022 δρᾶται,
542 2952 724 3021 νόμων
755 2953 917 3007 θείων
940 2952 1169 3025 ἐχούσας
1215 2953 1500 3023 περιοχὴν,
1537 2952 1864 3024 βουλομένου

2004 579 2163 632 pavo,
2203 562 2322 618 avis
2356 563 2587 628 Medica,
2623 581 2687 621 ex
2731 566 3041 636 prtelucidis
3112 571 3404 627 tessellulis
3441 571 3581 641 lapi-

2000 656 2137 711 cidze
2167 655 2401 711 artificio
2445 656 2657 712 cﬂictus
2704 669 2808 723 est,
2839 661 3231 718 rotundissimo
3270 664 3479 719 circulo
3512 681 3576 718 ex

1998 746 2164 802 Cario
2198 747 2377 816 lapide
2411 747 2679 812 inclusus,
2704 764 2767 803 ex
2801 767 2912 821 quo
2948 752 3084 807 radii
3115 754 3358 824 ejusdem
3382 755 3579 826 lapidis

1996 839 2049 893 in
2113 839 2279 894 alium
2342 840 2606 909 majorem
2650 840 2917 897 circulum
2975 843 3239 900 immeant
3288 849 3576 920 (extraque

1994 946 2118 987 cum
2160 931 2323 987 etiam
2355 932 2520 986 veluti
2552 933 2774 1003 quidam
2809 935 2910 989 rivi
2951 935 3067 991 sive
3113 936 3266 992 ﬂuvii
3301 955 3367 994 ex
3398 940 3572 998 Thes-

1992 1022 2160 1077 salico
2193 1024 2384 1080 viridis
2419 1025 2623 1080 coloris
2658 1025 2837 1096 lapide
2861 1026 2929 1081 ad
2962 1040 3199 1097 quatuor
3236 1031 3368 1087 aedis
3399 1047 3571 1105 augu-

1993 1114 2074 1170 los
2108 1114 2457 1187 funduntur),
2489 1117 2747 1174 interiore
2768 1119 2891 1174 sinu
2926 1131 3166 1189 quatuor
3189 1124 3403 1192 aquilas
3419 1126 3571 1182 vario

1991 1204 2286 1275 subtilique
2348 1207 2624 1262 tessellato
2685 1222 2851 1278 opere
2903 1211 3366 1282 constringentes,
3417 1222 3568 1270 tanta

1986 1296 2341 1367 expressione
2365 1298 2556 1367 sicque
2577 1307 2831 1354 accurata
2897 1300 2974 1356 rei
3005 1301 3309 1357 imitatione
3347 1312 3403 1358 ut
3432 1303 3555 1361 illas

1988 1388 2171 1443 vivere
2200 1402 2266 1441 ac
2309 1386 2423 1456 jam
2471 1388 2689 1458 jamque
2745 1389 2982 1444 volatum
3053 1391 3234 1446 moliri
3280 1392 3561 1463 conjicias.

1985 1478 2228 1535 Parietes
2260 1479 2521 1550 utrinque
2561 1482 2766 1537 crustis
2799 1482 2989 1537 vitreis
3022 1484 3156 1536 varii
3187 1484 3387 1540 coloris
3430 1501 3565 1540 con-

1984 1580 2265 1641 teguntur,
2314 1572 2396 1626 sic
2428 1572 2686 1627 nimirum
2720 1581 2781 1626 ut
2827 1571 3061 1626 diversis
3099 1573 3425 1629 interstincti
3467 1575 3565 1630 ﬂo—

1985 1662 2137 1718 ribus
2168 1663 2349 1733 iisque
2381 1678 2613 1719 vernare
2650 1663 2965 1719 vidcantur.
3002 1664 3178 1734 Super
3211 1679 3305 1721 cos
3330 1675 3562 1723 ornatus

1981 1755 2125 1810 alius
2157 1755 2501 1825 prartloridus
2533 1756 2654 1811 auri
2686 1756 3111 1826 compositione,
3144 1772 3255 1825 quo
3302 1756 3560 1813 inferiora

1981 1860 2011 1899 a
2039 1845 2417 1915 superioribus
2461 1845 2808 1915 interstingui
2851 1846 3125 1901 videntur.
3166 1845 3426 1917 Sequitur
3454 1849 3559 1905 alia

1981 1946 2241 1992 venustas
2275 1953 2342 1992 cx
2390 1937 2576 1992 aureis
2608 1936 2921 2001 tessellulis,
2958 1937 3345 2007 imperatorem
3377 1940 3559 2010 operis

1978 2042 2256 2085 auctorem
2300 2030 2354 2085 in
2388 2030 2586 2085 throno
2630 2029 2917 2086 sedentem
2977 2016 3319 2100 uxoremque
3371 2031 3559 2087 Eudo-

1976 2122 2141 2189 ciam,
2188 2124 2355 2193 regiis
2389 2123 2732 2180 vestimentis
2764 2123 2998 2180 amictos
3028 2138 3093 2179 ac
3130 2126 3352 2180 coronis
3404 2124 3523 2180 redi

1978 2215 2166 2280 tuitos,
2196 2212 2515 2271 ostendens.
2550 2213 2887 2272 Communes
2919 2215 3208 2287 utriusque
3242 2216 3419 2278 liberi,
3454 2230 3555 2271 ceu

1974 2308 2143 2364 stellze
2175 2309 2458 2378 pellucidae
2505 2309 2652 2365 circa
2715 2309 2939 2365 domum
2982 2309 3205 2380 depicti,
3238 2308 3557 2379 Angusta-li-

1973 2402 2078 2459 bus
2100 2411 2156 2459 et
2186 2403 2289 2473 ipsi
2320 2404 2567 2460 vestibus
2612 2404 2797 2460 amicti
2846 2404 3176 2474 coronisque
3212 2403 3415 2459 ornati.
3444 2401 3556 2457 Ma-

1972 2495 2110 2550 sculi
2150 2493 2321 2551 libros
2392 2494 2577 2551 ferunt
2630 2496 2812 2551 divina
2868 2496 3212 2550 continentes
3261 2502 3553 2564 praecepta,

1970 2586 2173 2656 quibus
2201 2588 2426 2657 obsequi
2458 2587 2867 2644 erudiebanlur.
2904 2587 3142 2641 Femina:
3176 2587 3307 2653 ipsae
3335 2601 3554 2657 quoque

1969 2678 2140 2734 libros
2200 2679 2470 2750 quosdam
2530 2687 2714 2734 tenere
2763 2679 3223 2749 conspiciuntur,
3258 2678 3311 2732 in
3352 2679 3553 2747 quibus

1968 2768 2276 2825 divinarum
2305 2768 2486 2840 legum
2516 2777 2839 2839 argumenta
2876 2766 3152 2838 descripta
3182 2776 3331 2823 sunt.
3370 2765 3554 2821 Voluit

1970 2861 2109 2918 forte
2137 2860 2335 2917 artifex
2364 2861 2607 2917 indicare
2656 2875 2767 2916 non
2820 2861 2996 2917 solum
3024 2861 3321 2927 masculos,
3361 2862 3453 2916 sed
3498 2869 3553 2915 et

1968 2953 2202 3009 feminas
2240 2953 2413 3010 sacris
2446 2952 2669 3008 Litteris
2705 2953 2951 3008 eruditas
2989 2966 3114 3009 esse
3168 2968 3233 3007 ae
3267 2952 3550 3021 sapientiae

267 3040 454 3106 δεῖξαι
475 3040 571 3096 τοῦ
606 3043 851 3113 τεχνίτου
866 3043 1027 3112 τυχὸν
1052 3042 1127 3105 ὡς
1144 3042 1204 3096 οὑ
1233 3043 1392 3112 μόνον
1425 3043 1457 3115 ἡ
1487 3044 1664 3115 ἄῤῥην
1690 3042 1852 3114 γονὴν

1970 3046 2169 3103 divina:
2200 3046 2522 3118 participes.
2564 3046 2717 3101 Licet
2770 3046 2934 3118 331‘
2984 3046 3129 3102 enim
3179 3047 3295 3116 ipse
3331 3046 3577 3125 generis,

266 3133 420 3187 ἀλλὰ
458 3133 557 3187 καὶ
584 3136 617 3206 ἡ
643 3134 829 3205 θήλεια
858 3136 926 3189 τὰ
954 3134 1076 3204 ἱερὰ
1113 3134 1396 3206 μεμύηται
1427 3134 1737 3207 γράμματα
1769 3134 1865 3189 καὶ

264 3227 377 3296 τῆς
415 3225 567 3290 θείας
599 3227 790 3297 σοφίας
821 3228 922 3281 οὐκ
948 3227 1097 3281 ἔστιν
1128 3226 1417 3298 ἀμέτοχος,
1442 3229 1539 3281 καὶ
1570 3226 1675 3282 κᾶν
1705 3228 1733 3281 ὁ
1763 3245 1865 3296 φυ-

262 3317 552 3390 τοσπόρος
585 3318 793 3372 τούτων
818 3320 918 3374 οὐκ
970 3319 1127 3391 ἔσχεν
1164 3318 1222 3385 ἐξ
1251 3319 1428 3392 ἀρχῆς
1460 3320 1677 3382 οἰκείως
1728 3319 1862 3391 πρὸς

262 3412 589 3483 γράμματα
623 3412 714 3465 διὰ
741 3413 842 3488 τὴν
874 3412 1136 3486 βιωτικὴν
1168 3413 1552 3484 περιπέτειαν,
1601 3413 1718 3467 ἀλλ’
1768 3408 1862 3467 οὖν

262 3504 405 3567 τοὺς
459 3503 698 3568 οἰκείους
749 3504 997 3569 ἅπαντας
1025 3503 1288 3576 βλαστοὺς
1341 3504 1398 3557 ἐν
1429 3506 1630 3576 μετοχῇ
1672 3503 1862 3572 σοφίας

263 3595 553 3667 πεποίηκε
578 3613 593 3627 ο
624 3595 782 3650 τοῦτο
812 3595 891 3663 δὲ,
945 3596 1166 3668 καὶτῆς
1208 3596 1447 3668 ἱστορίας
1464 3596 1608 3671 δίχα,
1641 3595 1729 3649 διὰ
1762 3596 1862 3667 τῆς

263 3690 559 3760 γραφικῆς
592 3687 859 3761 ἐϐουλήθη
912 3690 1026 3754 τοῖς
1081 3689 1254 3761 ὁρῶσι
1301 3688 1689 3761 σημαίνεσθαι.
1748 3688 1861 3742 Καὶ

261 3778 449 3833 ταῦτα
480 3777 583 3851 μὲν
608 3778 677 3833 τὰ
699 3779 872 3850 κάλλη
904 3780 984 3851 τῷ
1011 3784 1351 3853 τετραμερεῖ,
1366 3781 1475 3835 τῶν
1500 3781 1698 3851 τοίχων
1730 3781 1861 3852 ἄχρι

261 3871 372 3940 τῆς
420 3869 627 3941 ὀροφῆς
669 3871 1019 3942 περιέχεται·
1056 3871 1198 3941 αὐτὴ
1247 3872 1302 3925 δὲ
1328 3872 1362 3941 ἡ
1412 3870 1507 3924 τοῦ
1540 3873 1585 3904 ⁸⁷
1616 3872 1861 3925 τοιούτου

263 3962 536 4026 κοιτῶνος
569 3963 743 4033 ὀροφὴ
781 3963 881 4016 οὐκ
920 3964 1255 4032 ἀνεστηκυῖα
1288 3963 1423 4034 πρὸς
1454 3961 1587 4032 ὕψος
1637 3964 1860 4033 ἐπαίρε-

262 4070 381 4119 ται,
413 4051 552 4107 ἀλλὰ
581 4053 661 4124 τῷ
686 4053 1024 4125 τετραγώνῳ
1054 4054 1295 4123 σχήματι
1328 4055 1443 4115 τοῖς
1467 4053 1669 4122 τοίχοις
1696 4054 1859 4121 ἐγκά-

263 4143 458 4215 θηται.
494 4145 707 4215 χρυσίῳ
728 4144 911 4199 διόλου
948 4145 1401 4216 κατηγλαῖσμένη
1428 4146 1522 4198 καὶ
1545 4144 1853 4210 στίλϐουσα,

262 4233 418 4288 κατὰ
444 4234 509 4288 τὸ
537 4235 866 4305 μεσαίτατον
898 4235 1140 4306 φέρουσα
1167 4235 1259 4288 τὸν
1289 4235 1564 4289 νικοποιδν
1599 4235 1852 4305 σταυρὸν,

262 4322 421 4394 ὑάλῳ
470 4325 693 4395 πρασίῳ
749 4324 1245 4397 διαμορφούμενον,
1283 4324 1413 4394 περὶ
1462 4322 1523 4377 δν
1576 4324 1652 4387 ῶς
1679 4325 1856 4395 ἄστρα

1968 3145 2165 3195 auctor
2212 3148 2488 3208 caputque
2519 3138 2743 3193 familiae
2784 3138 2932 3192 haud
2963 3153 3194 3207 prorsus
3227 3137 3383 3192 initio
3414 3152 3548 3208 erga

1969 3231 2181 3287 litteras
2239 3245 2509 3300 propenso
2570 3230 2844 3284 animatus
2892 3238 3036 3284 esset
3094 3230 3164 3285 ob
3211 3230 3334 3284 vitae
3385 3220 3546 3284 aliam

1965 3323 2242 3392 aliamque
2275 3331 2478 3377 sortem
2510 3335 2788 3391 casusque
2814 3320 3083 3384 ditIlciles,
3119 3336 3335 3376 omnem
3365 3329 3545 3373 tamen

1965 3415 2206 3471 sobolem
2239 3414 2505 3484 sapientia
2546 3412 2718 3468 imbui
2750 3414 2981 3468 curavit.
3014 3415 3192 3483 Atque
3218 3412 3345 3477 hoc,
3381 3412 3545 3466 etiam

1966 3515 2183 3562 tacente
2229 3506 2478 3572 historia,
2507 3521 2606 3577 per
2638 3504 2907 3575 picturam
2963 3504 3139 3559 voluit
3192 3502 3547 3558 cernentibus

1965 3601 2329 3671 conspicuum
2380 3614 2523 3655 esse.
2570 3598 2749 3669 Atque
2811 3598 2927 3652 haec
2973 3595 3171 3650 decora
3215 3595 3269 3648 in
3310 3605 3548 3665 quatuor

1962 3696 2234 3765 parietum
2270 3692 2537 3749 lateribus
2582 3691 2647 3747 ad
2698 3698 2904 3746 tectum
2959 3702 3136 3760 usque
3186 3688 3543 3744 exhibentur.

1961 3788 2192 3844 Tectum
2223 3796 2407 3842 autem
2441 3785 2607 3855 hujus
2630 3782 2871 3840 cubiculi
2900 3798 3008 3837 non
3051 3782 3106 3837 in
3158 3780 3395 3837 sublime
3418 3794 3544 3835 sese

1961 3879 2215 3950 porrigit,
2260 3878 2355 3933 sed
2411 3876 2591 3931 forma
2620 3884 2901 3945 tetragona
2954 3872 3265 3944 parietibus
3317 3871 3542 3937 insidet,

1959 3984 2093 4024 auro
2121 3976 2294 4022 totum
2337 3965 2763 4021 eondeeoratum
2792 3964 3025 4034 ejusque
3067 3963 3280 4031 fulgore
3310 3961 3539 4015 micans.

1960 4056 2016 4111 In
2048 4057 2228 4111 medio
2259 4054 2442 4111 crucis
2471 4054 2753 4109 victoriale
2804 4054 3019 4123 signum
3041 4095 3059 4117 ,
3090 4053 3233 4105 vitro
3268 4049 3427 4104 viridi
3457 4048 3541 4105 ef-

1960 4149 2278 4205 formatum.
2311 4147 2470 4202 Circa
2496 4161 2710 4200 crucem
2736 4146 2884 4199 velut
2914 4145 3102 4200 stellas
3132 4143 3185 4198 in
3224 4142 3364 4198 caalo
3384 4141 3541 4197 eﬂ‘ul-

1958 4248 2147 4311 gentes
2177 4239 2407 4305 videbis,
2437 4239 2611 4309 ipsum
2653 4238 3025 4308 pcrcelebrem
3060 4237 3441 4306 imperatorem
3475 4249 3541 4289 ac

1958 4347 2082 4387 cum
2132 4330 2321 4386 liberis
2378 4330 2637 4385 omnibus
2670 4330 2843 4398 ipsam
2896 4328 3212 4396 conjugem,
3250 4339 3444 4379 manus
3470 4326 3540 4379 ad

263 4418 395 4470 κατ’
418 4417 649 4487 οὐρανὸν
674 4417 844 4490 θεάσῃ
870 4419 1225 4489 ὲκλάμποντα
1258 4419 1423 4471 αὐτόν
1474 4435 1533 4472 τε
1563 4418 1654 4472 τὸν
1684 4417 1852 4473 ἀοίδι-

1970 4425 2129 4480 Deum
2162 4425 2518 4481 sustollentcs
2571 4438 2635 4479 ac
2664 4423 2846 4478 crucis
2877 4420 3153 4475 viviﬁcum
3209 4419 3448 4491 signum,
3485 4428 3539 4473 ct

265 4524 378 4577 μον
427 4508 656 4579 βασιλέα
687 4510 782 4564 καὶ
808 4511 947 4580 μετὰ
977 4511 1088 4564 τῶν
1114 4511 1322 4564 τέκνων
1348 4509 1569 4563 πάντων
1595 4511 1695 4581 τὴν
1728 4509 1856 4564 σύν-

264 4614 452 4666 ευνον,
506 4599 644 4671 πρός
698 4620 760 4655 τε
816 4601 951 4655 Θεὸν
1011 4602 1106 4656 καὶ
1163 4604 1226 4656 τὸ
1280 4602 1376 4655 τοῦ
1442 4603 1678 4674 σταυροῦ
1714 4604 1852 4670 ζωο-

263 4690 425 4744 ποιὸν
452 4688 542 4765 [Ρ.
591 4691 721 4768 206]
755 4696 980 4765 σημεῖον
1003 4693 1103 4758 τὰς
1132 4696 1322 4765 χεῖρας
1354 4694 1708 4765 ἐπαίροντας,
1758 4698 1853 4751 καὶ

259 4778 427 4834 τοῦτο
455 4779 621 4850 μόνον
647 4782 768 4853 οὐχὶ
796 4782 1055 4853 βοῶντας,
1081 4784 1164 4837 ὅτι
1226 4784 1326 4839 Διὰ
1346 4783 1524 4839 τοῦδε
1553 4785 1658 4839 τοῦ
1686 4803 1850 4840 νικο-

260 4870 445 4926 actm?
473 4874 790 4941 συμϐόλου
843 4873 967 4929 πᾶν
992 4875 1221 4945 ἀγαθὸν
1250 4877 1349 4931 καί
1388 4880 1573 4947 φίλον
1622 4880 1745 4946 Θεῷ
1780 4880 1850 4934 ἐν

260 4962 397 5029 ταῖς
422 4964 673 5034 ἡμέραις
699 4964 809 5036 τῆς
837 4966 1128 5036 ήμέτερας
1167 4969 1492 5038 βασιλείας
1518 4972 1846 5043 διαπέπρα-

1957 4526 2168 4573 tantum
2201 4532 2310 4573 non
2342 4517 2647 4571 clamantes
2678 4530 2691 4567 :
2731 4514 2835 4568 Per
2857 4516 2955 4568 hoc
2983 4511 3263 4566 victoriaie
3296 4511 3533 4580 signum,

1954 4611 2212 4685 quidquid
2265 4611 2459 4664 bonum
2502 4608 2711 4679 Deoque
2769 4615 3063 4675 acceptum,
3112 4603 3324 4672 imperii
3360 4602 3533 4656 nostri

1958 4703 2277 4773 temporibus
2306 4711 2508 4771 gestum
2537 4709 2612 4753 est
2642 4715 2703 4751 ac
2724 4708 3019 4765 peractum.
3055 4693 3380 4749 Continetur
3405 4707 3544 4748 vero,

1954 4794 2119 4849 etiam
2151 4791 2454 4863 gratiarum
2488 4789 2631 4844 actio
2661 4788 2861 4843 litteris
2889 4792 3218 4850 cxarata,ex
3249 4793 3542 4854 parentum

1952 4899 2188 4958 persona
2226 4899 2328 4954 pro
2369 4881 2578 4945 liberis,
2635 4896 2812 4950 exque
2852 4879 3148 4935 liberorum
3191 4892 3382 4932 rursus
3411 4891 3536 4946 per-

1952 4991 2087 5033 sona
2113 4975 2179 5030 ad
2215 4976 2383 5030 Deum
2412 4973 2557 5028 dicta
2585 4986 2681 5040 pro
2717 4971 3054 5041 parentibus.
3090 4969 3378 5023 Parentum
3411 4982 3539 5035 gra-

260 5077 397 5116 κτω
421 5060 523 5115 καί
546 5061 941 5131 κατώρθωταιέ
975 5064 1294 5135 Περιέχεται
1320 5066 1375 5118 δὲ
1410 5066 1503 5119 καὶ
1527 5067 1847 5137 εὐχαριστία

1975 5068 2148 5121 iarum
2177 5066 2320 5120 actio
2360 5066 2442 5121 sic
2486 5081 2543 5120 se
2580 5063 2645 5117 ad
2676 5064 2903 5118 verbum
2931 5061 3129 5115 habere
3151 5058 3532 5129 dignoscitur:

260 5151 666 5224 ἐγγράμματος
711 5154 865 5225 παρά
901 5172 962 5207 τε
996 5156 1103 5209 τῶν
1138 5156 1426 5222 φυσάντων
1455 5157 1597 5227 ὑπὲρ
1627 5158 1733 5210 τῶν
1760 5160 1846 5211 τέ-

255 5260 409 5298 κνων
434 5246 707 5318 λεγομένη
737 5248 875 5319 πρὸς
898 5250 988 5302 τὸν
1026 5248 1158 5303 Θεὸν
1191 5250 1285 5303 καὶ
1316 5251 1468 5320 παρὰ
1496 5248 1606 5303 τῶν
1634 5253 1839 5304 τέκνων

257 5334 423 5399 αὖθις
450 5338 595 5408 ὑπὲρ
634 5337 746 5393 τῶν
777 5340 1139 5410 γεννητόρων.
1200 5340 1308 5393 Καὶ
1356 5342 1389 5409 ἠ
1424 5340 1522 5410 μὲν
1550 5340 1702 5411 παρὰ
1731 5341 1840 5393 τῶν

257 5423 472 5493 γονέων
501 5426 713 5495 ,οὕτωσί
747 5445 864 5491 πως
896 5430 989 5481 ἐπὶ
1040 5429 1240 5493 λέξεως
1277 5430 1475 5500 ἔχουσα
1525 5429 1836 5483 δείκνυται·

258 5519 760 5588 εὐχαριστοῦμεν·
782 5535 903 5586 σοι,
929 5521 1035 5575 Θεὲ
1072 5522 1407 5594 ὑπεράγαθε
1438 5523 1535 5577 καὶ
1573 5523 1839 5587 ,βασιλεῦ

1952 5162 2165 5216 Gratias
2202 5160 2298 5213 tibi
2336 5159 2565 5230 agimus,
2612 5158 2774 5221 Deus,
2800 5172 3004 5209 onmem
3027 5155 3281 5207 excedens
3316 5152 3535 5204 bonitn~

1952 5265 2076 5315 tem,
2105 5264 2154 5307 et
2185 5251 2295 5306 Rea:
2327 5268 2525 5322 regum,
2566 5249 2704 5319 quod
2732 5265 2825 5301 nos
2856 5248 3035 5301 liberis
3079 5245 3297 5313 stipasti
3325 5246 3535 5312 agenti-

1951 5348 2045 5400 bus
2084 5346 2287 5415 gratias
2312 5342 2715 5412 magniﬁcentiae
2752 5338 3080 5393 mirabilium
3140 5345 3375 5390 tuorum.
3440 5333 3512 5388 γυ

1948 5452 2065 5489 rum
2095 5450 2244 5488 serva
2281 5449 2366 5486 eos
2413 5433 2467 5485 in
2505 5432 2770 5484 voluntate
2799 5439 2912 5493 tua,
2942 5446 3005 5484 ne
3030 5428 3145 5499 quis
3168 5442 3349 5482 eorum
3370 5426 3537 5495 φάτις

1948 5542 2107 5594 quam
2131 5522 2556 5594 transgrediatnr
2580 5521 2955 5576 mandatorum
3007 5530 3244 5588 tuorum,
3279 5516 3455 5590 335,
3484 5531 3536 5570 ut

1531 5616 1769 5673 VARUE
1798 5617 2204 5674 LECTIOM‘JS.

334 5709 385 5743 "
415 5708 559 5781 αὕτη
584 5708 641 5763 δὲ
670 5710 763 5764 τοῦ
792 5710 856 5765 Ρ.
