3994 6220
262 320 363 384 353

1316 319 1465 379 LIB.
1501 319 1570 379 V.
1609 342 1674 353 ’-
1703 318 2062 378 BASILIUS
2102 318 2427 379 MACEDO.

3406 319 3511 385 351

262 432 336 506 τῷ
377 429 658 497 κτίζεσθαι
695 432 789 485 τὸν
824 433 999 485 ἐκεῖσε
1028 432 1170 486 θεῖον
1203 432 1327 486 ναὸν
1356 434 1457 504 τῆς
1490 434 1834 504 μεταθέσεως

1946 435 2085 490 circa
2112 450 2205 489 eas
2257 435 2373 489 loco
2403 432 2606 489 abolito
2654 444 2909 489 cesarunt
2950 433 3058 514 qui
3090 432 3155 486 ad
3218 432 3363 502 iptas
3401 433 3511 487 ludi

259 525 433 597 ἔτυχε,
464 526 559 578 καὶ
580 522 847 595 ἠλλοιώθη
884 524 992 577 τῶν
1018 526 1201 595 μερῶν
1232 527 1265 595 ή
1302 527 1432 599 περὶ
1466 527 1671 590 ταύτας
1718 527 1833 581 δια·

259 618 433 689 τριϐὴ,
463 617 554 669 καὶ
590 617 888 687 ἀπεπαύθη
921 617 989 671 τὰ
1024 617 1327 689 τελούμενα
1376 619 1496 672 κατ’
1536 617 1726 683 αὐτάς.

328 705 427 776 ιμ’.
475 708 662 770 Ἐκτὸς,
695 708 754 760 δὲ
780 708 888 760 τῶν
918 707 1227 778 εἰρημένων
1256 708 1350 762 τοῦ
1387 708 1553 762 αὐτοῦ
1580 708 1832 777 γενναίου

260 800 519 872 βασιλέως
554 800 716 871 ἔργον
767 802 863 855 καὶ
892 802 920 854 6
951 801 1020 854 τὰ
1062 802 1339 870 Μὰγγανα
1368 802 1659 873 λεγόμενος
1689 799 1835 865 οἶκος

260 890 549 961 βασιλικὸς,
615 892 711 943 καὶ
767 893 798 943 6
852 891 971 953 νέος
1009 885 1159 954 οἶκος
1192 889 1551 962 καλούμενος,
1609 890 1701 953 οὓς
1728 891 1835 944 ἀπὸ

259 982 508 1053 τοιαύτης
533 981 907 1054 προαιρέσεως
936 983 1364 1037 κατεσκεύασεν
1393 986 1484 1054 Μὴ
1516 982 1835 1053 βουλόμενος

260 1076 360 1147 γὰρ
411 1076 478 1129 τὰ
508 1075 744 1145 δημόσια
789 1078 1070 1146 χρήματα,
1104 1077 1249 1149 ἅπερ
1297 1077 1345 1131 οί
1377 1079 1440 1129 ὲκ
1473 1076 1565 1129 τοῦ
1592 1075 1835 1145 ὑπηκόου

266 1168 408 1238 φόροι
445 1167 743 1234 γεννῶντες
792 1167 1139 1235 αὐξάνουσιν,
1172 1170 1254 1232 είς
1306 1167 1512 1231 οἰκείας
1548 1166 1828 1222 καταναλί·

264 1276 407 1313 σκειν
431 1259 621 1329 χρείας
649 1260 742 1311 καί
768 1257 878 1311 τῶν
901 1258 1004 1312 ἀνὰ
1028 1260 1135 1313 πᾶν
1156 1258 1276 1323 ἔτος
1314 1260 1403 1312 ὐπ’
1434 1258 1601 1313 αὐτοῦ
1633 1259 1835 1330 κεκλη-

261 1349 433 1420 μένων
454 1349 498 1382 ’δ
514 1348 606 1403 καί
624 1351 748 1413 τοὺς
767 1350 1027 1420 ὲτέρων⁹⁸
1050 1351 1245 1415 πόνους
1273 1351 1371 1423 τὴν
1394 1352 1601 1406 τούτων
1630 1352 1838 1423 τράπε-

260 1444 357 1508 ζαν
384 1443 598 1514 ἡδύνειν
630 1443 661 1512 ἢ
690 1447 1033 1514 συγκροτεῖν,
1064 1446 1191 1507 τοὺς
1214 1446 1493 1507 τοιούτους
1523 1443 1705 1516 οἴκους
1745 1446 1838 1497 ὲπ-

259 1535 538 1605 ενοήσατο,
574 1534 671 1587 καὶ
706 1535 1005 1604 προσόδους
1060 1537 1125 1589 ὲκ
1162 1536 1435 1605 γεωργίας
1467 1534 1736 1600 ἀπέταξεν
1780 1535 1837 1587 ἐν

258 1626 439 1688 αὐτοῖς
498 1624 710 1689 ἱκανὰς,
753 1626 849 1694 ἀφ’
876 1619 949 1679 ὧν
993 1625 1306 1697 ὴβασιλικὴ
1343 1627 1639 1681 πανδαισία
1670 1625 1835 1678 αὐτοῦ

257 1734 316 1770 τε
349 1718 444 1770 καλ⁵
472 1716 580 1769 τῶν
605 1717 721 1788 μετ’
750 1717 913 1770 αὐτὸν
940 1718 1172 1788 ἄφθονον
1207 1719 1301 1771 καὶ
1336 1718 1552 1774 δικαίαν
1583 1721 1681 1793 τὴν
1711 1738 1839 1792 χορ-

1938 528 2159 582 ﬁebant.

2008 707 2168 777 337
2202 707 2291 761 9|.
2348 706 2548 761 Prmter
2592 708 2705 777 jam
2764 708 2929 772 dicta,
2966 710 3208 777 ejusdem
3264 716 3511 781 generosi

1940 798 2288 868 imperatoris
2324 814 2466 869 opus
2501 808 2585 854 est
2645 802 2788 866 regia
2823 800 3021 855 domus
3056 801 3319 871 Maugana
3374 822 3514 859 nun-

1937 901 2155 959 ettpata,
2186 900 2241 945 et
2269 888 2439 955 Nova,
2472 906 2609 960 quas
2640 907 2705 946 eo
2733 893 2960 947 consilio
2988 900 3279 951 exstruxit:
3309 898 3515 952 Nolens

1936 983 2082 1037 enim
2122 982 2371 1052 publicas
2396 997 2553 1052 opes,
2586 999 2726 1052 quas
2754 985 3095 1039 subditorum
3133 988 3335 1042 tribu:a
3383 1006 3515 1043 con-

1936 1074 2134 1129 ﬂarent
2163 1084 2326 1144 atque
2360 1085 2642 1144 augerent,
2670 1077 2725 1129 in
2757 1091 2889 1131 suos
2917 1077 3033 1145 ipse
3062 1094 3215 1142 usus,
3248 1081 3515 1134 aliornnta

1939 1182 2023 1228 ve,
2049 1181 2189 1234 quos
2221 1182 2317 1234 per
2356 1180 2561 1218 annum
2595 1166 2873 1231 invitaret,
2906 1167 3203 1234 insumere,
3255 1170 3517 1223 aliorum-

1937 1273 2043 1327 que
2074 1259 2287 1312 labores
2319 1257 2516 1312 horum
2577 1258 2783 1312 mensis
2816 1258 3041 1313 delicias
3103 1270 3367 1329 praestare
3422 1270 3516 1315 aut

1938 1351 2057 1405 illas
2084 1354 2379 1416 instruere,
2407 1353 2743 1420 ejuscemodi
2780 1352 2974 1408 domos
3016 1356 3365 1425 excogitavit,
3396 1355 3515 1409 suf-

1940 1443 2294 1512 ticientesque
2345 1444 2453 1498 illis
2488 1444 2696 1501 reditus
2730 1461 2798 1500 ex
2838 1462 3094 1517 agrorum
3127 1449 3339 1503 cultura
3370 1451 3514 1508 assia

1938 1539 2144 1608 gnavit,
2180 1538 2323 1593 unde
2370 1538 2552 1609 regius
2607 1539 2660 1593 in
2711 1541 2865 1595 cihos
2918 1542 3287 1611 alimentaque
3336 1545 3515 1600 omnis

1938 1631 2155 1701 generis
2178 1644 2431 1701 sumptus
2462 1633 2676 1702 sibique
2706 1641 2759 1688 et
2789 1636 3203 1689 successoribus
3237 1635 3288 1689 in
3320 1651 3515 1706 perpe-

1939 1731 2092 1775 tuum
2149 1721 2375 1777 aliiuens
2426 1723 2684 1792 justaque
2739 1724 2993 1793 aequitate
3048 1725 3406 1781 sulliceretur.
3457 1727 3513 1781 In

256 1809 420 1881 ηγίαν
464 1808 693 1878 ἔμελλεν
728 1808 875 1880 ἔχειν
917 1810 1025 1865 ἀεί.
1076 1809 1185 1863 Καὶ
1212 1810 1279 1863 τὰ
1306 1811 1365 1865 ὲν
1404 1814 1525 1875 ταῖς
1565 1814 1838 1884 καλουμέ-

1946 1813 2100 1884 Pegis
2139 1831 2381 1886 quoque,
2413 1831 2551 1886 quas
2574 1826 2790 1877 vocant,
2823 1818 2971 1886 regia
3004 1818 3322 1872 mutationis
3347 1833 3513 1873 causa

255 1918 371 1964 ναις
420 1902 477 1957 δὲ
518 1903 730 1971 Πηγαῖς
762 1900 1015 1971 βασιλικὰ
1053 1902 1364 1973 μεταϐολῆς
1395 1902 1559 1957 ἕνεκα.
1590 1903 1839 1973 καταγώ-

254 2011 347 2062 για
369 1995 464 2047 καὶ
496 1994 884 2065 ἐνδιαιτήματα
912 1994 958 2025 ³⁸
992 1995 1020 2046 6
1046 1993 1208 2058 αὐτὸς
1236 1993 1490 2064 βασιλεὺς
1523 1997 1588 2047 ἐκ
1617 1993 1837 2065 βαορων

253 2087 573 2158 ἀνέστησεν,
605 2086 640 2140 ἃ
668 2090 766 2141 καὶ
795 2088 940 2141 ναῶν
969 2087 1256 2149 καλλοναῖς
1287 2086 1725 2156 κατεκόσμησεν,
1780 2086 1838 2138 ἐν

252 2170 333 2239 οἷς
362 2177 391 2229 ὁ
425 2194 481 2228 τε
523 2176 617 2230 τοῦ
659 2177 844 2245 Ἀγίου
870 2178 1149 2248 προφήτου
1189 2176 1368 2230 Ἤλιοὺ
1404 2177 1661 2246 τυγχάνει
1692 2175 1837 2240 οἶκος

254 2270 455 2334 σεπτδς
516 2273 609 2323 καὶ
643 2272 670 2323 6
716 2270 1023 2324 Ἐλισσαίου
1073 2270 1167 2323 τοῦ
1199 2271 1412 2325 ἐκείνου
1468 2271 1711 2339 διαδόχου
1743 2271 1838 2323 καὶ

250 2362 537 2432 φοιτητοῦ,
589 2362 669 2417 ἔτι
700 2363 758 2416 δὲ
808 2364 902 2417 καὶ
931 2366 958 2416 6
987 2362 1081 2416 τοῦ
1120 2361 1351 2432 πρώτως
1402 2362 1561 2433 ἡμῶν
1596 2362 1837 2426 εὐσεϐῶς

253 2453 677 2523 βασιλεύσαντος
707 2454 1117 2508 Κωνσταντίνου
1144 2454 1233 2508 τοῦ
1260 2455 1540 2523 Μεγάλου,
1561 2455 1704 2509 καὶὸ
1729 2454 1837 2507 τῶν

251 2540 534 2609 νεοςρανῶν
561 2540 855 2613 μαρτύρων
885 2543 992 2596 τῶν
1015 2543 1109 2595 δύο
1139 2544 1235 2598 καὶ
1285 2542 1718 2614 τεσσαράκοντα,
1745 2546 1838 2598 καί⁵

246 2632 387 2702 πρὸς
421 2631 632 2697 τούτοις
664 2634 841 2704 ἕτεροι
882 2634 975 2687 δύο
1031 2631 1169 2687 οἶκοι
1217 2635 1497 2706 εὐκτήριοι
1541 2637 1620 2700 είς
1664 2635 1837 2705 ὄνομα

245 2724 343 2776 καὶ
384 2722 548 2789 δόξαν
569 2726 807 2790 εὐσεϐῶς
832 2725 1161 2796 δομηϐἐντες
1192 2730 1289 2794 τῆς
1312 2728 1681 2798 Θεομήτορος.
1726 2729 1837 2782 Καὶ

246 2817 309 2868 ὲν
333 2818 449 2879 τοίς
482 2819 582 2886 τῆς
621 2817 842 2888 ἰερείας
875 2817 931 2871 δὲ
965 2818 1250 2883 παλατίοις
1287 2820 1381 2872 τοῦ
1417 2819 1583 2873 αὐτοῐ
1626 2822 1837 2892 προφή-

241 2925 342 2961 του
386 2908 572 2963 Ἠλιοὺ
609 2911 753 2981 ἱερὸν
774 2911 1065 2981 εὐκτήριον
1098 2911 1421 2982 ὲδομήσατο,
1465 2912 1552 2984 [Ρ.
1583 2912 1715 2982 ΞΟΒ]
1745 2915 1837 2966 οὐ·

239 3001 399 3064 δενὸς
425 3001 537 3055 τῶν
568 3003 743 3057 ἀλλων
776 3005 832 3056 ἐν
863 3004 1166 3057 κάλλεικαὶ
1191 3004 1488 3076 ῶραιότητι
1515 3005 1836 3076 κρινόμενον

234 3093 537 3164 δεύτερον.

314 3189 433 3259 ιβ’.
475 3190 565 3243 Ἐν
586 3190 641 3243 δὲ
683 3192 802 3253 ταῖς
830 3190 1109 3254 τοιαύταις
1144 3192 1286 3245 κατὰ
1320 3192 1715 3263 μεταφοίτησιν
1742 3192 1838 3245 καὶ

238 3278 567 3350 μεταϐολὴν
594 3279 889 3351 βασιλείοις
919 3279 1228 3352 διατριϐαῖς
1258 3283 1354 3334 καὶ
1376 3281 1677 3353 δεξαμενὴν
1704 3299 1839 3349 τυγ-

232 3369 527 3441 χάνουσαν
566 3369 776 3434 ὓδατος,
812 3374 1056 3442 μεγάλην
1085 3389 1145 3425 τε
1176 3374 1284 3437 καὶ,
1313 3372 1646 3443 εὐρύχωρον,
1681 3373 1839 3443 ἔργον

230 3465 342 3518 καὶ
398 3464 624 3535 πόνημα
663 3462 757 3517 τοῦ
788 3464 1151 3527 καλλύναντος
1207 3464 1470 3533 βασιλέως
1504 3465 1625 3517 κατ’
1665 3465 1840 3536 ἀρχὰς

228 3558 303 3609 τὸ
329 3556 693 3625 προάστειον,
717 3556 821 3608 ὑπὸ
843 3556 898 3608 δὲ
921 3556 1013 3610 τοῦ
1050 3556 1316 3627 βασιλέως
1363 3556 1686 3628 Ἡρακλείου
1712 3574 1842 3626 συγ-

229 3650 562 3721 χωσθεῖσαν
588 3650 681 3702 καὶ
708 3647 1009 3718 γεωθείσαν
1045 3651 1139 3704 καὶ
1175 3649 1582 3718 καταφύτευσιν
1606 3648 1839 3719 δεξαμέο

230 3758 341 3810 νην
364 3738 608 3810 δένδρων
641 3756 696 3792 τε
733 3741 827 3793 καὶ
847 3740 1116 3809 λαχάνων,
1141 3740 1394 3809 καθάπερ
1421 3740 1512 3793 καὶ
1538 3740 1594 3791 αί
1617 3738 1726 3790 τῶν
1751 3738 1843 3809 βα-

233 3834 484 3887 σιλικῶν
506 3832 786 3885 παλατίων
807 3827 964 3886 οὖσαι
990 3831 1213 3903 ὲντδς,ῆ
1245 3849 1304 3884 τε
1331 3832 1437 3902 πρὸ
1458 3831 1555 3901 τῆς
1580 3829 1842 3899 Μαγναύ-

232 3944 348 3997 ρας
391 3925 492 3980 καὶ
514 3927 547 3993 ἡ
585 3926 792 3994 μεταξὺ
817 3925 910 3978 τοῦ
944 3942 1005 3978 τε
1045 3923 1423 3978 Ἰουστινιανοῦ
1448 3924 1723 3994 τρικλίνου
1752 3925 1843 3977 καὶ

229 4018 339 4071 τοῦ
380 4020 485 4087 τῆς
534 4018 853 4081 Ἐκθέσεως,
886 4017 1088 4080 αἵτινες
1114 4016 1209 4069 καὶ
1239 4014 1403 4068 αὐταὶ
1438 4014 1583 4080 ὓδωρ
1610 4017 1844 4085 ἄφθονον

230 4113 485 4183 ἔχουσαι
510 4111 605 4162 καὶ
648 4108 836 4180 ἰχθύας
868 4110 1004 4177 πρὸς
1032 4108 1225 4180 τέρψιν
1258 4109 1352 4162 καὶ
1402 4109 1580 4178 ἄγραν
1611 4106 1719 4159 τῶν
1748 4106 1846 4177 βα·

234 4205 455 4257 σιλέων
487 4204 879 4276 ἐκτρέφουσαι,
914 4202 1017 4256 ὑπὸ
1041 4201 1134 4254 τοῦ
1180 4201 1349 4256 αὐτοῦ
1386 4200 1653 4272 βασιλέως
1687 4202 1845 4271 ἠπει-

237 4296 521 4367 ρωθείσαι
552 4296 633 4356 εἰς
682 4292 1034 4365 παραδείσων
1070 4292 1420 4363 κατασκευὴν
1467 4291 1847 4361 ἐχρημάτισαν

231 4388 334 4441 δαῒ,
368 4388 435 4440 τὸ
475 4388 753 4456 Στέφανον
792 4386 883 4439 τὸν
920 4384 1304 4457 μαθηματικὸν
1342 4384 1441 4454 τὴν
1491 4383 1706 4453 γένεσιν
1750 4383 1846 4435 τοῦ

1938 1910 2238 1965 diversoria
2264 1926 2328 1965 ac
2367 1910 2678 1964 habitacula
2712 1909 2853 1963 idem
2895 1911 3187 1979 imperator
3234 1927 3261 1965 a
3319 1911 3516 1966 tunda-

1938 2006 2138 2060 mentis
2162 2006 2337 2060 erexit
2369 2016 2766 2073 sacrarumque
2793 2004 2990 2058 aedium
3025 2004 3319 2059 structuris
3349 2019 3511 2058 evor-

1939 2098 2110 2151 navit.
2153 2097 2295 2150 lnter
2327 2112 2422 2152 eas
2448 2104 2533 2153 est
2561 2098 2735 2152 sancti
2780 2098 3059 2166 propheta:
3108 2095 3239 2161 Elia;
3289 2112 3515 2151 venerao

1939 2188 2065 2243 bilis
2091 2190 2257 2251 ardes.
2289 2189 2521 2259 ejusque
2551 2190 2890 2244 successoris
2918 2199 2970 2243 et
3014 2188 3264 2257 discipuli
3299 2187 3512 2253 Elis:ei;

1938 2296 2038 2335 nec
2075 2296 2180 2333 non
2214 2284 2332 2349 ejus
2388 2282 2478 2351 qui
2519 2282 2729 2350 primus
2768 2281 2908 2350 apud
2941 2296 3042 2336 nos
3078 2280 3367 2346 imperium
3426 2280 3516 2349 pie

1938 2373 2390 2440 administravit,
2447 2372 2795 2427 Constantini
2855 2371 3069 2440 Magni,
3142 2384 3518 2440 novorumque

1940 2477 2239 2533 martyrum
2264 2464 2623 2533 quadraginta
2658 2466 2918 2517 duorum.
2950 2463 3219 2517 Praeterea
3248 2462 3369 2515 aliae
3396 2461 3516 2515 dua!

1938 2530 2082 2608 ardes
2113 2555 2391 2617 oratorite,
2426 2554 2477 2606 in
2511 2569 2707 2607 nomen
2736 2563 2790 2607 et
2814 2554 3040 2621 gloriam
3074 2563 3275 2607 sanetae
3302 2551 3396 2607 Dei
3423 2567 3515 2621 pa-

1938 2646 2108 2700 rentis
2156 2646 2407 2714 religiose
2436 2654 2753 2699 exstruetze.
2798 2645 2854 2698 ln
2892 2644 3087 2699 Hierize
3118 2659 3335 2715 quoque
3364 2645 3517 2713 palae-

1944 2737 2041 2793 tiis
2065 2737 2313 2806 ejusdem
2362 2738 2638 2806 propheta:
2682 2735 2810 2790 Elia;
2853 2736 3153 2790 oratorium
3187 2736 3516 2801 construxit,

1939 2830 2085 2900 quod
2119 2830 2256 2883 nulli
2282 2830 2373 2883 alii
2405 2829 2811 2901 pulchritudine
2835 2835 2888 2883 et
2918 2828 3182 2898 elegantia
3215 2828 3515 2884 secundum

1936 2924 2303 2980 existimatur.

1862 3156 1907 3218 C
2012 3193 2101 3249 92.
2139 3192 2196 3247 In
2226 3193 2334 3247 illis
2364 3192 2679 3248 mutatoriis
2715 3192 2879 3262 regiis
2906 3190 3116 3245 rudibus
3144 3204 3209 3245 ac
3238 3189 3520 3244 habitacuo

1942 3285 2009 3339 lis
2041 3292 2160 3340 erat
2193 3283 2433 3338 cisterna
2468 3281 2632 3353 338
2680 3281 2747 3335 ad
2790 3282 3181 3349 concipiendas
3219 3295 3394 3348 aquas
3431 3281 3518 3332 in-

1943 3392 2076 3447 gens
2105 3391 2169 3431 ac
2196 3386 2409 3445 patens,
2442 3374 2559 3442 ejus
2593 3373 2687 3443 qui
2740 3372 2897 3426 initio
2929 3371 3306 3425 suburbanum
3354 3386 3517 3423 exor-

1942 3478 2167 3524 narerat
2204 3467 2557 3538 imperatoris
2591 3480 2731 3537 opus
2770 3464 3076 3533 laborque:
3121 3463 3213 3519 sed
3247 3464 3316 3518 ab
3346 3462 3519 3534 impe-

1942 3576 2122 3618 ratore
2150 3560 2402 3617 Heraclio
2430 3570 2574 3615 terra
2605 3560 2812 3629 ingesta
2842 3559 3130 3612 obstructa
3154 3556 3333 3610 fuerat
3356 3565 3521 3623 atque

1943 3656 2198 3719 obducta,
2241 3653 2642 3721 arboribusque
2701 3668 2765 3707 ac
2812 3650 3052 3705 oleribus
3104 3640 3340 3711 consita,
3373 3645 3518 3701 haud

1942 3758 2102 3799 secus
2157 3759 2223 3798 ac
2273 3760 2396 3813 qua:
2448 3744 2596 3796 intra
2636 3742 2899 3812 palatium
2931 3749 3110 3801 erant.
3144 3751 3259 3793 tum
3314 3737 3522 3792 scilicet

1943 3852 2066 3905 qua:
2099 3844 2226 3891 ante
2250 3836 2627 3905 Magnauram,
2663 3844 2777 3887 tum
2813 3847 2936 3903 qua:
2967 3832 3145 3886 media
3189 3832 3332 3885 inter
3353 3828 3524 3884 Justi-

1944 3926 2095 3981 niani
2156 3926 2456 3980 triclinium
2509 3933 2565 3978 et
2611 3922 2944 3988 Ectheseos;
2996 3936 3134 3991 quas
3169 3920 3337 3989 ipsas,
3389 3933 3515 3973 cum

1943 4033 2115 4089 aquas
2141 4018 2393 4086 copiosas
2421 4015 2686 4070 haberent
2720 4014 3010 4083 piscesque
3041 4013 3251 4065 alerent
3279 4011 3519 4077 impera-

1946 4120 2126 4165 torum
2159 4108 2394 4173 deliciis,
2434 4116 2486 4161 ct
2529 4115 2587 4162 ut
2617 4106 2693 4160 illi
2727 4107 2942 4175 piscatu
2998 4118 3120 4159 sese
3165 4102 3521 4167 oblectarent,

1946 4199 2089 4255 idem
2116 4199 2418 4270 imperator
2441 4208 2583 4253 terra
2616 4197 2844 4251 obrutas
2874 4196 3063 4249 hortos
3102 4202 3155 4248 et
3194 4193 3397 4247 vivaria
3440 4190 3525 4245 fe-

1945 4301 2201 4357 cerat,ea
2231 4291 2443 4348 scilicet
2489 4291 2721 4356 ratione,
2764 4290 2910 4359 quod
2966 4286 3279 4356 Stephanus
3310 4284 3524 4338 mathe-

1950 4387 2185 4441 maticus
2238 4384 2356 4453 ejus
2408 4384 2716 4454 genituram
2756 4381 3006 4437 rimando
3048 4379 3172 4433 vitae
3217 4377 3424 4431 exitum
3458 4392 3523 4430 ex

236 4481 557 4551 εἰρημένου
615 4478 879 4548 βασιλέως
916 4477 1524 4547 πολυπραγμονήσαντα
1578 4477 1752 4528 είπείν
1787 4475 1840 4541 ἐξ

1952 4494 2092 4551 aqua
2141 4478 2219 4533 illi
2273 4477 2560 4532 imminere
2623 4476 2858 4530 dixerat.
2890 4475 2973 4528 οι)
3001 4472 3248 4527 eamdem
3300 4484 3523 4527 causam

238 4576 456 4640 ὕδατος
486 4576 650 4629 αὐτὸν
682 4575 960 4645 τελευτᾷν.
994 4571 1092 4624 Διὰ
1121 4571 1219 4642 τὴν
1252 4568 1509 4636 τοιαύτην
1546 4565 1639 4623 οὖν
1668 4568 1847 4621 αἰτίαν

238 4670 352 4720 καὶ
394 4667 492 4735 τῆς
516 4670 572 4718 ὲν
615 4666 815 4737 Ἱερεία
846 4665 1164 4734 κινστέρνης
1192 4662 1272 4723 είς
1304 4660 1635 4730 παράδεισον
1679 4668 1833 4729 ζμετ-

240 4758 654 4828 αμειφθείσης,
684 4757 807 4809 ἰδὼν
833 4756 892 4808 τὸ
913 4756 1109 4826 χωρίον
1132 4754 1160 4805 6
1189 4752 1434 4821 ἀοίδιμος
1463 4750 1713 4821 βασιλεὺς
1746 4750 1848 4803 Βα-

242 4852 466 4914 σίλειος
492 4851 628 4923 πρὸς
662 4852 762 4921 μὲν
790 4848 1137 4918 παραδείσων
1183 4845 1613 4916 καταφυτεύσεις
1651 4844 1849 4906 τόπους

243 4946 611 5015 κεκτημένον
663 4942 1021 5013 ἁποχρῶντας
1074 4940 1169 4993 καὶ⁹
1212 4938 1449 5001 ἱκανοὺς,
1481 4934 1850 4999 ὐποσπανίζον

244 5034 310 5089 δὲ
336 5033 546 5099 ὓδατος
595 5035 829 5104 ποτίμου
859 5033 953 5085 καὶ
1003 5028 1273 5099 καθαροῦ,
1321 5028 1478 5091 αὖθις
1536 5027 1852 5098 ἐκφορήσας

246 5126 350 5180 τὸν
384 5126 515 5198 χοῦν
546 5124 870 5195 πολυχειρίᾳ
900 5139 958 5174 τε
987 5122 1079 5174 καὶ
1102 5120 1308 5191 σπουδῇ
1330 5120 1425 5172 τὸν
1445 5117 1721 5190 δρώμενον
1744 5117 1851 5187 πρὸ

247 5215 447 5287 ὀλίγον
470 5216 717 5288 λειμῶνα
746 5214 1001 5286 κομῷντα
1023 5214 1210 5282 φυτοῖς
1238 5213 1319 5275 είς
1345 5212 1404 5264 τὸ
1422 5211 1650 5281 ἀρχαῖον
1672 5212 1853 5279 σχῆμα

253 5310 576 5380 μετήγαγε,
604 5309 701 5361 καὶ
732 5307 856 5360 ἀντὶ
879 5305 1210 5376 παραδείσου
1246 5304 1450 5375 δοχεῖον
1478 5301 1853 5373 ἀπειργάσατο

250 5399 460 5465 ὓδατος
489 5400 730 5469 ἀφθόνου
753 5417 814 5452 τε
840 5400 937 5452 καὶ
965 5395 1244 5467 διαρκοῦς.

331 5496 451 5562 ιχ.
480 5491 595 5544 Καὶ
620 5488 799 5543 ταῦτα
852 5489 951 5558 μὲν
980 5489 1081 5540 ὅσα
1109 5484 1252 5539 κατὰ
1286 5482 1386 5547 τὰς
1426 5481 1733 5554 βασιλείους
1756 5497 1854 5533 πε-

254 5596 459 5659 ριοχας
492 5582 797 5653 φιλοπόνως
825 5581 940 5652 ἅμα
974 5580 1067 5634 καὶ
1098 5578 1336 5641 εὐσεϐῶς
1364 5578 1392 5630 6
1426 5576 1667 5648 ἀοίδιμος
1695 5573 1851 5655 βασι-

1949 4575 2112 4628 etiam
2144 4572 2416 4635 cisternte,
2448 4584 2572 4639 quae
2608 4568 2660 4622 in
2696 4567 2857 4622 Hiera
2919 4568 2973 4620 in
3011 4565 3319 4635 pomarium
3365 4578 3527 4619 versa

1950 4664 2152 4730 fuerat,
2181 4664 2446 4717 ambitutn
2476 4662 2718 4733 inclytus
2751 4660 2985 4714 Basilius
3017 4659 3309 4728 imperator
3343 4658 3527 4711 consi-

1949 4759 2170 4821 derans,
2206 4756 2506 4823 vidensque
2534 4769 2640 4808 non
2689 4753 2878 4807 deesse
2914 4752 3032 4805 loca
3077 4750 3339 4820 pomariis
3372 4750 3528 4819 plan-

1953 4849 2133 4905 tandis
2161 4848 2376 4903 abunde
2409 4847 2602 4901 idonea
2633 4860 2697 4899 ac
2741 4855 3008 4915 quantum
3060 4859 3157 4912 par
3192 4851 3336 4898 esset
3379 4841 3528 4897 suni-

1951 4939 2174 5004 cientia,
2223 4953 2378 5008 aqua:
2420 4950 2552 4990 vero
2597 4935 2771 4990 dulcis
2821 4945 2983 5004 atque
3026 4933 3262 5004 limpida:
3298 4935 3527 5004 penuria

1951 5031 2221 5091 laborare,
2252 5031 2549 5082 multorum
2580 5042 2770 5081 rursus
2800 5024 3080 5080 hominum
3113 5039 3277 5094 opera
3314 5038 3379 5078 ac
3406 5023 3529 5076 dili-

1955 5123 2159 5194 gentia,
2196 5120 2342 5192 quod
2377 5118 2542 5189 paulo
2575 5126 2700 5172 ante
2731 5125 2947 5188 pratum
2977 5117 3179 5187 plantis
3213 5129 3452 5168 vernans
3476 5125 3527 5170 t-t

1958 5214 2254 5270 arboribus
2290 5209 2754 5280 conspiciebatur,
2787 5210 2840 5263 in
2876 5208 3172 5277 pristinum
3208 5214 3411 5259 statum
3445 5221 3530 5260 re-

1952 5306 2128 5369 duxit,
2158 5320 2224 5359 ac
2260 5318 2359 5374 pro
2406 5302 2656 5373 pomario
2690 5316 2847 5371 aqua:
2878 5299 3115 5370 copiosa:
3152 5297 3396 5369 satisque
3447 5297 3526 5352 af-

1953 5392 2169 5446 ﬂuentis
2194 5392 2641 5460 conceptaculum
2675 5388 2823 5443 fecit.
3571 5385 3577 5396 '

2026 5482 2113 5537 95.
2145 5482 2213 5536 Et
2258 5482 2374 5537 haec
2402 5480 2620 5552 quidem
2655 5481 2799 5534 intra
2845 5478 2993 5549 regia
3038 5489 3190 5550 septa
3243 5480 3531 5552 magniﬁce

1956 5573 2119 5636 simul
2147 5589 2209 5629 ac
2235 5574 2320 5643 pie
2348 5572 2567 5628 inclitus
2601 5573 2899 5643 imperator
2926 5573 3214 5628 exstruxit.
3249 5571 3365 5628 .lam
3402 5590 3530 5629 vero

1540 5663 1770 5728 VARUS.
1803 5668 2090 5726 LECTION
2102 5670 2202 5725 ES.

331 5778 385 5813 ἰ
417 5772 648 5827 καὶτῶν
677 5801 745 5813 -
772 5771 1126 5844 κεκλημένων
1156 5785 1264 5825 om.
1301 5769 1363 5824 Λ.
1463 5770 1507 5801 ⁸⁸
1538 5767 1757 5837 ἑτέρους
1799 5768 1862 5820 Α.

1940 5768 1983 5800 ’θ
2016 5766 2343 5837 διαιτήματα
2366 5766 2430 5821 Α.
