3994 6220
187 273 382 340 .357

1352 270 1500 329 LIB.
1543 269 1696 332 V.-
1737 264 2091 327 llASlLlUS
2129 263 2456 324 MACEDO.

3431 264 3538 331 358

287 403 409 459 μασι
455 388 547 439 τὸν
578 385 742 438 τόπον
775 403 914 438 κατα
927 384 1234 448 πλουτίσας,
1268 384 1437 454 μονὴν
1468 382 1854 437 θεοσύλλεκτον

1967 352 2705 447 animorumque.oﬂicinam
2769 376 3036 432 medicam
3093 375 3239 433 fecit.
3292 379 3368 433 Ad
3423 381 3538 437 haec

283 481 371 532 καὶ
394 479 625 547 ἰατρεῖον
646 475 834 545 ψυχῶν
861 475 1259 544 ἀπειργάσατο.
1299 473 1423 527 Ἐπὶ
1445 473 1656 536 τούτοις
1679 471 1854 526 ἅπασι

1967 470 2139 525 )tnnia
2167 468 2410 524 cmlcstis
2442 467 2650 522 militiae
2686 467 2946 537 principis
2979 467 3266 523 Michaelis
3301 469 3352 523 in
3405 469 3540 525 Sos-

283 571 368 624 τὸν
408 569 503 622 τοῦ
556 569 1002 638 ἀρχιστρατήγου
1063 565 1289 637 Μιχαὴλ
1338 566 1482 638 ἱερὸν
1516 559 1663 618 οἶκον
1691 564 1750 616 ὲν
1777 560 1855 633 τῷ

282 661 578 731 amenti...
608 662 673 712 ἐκ
708 659 940 730 μακρῶν
965 659 1300 730 διαρρυέντα
1331 658 1543 729 χρόνων
1568 658 1664 711 καὶ
1697 655 1851 710 πλεί-

286 772 422 817 στοις
449 753 760 807 ὀκλάσαντα
789 754 1037 823 ῥήγμασι
1089 752 1186 806 καὶ
1218 751 1321 822 ἤδη
1343 752 1364 782 ²
1391 750 1529 822 πρὸς
1577 748 1704 816 γόνυ
1739 745 1855 801 κλις

285 846 440 900 θέντα
469 845 654 914 σχεδὸν
684 845 860 898 καὶτὸ
887 843 1020 896 πολὺ
1050 843 1151 911 τῆς
1176 843 1303 913 περὶ
1328 842 1490 896 αὐτὸν
1521 839 1856 911 εὐπρεπείας

283 937 638 1002 ἀποδιλόντα,
677 935 763 1008 [Ρ.
793 936 921 1008 210]
956 936 1065 988 τῶν
1096 935 1407 1006 πτωμάτων
1437 950 1498 987 τε
1548 932 1855 1000 διανίστησι

285 1033 373 1086 καὶ
427 1031 563 1101 πρὸς
617 1029 718 1100 τὴν
775 1029 1050 1100 προτέραν
1124 1026 1310 1098 ἀκμὴν
1383 1025 1857 1096 ἀνακαλεσάμενος

283 1122 607 1194 ὡραιότητος
631 1122 850 1190 ἀπάσης
873 1120 1075 1192 ἔδειξεν
1107 1121 1383 1189 ἔμπλεων.
1417 1119 1526 1173 Καὶ
1559 1117 1690 1190 περὶ
1715 1117 1812 1189 μὲν
1837 1117 1857 1147 ³

282 1215 399 1277 τοὺς
429 1214 607 1284 ίεροὺς
642 1212 826 1276 οἴκους
861 1213 956 1266 καὶ
989 1212 1091 1284 τὴν
1145 1211 1352 1266 τούτων
1405 1211 1725 1282 ἐπιμέλειαν
1765 1209 1857 1263 καὶ

279 1307 580 1378 διόρθωσιν,
611 1307 706 1376 ἀφ’
735 1299 811 1360 ὧν
839 1307 1075 1376 μάλιστα
1106 1309 1138 1380 ὴ
1173 1307 1303 1378 περὶ
1353 1306 1413 1360 τὸ
1459 1306 1612 1360 Θεῖον
1639 1304 1857 1376 ὁσιότης

279 1397 768 1470 χαρακτηρίζεται,
801 1398 1046 1464 τοιοῦτος
1085 1401 1114 1454 ὁ
1161 1401 1219 1453 ὲν
1256 1396 1566 1470 βασιλεῦσιν
1617 1397 1858 1469 ἀοίδιμος

278 1491 558 1554 Βασίλειος
580 1486 651 1562 ἦν

344 1580 445 1650 κε’.
473 1582 643 1646 Εἰδὼς
701 1581 756 1636 δὲ
805 1583 890 1637 ὅτι
921 1583 1009 1636 ἐπ’
1041 1583 1063 1615 ’⁵
1109 1583 1287 1638 οὐδενὶ
1313 1583 1568 1639 τοσοῦτον
1598 1585 1721 1638 ὅσον
1767 1583 1862 1638 ἐπὶ

275 1675 525 1746 σωτηρίᾳ
555 1674 745 1745 ψυχῶν
775 1677 804 1730 ὁ
840 1677 862 1708 ⁵
923 1675 1060 1740 Θεὸς
1097 1677 1552 1748 ἐπευφραίνεται,
1603 1679 1698 1730 καὶ
1720 1678 1802 1731 ὅτι
1832 1678 1860 1730 ὁ

273 1767 485 1835 ἐξάγων
511 1767 661 1831 ἀξιον
687 1765 748 1831 ἐξ
777 1765 1001 1832 ἀναξίου
1023 1769 1099 1832 ὡς
1119 1769 1138 1800 ⁸
1171 1770 1347 1840 στόμα
1369 1770 1702 1841 χρηματίζει
1726 1771 1862 1839 Χρι-

275 1859 425 1924 στοῦ,
461 1859 583 1913 οὐδὲ
608 1862 738 1930 περὶ⁹
779 1859 841 1914 τὸ
870 1861 1230 1915 ἀποστολικὸν
1278 1862 1438 1916 τοῦτο
1466 1862 1628 1933 ἔργον
1653 1863 1862 1934 ἀμελὴς

272 1953 446 2023 ἐφάνη
479 1953 576 2006 καὶ¹
607 1952 874 2024 ῥᾴθυμος,
902 1953 1042 2008 ἀλλά
1079 1954 1296 2026 πρῶτον
1330 1956 1429 2027 μὲν
1471 1955 1533 2011 τὸ
1582 1957 1692 2010 τῶν
1726 1957 1861 2011 Ἰου-

271 2042 441 2096 δαίων
479 2042 634 2106 ἔθνος
667 2043 1050 2116 ἀπιρίτμητόν
1094 2062 1156 2098 τε
1185 2046 1282 2100 καὶ
1310 2047 1766 2119 σκληροκάρδιον,
1799 2048 1862 2101 τὸ

273 2134 403 2188 ὅσον
429 2133 517 2187 ἐπ’
563 2136 584 2168 ⁷
631 2134 803 2206 αὐτῷ,
837 2138 918 2201 είς
945 2136 1044 2208 τὴν
1079 2138 1361 2210 ὑποταγὴν
1399 2140 1692 2212 σαγηνεόει
1722 2142 1860 2211 Χρι-

274 2224 432 2280 στοῦ.
481 2223 765 2290 Κελεύσας
800 2227 909 2294 γὰρ
961 2227 1162 2290 αὐτοὺς
1187 2229 1285 2300 τῆς
1317 2229 1526 2293 οίκείας
1562 2229 1858 2300 θρησκείας

268 2321 370 2381 τὰς
402 2319 708 2385 ἀποδείξεις
739 2320 1068 2390 κομίζοντας
1098 2323 1178 2386 είς
1211 2321 1476 2390 διαλέξεις
1531 2325 1732 2394 χωρεῖν
1754 2324 1855 2378 oxat‘

269 2414 306 2480 ἢ
355 2411 640 2464 δεικνύναι
669 2413 735 2464 τὰ
765 2412 886 2464 κατ’
914 2413 1115 2476 αὐτοὺς
1169 2413 1370 2485 ἰσχυρά
1400 2431 1460 2466 τε
1487 2415 1582 2468 καὶ
1607 2415 1833 2486 ἀναντίῤ

267 2503 438 2573 pater,
474 2501 509 2570 ἦ
537 2501 894 2571 πειθομένους
940 2503 1022 2556 ὅτι
1081 2504 1377 2572 κεφάλαιον
1419 2503 1514 2558 τοῦ
1550 2505 1717 2575 νόμου
1767 2507 1856 2559 κω

264 2594 381 2647 τῶν
415 2595 718 2665 προφητῶν
772 2596 800 2648 ὁ
827 2595 1069 2666 Χριστὸς
1124 2593 1190 2668 ἦν
1225 2599 1319 2650 καὶ
1353 2597 1436 2652 ὅτι
1493 2599 1650 2661 σκιᾶς
1692 2598 1861 2650 τύπον

261 2679 421 2756 εἶχεν
451 2688 482 2738 ὀ
518 2686 764 2758 νόμος,ἢ
799 2689 866 2758 τῇ
901 2687 1202 2756 ὲπιλάμψει
1237 2687 1331 2740 τοῦ
1371 2687 1598 2759 ἡλιακοῦ
1623 2688 1801 2756 φωτὶς
1839 2687 1860 2719 ⁸

260 2779 713 2842 δωσκεὸἀζεται,
747 2778 1151 2851 προσέρχεσθαι
1173 2781 1239 2850 τῇ
1258 2779 1353 2834 τοῦ
1384 2781 1590 2850 Κυρίου
1616 2780 1842 2834 διδασκα

392 2874 415 2902 ⁹
443 2872 538 2924 καὶ
586 2871 966 2941 βαπτίζεσθαι,
1024 2871 1281 2943 προσθεὶς
1325 2872 1380 2925 δὲ
1415 2873 1509 2926 καὶ
1534 2871 1860 2942 ἀξιωμάτων

262 2969 390 3029 τοῖς
427 2965 895 3036 προσερχομένοις
929 2965 1194 3035 διανομὰς
1233 2964 1332 3019 καὶ
1384 2965 1476 3019 τοῦ
1519 2965 1720 3037 βάρους
1751 2964 1861 3019 τῶν

1957 561 2139 616 thenio
2191 576 2402 615 sacram
2440 561 2633 623 aedem,
2668 558 2826 630 longa
2875 557 3146 614 vetustate
3178 559 3538 616 collabentem

1955 651 2258 719 multisque
2286 647 2445 720 34],
2505 648 2744 703 hiatibus
2779 648 3122 704 fatiscentem
3153 664 3218 704 ac
3252 647 3304 702 in
3363 665 3537 717 genua

1953 757 2093 815 pene
2120 749 2500 813 proruentem,
2531 741 2749 796 decoris
2779 739 2910 795 ﬂore
2938 756 3135 812 magna
3169 751 3323 812 parte
3349 743 3542 814 deper-

1954 835 2091 897 dito.
2125 849 2154 888 e
2182 833 2359 889 ruinis
2389 842 2635 904 ereptam
2661 834 3004 904 pristinoque
3029 834 3198 903 vigori
3231 836 3536 890 restitutam

1954 927 2104 984 omni
2140 935 2428 982 venustate
2458 925 2744 997 gratiaque
2780 925 3045 994 implevit.
3091 927 3182 981 Sic
3208 927 3392 997 itaque
3411 943 3538 1002 erga

1957 1034 2143 1075 sacras
2207 1017 2351 1074 mdes
2414 1031 2720 1086 earumque
2770 1032 2958 1072 curam
3022 1027 3069 1071 et
3136 1019 3536 1088 reparationem

1965 1109 2183 1181 (quibus
2214 1107 2564 1180 potissimum
2597 1109 2770 1176 pietas
2802 1107 2858 1161 in
2885 1105 3052 1162 Deum
3080 1118 3245 1178 atque
3274 1107 3537 1163 sanctitas

1961 1201 2302 1272 designatur)
2320 1200 2462 1254 inter
2488 1199 2847 1270 imperatores
2873 1197 3088 1270 inclytae
3110 1198 3387 1253 memoriae
3415 1212 3538 1255 sese

1961 1292 2195 1349 Basilius
2230 1290 2440 1347 habuit.

2031 1595 2122 1651 95.
2171 1592 2371 1649 Videns
2404 1599 2588 1648 autem
2617 1590 2765 1648 nulla
2793 1607 2852 1647 re
2883 1591 2964 1647 sic
2989 1591 3161 1648 Deum
3194 1593 3454 1651 delectari
3480 1602 3541 1651 ut

1963 1689 2272 1744 animorum
2309 1686 2489 1741 salute
2518 1701 2757 1756 eumque
2783 1685 2875 1756 qui
2910 1686 3135 1757 dignum
3191 1687 3260 1742 ab
3317 1688 3541 1758 indigno

1961 1780 2158 1838 educat
2183 1778 2388 1835 Christi
2427 1793 2492 1833 os
2521 1777 2829 1848 nuncupari
2862 1779 2916 1843 ιι,
2962 1793 3140 1848 neque
3176 1780 3537 1849 apostolicum

1963 1887 2098 1943 opus
2132 1875 2235 1928 hoc
2289 1871 2394 1927 sibi
2452 1871 2835 1942 negligendum
2891 1871 3184 1941 segniusve
3228 1872 3539 1928 habendum

1963 1964 2192 2035 putavit.
2242 1961 2347 2019 Sed
2379 1972 2506 2017 ante
2561 1963 2744 2017 omnia
2771 1961 3083 2017 Judazornm
3125 1973 3338 2034 gentem
3373 1965 3542 2020 incir-

1959 2057 2263 2113 cumcisam
2288 2063 2344 2110 et
2371 2055 2510 2110 duro
2543 2055 2707 2110 corde
2762 2069 2826 2110 ac
2857 2055 3091 2120 cervice,
3124 2055 3274 2126 quod
3324 2056 3380 2111 in
3420 2055 3542 2128 ipso

1961 2147 2089 2216 fuit,
2141 2147 2196 2201 in
2231 2146 2438 2202 Christi
2490 2145 2814 2216 obsequium
2857 2145 3011 2202 verbi
3062 2162 3263 2216 sagena
3320 2148 3540 2204 irretiit.

1959 2238 2168 2295 lubens
2203 2241 2349 2296 enim
2387 2253 2501 2294 sua:
2528 2238 2806 2310 religionis
2832 2239 3168 2307 argumentis
3197 2240 3380 2308 allatis
3426 2241 3541 2296 dis-

1962 2330 2264 2400 putationis
2323 2329 2498 2383 aleam
2523 2327 2783 2398 experiri,
2814 2343 2878 2383 ac
2908 2330 2991 2384 vel
3025 2344 3126 2384 sua
3155 2330 3309 2384 ﬁrma
3354 2341 3540 2386 osten-

1961 2422 2090 2477 dere
2120 2430 2174 2478 et
2202 2421 2404 2492 quibus
2432 2420 2734 2476 contradici
2764 2435 2870 2475 non
2896 2422 3089 2492 possit,
3125 2431 3220 2476 aut
3245 2438 3540 2492 persuasos

1961 2513 2241 2570 Christum
2265 2513 2400 2583 legis
2422 2521 2585 2582 caput
2609 2527 2732 2569 esse
2760 2527 2826 2568 ac
2847 2513 3260 2582 prophetarum,
3285 2521 3340 2569 et
3369 2513 3540 2583 legem

1963 2607 2171 2661 umbrre
2194 2615 2382 2676 typum
2415 2605 2747 2674 praetulisse,
2773 2619 2898 2674 quae
2929 2603 3062 2660 solis
3084 2602 3256 2660 radiis
3291 2603 3543 2675 ingruen-

1964 2698 2114 2754 tibus
2131 2697 2456 2768 dissipatur.
2486 2696 2552 2752 ad
2587 2695 2804 2751 Domini
2839 2695 3148 2752 doctrinam
3181 2695 3448 2753 accedere
3475 2711 3543 2753 ae

1962 2791 2231 2862 baptisma
2283 2789 2586 2860 suscipere,
2637 2787 2932 2858 propositis
2982 2787 3147 2843 etiam
3200 2788 3440 2858 praemiis
3469 2804 3536 2844 ac

1963 2883 2270 2939 honoribus
2295 2883 2380 2937 his
2411 2882 2502 2951 qui
2539 2896 2599 2938 se
2625 2880 2845 2936 Christo
2871 2879 3242 2950 adiunxerint,
3275 2880 3546 2950 priorum-

1963 2991 2072 3048 que
2103 2975 2448 3046 vectigalium
2485 2989 2651 3029 onere
2703 2973 3011 3029 levaturum
3076 2972 3355 3043 pollicitus
3380 2981 3546 3043 atque

259 3056 564 3128 προτέρων
591 3057 906 3122 ἀπαλλάξας
929 3057 1109 3128 φόρων
1139 3057 1234 3112 καὶ⁸
1256 3057 1540 3130 ἐπιτίμους
1568 3060 1625 3126 ἐξ
1648 3058 1859 3128 ἀτίμων

1967 3047 2029 3125 ex
2085 3072 2320 3125 obscura
2372 3067 2504 3122 faece
2543 3065 2754 3121 nobiles
2787 3081 2852 3120 ae
2893 3065 3194 3121 honoratos
3241 3047 3568 3131 facturum.

258 3152 454 3204 ποιεῖν
475 3149 1080 3219 κατεπαγγειλάμενος,
1117 3151 1350 3212 πολλοὺς
1375 3149 1471 3203 τοῦ
1506 3152 1860 3222 ἐπικειμένου

260 3241 640 3312 ωλύμματος
674 3243 716 3274 ⁸⁸
745 3241 846 3310 τῆς
873 3240 1184 3312 πωρώσεως
1213 3242 1557 3312 ἠλευθέρωσε
1589 3243 1684 3296 καὶ
1725 3244 1862 3314 πρὸς

261 3337 464 3390 πίστιν
491 3335 714 3389 εἵλκυσε
734 3336 830 3388 τοῦ
858 3334 1120 3405 Χριστοῦ,
1169 3335 1218 3386 εί
1252 3335 1342 3388 καὶ
1371 3335 1532 3389 πάλιν
1563 3334 1613 3388 oi
1646 3334 1862 3399 πλείους

263 3431 424 3500 μετά
453 3428 558 3499 τὴν
588 3431 652 3482 ὲκ
686 3429 725 3460 ¹¹
757 3427 851 3482 τοῦ
884 3427 998 3500 βίου
1020 3427 1118 3481 τοῦ
1151 3427 1416 3498 βασιλέως
1440 3428 1863 3500 ἐπαναχώρησιν

265 3521 416 3593 πρὸς
443 3522 539 3575 τὸν
565 3523 767 3574 οἰκεῖον
789 3521 864 3584 ὡς
885 3520 1046 3584 κύνες
1076 3520 1422 3591 ὑπέστρεψαν
1451 3522 1665 3592 ὲμετόν.
1702 3522 1864 3576 Ἀλλά

264 3616 382 3668 κᾶν
411 3617 638 3677 ἐκεῖνοι,
679 3614 882 3685 μᾶλλον
930 3615 988 3668 δέ
1027 3631 1171 3677 τινες
1201 3615 1446 3680 ἐκείνων,
1491 3614 1566 3678 ὡς
1607 3610 1865 3677 Αἰθίοπες

268 3708 509 3778 ἔμειναν
565 3707 958 3779 ἀμετάϐλητοι,
1005 3706 1120 3760 ἀλλ’
1159 3708 1187 3761 ὅ
1217 3725 1281 3777 γε
1312 3707 1560 3777 φιλόθεος
1612 3707 1866 3778 βασιλεὺς

271 3803 521 3865 ἐντελεῖς
550 3799 647 3855 τοῦ
672 3801 834 3870 ἔργου
869 3802 995 3863 τοὺς
1027 3800 1256 3870 μισθοὺς
1290 3801 1455 3853 ἕνεκα
1500 3801 1599 3870 τῆς
1631 3799 1866 3869 σπουδῆς

271 3894 434 3964 παρά
453 3891 594 3946 Θεοῦ
621 3891 999 3963 ἀπολήψεσθαι
1030 3893 1071 3923 ι’
1101 3890 1347 3962 ἔμελλεν.

352 3990 472 4053 ιιςέ.
519 3967 793 4047 Ὡσαύτως
840 3985 896 4038 δὲ
927 3985 1020 4037 καὶ
1077 3983 1204 4054 περὶ
1241 3982 1302 4034 es
1359 3979 1682 4050 Βουλγάρων
1716 3979 1868 4046 γένος

271 4079 604 4150 εὑρίσκεται
665 4077 1014 4146 διαγεγονώς.
1067 4074 1140 4128 Τὸ
1175 4073 1284 4144 γὰρ
1333 4071 1571 4126 τοιοῦτον
1603 4071 1774 4135 ἔθνος,
1818 4071 1868 4123 εἰ

274 4171 380 4224 καὶ
412 4170 522 4240 πρὸ
544 4169 736 4222 τούτου
756 4169 857 4239 τὴν
885 4168 1021 4238 πρὸς
1044 4166 1331 4220 εὐσέϐειαν
1361 4164 1666 4235 μεταϐολὴν
1692 4164 1868 4217 εἰσδέ-

275 4261 486 4328 ξασθαι
517 4260 665 4326 ἔδοξε
692 4258 789 4313 καὶ
819 4258 954 4330 πρὸς
983 4258 1076 4312 τὸν
1108 4255 1541 4327 Χριστιανισμὸν
1565 4255 1866 4326 μετελθεῖν,

274 4353 401 4406 ἀλλ’
430 4353 585 4422 ὅμως
614 4349 830 4419 ἀπαγὲς
874 4346 942 4420 ἦν
974 4349 1054 4403 ἔτι
1083 4349 1216 4419 πρὸς
1241 4350 1303 4401 τὸ
1339 4350 1384 4380 ¹³
1422 4349 1587 4402 καλὸν
1639 4348 1732 4400 καὶ
1777 4347 1869 4400 ἀν-

1965 3162 2170 3215 multos
2212 3159 2418 3223 ablato,
2455 3158 2602 3226 quod
2636 3157 2957 3226 impositum
3015 3157 3238 3224 habent,
3283 3157 3546 3213 ett-citatis

1964 3253 2231 3310 velamine
2261 3253 2327 3306 ad
2357 3248 2562 3306 Christi
2583 3247 2744 3319 342
2778 3247 2933 3302 fidem
2962 3248 3207 3312 attraxit,
3230 3264 3542 3321 quanquam

1963 3347 2210 3418 plerique
2251 3358 2496 3407 rursum,
2532 3349 2658 3412 post
2687 3342 3072 3410 imperatorem
3112 3356 3143 3395 e
3186 3341 3326 3396 vivis
3355 3355 3544 3396 exent—

1966 3451 2140 3513 ptum,
2172 3438 2240 3494 ad
2299 3437 2564 3492 vomitum
2619 3451 2780 3491 suum
2835 3443 2894 3489 ut
2942 3449 3108 3490 canes
3146 3433 3349 3489 reversi
3393 3441 3544 3488 sunt.

1967 3527 2209 3583 Tametsi
2241 3540 2370 3582 vero
2397 3525 2477 3580 illi
2513 3523 2631 3596 (seu
2676 3523 2862 3594 potius
2895 3523 3113 3577 illorum
3154 3539 3281 3593 pars
3310 3522 3541 3595 aliqua),

1965 3621 2115 3679 velut
2141 3619 2448 3688 EthiOpes,
2474 3631 2716 3673 errorem
2745 3614 2890 3670 haud
2920 3622 3222 3678 mutarunt,
3245 3611 3546 3684 religiosis-

1966 3717 2140 3772 simus
2198 3723 2380 3769 tamen
2450 3711 2750 3780 imperator
2799 3709 3068 3779 integram
3121 3722 3151 3762 a
3203 3705 3316 3762 Deo
3363 3707 3544 3776 operis

1967 3807 2324 3871 mercedem,
2391 3803 2513 3874 ejus
2579 3801 2885 3859 molitionis
2946 3814 3114 3854 causa
3185 3809 3546 3868 percepturus

1966 3911 2105 3957 erat.

2038 3990 2130 4045 96.
2169 3987 2437 4042 Similiter
2465 3999 2597 4039 vero
2620 3999 2678 4040 se
2703 3983 2863 4038 etiam
2897 3997 3023 4051 erga
3054 3980 3315 4052 Bulgaros
3353 3981 3544 4052 gessit.

1970 4081 2045 4136 Ea
2077 4079 2223 4135 enim
2252 4092 2386 4148 gens
2408 4077 2509 4132 etsi
2540 4087 2700 4130 antea
2730 4075 2798 4129 ad
2832 4073 3086 4144 pietatem
3113 4072 3401 4128 transiisse
3432 4074 3546 4126 visa

1971 4171 2150 4228 fuerat
2181 4180 2236 4225 et
2259 4166 2700 4224 Christianorum
2744 4165 2883 4219 ritus
2907 4163 3203 4232 recepisse,
3234 4162 3418 4224 adhuc
3461 4171 3546 4216 ta-

1973 4279 2098 4319 men
2131 4263 2186 4318 in
2223 4261 2365 4316 bono
2394 4257 2672 4314 instabilis
2701 4272 2765 4311 ac
2795 4256 2950 4325 quasi
2981 4254 3212 4308 volatica
3251 4263 3388 4310 erat.
3432 4268 3480 4305 γι
3499 4253 3547 4306 ι-

1973 4366 2034 4413 ut
2099 4355 2290 4410 folium
2349 4351 2497 4422 quod
2546 4349 2708 4406 facile
2763 4347 2866 4403 levi
2897 4362 3031 4402 aura
3081 4345 3329 4416 quatitur
3386 4355 3552 4413 atque

279 4416 526 4515 ίδρυτολδ,
557 4444 628 4507 ῶς
655 4416 760 4497 ὑπδ
803 4416 1006 4514 ἀνέμου
1037 4416 1209 4511 φύλλα
1256 4440 1456 4512 ῥαδίως
1509 4442 1862 4508 σαλευόμενον

1976 4457 2246 4504 movetur.
2273 4443 2496 4501 Crebris
2547 4451 2726 4497 tamen
2786 4438 3134 4508 imperatoris
3189 4437 3553 4493 hortamentis

275 4538 384 4591 καὶ
404 4535 886 4606 μετακινούμενον.
912 4534 1072 4588 Ἀλλά
1095 4535 1217 4595 ταῖς
1240 4533 1330 4585 τοῦ
1358 4532 1624 4602 βασιλέως
1647 4536 1868 4603 συχναῖς

280 4632 651 4702 παραινέσεσι
683 4630 780 4684 καὶ
813 4630 936 4691 ταῖς
984 4627 1270 4698 λαμπραῖς
1309 4623 1641 4689 δεξιώσεσιν,
1701 4625 1869 4678 ἔτιδὲ
1915 4643 1922 4653 '

278 4725 385 4777 καὶ
422 4723 544 4784 ταῖς
576 4719 975 4790 μεγαλοψύχοις
1022 4719 1354 4789 φιλοτιμίαις
1393 4737 1450 4771 τε
1490 4718 1586 4771 καὶ
1617 4717 1866 4788 δωρεαῖς,

278 4817 725 4887 ἀρχιεπίσκοπόν
751 4833 813 4868 τε
846 4814 1128 4868 πείθεσθαι
1172 4811 1573 4878 καταδέξασθαι
1603 4810 1698 4864 καὶ
1750 4813 1867 4863 ἐπι-

280 4910 518 4972 σκόποις
563 4908 1063 4976 καταπυκνωθῆναι
1093 4908 1193 4977 τὴν
1222 4906 1407 4978 χώραν
1454 4906 1702 4974 ἀνέχεται
1728 4919 1742 4932 ο
1780 4902 1875 4956 καὶ

281 5003 376 5056 διά.
396 5020 458 5054 τε
476 5003 683 5055 τούτων
712 5000 803 5055 διά
829 5018 888 5054 τε
919 5000 1028 5054 τῶν
1051 4999 1108 5065 ἐξ
1133 5000 1306 5070 ὀρέων
1331 5017 1391 5052 τε
1413 4999 1453 5028 ⁸³
1479 5001 1572 5051 καὶ
1600 4996 1708 5048 τῶν
1736 5011 1874 5064 σπη-

281 5095 459 5148 λαίων
487 5094 589 5163 τῆς
623 5094 728 5162 γῆς
761 5092 1215 5163 μετακληθέντων
1246 5093 1340 5146 καὶ
1374 5093 1551 5144 ἐκεῖσε
1596 5086 1873 5159 παράττοῦ

281 5187 561 5258 βασιλέως
592 5185 1036 5250 ἀποσταλέντων,
1068 5186 1178 5238 τῶν
1205 5182 1449 5237 εὑσεὸῶν
1477 5180 1780 5250 μοναστῶν,
1805 5177 1874 5231 τά

277 5297 350 5333 τε
404 5279 637 5351 πατρῷα
688 5278 794 5350 ἢθη
852 5278 1257 5347 καταλιμπάνει
1315 5274 1413 5328 καὶ
1468 5272 1764 5343 ὁλόκληρον
1793 5270 1872 5340 τῷ

277 5369 513 5440 Χριστῷ
537 5367 918 5440 σαγηνεύεται.

367 5486 391 5525 ι
417 5489 623 5546 Jeretn.
667 5503 758 5553 xv,
793 5485 882 5542 19.

1971 4540 2388 4614 splendidisque
2411 4533 2828 4605 aceeptionibus
2859 4545 2924 4586 ac
2950 4530 3124 4594 cultu,
3158 4543 3260 4585 nec
3288 4543 3396 4583 non
3434 4542 3551 4582 ma-

1968 4636 2185 4708 gniﬁcis
2207 4631 2590 4704 largitionibus
2619 4642 2683 4683 ac
2703 4624 3046 4690 muneribus,
3078 4621 3549 4690 archiepiscopum

1955 4730 2213 4796 recipere
2259 4724 2545 4787 suadetur,
2593 4733 2696 4775 nec
2725 4718 2909 4788 plures
2940 4716 2993 4770 in
3052 4713 3330 4784 provincia
3375 4710 3552 4767 creari

1973 4823 2261 4893 episcopos
2297 4816 2476 4885 iisque
2518 4808 2822 4879 constipari
2872 4805 3084 4862 abnuit.
3119 4803 3326 4859 Horum
3361 4817 3553 4874 opera,

1977 4926 2278 4981 eorumque
2302 4923 2439 4978 quos
2465 4923 2532 4962 ex
2558 4905 2834 4960 montibus
2867 4916 2922 4960 et
2951 4902 3202 4958 cavernis
3240 4909 3399 4956 terra:
3427 4900 3553 4956 reli-

1979 5005 2322 5077 giosissimos
2379 4999 2682 5055 monachos
2740 4999 3037 5067 imperator
3087 4997 3362 5051 acciverat
3383 4993 3553 5063 inque

1979 5113 2100 5153 eam
2135 5107 2368 5148 messem
2399 5090 2725 5154 destinarat,
2755 5087 2918 5143 avitis
2947 5086 3195 5142 moribus
3226 5084 3410 5140 valere
3431 5084 3554 5152 jus-

1980 5186 2059 5242 sis
2089 5185 2140 5239 in
2165 5182 2369 5238 Christi
2401 5195 2684 5252 sagenam,
2715 5176 2983 5251 quidquid
3043 5174 3342 5246 Bulgarica:
3375 5177 3556 5248 gentis

1980 5286 2084 5346 est,
2120 5273 2420 5333 concessit.

1580 5572 1814 5632 VARIIE
1856 5571 2268 5632 LECTIONES.

367 5679 390 5710 ⁸
420 5678 524 5750 ἢδη
551 5692 664 5750 om.
686 5675 760 5750 VP.
884 5672 1007 5750 μὲν]
1037 5673 1094 5726 δὲ
1124 5671 1196 5750 l"1
1260 5671 1282 5704 ⁸
1301 5671 1398 5750 ἐπ’
1421 5687 1530 5725 om.
1565 5669 1642 5750 P;
1703 5670 1725 5701 ⁸
1744 5671 1786 5750 -6_
1810 5683 1920 5750 9m:
1949 5669 2018 5750 Ρἒ
2086 5667 2232 5750 ⁸Πῴς]
2258 5669 2342 5750 εἰς

2507 5667 2527 5698 '
2563 5667 2654 5721 ὑπ’
2689 5666 2801 5722 ΛΡ.
2875 5666 2898 5699 ⁸
2937 5666 3114 5736 φωτὸς
3143 5681 3253 5722 om.
3289 5663 3354 5721 Α.
3431 5668 3454 5699 ⁹
3479 5665 3554 5715 δι·

274 5737 526 5820 δαχῇἈί
604 5737 1129 5822 ⁸⁸,ὲπικαλῦμιὶατος
1160 5743 1222 5798 Ρ.
1301 5744 1340 5775 ¹¹
1367 5744 1571 5816 ἑκοω.
1606 5739 1664 5797 Ρ.
1744 5741 1786 5770 ¹¹
1815 5739 2083 5811 λήψεσθαι
2117 5741 2176 5795 1³.
2216 5737 2230 5740 ⁷
2258 5738 2298 5770 ⁸³
2330 5737 2390 5792 τὸ
2424 5753 2532 5793 om.
2560 5739 2620 5793 [⁵.
2699 5738 2741 5769 ³⁵
2762 5756 2820 5792 τε
2855 5754 2966 5794 om.
2993 5740 3056 5792 l'.
