3994 6220
412 265 513 329 367

1502 251 2006 315 TIiEOPHANES
2045 249 2609 310 CONTINUATUS.

3568 238 3672 300 363

412 370 748 447 o-jusccutodi
805 368 1095 424 occasione
1150 366 1226 420 rei
1278 367 1597 435 prmstanda:
1646 362 1985 433 probabilem

2105 357 2385 429 γερουσίας
2432 354 2808 427 ὑπερεχόντων
2841 352 3099 415 πολλάκις
3142 349 3508 419 βουληθέντων
3536 349 3676 417 ὑπὲρ

414 464 874 536 opportunitatem
903 472 1079 527 exque
1112 458 1324 511 ratione
1350 459 1496 511 nacti
1527 466 1679 512 sunt.

2094 450 2189 504 τοῦ
2217 450 2337 503 υίοῦ
2369 450 2508 519 πρὸς
2533 449 2625 500 τὸν
2652 446 2865 516 πατέρα
2896 442 3453 514 διαπρεσϐεύσασθαι,
3482 441 3675 495 ἄλλοτε

412 533 642 613 ὀένκατ⁹
686 556 852 624 ἄλλην
907 550 1087 604 αἰτίαν
1124 550 1521 619 κωλυομένων,
1571 548 1680 603 ἀπὸ
1726 545 1986 614 τοιαύτης
2021 543 2353 613 προφάσεως
2381 540 2605 610 εὔλογον
2639 540 2793 609 ἔσχον
2833 536 3091 608 ἀφορμὴν
3112 538 3192 599 είς
3251 535 3313 588 τὸ
3373 533 3681 590 κατανῦσαι

415 654 475 706 τὸ
504 647 769 723 βούλημα.

490 744 614 797 illi.
655 742 783 795 Avis
831 748 948 793 erat
984 738 1037 793 in
1072 737 1309 807 implexo
1332 736 1552 791 calatho
1582 736 1636 790 in
1665 734 1830 806 regiae
1857 748 1993 804 pcn-

414 836 552 889 dens
587 832 843 893 triclinio,
886 830 1102 901 egregia
1158 830 1422 883 imitatrix
1467 837 1523 884 et
1550 828 1989 898 loquacissima:

418 925 708 994 psittacum
753 932 970 977 vocant.
1036 920 1137 976 Hic
1170 922 1285 975 sive
1329 937 1361 974 a
1398 921 1727 990 quibusdam
1763 920 1993 976 edoctus

417 1026 535 1072 erat
562 1016 677 1071 sive
706 1014 817 1069 alio
851 1012 1049 1083 quovis
1080 1012 1243 1067 modo
1270 1012 1549 1076 hauserat,
1586 1010 1725 1077 Heu,
1752 1019 1871 1077 heu,
1895 1011 1994 1064 do-

420 1110 559 1163 mine
590 1108 711 1172 Leo,
752 1107 952 1176 saepius
988 1105 1145 1175 351
1183 1105 1577 1174 perstrepebat.
1624 1105 1759 1160 Cum
1810 1107 1995 1174 itaque

420 1212 551 1257 tunc
583 1202 880 1272 imperator
910 1199 1134 1267 opipare
1178 1199 1503 1253 instructum
1539 1197 1767 1252 haberet
1798 1198 1995 1253 convi-

418 1294 589 1355 vium,
618 1299 950 1359 senatusque
978 1289 1246 1359 primores
1286 1288 1492 1357 pariter
1519 1289 1893 1358 epularentur,
1930 1303 1995 1343 ac

417 1388 533 1441 avis
580 1402 643 1441 ea
687 1400 809 1454 quae
838 1384 978 1437 dicta
1024 1390 1154 1437 sunt
1199 1381 1451 1437 crebrius
1492 1391 1781 1452 repeteret,
1813 1381 1994 1437 affecti

416 1492 657 1549 mmrore
695 1475 960 1538 convivae,
1007 1474 1288 1543 missaque
1316 1473 1601 1543 epularum
1626 1474 1992 1544 iucunditate,

416 1570 765 1642 cogitabundi
797 1568 1078 1624 sedebant.
1111 1567 1370 1622 Animum
1403 1566 1636 1622 advertit
1668 1568 1986 1639 imperator,

416 1660 613 1729 quidve
651 1674 835 1714 causae
878 1658 950 1715 sit
986 1673 1087 1713 cur
1123 1672 1184 1714 se
1217 1673 1247 1712 a
1293 1658 1526 1727 dapibus
1568 1658 1879 1713 abstineant
1920 1672 1988 1714 ex

2167 730 2269 793 ρα’.
2297 718 2405 776 Ἦν
2429 738 2482 774 τι
2515 721 2655 786 ζῶον
2688 720 2892 791 πτηνὸν
2927 720 2984 773 ἐν
3019 718 3239 788 ταλάρῳ
3271 716 3491 787 πλεκτῷ
3532 719 3676 771 κατὰ

2092 815 2161 868 τὰ
2194 814 2443 885 βασίλεια
2475 812 2851 883 αἰωρούμενον
2876 852 2889 875 ,
2928 808 3165 880 μιμηλὸν
3202 808 3298 862 καὶ
3335 807 3676 877 πολύφωνον,

2092 908 2119 959 ὂ
2146 906 2411 975 ψιττακὸς
2444 904 2812 973 ὀνομάζεται·
2865 902 3002 971 ὅπερ
3055 901 3165 953 εἴτε
3218 901 3356 971 πρός
3393 918 3559 954 τινων
3602 901 3680 955 δι-

2092 997 2289 1068 δαχθέν
2317 999 2426 1051 εἴτε
2455 996 2633 1060 ἄλλως
2659 1012 2803 1063 πως,
2836 994 3119 1059 πολλάκις,
3141 994 3231 1057 Ai,
3250 993 3332 1059 αἳ,
3357 993 3468 1061 κῦρ
3489 994 3677 1059 Λέων,

2096 1091 2415 1160 ἐφθέγγετο.
2474 1088 2800 1151 Πανδαισίας
2851 1086 2908 1140 δέ
2965 1102 3094 1139 ποτε
3116 1086 3162 1117 ’⁵⁸
3216 1084 3547 1155 τελουμένης
3599 1086 3680 1157 τῷ

2100 1181 2333 1250 βασιλεῖ,
2369 1181 2462 1234 καὶ
2488 1179 2599 1231 τῶν
2626 1179 2858 1248 πρώτων
2881 1176 2978 1247 τῆς
3008 1174 3202 1245 βουλῆς
3234 1173 3682 1243 συνεστιωμένων

2097 1273 2279 1343 αὐτῷ,
2316 1274 2412 1327 καὶ
2459 1273 2555 1325 τοῦ
2606 1270 2819 1341 ὄρνιθος
2872 1268 3132 1329 πολλάκις
3186 1266 3561 1336 φθεγγομένου
3620 1266 3682 1319 τὸ

2100 1366 2431 1437 προρρηθὲν,
2463 1362 2966 1431 ἐπιστυγνάσαντες
3001 1361 3050 1413 οί
3095 1359 3413 1428 δαιτυμόνες
3457 1360 3552 1412 καὶ
3580 1359 3683 1425 τῆς

2099 1459 2333 1529 εὐωχίας
2389 1456 2733 1526 παυσάμενοι
2784 1454 2876 1507 ἐπὶ
2934 1452 3181 1515 συννοίας
3242 1451 3526 1519 ἐκάθηντο.
3584 1447 3683 1515 Οἷς

2090 1549 2346 1622 προσχὼν
2382 1553 2411 1604 ό
2451 1549 2707 1619 βασιλεὺς
2751 1546 2851 1618 τὴν
2903 1546 3083 1599 αίτίαν
3131 1546 3232 1615 τῆς
3286 1543 3394 1595 τῶν
3444 1543 3678 1596 ἐδεστῶν

2088 1644 2305 1714 ἀποχῆς
2357 1641 2713 1695 ἐπυνθάνετο.
2751 1641 2813 1693 Oi
2842 1639 2898 1691 δὲ
2945 1636 3203 1707 δακρύων
3235 1634 3680 1705 ὑποπλησθὲντες

416 1725 523 1807 illis
551 1752 765 1821 qumrit.
789 1749 866 1807 illi
901 1766 1030 1807 vero
1060 1750 1263 1821 oppleti
1293 1725 1569 1822 laerymis,
1607 1751 1776 1818 Quas,
1815 1752 1988 1817 aiunt,

2105 1738 2219 1800 τοὺς
2253 1734 2589 1805 ὀφθαλμοὺς,
2637 1736 2775 1789 Τίνα
2803 1730 3061 1802 βρῶσιν,
3100 1725 3277 1791 εἷπον.
3312 1728 3678 1798 φανούμεθα,

414 1844 574 1913 dapes
600 1860 887 1907 sumemus,
914 1843 991 1898 sic
1016 1841 1168 1896 nobis
1190 1844 1543 1912 exprobrante
1560 1844 1716 1897 bruta
1754 1843 1851 1897 hac
1874 1845 1993 1897 ani-

417 1949 629 2004 mante,,
681 1938 773 2006 qui
813 1936 914 2005 ipsi
966 1935 1178 2005 praditi
1230 1936 1435 1990 ratione
1488 1937 1697 2011 uerique
1754 1945 1991 1990 amantes

414 2028 729 2083 rideamur?
764 2028 889 2081 dum
931 2027 1028 2081 illa
1074 2028 1151 2081 sic
1196 2028 1428 2095 repetitis
1475 2028 1680 2081 vocibus
1717 2028 1990 2081 dominum

416 2119 759 2180 inclamaute,
795 2136 889 2173 nos
922 2121 1070 2189 genio
1110 2118 1438 2190 indulgentes
1464 2120 1693 2174 insontis
1741 2119 1993 2174 dominici

415 2210 664 2278 germinis
718 2211 984 2280 prolisque
1030 2227 1214 2265 sumus
1266 2211 1469 2265 obliti.’
1524 2210 1795 2282 Siquidem
1852 2212 1991 2266 enim

412 2306 692 2365 paternum
735 2298 829 2367 jus
864 2300 1089 2353 violasse
1133 2301 1463 2354 convincitur
1490 2310 1540 2356 et
1584 2303 1639 2355 in
1682 2302 1796 2371 ejus
1835 2313 1992 2372 caput

414 2390 687 2444 dexteram
712 2405 966 2454 armasse,
994 2388 1094 2459 ipsi
1117 2406 1210 2445 nos
1239 2407 1416 2445 omnes
1439 2393 1553 2461 ejus
1577 2401 1818 2448 auctores
1853 2394 1991 2446 necis

415 2479 636 2544 erimus,
670 2478 922 2549 illiusque
967 2494 1151 2535 cruore
1181 2481 1633 2536 exsaturabimur.
1686 2481 1779 2538 Sin
1818 2496 1992 2537 autem

413 2585 594 2623 eorum
626 2585 851 2639 quorum
880 2580 1169 2626 accusatur
1197 2573 1344 2627 nulla
1367 2576 1620 2628 conoictio
1652 2585 1728 2628 est
1752 2592 1993 2645 certaque

414 2660 694 2728 probatio,
746 2660 1131 2729 quamdiuuant
1181 2662 1515 2717 calumniosa
1576 2664 1757 2733 lingua
1812 2665 1991 2733 oppri-

417 2753 604 2809 utendo
646 2754 1027 2824 prepollebit.’
1070 2753 1382 2812 Istiusmodi
1414 2758 1770 2813 sermonibus
1798 2760 1993 2813 tantis-

418 2860 513 2915 per
557 2846 818 2902 delinitus
851 2846 1203 2916 imperatoris
1229 2848 1451 2904 animus
1480 2859 1608 2904 tunc
1637 2851 1855 2918 quidem
1904 2864 1994 2904 se-

416 2938 545 2992 dere
568 2951 665 2992 eos
685 2936 870 3007 jussit,
900 2937 1130 3008 ejusque
1157 2938 1233 2993 rei
1268 2940 1442 3009 gratia
1475 2955 1535 2994 se
1565 2940 1991 2996 deliberaturum

418 3027 695 3097 promisit.
732 3026 843 3084 Nec
880 3026 974 3083 diu
1002 3036 1127 3098 post
1153 3028 1222 3084 ad
1257 3029 1495 3085 indolem
1528 3031 1862 3102 geniumque
1902 3048 1990 3089 re-

416 3134 613 3176 versus
666 3135 698 3176 e
753 3135 978 3177 carcere
1024 3121 1223 3179 educto
1274 3124 1360 3179 sui
1423 3125 1501 3179 illi
1561 3126 1775 3196 copiam
1827 3126 1991 3193 facit,

418 3210 746 3283 lugubrique
789 3211 966 3281 ipsius
1002 3222 1214 3269 mutato
1253 3214 1441 3270 habitu
1484 3230 1549 3272 ac
1590 3216 1869 3287 superﬂuo
1900 3235 1994 3275 co-

418 3317 521 3357 ma:
553 3316 648 3372 per
683 3300 923 3356 tristitiae
966 3310 1183 3373 tempus
1214 3304 1434 3370 adultae,
1484 3306 1663 3362 levato
1712 3324 1900 3371 onere.
1940 3312 1995 3365 in

417 3392 715 3462 pristinum
764 3406 895 3449 cum
940 3392 1162 3465 imperii
1210 3396 1439 3467 gradum
1490 3400 1863 3471 honoremque
1905 3418 1995 3457 re-

418 3483 620 3539 stituit.

491 3574 617 3629 102.
681 3572 795 3630 Nec
845 3575 1020 3631 multo
1072 3584 1197 3647 post
1235 3576 1290 3632 in
1336 3576 1616 3634 tabiﬁcum
1666 3596 1998 3651 gravemque

421 3667 673 3722 morbum
710 3667 1006 3737 imperator
1036 3667 1199 3738 352
1231 3669 1447 3736 incidit,
1495 3670 1589 3739 qui
1627 3686 1694 3726 ex
1730 3672 1999 3741 proﬂuvio

421 3759 631 3815 ventris
655 3759 972 3826 acciderat;
995 3760 1144 3829 quod
1167 3761 1347 3830 ipsum
1380 3775 1447 3817 ex
1476 3776 1610 3818 casu
1633 3765 1774 3819 inter
1796 3780 2000 3820 venan-

422 3849 553 3904 dum
593 3848 725 3904 oriri
773 3848 1100 3920 contigerat.
1153 3849 1387 3921 Jamque
1433 3853 1696 3923 paulatim
1738 3857 1831 3911 tali
1875 3859 2001 3913 tabe

420 3941 863 3998 contabescebat.
904 3940 1123 4012 Imperii
1152 3943 1339 4014 itaque
1366 3945 1531 4002 rebus
1551 3947 1756 4016 optima
1788 3949 2001 4006 ratione

422 4030 729 4101 dispositis,
765 4029 1170 4103 designatoque
1201 4048 1542 4099 successore.
1579 4052 1682 4093 uec
1731 4053 1842 4093 non
1883 4041 2001 4095 sin-

2092 1830 2283 1895 οὕτως
2311 1831 2428 1883 ὑπὸ
2463 1827 2571 1897 τῆς
2600 1826 2805 1896 φωνῆς
2837 1824 2941 1879 τοῦ
2976 1823 3200 1891 ἀλόγου
3225 1822 3441 1875 τούτου
3470 1819 3681 1873 ὀνειδι-

2093 1920 2322 1990 ζόμενοι
2352 1923 2407 1974 οι
2438 1920 2762 1985 δοκοῦντες
2794 1916 2966 1987 ἡμεῖς
3005 1916 3239 1984 λογικοί
3277 1932 3342 1968 τε
3384 1914 3480 1968 καί
3508 1918 3684 1984 φιλο-

2093 2013 2415 2079 δέσποτοι;
2445 2015 2535 2067 ὅτι
2562 2012 2712 2067 αὐτὸ
2746 2010 2865 2081 μὲν
2898 2009 3007 2064 τὸν
3037 2007 3259 2069 οἰκεῖον
3292 2008 3685 2063 ἀνακαλεῖται

2092 2106 2417 2173 δεσπότην,
2468 2104 2553 2177 [Ρ.
2593 2102 2721 2173 216]
2765 2102 2937 2173 ἡμεῖς
2973 2100 3042 2154 δὲ
3083 2099 3426 2169 τρυφῶντες
3480 2099 3687 2167 λήθην

2092 2197 2201 2252 τοῦ
2244 2198 2331 2266 μὴ
2375 2196 2789 2264 ἀδικήσαντος
2816 2196 3210 2250 δεσποσύνων
3259 2195 3576 2265 ἐλάϐομεν.
3613 2198 3685 2251 ει

2088 2290 2205 2359 μὲν
2231 2290 2341 2358 τὰρ
2366 2288 2675 2358 ἐλέγχεται
2700 2287 2927 2343 ἀδικῶν
2954 2288 3051 2343 καί
3080 2289 3232 2343 κατὰ
3254 2288 3366 2356 τῆς
3389 2289 3686 2357 πατρικῆς

2094 2381 2370 2452 κεφαλῆς
2394 2383 2761 2450 εὐτρεπίσας
2786 2382 2905 2450 τὴν
2928 2382 3136 2448 δεξιὰν
3156 2423 3172 2449 ,
3204 2384 3550 2452 αὐτόχειρες
3572 2385 3685 2438 σὺ·

2094 2474 2201 2529 τοῦ
2228 2474 2397 2544 ἡμεῖς
2424 2474 2650 2541 πάντες
2674 2475 2989 2545 γενοίμεθα
3017 2473 3117 2529 καί
3162 2473 3272 2529 τοῦ
3300 2476 3544 2544 αἵματος
3570 2478 3686 2529 αὺ-

2093 2569 2201 2622 τοῦ
2232 2568 2674 2637 κορεσθείημενσ
2705 2570 2760 2622 el
2787 2568 2856 2622 δὲ
2878 2569 2971 2639 ἐφ’
2998 2566 3091 2635 οἷς
3109 2567 3403 2635 ἐνεκλήθη
3434 2568 3683 2637 διαφεύ-

2094 2678 2181 2730 τει
2240 2661 2346 2715 τι¹ν
2396 2661 2690 2729 ἔλεγχον,
2744 2661 2921 2729 μέχρι
2983 2662 3147 2729 τίνος
3204 2661 3243 2730 ἡ
3303 2661 3685 2729 συκοφάντης

2093 2750 2346 2821 γλῶσσα
2398 2752 2890 2822 δυναμωθήσεται
2950 2752 3083 2807 κατ’
3138 2752 3369 2815 αὐτοῦς
3425 2752 3683 2807 Μαλακιο

2097 2845 2246 2909 σθεὶς
2272 2846 2315 2877 ⁸⁸
2341 2840 2435 2899 οὖν
2460 2847 2569 2909 τοῖς
2601 2845 2864 2909 τοιούτοις
2893 2846 3003 2899 τῶν
3029 2845 3206 2914 λόγων
3226 2847 3255 2900 ὁ
3278 2846 3535 2917 βασιλεὺς
3553 2846 3682 2899 τότε

2098 2933 2196 3002 μὲν
2231 2934 2563 3002 καθεσθῆναι
2612 2934 2839 2999 τούτους
2880 2933 3184 3005 προσέταξε
3211 2976 3226 3000 ,
3263 2937 3358 2989 καὶ
3402 2936 3682 3006 σιωπῆσαι

2097 3028 2225 3099 περὶ
2261 3027 2354 3081 τοῦ
2385 3027 2710 3098 πράγματος
2743 3028 3112 3099 ἐπηγγείλατο
3136 3068 3151 3093 ,
3196 3028 3316 3099 μετ’
3339 3028 3402 3082 οὐ
3440 3029 3574 3082 πολῦ
3624 3030 3683 3084 δέ

2096 3124 2232 3190 πρὸς
2255 3119 2353 3191 τὴν
2380 3119 2543 3189 φύσιν
2563 3118 2874 3173 ἐπανελθὼν
2894 3118 3080 3187 ἐξάγει
3106 3135 3167 3172 τε
3191 3120 3292 3189 τῆς
3315 3122 3555 3191 φρουρᾶς
3584 3123 3686 3175 καὶ

2098 3212 2177 3276 είς
2194 3212 2317 3280 ὄψιν
2338 3211 2461 3280 ἄγει
2483 3212 2673 3277 αὐτοῦ,
2700 3213 2793 3266 καὶ
2812 3212 2913 3283 τὴν
2936 3211 3202 3281 πένθιμον
3224 3212 3443 3282 ἀμείϐει
3462 3214 3683 3285 στολὴν,

2098 3303 2193 3357 καὶ
2222 3302 2284 3356 τὸ
2337 3304 2592 3375 περιττὸν
2629 3304 2729 3375 τῆς
2763 3305 2821 3357 ἐν
2852 3306 2919 3374 τῇ
2966 3302 3113 3375 λύπῃ
3160 3302 3466 3375 τραφείσης
3499 3304 3689 3374 κόμης

2098 3397 2518 3467 περιαιρεθῆναι
2551 3397 2801 3460 κελεύει,
2836 3398 2930 3451 καὶ
2960 3395 3059 3467 τὴν
3089 3397 3362 3468 προτέραν
3394 3397 3494 3467 τῆς
3522 3396 3676 3467 βασι.

2097 3484 2248 3549 λείας
2277 3488 2430 3551 τάξιν
2463 3489 2558 3541 καὶ
2586 3486 2753 3558 τιμὴν
2781 3487 3127 3543 ἀποδίδωσιν.

2176 3576 2277 3649 ρβ’.
2315 3579 2390 3631 Οὐ
2419 3578 2556 3632 πολὺ
2588 3579 2648 3632 τὸ
2677 3580 2735 3631 ἐν
2769 3580 2952 3651 μέσῳ,
2982 3580 3080 3633 καὶ
3107 3579 3321 3649 φθινάδι
3343 3578 3486 3650 νόσῳ
3520 3597 3688 3651 περι-

2101 3669 2289 3723 πίπτει
2321 3672 2350 3724 ό
2402 3668 2678 3739 βασιλεὺς,
2711 3672 2779 3724 ἐκ
2824 3671 3106 3743 διαρροίας
3152 3670 3689 3745 παρακολουθησάσῃ

2100 3763 2336 3834 γαστρὸς
2357 3801 2373 3829 ,
2404 3763 2439 3832 ἢ
2472 3763 2573 3835 τὴν
2618 3763 2794 3834 ἀρχὴν
2824 3763 2933 3817 ὑπό
2970 3780 3117 3826 τινος
3167 3762 3276 3816 τῶν
3330 3762 3475 3817 κατὰ
3509 3764 3691 3835 θήραν

2102 3854 2520 3927 παραπτὼσεων
2569 3855 2793 3910 ἔλαὸεν·
2840 3856 2937 3911 καὶ
2981 3856 3170 3910 λοιπὸν
3219 3854 3343 3908 κατ’
3390 3854 3575 3923 ὀλίγον
3620 3860 3689 3927 τῇ

2101 3954 2330 4025 τοιαύτῃ
2354 3953 2605 4022 τηκεδόνι
2651 3952 3112 4023 κατεμαραίνετο.
3144 3951 3361 4013 Διαθεδίς
3387 3951 3443 4005 δέ
3477 3952 3544 4005 τὰ
3586 3953 3694 4021 τῆς

2106 4045 2386 4114 βασιλείας
2414 4048 2615 4117 ἄριστα
2648 4045 2857 4100 καὶτὸν
2884 4045 3221 4118 κληρονόμον
3258 4044 3555 4115 γνωρίσας,
3595 4046 3693 4097 καὶ

422 4121 562 4193 gulis
608 4130 977 4199 consentanea
1027 4124 1234 4179 ratione
1276 4126 1575 4197 solertique
1607 4130 1838 4185 consilio
1869 4147 1993 4187 con-

2105 4138 2372 4210 περὶτῶν
2401 4138 2525 4192 καθ’
2566 4138 2773 4191 ἕκαστα
2807 4138 2876 4189 τὰ
2921 4136 3109 4189 εἰκότα
3156 4135 3593 4206 βουλευσάμενός
3631 4149 3697 4188 τι

422 4215 652 4280 stitutis,
707 4214 929 4270 tandem
967 4213 1135 4271 febris
1175 4216 1466 4274 ardoribus
1507 4220 1824 4277 violentiori
1863 4235 1993 4280 aestu

2108 4231 2205 4284 καὶ
2236 4231 2524 4301 ἐμφρόνως
2555 4230 2962 4300 διορισάμενος,
3002 4228 3229 4299 ὕστερον
3260 4226 3503 4296 πυρετοῦ
3553 4244 3693 4280 καυ-

422 4305 540 4376 ejus
583 4320 798 4361 omnem
848 4304 1072 4360 vitalem
1102 4306 1386 4363 humorem
1443 4309 1891 4371 exhaurientibus
1937 4330 1993 4371 ac

2107 4321 2310 4384 σώδους
2363 4320 2766 4389 ἁναφλεγέντος
2833 4319 2983 4390 αὐτῷ
3039 4321 3221 4373 πᾶσαν
3288 4319 3389 4389 τὴν
3447 4317 3694 4388 ζωτικὴν

424 4398 879 4453 consumentibus
909 4398 1021 4454 vita
1049 4400 1309 4464 excessit,
1358 4416 1484 4457 cum
1522 4403 1849 4473 imperasset
1878 4423 1993 4463 cum

2109 4412 2312 4483 ίκμάδα
2357 4412 2703 4483 ἀνιμωμένου
2746 4412 2842 4466 καὶ
2886 4412 3271 4473 ἀναλίσκοντος
3300 4411 3396 4463 τὸν
3431 4408 3548 4479 βίον
3581 4411 3692 4463 ἀπο

425 4488 837 4561 Michaeleejus
871 4488 1165 4544 decessore
1216 4505 1419 4555 annum
1474 4507 1664 4557 unum,
1709 4494 1850 4550 alios
1873 4511 1993 4552 vero

2105 4500 2257 4554 έλιπε
2285 4541 2300 4567 ,
2348 4500 2791 4571 συμϐασιλεύσας
2838 4501 2941 4571 μὲν
2983 4500 3063 4572 τῷ
3112 4500 3217 4569 πρὸ
3252 4499 3419 4552 αὑτοῦ
3468 4500 3691 4569 Μιχαὴλ

422 4582 608 4639 decem
642 4594 696 4640 et
748 4597 944 4640 novem
1000 4584 1153 4640 solus
1188 4600 1373 4641 rerum
1424 4601 1697 4642 summam
1748 4592 1993 4659 praeclare

2105 4593 2295 4663 χρόνον
2322 4591 2440 4657 ἕνα,
2474 4594 2535 4646 ἐν
2563 4593 2774 4663 ἑτέροις
2807 4592 2865 4646 δὲ
2893 4593 3108 4664 χρόνοις
3139 4594 3531 4647 ἐννεακαίδεκα
3561 4595 3691 4664 περὶ

424 4678 910 4749 administrasset;
945 4694 1072 4736 cum
1121 4679 1379 4737 civilibus
1421 4681 1627 4752 optime
1668 4684 1993 4751 constitutis,

2105 4684 2203 4755 τὴν
2252 4684 2635 4756 αὐτοκράτορα
2677 4683 2776 4754 τῆς
2810 4684 3090 4753 βασιλείας
3132 4684 3443 4754 διαπρέψας
3492 4686 3691 4757 ἀρχὴν,
3756 4681 3767 4689 ”

400 4768 541 4845 ipsa
592 4784 812 4840 quoque
867 4780 1082 4829 armata
1134 4772 1328 4827 militia
1372 4772 1636 4843 praeclare
1686 4775 1993 4844 eﬂ'ulsisset,

2105 4776 2301 4846 ἄριστα
2345 4778 2446 4845 μὲν
2482 4777 2553 4830 τὰ
2598 4776 2855 4830 πολιτικὰ
2882 4774 3126 4841 διαθεὶς,
3178 4776 3444 4829 κάλλιστα
3490 4777 3546 4830 δέ
3599 4778 3692 4831 καὶ

354 4908 355 4911 η
425 4867 588 4927 atque
638 4860 855 4931 imperii
909 4863 1045 4920 lines
1091 4863 1474 4934 produxisset,
1530 4865 1898 4940 injuriamque
1935 4885 1993 4927 ac

2110 4868 2239 4939 περὶ
2263 4867 2332 4920 τὰ
2367 4868 2737 4939 στρατιωτικὰ
2767 4867 3119 4937 διαγεγονὼς,
3149 4869 3245 4921 καὶ
3278 4868 3559 4933 πλατύνας
3596 4871 3693 4940 μὲν

404 4950 536 5023 vim
585 4964 616 5004 a
663 4952 902 5008 subditis
954 4955 1215 5017 omnibus
1263 4956 1423 5027 longe
1470 4958 1797 5028 repulisset,
1847 4969 1906 5016 ut
1946 4970 1993 5017 et

2105 4959 2176 5012 τὰ
2198 4960 2324 5029 ὅρια
2348 4958 2450 5027 τῆς
2477 4959 2676 5029 ἀρχῆς.
2700 4959 2918 5016 ἀδικίαν
2944 4960 3000 5013 δὲ
3025 4960 3121 5013 καὶ
3149 4960 3272 5032 βίαν
3296 4960 3561 5027 ἐξελάσας
3588 4964 3695 5016 iub

427 5042 623 5098 merito
664 5041 1018 5101 Homericum
1046 5046 1181 5103 illud
1212 5049 1404 5119 optimi
1426 5050 1598 5121 aegis
1629 5051 1686 5108 in
1710 5068 1836 5109 eum
1861 5070 1993 5126 qua-

2107 5049 2201 5103 τοῦ
2245 5048 2487 5119 ὑπηκόου
2533 5050 2771 5116 παντὸς,
2811 5051 2889 5115 ὡς
2917 5052 3015 5105 καὶ⁵
3046 5052 3147 5122 τὴν
3207 5051 3517 5125 Ὁμηρικὴν
3563 5058 3698 5122 περὶ

429 5134 549 5191 dret
584 5136 850 5209 elogium,

619 5229 931 5304 Utrumque,
968 5246 1061 5287 rex
1086 5232 1255 5299 bonus
1279 5243 1328 5289 et
1359 5235 1512 5304 fortis
1547 5234 1769 5293 bellator

502 5382 724 5455 Excepit
747 5396 869 5457 post
893 5404 1016 5443 eum
1056 5403 1237 5443 rerum
1279 5404 1574 5458 summam,
1606 5394 1777 5466 quiet
1807 5405 2001 5454 natura

432 5475 656 5546 ipsoque
719 5480 934 5534 virtutis
991 5481 1115 5550 jure
1168 5480 1234 5536 ad
1292 5490 1573 5552 paternam
1626 5484 2001 5544 hzereditatem

2109 5141 2203 5197 τοῦ
2223 5142 2446 5213 ἀρίστου
2472 5140 2737 5212 βασιλέως
2763 5143 3070 5216 μαρτυρίαν
3089 5143 3356 5215 ἁρμόζειν
3377 5146 3547 5217 αὐτῷ,
3568 5148 3694 5218 τὴν,

2196 5234 2579 5306 Ἀμφότερον,
2613 5235 2916 5304 ,βασιλεὺς
2968 5236 3018 5290 τ’
3047 5236 3293 5308 ἁγαθός,

3350 5328 3697 5381 ιωχμητης-

2186 5401 2496 5471 Διαδέχεται
2529 5400 2586 5453 δέ
2628 5401 2727 5472 τὴν
2755 5400 2885 5471 ὃλην
2931 5400 3030 5472 τῆς
3063 5400 3313 5477 ἐξουσίας
3340 5402 3520 5473 ἀρχὴν
3536 5405 3570 5456 ’ὁ
3603 5404 3705 5457 καὶ

2118 5494 2267 5563 παρὰ
2312 5494 2411 5561 τῆς
2452 5493 2665 5563 φύσεως
2714 5494 2807 5547 καὶ
2858 5495 3007 5564 παρὰ
3058 5493 3158 5564 τῆς
3208 5495 3411 5564 ἀρετῆς
3456 5496 3549 5549 ἐπὶ
3602 5496 3705 5550 τὸν

1723 5602 1963 5662 νΛΙίΙΛΕ
2006 5602 2303 5661 LECTIO‘N
2313 5601 2414 5657 ES.

522 5688 566 5721 “
600 5688 655 5741 δὲ
682 5691 803 5743 τότε
827 5691 885 5744 Ρ.
991 5696 1035 5723 ³⁸
1057 5695 1359 5765 μαλαχθεὶς
1402 5698 1465 5750 Α.
1490 5678 1495 5679 ⁷
