3994 6220
262 367 348 432 3L9
1244 371 1392 430 LIB.
1428 371 1532 432 VI.
1563 395 1633 405 -·
1671 369 1817 431 LEO
1852 368 2137 430 BASILII
2166 368 2448 430 FILIUS.
3381 364 3485 427 370

260 480 478 552 πατρῷον
506 480 705 553 κλῆρον
726 480 771 514 ⁸⁸
799 482 1136 553 καλούμενος
1158 484 1252 539 καὶ
1278 484 1428 556 παρά
1447 484 1542 538 τοῦ
1565 484 1807 556 ὑπηκόου
1834 538 1837 546 ,

1912 482 2217 538 vocabatur
2265 480 2724 550 subditorumque
2762 481 2906 538 votis
2929 480 3350 552 exposcebatur,
3378 480 3484 535 mi-

257 572 312 625 δι’
348 572 512 642 εὐχῶν
564 572 1014 643 ὲπιζητούμενος,
1055 574 1208 629 Λέων
1262 575 1292 628 ό
1346 575 1655 647 πραότατος
1709 575 1807 629 καὶ

1910 574 2159 629 tissimus
2211 572 2324 628 Leo
2372 589 2438 629 ac
2492 573 2962 643 sapientissimus,
3018 573 3319 629 liberorum
3370 572 3487 642 ipse

257 663 535 732 σοφώτατος
557 664 654 718 καὶ
676 664 894 735 πρῶτος
921 665 1029 719 τῶν
1049 665 1129 719 ἔτι
1156 666 1629 737 περιλειπομένων
1650 666 1804 722 υίῶν.

1205 666 1629 737 εριλειπομένων
1650 666 1804 722 υἱῶν.
1905 661 2269 730 superstitum
2308 669 2438 715 natu
2483 662 2782 718 maximus.

314 756 408 809 Καὶ
448 755 518 808 τὰ
554 755 654 825 μὲν
685 758 813 825 περὶ
856 757 957 826 τῆς
997 757 1260 822 εὐσεϐοῦς
1306 758 1589 828 βασιλείας
1634 758 1803 813 Bact-

1974 754 2155 822 Atque
2184 752 2303 807 haec
2330 753 2521 824 inclyti
2548 752 2739 809 Basilii
2758 756 2845 825 pie
2872 755 3235 826 religioseque
3256 754 3488 810 admini-

254 849 374 902 λείου
393 850 440 881 ⁸⁷
466 850 558 903 τοῦ
587 852 836 922 ἀοιδίμου
854 892 870 917 ,
893 852 993 905 ὅσα
1023 851 1101 923 μὴ
1125 852 1223 923 τῆς
1248 852 1420 923 λήθης
1442 852 1487 885 ⁸⁸
1512 851 1802 925 παρεσύρτι

1910 844 2065 901 strati
2091 844 2311 915 imperii
2340 859 2595 911 munera,
2641 854 2916 916 quotquot
2951 846 3097 901 illius
3126 861 3310 901 rerum
3344 844 3487 900 obli-

255 942 459 1012 ῥεύμασι
486 944 580 997 καὶ
608 944 687 1014 τῷ
707 944 796 999 διὰ
824 943 990 1014 μέσου
1016 944 1196 1017 χρόνῳ
1217 944 1440 1015 ἐξίτηλα
1462 944 1678 1014 γέγονε,
1706 945 1805 999 καὶ

1911 936 2083 993 viouis
2123 936 2395 1007 gurgitem
2437 935 2774 1004 eﬂugerunt,
2820 952 2924 993 nec
2970 938 3115 1007 quod
3167 936 3488 991 intercurrit

256 1034 368 1104 αὐτὴ
395 1034 448 1087 δὲ
476 1036 509 1104 ἡ
543 1035 650 1106 πρὸ
675 1037 774 1107 τῆς
810 1035 1091 1106 βασιλείας
1126 1036 1319 1107 ἀγωγὴ
1339 1076 1355 1101 ,
1388 1037 1485 1091 καὶ
1511 1037 1611 1091 ὅσα
1642 1037 1676 1108 ἠ
1705 1039 1807 1108 τῆς

1908 1044 2021 1085 aevo
2047 1028 2427 1085 exoleverunt.
2464 1028 2644 1099 Ipsam
2676 1043 2901 1099 quoque
2928 1029 3051 1099 ejus
3076 1038 3204 1084 ante
3228 1028 3485 1097 adeptum

256 1122 360 1192 ὅλης
392 1123 556 1178 αὐτοῦ
595 1125 744 1195 ζωῆς
773 1127 1016 1198 περιέχει
1052 1126 1342 1193 ὑπόθεσις,
1390 1126 1534 1181 κατὰ
1574 1127 1636 1182 τὸ
1672 1129 1806 1199 ἡμῖν

1909 1121 2198 1193 imperium
2248 1120 2414 1193 353
2473 1121 2904 1188 institutionem,
2963 1135 3028 1177 ac
3059 1129 3266 1191 quanta
3306 1116 3486 1183 omnis

253 1213 479 1279 ἐφικτὸν,
522 1215 705 1279 καθὼς
735 1219 769 1288 ή
814 1217 916 1289 τῆς
957 1218 1218 1291 ἀληθείας
1250 1214 1365 1289 εἶχε
1400 1218 1583 1288 φύσις.
1623 1220 1807 1291 ἀπήγ-

1908 1213 2029 1283 ejus
2095 1213 2224 1275 vitae
2286 1222 2679 1283 argumentum
2746 1212 3001 1282 ratioque
3071 1210 3485 1279 complectitur,

251 1305 411 1372 γελται
434 1307 529 1361 καὶ
561 1308 864 1381 ἱστόρηται.

1910 1303 2087 1375 quoad
2109 1304 2269 1359 licuit
2294 1318 2360 1360 ac
2387 1304 2633 1360 veritatis
2656 1303 2793 1361 ordo
2821 1302 3100 1376 poscebat,
3142 1302 3487 1357 narravimus

1907 1404 1962 1453 et
1992 1396 2050 1453 in
2082 1395 2374 1454 historiam
2395 1395 2757 1467 coniecimus.
3062 1390 3077 1405 ³

1390 1562 1403 1571 κ
1498 1537 1740 1595 VARUE
1770 1536 2180 1595 LECTIONES.

322 1649 363 1682 “
386 1651 492 1705 τῶν
512 1652 785 1725 πατρῴων
822 1656 1037 1728 κλήρων
1063 1660 1127 1711 Α.
1206 1658 1248 1691 ⁸⁷
1275 1659 1557 1715 Βασιλείου
1572 1674 1683 1716 om.
1719 1658 1778 1715 P.
1858 1660 1902 1692 “
1932 1661 2048 1723 τοῖς
2081 1658 2297 1730 λήθηςῖ

257 1862 534 1881 -ιῂ

539 1869 3452 1903 “mm

1562 2032 1930 2120 ΛΟΓΟΣ
1987 2032 2121 2129 (ς’.

1187 2205 1503 2273 ΒΔΣΙᾼΕΙΑ
1552 2213 1871 2268 ΛΕΟΝΤΟΣ
1918 2216 2490 2278 ΑΥΤΟΚΡΑΤΟΡΟΣ.
2578 2220 2587 2228 ’

1533 2547 1890 2634 LIBER
2001 2550 2167 2637 VI.

1286 2736 1601 2794 MPERIUM
1656 2738 1912 2797 LEONIS
1964 2740 2454 2803 IMPERATOIUS.

1798 2930 1868 2945 —

279 3048 377 3122 [Ρ.
412 3047 545 3123 217]
588 3047 659 3103 α’.
698 3048 979 3114 Βασίλειος
1016 3049 1347 3121 τελευτήσας
1373 3090 1388 3117 ,
1420 3051 1573 3107 Λέων
1607 3053 1636 3106 ό
1687 3052 1802 3117 υίὸς
1830 3055 1878 3115 Β
1981 3055 2033 3108 Ι.
2079 3051 2350 3109 Defuncto
2394 3051 2600 3110 Basilio
2645 3051 2759 3110 Leo
2812 3052 2934 3123 ejus
2990 3052 3136 3112 illius
3189 3054 3486 3127 imperator

198 3142 383 3197 αὐτοῦ
419 3142 781 3213 αὐτοκράτωρ
821 3141 1179 3197 ἐϐασίλευσεν
1227 3141 1322 3213 ἔτη
1372 3143 1546 3197 εἰκοσι
1596 3144 1797 3210 πέντε,

201 3234 396 3305 μῆνας
419 3233 589 3289 ὀκτώ.
616 3234 887 3304 Στέφανος
925 3234 984 3289 δὲ
1011 3236 1041 3291 ὁ
1080 3234 1248 3290 αὑτοῦ
1281 3235 1509 3305 ἀδελφὸς
1537 3236 1801 3308 κληρικὸς

196 3327 281 3381 ὣν
314 3329 419 3381 καὶ
457 3327 754 3396 σύγχελλος
782 3328 950 3399 συνῆν
987 3327 1067 3399 τῷ
1096 3328 1416 3402 πατριάρχῃ
1448 3329 1671 3401 Φωτίῳ,
1705 3330 1798 3384 ὑπ’

197 3420 383 3475 αὐτοῦ
415 3420 751 3491 ἁναγόμενός
775 3438 837 3475 τε
865 3423 962 3476 καὶ
984 3421 1395 3493 παιδευόμενος.
1449 3421 1799 3476 Ἀπέστειλεν

194 3512 300 3566 οὖν
352 3515 386 3567 ό
435 3513 691 3583 βασιλεὺς
735 3514 827 3569 τδν
883 3514 1260 3585 στρατηλάτην
1323 3514 1579 3585 Ἀνδρέαν
1624 3516 1682 3567 ἐν
1731 3516 1799 3586 τῇ

196 3605 561 3674 Χρυσοπόλει
586 3606 677 3659 καὶ
706 3606 899 3669 ἄλλους
922 3606 1319 3677 συγκλητικοὺς
1348 3607 1445 3659 σὺν
1474 3605 1627 3676 αὐτῷ
1656 3606 1799 3677 μετὰ

194 3698 421 3770 κλήρου
462 3698 561 3752 καὶ
600 3699 785 3771 κηρῶν
822 3700 918 3753 καὶ
965 3698 1258 3771 ἁρμάτωνο
1292 3700 1389 3753 καὶ
1434 3698 1801 3768 ἐξαγαγόντες

170 3792 297 3846 τοῦ
333 3792 521 3862 τάφου
552 3791 644 3847 τὸν
678 3790 897 3863 Μιχαὴλ
925 3791 982 3844 ὲν
1014 3791 1389 3861 γλωσσοκόμῳ
1420 3790 1801 3861 κυπαρισσίνῳ

193 3884 538 3947 κατέθεντο,
588 3883 687 3937 καὶ
722 3883 815 3936 ἐπὶ
865 3882 1141 3953 κραὸἀτου
1172 3882 1393 3947 θέντες,
1439 3884 1677 3953 ἐντίμως
1704 3884 1802 3938 καὶ

193 3978 517 4049 βασιλικῶς
563 3976 1038 4047 περιστείλαντες,
1072 3976 1130 4029 ὲν
1167 3978 1234 4046 τῇ
1268 3975 1421 4029 πόλει
1461 3977 1761 4047 εἰσήγαγον
1782 4018 1798 4044 ,

191 4070 298 4122 καὶ
328 4068 459 4139 μεθ’
496 4066 682 4138 ὓμνων
714 4066 875 4139 μέχρι
898 4067 1008 4121 τῶν
1055 4066 1257 4135 Ἀγίων
1290 4066 1632 4121 Ἀποστόλων
1667 4084 1796 4137 προ-

188 4158 474 4229 ἐπεμψαν
498 4199 513 4222 ,
541 4158 823 4228 ἑπομένων
855 4159 1037 4212 ἐκεῖσε
1064 4158 1161 4214 καὶ
1189 4158 1299 4213 τῶν
1330 4158 1498 4214 αὐτοῦ
1532 4157 1799 4228 ἀδελφῶν,

187 4253 294 4306 καὶ
323 4254 389 4306 ὲν
416 4252 654 4324 λάρνακι
679 4251 987 4307 κατέθεντο.

1909 3161 2090 3199 rerum
2153 3145 2361 3215 potitus
2404 3154 2508 3211 est,
2572 3159 2748 3200 annos
2777 3145 3025 3217 quinque
3060 3161 3225 3218 supra
3271 3149 3484 3220 viginti,

1907 3246 2032 3294 octo
2068 3252 2305 3293 menses.
2368 3236 2680 3307 Stephanus
2710 3237 2859 3295 illius
2889 3237 3060 3294 frater
3092 3240 3328 3297 clericus
3358 3258 3483 3297 cum

1906 3342 2053 3387 esset
2077 3345 2142 3385 ac
2172 3329 2469 3401 syncellus,
2506 3344 2631 3384 cum
2662 3328 2861 3387 Pbotio
2890 3332 3200 3403 patriarcha
3231 3333 3485 3389 versaba-

1910 3432 2016 3488 tur,
2063 3424 2167 3477 sub
2206 3421 2367 3492 cujus
2411 3421 2754 3476 educabatur
2805 3437 2871 3479 ac
2907 3422 3264 3479 erudiebatur
3309 3423 3484 3481 disci-

1907 3515 2077 3585 plina.
2134 3513 2283 3570 Misit
2305 3515 2489 3584 itaque
2516 3515 2816 3585 imperator
2846 3516 3119 3571 Andream
3153 3518 3481 3588 magistrum

1906 3606 2115 3662 militia:
2157 3605 2565 3677 Chrysopolim,
2618 3605 2869 3676 aliosque
2916 3620 3043 3661 cum
3098 3621 3165 3662 eo
3218 3610 3482 3665 senatorii

1907 3698 2142 3765 ordinis,
2170 3713 2295 3754 eum
2320 3698 2467 3753 clero
2493 3705 2547 3752 et
2572 3698 2750 3753 cereis
2779 3712 2844 3753 ac
2871 3698 3125 3754 curribus
3149 3716 3163 3766 ;
3198 3700 3486 3756 eductum-

1907 3806 2018 3861 que
2053 3805 2084 3845 e
2105 3790 2364 3861 sepulcro
2398 3788 2677 3844 Michaelis
2707 3790 2940 3845 cadaver
2976 3806 3042 3846 ac
3075 3791 3129 3846 in
3165 3794 3485 3864 cypressino

1907 3881 2089 3937 loculo
2150 3882 2386 3953 positum
2457 3881 2768 3951 lectuloque
2826 3883 3167 3952 impositum,
3223 3886 3479 3953 pretiosis

1908 3975 2154 4030 vestibus
2218 3974 2476 4043 regioque
2533 3974 2684 4028 cultu
2741 3984 3020 4039 ornatum,
3068 3975 3123 4029 in
3153 3976 3347 4031 urbem
3398 3978 3484 4031 in-

1909 4076 2211 4148 vexeruut;
2265 4080 2331 4120 ac
2360 4080 2486 4119 cum
2523 4066 2751 4120 canticis
2779 4067 2845 4119 ad
2876 4080 3091 4121 sacram
3124 4083 3298 4137 usque
3340 4070 3486 4138 Apo-

1909 4159 2178 4216 stolorum
2222 4157 2393 4212 aedem
2431 4171 2629 4226 pompa
2689 4158 3050 4225 deduxerunt,
3106 4158 3223 4226 ejus
3268 4175 3487 4228 quoque

1910 4249 2173 4305 fratribus
2214 4248 2327 4305 illic
2355 4247 2520 4303 funus
2545 4248 2959 4313 comitantibus,
2995 4250 3317 4319 tumuloque
3353 4265 3485 4305 cou-

1910 4342 2191 4398 diderunt.

268 4427 288 4497 Ῐ
300 4426 371 4480 Ρ.
398 4424 537 4498 218]
574 4424 640 4496 β’.
690 4427 846 4481 Μετὰ
885 4425 1061 4481 ταῦτα
1097 4426 1155 4480 δὲ
1180 4429 1209 4480 ὁ
1241 4427 1493 4497 βασιλεὺς
1526 4428 1618 4483 τὸν
1646 4430 1808 4483 αὑτὸν
1834 4419 1879 4478 C
1980 4433 2035 4488 2.
2079 4432 2209 4490 Post
2253 4433 2370 4489 haec
2400 4447 2530 4487 vero
2561 4431 2703 4488 idem
2738 4431 3037 4503 imperator
3070 4433 3323 4487 eumdem
3371 4448 3485 4485 ma-

184 4517 603 4589 στρατηλάτην
670 4518 928 4588 ’Δνδρέαν
977 4518 1092 4589 ἅμα
1146 4518 1367 4591 Ἰωάννῃ
1433 4521 1803 4594 ’Δγιοπολίτῃ,

182 4611 385 4680 λογίῳ
412 4610 555 4663 πάνυ
589 4610 707 4664 ὄντι
736 4611 832 4664 καὶ
874 4611 1139 4683 λογοθέτῃ
1172 4611 1267 4664 τοῦ
1303 4612 1504 4682 δρόμου
1535 4614 1805 4681 γεγονότι,

180 4703 251 4755 ὲν
289 4704 369 4774 τῇ
418 4702 581 4775 ’Δγίᾳ
606 4703 775 4774 Σοφίᾳ
802 4703 1140 4769 ἀπέστειλεν,
1173 4703 1223 4756 οἳ
1264 4705 1322 4756 ἐν
1353 4704 1432 4775 τῷ
1462 4704 1678 4775 ἇμὸωνι
1706 4707 1805 4760 ἀν-

178 4794 464 4857 ελθόντες
495 4794 709 4858 καὶτὰς
738 4794 827 4848 τοῦ
850 4795 1194 4867 πατριάρχου
1218 4796 1427 4850 Φωτίου
1458 4797 1640 4861 αἰτίας
1670 4797 1805 4852 πάν-

177 4902 307 4939 των
370 4889 458 4950 είς
518 4887 758 4958 ἐπήκοον
824 4889 1151 4955 ἀναγνόντες
1218 4888 1407 4943 τοῦτον
1463 4888 1558 4944 τοῦ
1611 4890 1801 4959 θρόνου

182 4980 567 5047 κατήγαγον,
606 4980 704 5033 καὶ
738 4979 1027 5050 ὑπερόριον
1074 4981 1236 5034 αὐτὸν
1279 4982 1338 5035 ὲν
1388 4985 1455 5053 τῇ
1496 4985 1645 5055 ομονῇ
1692 4982 1803 5036 τῶν

191 5069 603 5141 ’Δρμονιανῶν
685 5075 755 5143 τῇ
830 5074 1280 5146 ἐπονομαζομένῃ
1367 5075 1462 5130 τοῦ
1544 5076 1801 5147 Βόρδονος

168 5164 513 5234 ἀνήγαγον.
550 5164 825 5233 Στέφανον
854 5166 912 5220 δὲ
943 5167 1237 5237 σύγκελλον
1262 5168 1354 5222 τὸν
1376 5168 1541 5222 αὐτοῦ
1570 5169 1798 5238 ἀδελφὸν

170 5256 565 5328 πατριάρχην
604 5257 1004 5329 προϐάλλεται,
1054 5260 1167 5314 ὑπὸ
1211 5260 1516 5330 Θεοφάνους
1553 5278 1796 5331 χειροτο-

160 5347 446 5419 νηθέντα
488 5348 584 5403 τοῦ
620 5350 1028 5422 πρωτοθρόνου.
1070 5352 1306 5423 Ἔξησεν
1348 5353 1404 5406 δὲ
1443 5355 1798 5425 πατριαρχῶν

157 5443 285 5513 ἔτη
321 5442 396 5508 ἓξ
429 5447 526 5499 καὶ
560 5448 733 5516 μῆνας
764 5448 949 5515 πέντε,
973 5449 1069 5502 καὶ
1094 5448 1422 5521 τελευτήσας
1452 5446 1714 5501 θάπτεται
1739 5449 1799 5502 ὲν

168 5539 241 5607 τῇ
288 5539 454 5607 μονῇ
489 5537 720 5591 Σικεῶν.

244 5633 342 5695 Υ.
432 5629 495 5681 '0
559 5629 619 5681 δὲ
688 5630 943 5700 βασιλεὺς
1008 5632 1098 5685 τὸν
1164 5631 1438 5697 Ζαοῦτξαν
1513 5632 1801 5687 Στυλιανὸν

162 5723 525 5791 μάγιστρον
555 5722 648 5776 καὶ
673 5723 961 5794 λογοθὲτην
986 5725 1075 5778 τοῦ
1106 5726 1303 5795 δρόμου
1338 5726 1719 5797 προὸάλλεται.

244 5811 331 5865 δ’.
380 5813 664 5884 Προεδόθη
699 5816 754 5867 δε
791 5818 822 5885 ἡ
862 5816 1010 5880 πόλις
1047 5818 1078 5888 ἡ
1114 5816 1395 5888 ἐπώνυμος
1436 5816 1663 5889 Ύψῲὴ,
1704 5820 1795 5873 καὶ

1907 4527 2138 4598 gistrum
2173 4526 2382 4582 militia:
2413 4526 2684 4581 Andream
2716 4540 2839 4579 cum
2878 4523 3091 4579 Joanne
3118 4524 3483 4594 Hagiopolita,

1904 4621 2025 4676 viro
2058 4620 2215 4675 valde
2235 4618 2453 4676 erudito
2483 4634 2548 4675 ac
2574 4619 2665 4690 qui
2693 4634 2889 4674 cursus
2922 4617 3122 4688 publici
3150 4616 3486 4689 3541080-

1906 4712 2058 4768 theta
2094 4712 2402 4775 exstiterat,
2436 4711 2502 4765 ad
2547 4708 2606 4765 S.
2647 4710 2867 4781 SOpltia:
2898 4710 3069 4765 misit.
3118 4710 3221 4777 Qui
3250 4711 3486 4765 ambone

1903 4818 2230 4871 conscenso,
2279 4803 2605 4871 relectisque
2646 4802 2700 4856 in
2744 4801 2990 4856 omnium
3034 4801 3262 4856 auribus
3307 4801 3484 4856 Photii

1908 4896 2235 4967 patriarcha:
2263 4894 2628 4950 accusationis
2653 4893 2946 4963 capitibus,
2978 4910 3104 4948 eum
3142 4910 3172 4949 e
3219 4893 3346 4949 sedc
3387 4908 3483 4946 cx-

1909 4987 2167 5056 pulerunt
2190 4987 2356 5056 inque
2382 4985 2842 5040 Armonianorum
2878 4987 3298 5051 monasterium,
3333 4986 3481 5056 quod

1906 5078 2180 5135 Bordonis
2210 5088 2428 5145 vocant,
2475 5079 2721 5134 exsulem
2755 5079 3086 5150 relegarunt.
3142 5079 3481 5147 Stephanum

1906 5182 2089 5228 autem
2137 5170 2364 5226 fratrem
2419 5185 2579 5225 suum
2636 5170 2937 5241 syncellum
2973 5168 3086 5223 Leo
3111 5168 3481 5237 patriarcham

1904 5262 2531 5337 pralicitmrtlinationis
2562 5278 2758 5318 manus
2779 5263 3129 5331 impendente
3146 5260 3482 5330 TlteOphaue

1906 5360 2099 5430 primae
2127 5358 2274 5414 sedis
2300 5357 2565 5413 antistite.
2616 5354 2764 5409 Vixit
2795 5365 2977 5409 autem
3022 5355 3075 5409 in
3104 5354 3480 5424 patriarehatu

1906 5468 2082 5508 annos
2120 5468 2217 5506 sex
2268 5459 2324 5505 et
2357 5464 2571 5505 menses
2621 5448 2908 5517 quinque:
2978 5448 3085 5502 vita
3143 5446 3364 5504 functus
3423 5449 3478 5505 iu

1906 5546 2187 5601 Siceorum
2219 5545 2519 5598 tumulatur
2555 5540 2910 5597 monasterio.

1975 5636 2031 5691 5.
2095 5637 2396 5706 Imperator
2458 5633 2719 5688 Zautzam
2783 5631 3085 5702 Stylianum
3152 5635 3477 5704 magistrum

1906 5727 2145 5799 praefecit
2169 5745 2235 5782 ac
2253 5745 2451 5782 cursus
2478 5726 2679 5797 publici
2707 5725 3059 5794 lugothetam.

1976 5820 2029 5876 4.
2087 5819 2399 5876 Proditionc
2431 5829 2585 5889 capta
2622 5818 2749 5874 urbs
2788 5816 3016 5888 llypsele
3056 5819 3217 5873 dicta.
3252 5818 3479 5883 ejusque
