3994 6220
458 317 567 380 375

1563 319 2072 380 THEOPIIANES
2104 319 2664 386 CONTINUATUS.

3602 321 3704 385 376

463 433 785 501 Turcasque
804 438 862 485 et
904 429 1059 500 ipsos
1083 429 1152 486 ad
1180 428 1671 505 bellumadvcrsus
1707 429 2035 499 Symconem

2157 430 2259 499 [λεν.
2315 432 2373 486 '0
2401 433 2457 487 δὲ
2486 433 2739 504 βασιλεὺς
2770 432 2857 486 διά
2893 449 2947 486 τε
2979 433 3077 504 γῆς
3107 433 3199 487 καὶ
3229 433 3495 502 Θαλάττης
3519 433 3708 502 διέγνω

462 522 699 589 induxit,
727 524 963 593 acceptis
991 526 1151 578 ctiam
1184 526 1253 578 ab
1290 526 1372 580 eis
1393 524 1678 579 obsidibus
1708 523 1777 577 ad
1806 523 2040 593 impera-

463 630 635 673 torem
673 617 853 672 rediit.
909 618 1215 686 imperator
1264 626 1408 671 terra
1439 616 1690 687 marique
1737 614 2038 685 urgendum

467 709 812 779 Bulgaricum
837 708 1036 763 bellum
1066 709 1391 775 constituit;
1426 723 1492 764 ac
1522 709 1662 764 mari
1684 709 1907 779 quidem
1932 706 2043 761 Eu-

464 804 727 861 stathium
768 802 1123 871 drungarium
1170 804 1356 865 mittit,
1388 813 1531 858 terra
1564 811 1746 857 autem
1772 799 2044 872 Nicepho-

465 911 585 951 rum
619 894 857 949 Phocam
885 894 1202 965 patricium,
1242 895 1515 952 exstincto
1545 895 1783 957 Andrca,
1836 893 2045 949 schola-

465 1003 585 1043 rum
646 986 1032 1043 domesticum.
1100 987 1181 1042 Ad
1270 987 1582 1057 Bulgariam
1639 1000 1818 1057 usque
1872 986 2046 1055 copia:

464 1088 749 1142 venerant,
792 1092 916 1133 cum
949 1078 1245 1148 imperator
1273 1077 1784 1133 Constantinacium
1810 1085 2047 1146 quaesto-

465 1186 581 1228 rem
619 1172 687 1226 ad
720 1171 1047 1243 Symconem
1100 1171 1271 1236 misit,
1303 1170 1487 1225 adhuc
1540 1186 1731 1241 pacem
1796 1169 2047 1225 ambiens

465 1280 530 1319 ac
557 1278 682 1318 cum
714 1278 782 1318 eo
812 1262 991 1318 fmdus
1041 1271 1333 1333 percutere
1359 1262 1569 1316 volens.
1623 1261 1860 1332 Symeon
1896 1276 2049 1316 com:

466 1352 798 1423 prehensum
832 1353 1070 1423 legatum
1098 1352 1151 1405 in
1202 1367 1426 1406 carcere
1470 1352 1670 1417 tenuit,
1706 1366 1890 1407 secum
1923 1350 2048 1406 dolo

466 1441 553 1512 agi
566 1441 910 1497 existimans.
931 1442 1068 1496 Dum
1088 1442 1275 1511 itaque
1288 1444 1527 1512 Symeon
1557 1440 1847 1512 Nircpltori
1876 1443 2050 1510 copiis

467 1535 645 1589 aciem
672 1534 919 1605 opponit,
944 1550 1161 1591 omnem
1208 1533 1372 1590 Turci
1399 1534 1739 1604 Bulgaricam
1787 1533 2048 1587 ditionem

468 1628 575 1682 late
590 1636 883 1682 vastantac
902 1626 1194 1697 diripiunt.
1208 1627 1426 1682 Audivit
1454 1627 1712 1699 Symeon,
1733 1626 2055 1681 adversum-

467 1734 572 1789 qne
594 1717 807 1774 Turcos
836 1718 997 1774 vertit
1045 1719 1332 1790 impetum.
1367 1718 1535 1774 anci
1568 1720 1765 1774 iterum
1824 1720 2051 1786 traiecto

467 1826 646 1876 amne,
673 1818 925 1866 conserta
941 1824 1065 1865 cum
1096 1808 1345 1879 Bulgaris
1369 1809 1534 1879 359
1558 1811 1693 1872 acie,
1714 1826 1810 1863 eos
1836 1809 2051 1879 penitus

468 1903 774 1973 proﬂigant,
792 1904 865 1959 ita
882 1912 940 1957 ut
960 1902 1191 1974 Symeon
1211 1904 1445 1957 Distram
1464 1902 1752 1957 incolumis
1764 1902 1850 1956 vix
1866 1914 2055 1956 evase-

465 1996 558 2050 rit.
587 1994 830 2051 Victores
848 1994 1013 2051 Turci
1041 1996 1109 2051 ab
1125 1995 1455 2065 imperatore
1469 2007 1765 2065 exposcunt
1783 2005 1841 2049 ut
1865 1994 2054 2063 Bulgao

469 2104 658 2144 rorum
681 2089 930 2159 captivos
956 2089 1215 2145 redimat.
1243 2087 1505 2143 Praestitit
1523 2089 1632 2152 ille,
1653 2088 1799 2142 cives
1828 2088 2051 2141 mittens

467 2180 563 2251 qui
600 2181 952 2237 redimerent.
980 2179 1155 2235 Porro
1187 2178 1424 2252 Symeon
1461 2179 1732 2236 Eustathii
1768 2176 2050 2248 drungarii

468 2290 635 2344 opera
666 2290 857 2345 pacem
884 2274 1112 2344 supplex
1164 2272 1550 2344 imperatorem
1606 2281 1779 2341 rogat.
1843 2269 2053 2323 Annuit

470 2367 525 2421 in
569 2382 689 2421 cam
724 2366 1041 2436 imperator,
1068 2364 1304 2422 Leonem
1333 2362 1820 2432 CherSphactem
1843 2360 1909 2414 ad
1927 2374 2050 2414 eam

468 2459 904 2527 componendam
940 2457 1189 2512 mittens.
1247 2455 1591 2525 Nicephorus
1624 2453 1964 2509 domesticus
1997 2460 2054 2506 et

473 2544 793 2603 Eustathius
856 2545 1191 2615 drungarins
1245 2544 1423 2599 redire
1474 2543 1616 2614 jussi
1672 2558 1797 2612 eum
1850 2540 2049 2611 copiis.

470 2638 708 2707 Symeon
738 2637 976 2692 Leonem
1006 2636 1493 2707 Chmrosphactem
1538 2650 1641 2690 nec
1685 2634 1931 2705 alloquio
1968 2632 2052 2687 di-

468 2740 671 2803 gnatus
725 2731 949 2802 stringit
1014 2730 1070 2787 in
1114 2744 1355 2790 carcere.
1397 2729 1756 2798 Expeditione
1815 2743 1943 2782 vero
1996 2726 2049 2781 in

470 2823 682 2887 Tur-cos
711 2834 966 2893 suscepta
995 2821 1495 2892 omnesjugulavit,
1523 2836 1648 2876 cum
1683 2820 1765 2875 eis
1811 2818 1958 2873 nulla
1982 2833 2051 2871 ex

472 2916 737 2971 Romanis
766 2915 972 2971 auxilia
1014 2914 1267 2970 licuisset
1327 2914 1594 2983 acciper‘e.
1652 2911 1924 2966 Reversus
1952 2910 2052 2980 Sy-

474 3022 633 3064 meon
659 3022 758 3078 pm
788 3005 1019 3062 victoria
1041 3004 1335 3070 ferociens,
1364 3004 1531 3059 Leoni
1572 3002 1857 3057 denuntiat
1900 3002 2048 3056 nulla

2143 525 2271 589 τοὺς
2312 524 2658 597 Βουλγάρους
2688 524 2965 596 πολεμεῖν.
3010 526 3120 579 Kal
3169 526 3254 579 διὰ
3304 526 3403 595 μὲν
3436 526 3708 596 θαλάσσης

2146 618 2444 672 Εὑστάθιον
2475 618 2836 688 δρουγγάριον
2863 615 3204 679 ἀποστέλλει,
3236 617 3322 670 διὰ
3363 616 3468 686 γῆς
3519 617 3575 670 δὲ
3611 635 3711 670 πα-

2144 710 2353 777 τρίκιον
2377 708 2695 781 Νικηφόρον
2726 709 2819 762 τὸν
2845 710 3062 773 Φωκᾶν,
3092 707 3413 777 ῶμέστικον
3461 707 3571 761 τῶν
3593 726 3711 777 σχο-

2145 802 2256 856 λῶν
2323 803 2463 874 μετὰ
2517 804 2616 873 τὴν
2653 800 2911 872 τελευτὴν
2976 801 3224 871 Ἀνδρέου
3266 801 3582 871 γενόμενον.
3617 796 3712 855 Ὧν

2149 898 2311 968 μέχρι
2344 896 2683 968 Βουλγαρίας
2702 894 3116 950 καταλαϐόντων
3140 894 3225 966 [Ρ.
3256 893 3384 963 221]
3410 896 3437 948 6
3464 894 3712 965 βασιλεὺς

2145 992 2239 1045 τὸν
2288 990 2609 1061 κυαίστωρα
2659 988 3140 1044 Κωνσταντινάκιν
3188 990 3323 1059 πρὸς
3365 986 3593 1058 Συμεὼν
3630 988 3713 1054 ἐξ·

2147 1081 2489 1146 απὲστειλεν,
2512 1080 2593 1133 ἔτι
2624 1080 2724 1152 τὴν
2755 1081 2980 1151 εἰρήνην
3000 1080 3243 1151 στέργων
3271 1078 3365 1132 καὶ
3398 1078 3718 1148 βουλόμενος

2149 1175 2476 1229 σπείσασθαι
2506 1174 2643 1244 πρὸς
2672 1173 2836 1229 αὑτόν
2890 1191 2905 1205 ·
2947 1173 3007 1227 6v
3064 1171 3289 1243 Συμεὼν
3321 1171 3612 1241 κατασχὼν
3660 1172 3717 1223 ἐν

2150 1267 2364 1337 φρουρᾷ
2395 1264 2732 1328 κατακλείει,
2786 1263 2924 1334 δόλῳ
2982 1262 3119 1331 πρὸς
3162 1263 3324 1315 αὑτὸν
3374 1261 3716 1325 ὑποπτεύσας

2150 1357 2582 1429 παραγενέσθαι.
2626 1357 2734 1411 τοῦ
2764 1355 2991 1427 Συμεὼν
3038 1354 3129 1409 οὖν
3160 1355 3255 1408 ἐπὶ
3302 1353 3364 1407 τὸ
3406 1356 3719 1426 στράτευμα

2150 1449 2469 1519 Νικηφόρον
2495 1447 2915 1518 ἀσχολουμένου,
2949 1449 2999 1500 οἱ
3025 1445 3257 1518 Τοῦρκοι
3278 1445 3721 1517 καταδραμόντες

2152 1544 2336 1596 πΞσαν
2374 1541 2474 1612 τὴν
2500 1539 2877 1611 Βουλγαρικὴν
2924 1540 3207 1611 ἐληῖσαντο
3234 1539 3357 1608 γῆν.
3400 1537 3467 1594 Ὀ
3496 1520 3721 1606 Συμεὼν

2153 1632 2412 1705 ἐκμαθὼν
2439 1634 2580 1687 κατὰ
2609 1634 2712 1687 τῶν
2740 1632 3000 1703 Τούρκων
3032 1632 3321 1701 ἐτράπετο.
3358 1632 3421 1684 Οἱ
3474 1630 3529 1685 δὲ
3574 1614 3723 1683 άντιέ

2157 1728 2495 1798 περάσαντες
2531 1726 2767 1793 πόλεμον
2804 1725 2939 1794 προς
2971 1722 3317 1794 Βουλγάρους
3359 1721 3724 1792 συμϐάλλουσι

2156 1821 2251 1876 καὶ
2273 1819 2465 1873 νικῶσι
2486 1817 2711 1881 τούτους
2747 1817 2889 1870 κατά
2920 1816 3140 1887 κράτος,
3188 1816 3264 1878 ὼς
3304 1814 3457 1885 μόλις
3489 1812 3583 1867 τὸν
3626 1813 3730 1867 Συο

2154 1914 2302 1986 μεὼν
2328 1915 2386 1966 ἐν
2414 1916 2479 1983 τῇ
2513 1912 2717 1983 Δίστρᾳ
2748 1909 3143 1982 περισωθῆναι.
3204 1908 3505 1981 ᾙτήσαντο
3536 1907 3630 1960 οὖν
3677 1909 3726 1961 οξ

2152 2006 2387 2076 Τοῦρκοι
2418 2004 2506 2058 τὸν
2539 2002 2764 2074 βασιλέα
2803 2001 2930 2064 τοὺς
2962 2000 3290 2070 Βουλγάρων
3345 1997 3732 2073 αἰχμαλώτους

2150 2096 2470 2167 ὠνήσασθαι
2513 2110 2529 2127 ο
2583 2093 2611 2146 ὃ
2666 2094 2731 2162 δὴ
2770 2092 2866 2146 καὶ
2922 2090 3265 2161 πεποίηκεν,
3316 2091 3444 2153 τοὺς
3505 2089 3731 2153 πολίτας

2152 2188 2544 2255 ἐξαποστείλας
2592 2188 2673 2249 είς
2710 2185 2812 2256 τὴν
2852 2184 3057 2239 τούτων
3091 2183 3374 2256 ἂξώνησιν.
3418 2182 3478 2237 Ὀ
3518 2183 3578 2237 δὲ
3623 2182 3732 2235 Συ-

2154 2281 2299 2355 μεὼν
2327 2282 2396 2336 δι’
2428 2279 2731 2335 Εὑσταθίου
2780 2278 3147 2350 δρουγγαρίου
3191 2278 3283 2331 τὸν
3327 2276 3551 2347 βασιλέα
3598 2275 3732 2347 περὶ

2150 2376 2251 2444 τῆς
2282 2374 2507 2444 εἰρήνης
2542 2371 2783 2425 ἱκέτευεν
2820 2386 2836 2401 ·
2868 2369 3005 2441 πρὸς
3046 2370 3113 2440 ἣν
3145 2367 3363 2435 ὑπεῖξεν
3386 2371 3413 2422 6
3448 2366 3731 2436 βασιλεὺς,

2152 2471 2245 2522 καὶ
2274 2468 2363 2520 τὸν
2388 2464 2809 2537 Χοιροσφάκτην
2841 2463 3049 2518 Λέοντα
3072 2464 3209 2532 πρὸς
3238 2461 3300 2514 τὸ
3325 2460 3528 2532 ταύτην
3559 2460 3732 2530 ποιήο

2154 2560 2349 2613 σασθαι
2391 2556 2792 2625 ἐξαπέστειλεν.
2853 2555 2912 2609 Ὀ
2945 2555 3001 2607 δὲ
3031 2555 3352 2624 δομέστικος
3414 2550 3734 2620 Νικηφόρος

2152 2652 2248 2705 καὶ
2276 2651 2303 2702 6
2324 2648 2683 2721 δρουγγάριος
2718 2645 3018 2708 Εὑστάθιος
3053 2642 3393 2714 ὑποστρέψαι
3435 2641 3575 2711 μετὰ
3594 2639 3735 2693 λαοῦ

2151 2738 2574 2809 ἐκελεύσθησαν.
2603 2736 2805 2791 Λέοντα
2839 2735 2897 2788 δὲ
2946 2736 3367 2806 Χοιροσφάκτην
3400 2731 3519 2785 οὐδὲ
3565 2730 3734 2797 λόγου

2150 2832 2380 2903 ⁴ὴξίωσεν
2395 2832 2423 2883 6
2446 2828 2690 2901 Συμεὼν,
2720 2827 2838 2882 ἀλλ’
2866 2828 2925 2880 ἐν
2946 2827 3139 2898 εἱρκτῇ
3160 2823 3635 2897 ἐστραγγαλίσατο
3658 2822 3732 2880 ⁸⁸.

2166 2926 2599 2996 Ἐκστρᾳτεύσας
2629 2921 2686 2984 δὲ
2712 2920 2857 2974 κατὰ
2899 2919 3011 2977 τῶν
3054 2918 3315 2988 Τοὺρκων
3341 2916 3551 2979 πάντας
3592 2930 3731 2968 κατ-

2156 3006 2412 3085 ἔσφαξεν,
2451 3015 2526 3086 μὴ
2575 3012 2904 3085 δυνηθέντας
2951 3010 3104 3083 παρά
3138 3010 3436 3081 Ῥωμαίοις
3474 3000 3738 3079 βοήθειαν

470 3116 531 3155 se
559 3101 711 3170 pacis
741 3098 946 3156 hedera
984 3098 1379 3165 admissurum,
1407 3099 1509 3154 nisi
1562 3096 1827 3166 Bulgaros
1857 3109 2050 3150 omnes

2157 3108 2429 3174 δέξασθαι.
2471 3104 2852 3175 Ὑποστρέψας
2881 3104 2938 3157 δέ
2972 3103 3065 3158 ἐπὶ
3092 3105 3160 3181 τῇ
3190 3101 3316 3176 νίκῃ
3338 3098 3740 3171 γαυριῶνπρὺς

471 3192 723 3261 captivos
754 3200 882 3248 ante
901 3192 1189 3263 receperit.
1242 3190 1451 3245 Annuit
1483 3191 1802 3261 imperator,
1841 3203 1907 3244 ac
1929 3188 2052 3243 red-

471 3283 681 3339 dendos
704 3285 952 3354 captivos
989 3284 1290 3340 consentit.
1328 3282 1488 3339 Venit
1518 3282 1703 3353 itaque
1725 3279 2054 3337 Theodorus

475 3375 751 3448 Bnlgarns
783 3375 1074 3449 Symeonis
1101 3376 1440 3433 domesticus
1473 3391 1597 3456 cum
1626 3376 1825 3441 Leone,
1847 3390 2054 3445 eosque

474 3470 701 3541 recepit.

552 3654 638 3709 t0.
670 3654 1011 3726 Nicephorus
1049 3656 1388 3711 domesticus
1415 3655 1617 3709 eximie
1649 3655 1850 3712 charus
1885 3655 2057 3725 impeo

477 3747 646 3804 ratori
684 3756 841 3802 erat:
879 3746 1037 3803 Hunc
1068 3746 1306 3803 Zautzas
1358 3748 1709 3818 imperatoris
1764 3757 1919 3817 pater
1955 3745 2053 3802 ceu

476 3841 655 3895 virum
677 3848 1016 3909 potentatum
1049 3840 1387 3895 obtinentem
1431 3841 1495 3894 ad
1514 3840 1577 3893 ’id
1608 3855 1810 3896 munus
1858 3856 2057 3911 prove-

478 3940 652 3999 xerat,
700 3932 1016 4003 nuptiarum
1073 3948 1199 3989 cum
1255 3933 1350 3989 illo
1397 3934 1731 3988 commercia
1785 3932 2055 4005 ambiens.

480 4026 685 4081 Verum
709 4025 923 4096 respuit
944 4024 1055 4091 ille,
1089 4042 1157 4080 ne
1206 4041 1371 4095 quam
1418 4025 1558 4079 forte
1604 4024 1769 4079 Leoni
1823 4026 2060 4095 impera-

478 4119 586 4175 tori
619 4119 771 4175 dese
788 4119 1111 4189 suspicandi
1168 4121 1514 4175 occasionem
1547 4119 1829 4190 praeberet.
1890 4120 1965 4175 Ea
2000 4134 2060 4173 re

479 4213 641 4269 furiis
684 4222 843 4268 actus
878 4212 1109 4268 Zautzas
1149 4213 1379 4268 crimina
1413 4212 1468 4268 in
1511 4228 1634 4268 eum
1664 4214 1939 4269 intentans
1970 4214 2060 4268 di-

477 4307 684 4377 gnitate
706 4307 927 4377 spoliat.
960 4304 1093 4375 Ejus
1109 4305 1228 4361 loco
1249 4307 1565 4361 scholarum
1581 4308 1915 4361 domesticus
1932 4322 2060 4376 pro-

480 4408 673 4456 vectus
707 4399 970 4469 magister
991 4398 1274 4454 Catacalo.
1316 4398 1480 4469 360
1507 4398 1637 4453 Post
1657 4398 1871 4467 longam
1906 4412 2060 4450 vaca-

2153 3200 2248 3268 τὸν
2283 3199 2488 3254 Λέοντα
2543 3197 2648 3269 ἔφη
2683 3213 2697 3228 ⁶
2759 3214 2779 3249 t
2840 3196 2902 3249 El
2944 3194 3020 3273 μὴ
3071 3194 3335 3266 πρότερον
3395 3194 3574 3245 πᾶσαν
3636 3189 3743 3259 τὴν

2157 3278 2537 3365 αἰχμαλωσίαν
2568 3291 2893 3360 Βουλγάρων
2924 3288 3099 3354 λάϐω,
3134 3288 3359 3361 εἰρήνην
3408 3284 3469 3339 οὑ
3505 3283 3673 3337 ποιῶ,
3714 3302 3734 3333 ι

2169 3376 2493 3441 Ἐπένευσεν
2513 3379 2607 3437 οὖν
2629 3386 2656 3437 6
2674 3382 2927 3453 βασιλεὺς
2958 3382 3162 3450 ταύτην
3185 3375 3497 3432 ἀποδοῦναι.
3526 3372 3743 3427 Ἦλθεν

2156 3476 2250 3550 οὖν
2278 3480 2416 3549 μετά
2440 3478 2667 3539 Λέοντος
2696 3473 3051 3544 ὁΒοὺλγαρος
3073 3471 3370 3542 Θεόδωρος,
3406 3470 3607 3531 οἰκεῖος
3661 3464 3744 3519 ὣν

2157 3569 2235 3640 τῷ
2262 3567 2509 3637 Συμεὼν,
2542 3567 2634 3620 καὶ
2664 3564 2974 3636 παρέλαϐεν
2997 3561 3216 3625 αὐτούς.

2212 3660 2285 3718 ι’.
2307 3660 2416 3716 Τοῦ
2434 3661 2489 3713 δὲ
2518 3658 2842 3731 δομεστίκου
2860 3656 3175 3727 Νικηφόρου
3202 3653 3338 3723 πρὸς
3354 3650 3449 3706 τοῦ
3474 3649 3747 3721 βασιλέως

2158 3754 2361 3825 ἐξόχως
2422 3749 2788 3825 ἀγαπωμένου
2815 3788 2829 3812 ,
2891 3750 2920 3801 6
2975 3744 3391 3817 βασιλεοπάτωρ
3463 3740 3747 3803 Ζαοῦτξας

2158 3849 2347 3905 τοῦτον
2384 3845 2460 3909 ὡς
2494 3843 2758 3921 δυνάστην
2790 3837 3176 3911 προεϐάλλετο,
3219 3833 3458 3905 γαμικὸν
3495 3831 3617 3900 μετ’
3642 3832 3745 3883 a6-

2157 3937 2256 3999 τοῦ
2291 3938 2517 4005 ποιῆσαι
2566 3930 2924 4000 συνάλλαγμα
2972 3927 3315 3999 βουλόμενος.
3341 3924 3449 3978 Τοῦ
3481 3923 3539 3976 δὲ
3603 3925 3748 3996 1:95,;

2158 4012 2317 4085 τοῦτο
2364 4023 2823 4095 άπαναινομένου,
2865 4021 3077 4092 μήποτε
3121 4018 3196 4090 δῷ
3227 4019 3483 4081 ὑπόνοιαν
3523 4021 3605 4089 τῷ
3652 4020 3753 4092 βα-

2162 4124 2301 4178 σιλεῖ
2348 4120 2560 4184 Λέοντι,
2613 4100 2802 4188 μανεὶς
2852 4114 2945 4179 ἐπὶ
2977 4112 3152 4183 τούτῳ
3178 4113 3205 4165 6
3243 4112 3520 4177 Ζαοῦτζας
3560 4114 3749 4174 αἰτίας

2160 4200 2380 4285 ἐκίνησε
2413 4212 2534 4265 κατ’
2587 4205 2753 4285 αὑτοῦ
2808 4207 2901 4261 καὶ
2931 4205 3028 4275 τῆς
3048 4205 3220 4285 ἀρχῆς
3249 4204 3439 4263 τοῦτον
3478 4205 3751 4273 μετέστη-

2162 4324 2275 4361 σεν.
2306 4301 2625 4376 Προεϐλήθη
2646 4300 2703 4377 δέ
2733 4297 2850 4375 ἀντ’
2874 4296 3040 4363 αὑτοῦ
3067 4295 3388 4366 ὼμὲστικος
3407 4294 3519 4346 τῶν
3537 4295 3748 4365 σχολῶν

2160 4402 2189 4453 6
2223 4398 2523 4469 μάγιστρος
2566 4390 2927 4469 κατακαλῶν.
2976 4388 3100 4441 Ἐπὶ
3128 4386 3264 4440 πολὺ
3295 4386 3351 4439 δὲ
3392 4384 3671 4469 σχολάσας
3720 4387 3747 4439 6

482 4494 686 4549 tionem
742 4492 1087 4564 Nicrphorus
1124 4493 1321 4547 iterum
1359 4492 1469 4545 dux
1520 4492 1574 4546 in
1629 4488 2053 4544 Tltracesiorum

2162 4463 2477 4565 Νικηφόρος
2512 4468 2672 4549 αὖθις
2706 4482 3013 4558 στρατηγὸς
3047 4482 3105 4534 ἐν
3151 4478 3228 4551 τῷ
3259 4478 3368 4533 τῶν
3402 4463 3747 4551 ’Θρᾳκησῖων

483 4586 727 4642 themate
789 4587 1183 4652 constituitur;
1256 4586 1588 4655 multisque,
1658 4583 1839 4653 quoad
1906 4580 2059 4649 vixit,

476 4680 693 4750 egregie
722 4677 1049 4750 fortiterque
1078 4678 1221 4732 bello
1243 4678 1429 4748 gestis,
1451 4691 1550 4731 ncc
1582 4676 1770 4746 paucis
1797 4674 2062 4730 adversus

479 4774 764 4841 Agarenos
791 4781 1090 4847 gentesque
1121 4771 1259 4827 alias
1285 4769 1482 4825 erectis
1519 4769 1761 4839 tropaeis,
1812 4769 1865 4821 in
1899 4782 2059 4823 sene-

480 4870 629 4917 ctute
661 4862 803 4917 bona
834 4863 976 4917 diem
1019 4863 1175 4929 obiit,
1233 4861 1407 4917 Barda
1462 4873 1516 4917 et
1545 4860 1729 4917 Leone
1758 4860 1947 4916 liberis
1971 4874 2060 4913 re-

481 4953 649 5019 lictis,
686 4948 922 5025 quorum
950 4955 1103 5024 prior
1128 4939 1294 5010 Leoni
1328 4955 1638 5025 imperatori
1669 4952 1956 5008 familiaris
1984 4948 2060 5005 illi

478 5046 846 5104 charissimus
861 5054 979 5101 erat
1003 5032 1234 5117 ejusque
1254 5047 1555 5103 ministeria
1574 5056 1835 5103 strenuus
1853 5044 2059 5099 obibat.

482 5139 786 5211 Imperator
838 5140 1055 5211 itaque,
1110 5128 1190 5194 uti
1261 5138 1469 5194 dictum
1527 5148 1629 5206 est,
1674 5138 2060 5194 Catacalonem

482 5241 728 5287 creatum
783 5220 1148 5287 domeSticum
1195 5229 1457 5285 adversus
1489 5229 1819 5300 Symeonem
1876 5227 2061 5291 mittit,

483 5315 571 5377 cui
602 5322 766 5379 etiam
791 5324 1165 5403 Theodosium
1189 5324 1478 5403 patricium
1497 5339 1561 5377 ac
1581 5321 2059 5392 prot0vestiarium

482 5403 741 5469 comitem
771 5396 1056 5485 adjunxit}
1116 5396 1443 5483 cunctisque
1468 5412 1612 5467 Asia:
1639 5413 1961 5468 cohortibus
1997 5428 2063 5469 ac

485 5494 773 5560 ordinibus
799 5507 1091 5572 traductis,
1115 5506 1330 5583 collatis
1361 5505 1535 5583 signis
1561 5520 1685 5559 cum
1715 5503 1965 5576 Bulgarls
1995 5503 2061 5558 ad

488 5598 667 5651 locum
702 5596 884 5666 (quem
905 5584 1121 5669 vocant)
1143 5581 1648 5670 Bulgarophy'gum,
1676 5596 1903 5653 Romani
1925 5599 2066 5653 male

2163 4587 2359 4658 θέματι
2406 4581 2839 4655 προχειρίξεται.
2882 4576 3091 4641 Πολλὰς
3120 4576 3175 4629 δέ
3228 4575 3324 4628 καὶ
3361 4574 3623 4641 γενναίας
3658 4575 3748 4625 άν-

2159 4672 2461 4750 δραγαθίας
2490 4676 2578 4729 διὰ
2608 4674 2789 4743 πάσης
2824 4669 2993 4735 αὑτοῦ
3020 4670 3077 4722 ἐν
3120 4672 3231 4731 τοῖς
3260 4667 3525 4737 πολέμοις
3580 4682 3751 4719 καταο

2162 4770 2506 4839 πραξάμενος
2536 4765 2741 4838 βιοτῆς,
2772 4765 2866 4818 καὶ
2900 4763 3070 4817 πολλὰ
3097 4760 3237 4824 κατὰ
3272 4758 3382 4813 τῶν
3424 4756 3748 4827 ’Λγαρηνῶν

2161 4862 2389 4917 καὶτῶν
2420 4860 2595 4914 ἄλλων
2628 4858 2798 4911 ἐθνῶν
2816 4855 3156 4926 στησάμενος
3204 4850 3467 4923 τρόπαια,
3519 4847 3751 4915 τελευτᾷ

2158 4956 2252 5009 τὸν
2284 4955 2398 5025 βίον
2421 4956 2477 5006 ἐν
2504 4954 2651 5024 γήρᾳ
2681 4949 2854 5020 καλῷ,
2886 4950 3034 5011 υἱοὺς
3064 4943 3382 5009 καταλιπὼν
3408 4944 3627 5012 Βάρδαν
3654 4940 3751 4994 καὶ

2162 5028 2393 5113 Λέοντα,
2423 5040 2499 5100 ὦν
2527 5049 2556 5101 6
2614 5044 2829 5116 Βάρδας
2884 5040 3220 5103 οἰκειότατος
3277 5036 3352 5090 ὣν
3403 5036 3483 5106 τῷ
3534 5032 3756 5108 βασιλεῖ
3852 5024 3859 5029 ’

2163 5142 2354 5197 Λέοντι
2426 5137 2720 5211 ὲστέργετό
2773 5153 2833 5189 τε
2890 5135 2986 5188 καὶ
3023 5133 3278 5203 ἠγαπᾶτο
3309 5129 3405 5185 καὶ
3474 5126 3754 5190 δουλείαις

2164 5232 2554 5304 ὲξυπηρετεῖτο
2597 5233 2717 5292 ταῖς
2745 5227 3079 5302 ἀνηκούσαις
3108 5223 3188 5293 τῷ
3239 5222 3328 5296 [Ρ.
3349 5218 3480 5291 222]
3519 5219 3753 5299 βασιλεῖ.

2179 5324 2238 5380 Ὀ
2270 5325 2325 5377 δέ
2358 5323 2631 5394 βασιλεὺς,
2666 5320 2850 5382 καθὼς
2873 5320 3107 5390 εἴρηται,
3142 5317 3233 5369 τὸν
3262 5311 3575 5367 Κατακσλὼ
3619 5330 3757 5382 προς

2169 5418 2556 5490 χειρισάμενος
2577 5420 2658 5479 εἰς
2687 5416 3007 5487 ὣμέστικον
3043 5413 3183 5465 κατὰ
3226 5410 3318 5463 τοῦ
3353 5410 3582 5477 Συμεὼν
3628 5409 3763 5461 τοῦ-

2171 5528 2263 5565 τον
2292 5509 2714 5577 ἐξαποστέλλει,
2757 5506 3247 5574 συνεξαποστείλας
3293 5502 3442 5577 αὑτῷ
3490 5504 3583 5555 καὶ
3627 5502 3768 5554 Θεο-

2176 5601 2351 5675 δόσιον
2381 5600 2671 5675 πατρίκιον
2698 5600 2791 5654 καὶ
2824 5596 3343 5672 πρωτοϐεστιάριον.
3372 5594 3761 5663 Διαπερασάνο

1755 5676 1991 5748 vanae
2041 5674 2447 5751 LECTIONES.

577 5785 623 5853 f"
660 5784 1028 5857 ὴστρηλίσατο
1058 5787 1116 5851 Ρ,
1155 5788 1627 5858 ἐστραγγαλίσατο
1654 5804 1862 5859 margo.
