3994 6220
204 329 290 392 377
1232 333 1378 393 LIB.
1406 332 1502 394 Vl.
1543 357 1610 368 -
1641 332 1787 391 Ι.Εο
1830 333 2115 395 BASILII
2153 337 2425 403 FlLlUS.

200 453 288 487 των
332 435 385 488 δέ
440 433 660 489 πάντων
717 437 815 507 τῆς
875 434 1167 506 Ἀνατολῆς
1215 439 1468 509 θεμάτων
1522 456 1581 492 τε
1646 440 1744 494 καὶ

1852 439 2161 497 funduntur
2224 461 2530 516 omnesque
2592 449 2957 506 internecioni
3018 450 3256 515 dantur,
3313 451 3436 520 ipso

200 526 484 593 ταγμάτων,
518 527 613 578 καὶ
642 528 883 599 πολέμου
910 531 1048 598 μετὰ
1076 530 1402 601 Βουλγάρων
1434 547 1744 602 συγκροτη-

1852 533 2013 588 etiam
2048 536 2279 605 patricio
2304 553 2368 592 ac
2398 543 2818 608 protovestiario
2868 543 3181 599 Theodosio
3212 545 3433 598 deside-

201 617 351 681 θέειτος
381 620 512 691 περὶ
538 619 600 673 τὸ
629 620 1103 693 Βουλγαρόφυγον,
1131 624 1426 693 τρέπονται
1479 625 1744 694 Ῥωμαῖοι

1855 634 1997 683 rato.
2054 628 2201 683 inter
2250 630 2367 685 haec
2423 633 2587 686 etiam
2617 634 2958 690 Chersonitae
3014 636 3208 691 ducem
3272 649 3435 690 suum

200 709 377 773 κακῶς,
410 711 505 763 καὶ
534 710 736 774 πάντες
773 711 1053 767 ἀπώλοντο
1082 730 1094 744 ·
1130 711 1211 778 οἷς
1246 715 1601 769 συναπώλετο
1650 716 1744 771 καί

1853 715 2006 772 Jonas
2030 718 2199 774 lilium
2229 720 2555 791 Symeonem
2579 726 2920 791 occiderunt,
2942 728 3179 797 Agareni
3210 728 3260 780 in
3288 727 3435 794 Cap-

197 801 221 853 6
246 801 721 873 πρωτοόεστιάριος
743 802 1044 868 Θεοδόσιος.
1087 806 1211 859 Ἐπὶ
1231 807 1424 859 τούτου
1445 809 1543 862 καὶ
1569 809 1619 861 οἰ
1648 809 1744 879 τῆς

1853 811 2082 880 padocia
2116 811 2321 867 Corum
2351 828 2635 883 ceperunt.

195 892 449 962 Χερσῶνος
471 894 761 965 οἰκήτορες
778 898 868 950 τὸν
887 898 1069 951 αὐτῶν
1125 899 1456 955 ἀπέκτειναν
1504 900 1811 973 στρατηγὸν
1851 902 2080 975 Συμεὼν
2107 905 2200 959 τὸν
2232 907 2326 960 τοῦ
2377 909 2553 963 Ἰωνᾶ.
2579 910 2912 983 Παρελήφθη
2945 911 3002 964 δὲ
3038 910 3134 965 καὶ
3164 911 3225 963 τὸ
3260 912 3438 983 Κόρον

194 989 242 1039 ἐν
261 988 313 1055 τῇ
344 986 721 1059 Καππαδοκίᾳ
755 990 857 1043 ὑπὸ
884 989 993 1042 τῶν
1045 992 1387 1063 Ἀγαρηνῶν.

259 1089 328 1137 ια’.
362 1082 424 1135 ’0
458 1084 517 1137 δὲ
553 1083 812 1154 βασιλεὺς
835 1087 915 1149 εἰς
940 1085 1008 1139 τά
1032 1087 1304 1157 Δαμιανοῦ
1332 1087 1565 1152 ἐξελθὼν
1598 1083 1750 1160 εἶχεν

198 1178 295 1247 μεθ’
318 1177 511 1230 ἐαυτοῦ
550 1177 649 1230 καὶ
677 1178 778 1247 τὴν
829 1178 982 1249 Ζωήν
1010 1181 1113 1251 τὴν
1139 1180 1236 1234 τοῦ
1285 1180 1535 1246 Ζαούτζα
1584 1182 1747 1251 θυγα-

192 1270 300 1338 τέρα
318 1267 405 1321 καὶ
432 1266 604 1321 αὐτὸν
629 1268 724 1321 τὸν
749 1268 1046 1334 Ζαοῦτζαν.
1074 1269 1332 1338 Θεοφανὼ
1358 1271 1416 1324 δὲ
1447 1273 1480 1342 ἡ
1519 1273 1614 1327 τοῦ
1647 1273 1748 1343 βα-

191 1360 348 1422 σιλέως
413 1359 639 1429 γαμετὴ
683 1360 746 1414 οὐ
784 1361 969 1430 παρῆν
1032 1363 1231 1427 ἐκεῖσε,
1277 1362 1393 1417 ἀλλ’
1419 1364 1478 1416 ἐν
1509 1366 1577 1434 τῇ
1612 1364 1746 1437 άγίᾳ

190 1451 309 1521 σορῷ
356 1453 428 1521 τῇ
493 1453 553 1503 ἐν
592 1451 925 1523 Βλαχέρναις
963 1455 1401 1525 προσεκαρτέρει
1448 1455 1742 1528 εὐχομένη.

188 1545 327 1611 Δόξαν
347 1544 409 1598 δὲ
444 1545 526 1615 τῷ
560 1544 772 1614 βασιλεί
811 1548 990 1616 μεῖναι
1017 1547 1075 1599 ἐν
1108 1549 1220 1621 τοῖς
1241 1549 1518 1617 Δαμιανοῦ
1541 1589 1556 1612 ,
1601 1567 1745 1621 συμ-

187 1637 371 1690 ϐούλιον
395 1639 451 1691 οἰ
476 1638 575 1691 τοῦ
605 1637 851 1703 Ζαούτζα
889 1616 1274 1710 Μιησάμένοι,
1302 1616 1335 1693 6
1354 1658 1415 1693 τε
1433 1642 1545 1705 υἰὸς
1572 1616 1741 1697 αὐτοῦ

1919 1091 2011 1149 Η.
2043 1092 2345 1164 imperator
2374 1095 2442 1152 ad
2477 1097 2728 1153 Damiani
2774 1100 2918 1155 aedes
2963 1115 3218 1169 egressus
3269 1103 3433 1161 Zocm

1853 1182 2077 1241 Zautzaa
2131 1187 2299 1242 tiliam
2357 1204 2545 1245 secum
2639 1191 2877 1247 habebat
2939 1207 3004 1247 ac
3064 1193 3242 1262 ipsum
3295 1196 3435 1252 Zan-

1846 1290 2012 1335 tzam.
2075 1278 2412 1349 The0phano
2494 1290 2678 1337 autem
2762 1284 3115 1351 imperatoris
3160 1301 3303 1339 uxor
3368 1290 3437 1344 iis

1846 1370 2137 1427 solemniis
2176 1386 2284 1426 non
2327 1372 2608 1439 intererat,
2663 1375 2755 1430 sed
2794 1377 2858 1431 ad
2890 1385 3143 1431 sanctum
3196 1379 3433 1434 loculum

1845 1462 1903 1517 in
1929 1461 2250 1519 Blachernis
2278 1465 2537 1535 precibus
2559 1468 2783 1522 assidua
2823 1476 2963 1523 erat.
3025 1468 3217 1525 Visum
3263 1471 3437 1540 impe-

1845 1553 2014 1606 ratori
2072 1553 2127 1608 in
2181 1553 2289 1608 illis
2338 1555 2545 1611 ardibus
2598 1572 2879 1613 morarum
2930 1560 3133 1629 aliquid
3194 1562 3431 1618 trahere.

1845 1642 2067 1700 Zautzae
2100 1644 2306 1714 aﬂines,
2346 1656 2459 1703 tum
2491 1649 2704 1704 scilicet
2730 1651 2850 1721 ejus
2880 1651 3026 1706 filius
3060 1652 3294 1707 Tautzes
3319 1666 3433 1709 tum

182 1729 466 1801 όΤαύτζης
494 1729 591 1784 καὶ
630 1729 681 1783 οἰ
722 1729 921 1794 λοιποὶ,
949 1734 1015 1802 τῇ
1045 1732 1199 1784 νυκτὶ
1226 1732 1320 1785 τὸν
1350 1731 1579 1802 βασιλέα
1625 1733 1744 1789 δια-

1852 1737 2062 1808 reliqni,
2098 1739 2390 1795 consilium
2423 1741 2614 1795 ineunt
2643 1750 2702 1795 ut
2734 1742 3120 1812 imperatorem
3152 1755 3317 1799 noctu
3354 1746 3436 1800 in-

180 1823 505 1895 χαρίσασθαι
559 1822 974 1877 ἐϐουλεύσαντο.
1015 1825 1082 1877 Ἦ
1147 1824 1206 1877 δὲ
1238 1824 1363 1896 Ζωὴ
1411 1824 1490 1895 τῷ
1538 1826 1744 1895 βασιλεί

1852 1832 2127 1887 terimant.
2180 1833 2251 1887 At
2285 1832 2395 1889 Zoe
2427 1834 2480 1888 in
2530 1834 2879 1905 imperatoris
2930 1838 3053 1891 sinu
3107 1838 3264 1909 361
3308 1838 3435 1893 dor—

182 1912 616 1983 συγκαθεύδουσα
640 1916 739 1970 καὶ
766 1916 858 1970 τὸν
886 1915 1051 1987 θροῦν
1096 1916 1476 1982 ἐνωτισθεῑσα,
1520 1919 1609 1974 διὰ
1642 1920 1744 1991 τῆς

1852 1923 2048 1989 miens,
2098 1923 2287 1979 audito
2320 1940 2629 1989 murmure,
2678 1941 2777 1997 per
2800 1925 3097 1981 fenestram
3139 1938 3434 1999 aspectans

176 2006 373 2076 θυρίδος
396 2005 733 2075 προκύψασα
772 2006 1161 2075 κατεσίγασεν.
1209 2008 1295 2071 Ὦς
1335 2009 1392 2061 δὲ
1424 2008 1518 2063 τοῦ
1565 2011 1745 2065 δεινοῦ

173 2095 261 2164 τῆς
291 2095 589 2162 ἐπιϐουλῆς
646 2096 844 2168 ᾔσθετο
896 2097 1183 2168 ωριόῶς,
1240 2099 1334 2152 τὸν
1383 2100 1607 2169 βασιλέα
1662 2102 1743 2155 δι·

168 2184 442 2238 υπνίσασα
478 2186 538 2239 τὸ
569 2186 941 2257 πραττόμενον
974 2188 1383 2258 κατεσήμανεν·
1411 2188 1469 2252 ὃς
1495 2190 1554 2244 ὲν
1576 2189 1747 2261 πλοίῳ

166 2276 328 2339 εὐθὺς
342 2276 600 2330 εἰσελθὼν
621 2278 702 2339 εἰς
740 2277 928 2347 Πηγὰς
953 2278 1297 2350 διεπέρασεν,
1328 2280 1536 2342 πάντας
1565 2284 1748 2335 ἐκεῖσε

167 2366 257 2421 καὶ
287 2366 455 2420 αὑτὸν
486 2366 579 2420 τὸν
616 2366 897 2432 Ζαοῢτζαν
925 2370 1264 2425 καταλιπών.
1298 2372 1449 2443 Ταχὺ
1488 2372 1546 2425 δὲ
1600 2372 1745 2442 πρωϊ

165 2458 604 2522 εἰςτὸπαλάτιον
621 2459 883 2514 εἰσελθὼν
940 2461 1198 2534 Ἰωάννην
1255 2464 1354 2534 μὲν
1407 2464 1498 2518 τὸν
1546 2463 1742 2535 βίγλης

163 2553 526 2624 ὄρουγγὰριον
585 2552 890 2618 διεδέξατο,
932 2554 1144 2626 Πάρδον
1201 2555 1258 2608 δὲ
1310 2557 1423 2609 υἱὸν
1473 2557 1747 2610 Νικολάου

161 2630 542 2716 ἐταιρειάρχου
560 2646 675 2699 ἀντ’
697 2645 866 2700 αὐτοῦ
898 2648 1229 2717 προεΰάλετο
1250 2664 1264 2681 ·
1288 2649 1317 2701 6
1340 2649 1449 2719 γὰρ
1478 2648 1749 2711 Νικόλαος

158 2733 312 2799 οὗτος
341 2737 501 2805 φίλος
529 2733 598 2809 ἦν
624 2738 705 2810 τῷ
742 2737 954 2809 βασιλεί
972 2741 1065 2793 καὶ
1092 2740 1304 2806 πιστὸς,
1343 2743 1435 2796 καὶ
1461 2740 1636 2813 [περὶ]
1676 2743 1747 2798 τὰ

155 2829 453 2900 ἀπόρρητα
481 2829 665 2885 πάντα
691 2830 790 2885 τοῦ
825 2831 1074 2897 Ζαούτζα
1124 2833 1262 2903 δῆλα
1297 2833 1474 2904 τούτῳ
1512 2834 1741 2904 καθίστη

151 2921 249 2974 καὶ
286 2920 563 2977 ἔκπυστα.
596 2923 823 2977 Ἐκτοτε
851 2922 947 2978 οὖν
981 2926 1012 2978 6
1039 2926 1291 2995 βασιλεὺς
1326 2929 1408 2991 εἰς
1426 2928 1487 2980 τὸ
1515 2926 1611 2980 τοῦ
1631 2929 1740 2981 Ζα-

148 3012 320 3076 ούτζα
340 3014 557 3067 ηλλίον
576 3008 681 3069 οὐκ
710 3016 1023 3088 εἰσήρχετο,
1038 3020 1086 3072 εἰ
1107 3020 1182 3090 μὴ
1208 3020 1363 3074 Λέων
1385 3023 1413 3075 6
1435 3020 1742 3092 μάγιστρος

146 3099 193 3175 ᾧ
214 3108 563 3179 Θεοδοτάκης
580 3109 1129 3181 ἐπώνυμον,τούτους
1146 3111 1397 3184 ἀλλήλοις
1433 3111 1741 3183 διήλλαξεν.

1842 2016 2123 2072 silentium
2165 2016 2461 2074 indicebat.
2493 2017 2898 2089 Perspectoque
2932 2020 3079 2075 clare
3108 2021 3431 2075 insidiarum

1843 2110 2107 2181 periculo,
2135 2110 2411 2167 suscitans
2433 2110 2826 2179 imperatorem
2860 2113 3090 2168 insidias
3150 2113 3433 2168 indicavit.

1845 2201 2040 2257 Statim
2081 2217 2214 2272 ergo
2248 2201 2304 2256 in
2339 2202 2616 2272 navigium
2643 2203 2924 2273 ingressus
2955 2203 3127 2275 Pegas
3173 2205 3437 2261 transire.

1845 2296 2003 2359 tavit,
2035 2296 2251 2352 cunctis
2281 2297 2379 2360 ibi,
2405 2313 2470 2351 ac
2498 2296 2620 2366 ipso
2650 2296 2882 2360 Zautza,
2918 2297 3146 2354 relictis.
3208 2297 3435 2353 Statim-

1844 2402 1951 2458 que
1980 2404 2141 2443 mane
2176 2389 2227 2442 in
2252 2390 2513 2459 palatium
2546 2391 2794 2454 veniens,
2826 2389 3038 2446 Joanne
3078 2392 3435 2446 excubiarum

1846 2481 2144 2551 drungario
2178 2482 2247 2535 ab
2288 2482 2468 2537 cilicio
2495 2493 2707 2538 remoto
2746 2482 2981 2537 Pardnm
3018 2481 3226 2537 Nicolai
3274 2485 3431 2538 hete-

1845 2572 2079 2627 riarchze
2101 2573 2270 2626 tilium
2295 2574 2342 2627 ei
2366 2575 2583 2627 muneri
2613 2573 2854 2644 praefecit
2880 2589 2893 2624 :
2931 2575 2979 2628 is
3015 2588 3249 2642 namque
3270 2572 3433 2628 Nico-

1845 2662 1964 2717 laus
2024 2662 2341 2732 imperatori
2401 2665 2614 2720 amicus
2654 2680 3037 2735 propensaque
3087 2664 3143 2719 in
3168 2681 3293 2721 eum
3331 2666 3438 2721 iide

1846 2752 2064 2807 Zautza:
2097 2768 2298 2807 arcana
2327 2756 2515 2809 omnia
2552 2770 2617 2810 ac
2647 2756 2878 2810 consilia
2909 2756 2959 2810 ei
2999 2755 3306 2827 detegebat.
3356 2754 3439 2811 Ex

1851 2852 1983 2898 tunc
2013 2844 2179 2915 igitur
2212 2843 2513 2913 imperator
2538 2844 2594 2898 in
2629 2842 2847 2899 Zautza:
2876 2843 3191 2900 cubiculum
3220 2861 3330 2900 non
3357 2845 3435 2899 in-

1846 2932 2067 2995 troibat,
2095 2932 2272 2989 donec
2317 2932 2427 2989 Leo
2453 2934 2738 3006 magister,
2784 2944 3152 3006 cognomento
3182 2935 3441 2991 Theom-

1848 3033 2021 3094 taces,
2046 3028 2240 3082 ambos
2272 3027 2707 3084 reconciliasset.

224 3200 293 3272 ιβ’
298 3243 314 3256 .
333 3201 650 3273 Τὼυτᾷδὲ
663 3202 953 3269 Δύγοῦστα
978 3202 1236 3272 Θεοφανὼ
1253 3205 1347 3275 ἐτη
1372 3204 1743 3274 βασιλεύσασα

1922 3205 2010 3261 Η.
2037 3203 2618 3276 MoriturTheOpbano
2636 3207 2902 3278 Augusta,
2937 3220 3114 3261 annos
3147 3205 3439 3261 duodecim

144 3295 387 3361 δώδεκα,
416 3295 542 3365 ἥτις
571 3295 666 3349 καὶ
710 3294 1127 3366 θαυματουργδς
1158 3296 1464 3369 ἀνεδείχθη,
1493 3298 1746 3370 άνωτέρα

144 3385 245 3441 τοῦ
280 3386 392 3456 τῆς
418 3385 758 3457 ζηλοτυπίας
787 3385 997 3450 πάθους
1028 3388 1260 3456 φανεῖσα
1289 3389 1383 3441 καὶ
1423 3389 1616 3460 πράως
1646 3390 1746 3460 τὴν

146 3478 643 3550 παρευδοκίμησιν
689 3478 1073 3547 ὑπενεγκοῦσα
1099 3479 1274 3549 Ζωῆς,
1314 3481 1408 3533 καὶ
1437 3482 1495 3533 ἐν
1521 3480 1749 3551 ἐλεημο-

145 3574 348 3635 eum;
381 3572 478 3625 καὶ
507 3575 845 3643 προσευχαῖς
876 3573 969 3627 τὸν
1007 3574 1227 3628 ἅπαντα
1277 3572 1391 3643 βίον
1423 3574 1743 3628 διανύσασα.

214 3662 319 3734 ιγ’.
390 3664 590 3735 Στέφει
628 3666 783 3720 Λέων
812 3667 843 3719 6
892 3665 1146 3736 βασιλεὺς
1198 3667 1299 3737 τὴν
1329 3667 1610 3737 θυγατέρα
1650 3665 1747 3721 τοῦ

1848 3294 2080 3366 imperio
2100 3295 2296 3365 potita,
2320 3305 2482 3362 atque
2502 3304 2627 3365 post
2650 3304 2878 3350 mortem
2906 3296 3301 3350 miraculorum
3322 3297 3439 3364 glo-

1848 3386 1929 3440 ria
1957 3386 2193 3453 claruit;
2223 3400 2346 3456 quze
2372 3387 2629 3441 nimirum
2654 3387 2933 3458 zelotypiae
2958 3386 3155 3441 aﬂ'ectu
3190 3380 3443 3456 superior

1848 3480 1873 3535 ἰ
1874 3481 2067 3546 uisset,
2087 3478 2337 3549 Zoesque
2350 3478 2683 3548 spretionem
2701 3478 2913 3549 placide
2930 3478 3167 3544 tulisset,
3188 3493 3253 3534 ac
3270 3478 3439 3535 vitam

1849 3582 2068 3623 onmem
2092 3567 2457 3636 eleemosynis
2476 3576 2641 3635 atque
2679 3568 2933 3636 precibus
2953 3568 3179 3623 assidua
3209 3568 3437 3638 egisset.

1921 3660 2007 3714 i3.
2040 3659 2283 3715 Coronat
2317 3659 2427 3715 Leo
2457 3659 2754 3729 imperator
2785 3658 2949 3716 Zoem
2985 3659 3204 3715 Zautzae
3244 3660 3439 3726 tiliam,

145 3756 410 3822 Ζιοῦτξα
430 3758 611 3830 Ζωὴν,
636 3759 733 3814 καὶ
749 3759 1054 3827 εὐλογεῖται
1074 3759 1225 3830 παρὰ
1247 3758 1343 3814 τοῦ
1371 3759 1471 3829 κλη
1480 3759 1635 3830 puto-3
1651 3758 1744 3812 τοῦ

1852 3760 1904 3807 et
1931 3765 1960 3806 ο
1986 3754 2223 3822 quodam
2256 3752 2461 3808 clerico
2488 3752 2756 3821 palatino,
2788 3761 3158 3821 cognomento
3176 3750 3438 3821 Sinapes,

144 3852 333 3905 παλατ
344 3852 453 3915 (ou,
546 3851 783 3922 ἐπίκλην
802 3850 1065 3922 Σινάπης.
1111 3850 1169 3905 '0
1197 3851 1296 3922 μὲν
1322 3850 1416 3905 οὖν
1447 3851 1744 3921 εὐλογήσας

1862 3856 1964 3910 pro
1996 3842 2314 3911 nuptiarum
2352 3843 2577 3898 corollis
2610 3842 2996 3897 benedictione
3037 3844 3299 3898 donatur.
3342 3841 3444 3898 Be-

142 3944 469 4014 καθῃρέθη,
499 3945 535 4014 ἡ
561 3943 620 3997 δέ
650 3943 769 4006 ἔτος
791 3943 851 3997 ἓν
881 3944 975 3997 καὶ
1005 3944 1182 4012 μῆνας
1206 3940 1350 3995 ὀκτὼ
1384 3941 1744 4012 βασιλεύσασα

1852 3934 2186 3989 nedictionis
2226 3936 2475 3989 minister
2505 3935 2684 3989 ofﬁcio
2715 3934 2997 4004 depositus
3026 3943 3132 3990 est.
3177 3933 3289 3989 Zoe
3315 3948 3440 3989 cum

140 4034 538 4104 ἐτελεύτησεν.
572 4034 837 4105 Λάρνακα
860 4034 925 4105 δὴ
959 4034 1191 4105 ἐφεῦρον
1211 4032 1298 4102 ἐφ’
1331 4025 1375 4100 ᾧ
1412 4032 1744 4102 ἀποτεθῖψαι

1852 4040 2059 4078 annum
2099 4039 2268 4078 unum
2308 4040 2374 4080 ac
2416 4041 2631 4081 menses
2678 4034 2805 4081 octo
2844 4025 2900 4080 in
2940 4024 3169 4094 imperio
3190 4024 3442 4091 vixisset,

140 4130 205 4181 τὸ
235 4128 412 4198 σῶμα
434 4128 608 4198 αὐτῆς
632 4129 690 4181 ἐν
726 4128 862 4199 αὐτῇ
884 4170 899 4194 ,
938 4126 1025 4201 [Ρ.
1058 4126 1189 4199 225]
1223 4127 1345 4198 ἥτις
1365 4125 1579 4180 τοιάνδε
1604 4123 1744 4196 εἶχεν

1853 4116 1982 4170 fatis
2009 4115 2196 4170 functa
2226 4123 2333 4170 est.
2362 4115 2587 4171 Inventa
2615 4132 2751 4171 urna
2784 4118 2837 4171 in
2870 4131 3036 4186 quam
3062 4114 3182 4185 ejus
3211 4115 3446 4170 cadaver

138 4220 652 4292 ἐγκεκολαμμένην
693 4222 911 4293 γραφήν
937 4236 953 4253 ο
986 4220 1263 4291 Θυγάτηρ
1307 4217 1667 4286 Βαϐυλῶνος
1710 4218 1744 4285 ἡ

1858 4208 2179 4274 inferretur,
2231 4208 2286 4262 in
2353 4211 2470 4264 lucc
2505 4208 2669 4265 verba
2717 4225 2785 4265 ac
2839 4208 3174 4266 sententiam
3227 4206 3442 4274 caelata,

140 4318 562 4384 ταλαίπωρος.

1857 4300 2004 4356 Filia
2039 4300 2329 4373 Babylonis
2360 4303 2575 4355 misera.

214 4406 285 4459 ιδ’
297 4448 314 4461 .
372 4407 751 4479 Διεδλήθησαν
802 4406 861 4460 δὲ
918 4405 999 4477 τῷ
1061 4404 1271 4476 βασιλεῖ
1321 4404 1597 4468 Μουσικὸς
1656 4403 1744 4458 καὶ

1924 4395 2086 4466 362
2126 4395 2215 4449 li.
2262 4393 2435 4449 Porro
2468 4393 2633 4449 delati
2664 4402 2794 4448 sunt
2843 4393 2988 4463 apud
3052 4394 3445 4462 imperatorem

140 4498 528 4567 Σταυράκιος,
556 4498 632 4562 ὡς
662 4496 817 4569 παρὰ
847 4496 958 4551 τῶν
990 4495 1316 4568 στρατηγῶν
1344 4495 1496 4564 δῶρα
1540 4494 1744 4565 λαμόά-

1855 4488 2096 4544 Musirus
2115 4496 2170 4543 et
2199 4487 2549 4550 Stauracius,
2580 4494 2837 4555 tanquam
2875 4486 2965 4555 qui
2999 4500 3229 4539 munera
3262 4499 3292 4537 a
3340 4484 3447 4538 du-

140 4606 372 4655 νοντες,
405 4590 543 4643 ἀλλὰ
586 4591 682 4644 καὶ
716 4590 869 4661 παρὰ
894 4588 1007 4643 τῶν
1053 4588 1356 4660 ἀρχόντων,
1405 4586 1744 4657 μεσιτεύουσι

1856 4581 2015 4637 cibus
2045 4596 2111 4634 ac
2138 4578 2552 4650 magistratibus
2573 4577 2887 4646 acciperent
2919 4584 2974 4631 et
3019 4574 3165 4645 apud
3201 4575 3442 4645 impera-

138 4682 376 4745 τούτοις
409 4682 489 4753 τῷ
519 4682 961 4753 βασιλεοπάτορι.
983 4680 1091 4736 Καί
1122 4697 1254 4734 ποτε
1285 4678 1379 4733 τοῦ
1405 4678 1744 4749 Σταυρακίου

1857 4673 1991 4729 toris
2024 4680 2234 4741 patrem
2265 4686 2360 4741 per
2389 4668 2581 4725 sordes
2610 4666 3034 4723 intercederent.
3086 4666 3167 4721 Ac
3193 4680 3322 4720 vero
3356 4665 3448 4719 in-

143 4776 297 4841 μετὰ
328 4776 681 4845 γραμμάτων
714 4775 867 4836 τινος
888 4775 1000 4828 τῶν
1031 4772 1356 4844 στρατηγῶν
1400 4773 1482 4836 εἰς
1512 4771 1607 4825 τὸν
1649 4770 1744 4841 βα-

1854 4780 2045 4836 gressu
2076 4764 2411 4836 quandoque
2440 4760 2731 4816 Stanracio
2755 4759 2821 4814 ad
2850 4758 3203 4829 imperatoris
3230 4769 3443 4829 patrem

144 4867 531 4937 σιλεοπάτορα
562 4867 993 4939 εἰσεληλυθότος,
1025 4868 1102 4932 ὡς
1143 4863 1284 4920 εἶδεν
1312 4868 1477 4920 αὐτὸν
1514 4866 1543 4918 6
1594 4864 1744 4935 βασιε

1854 4874 1980 4914 cum
2015 4858 2218 4912 ducum
2266 4855 2498 4924 alicujus
2531 4852 2736 4917 libello,
2772 4852 2866 4908 ubi
2898 4867 3025 4907 eum
3066 4852 3363 4921 imperator
3394 4851 3447 4905 in

142 4961 277 5024 ὶεὺς
303 4964 373 5015 ἐν
394 4962 474 5032 τῷ
507 4961 718 5032 ἡλιακῷ
751 4961 1021 5031 ἑστηκὼς,
1055 4960 1286 5014 κατόπιν
1309 4958 1473 5014 αὐτοῦ
1504 4958 1744 5030 εἰσῆλθεν

1855 4950 2023 5006 solari
2057 4947 2340 5019 horologia
2367 4956 2522 5002 stans
2552 4946 2786 5014 aspexit,
2814 4945 3092 5000 hominem
3124 4959 3267 5014 pone
3287 4959 3449 4998 secu-

143 5055 241 5106 καὶ
270 5054 382 5108 τοῦ
410 5056 661 5118 τένοντος
694 5053 860 5107 αὐτὸν
884 5052 1182 5124 λαϐόμενος
1201 5052 1307 5118 ἔξω
1351 5052 1624 5124 ἐξήγαγεν
1671 5052 1744 5115 ὡς

1856 5051 1948 5100 tus
1979 5051 2063 5099 est
2093 5041 2418 5111 cerviceque
2447 5038 2858 5110 apprehensum
2884 5036 3036 5093 foras
3061 5037 3275 5102 eduxit,
3325 5044 3450 5090 tan-

143 5145 323 5216 δῆθεν
378 5149 512 5218 περὶ
556 5148 669 5202 τῶν
721 5145 1043 5219 στρατηγῶν
1082 5146 1402 5218 ἐρωτήσων,
1431 5146 1528 5199 καὶ
1579 5146 1661 5208 εἰς
1687 5143 1744 5199 τδ

1856 5150 2021 5207 quam
2052 5133 2316 5188 nimirum
2367 5130 2434 5186 de
2458 5130 2694 5185 ducibus
2721 5129 3087 5200 quaestionem
3117 5126 3440 5190 habiturus;

142 5237 480 5310 Μονόθυρον
519 5237 749 5309 ἀγαγὼν
799 5238 894 5291 καὶ
938 5236 1011 5290 τά
1042 5236 1352 5307 γράμματα
1392 5235 1596 5306 ἐξάρας
1640 5237 1744 5288 ἀπ·

1855 5230 2188 5299 trahensque
2236 5226 2306 5281 ad
2354 5225 2742 5296 Monothyrum
2771 5262 2789 5289 ,
2845 5222 3155 5291 ablatisque
3214 5219 3451 5285 tabulis,

140 5333 525 5402 εσφενδόνησε
548 5332 740 5386 τοῦτον
765 5331 985 5391 καὶτοῖς
1013 5326 1411 5399 προστυχοῦσιν
1428 5327 1629 5381 ἔδωκεν
1655 5326 1744 5381 τοῦ

1859 5324 2137 5379 hominem
2170 5319 2446 5386 excussit;
2480 5334 2546 5373 ac
2572 5318 2642 5372 iis
2671 5316 2764 5385 qui
2785 5316 2926 5370 forte
2960 5314 3210 5377 aderant,
3247 5314 3453 5383 palatio

137 5426 437 5478 παλατίου
470 5424 766 5493 ἐξαγαγεῖν
788 5424 883 5476 καὶ
910 5422 1142 5493 μοναχὸν
1172 5421 1493 5491 ἀποκεῖραι.
1541 5418 1744 5474 Μαθὼν

1857 5415 2199 5472 educendum
2236 5422 2400 5484 atque
2432 5412 2487 5467 in
2520 5410 2849 5466 monachum
2883 5406 3312 5474 detondendum,
3348 5407 3444 5462 de-

132 5514 180 5568 δὲ
224 5519 415 5571 τοῦτο
446 5519 477 5571 6
508 5516 784 5579 Μουσικδς
820 5517 880 5568 ἐν
903 5514 1214 5582 ἀπογνώσει
1268 5515 1515 5583 γέγονεν.
1570 5512 1744 5566 Εἰσελ-

1854 5508 1952 5563 dit.
1996 5506 2051 5560 id
2087 5520 2217 5562 vero
2248 5502 2589 5576 utcognovit
2633 5500 2895 5567 Musicus,
2931 5499 3314 5569 desperatione
3358 5499 3455 5569 agi.

132 5607 246 5663 θὼν
278 5609 357 5663 δὲ
398 5610 429 5662 6
463 5608 721 5681 βασιλεὺς
757 5607 887 5661 ἔνθα
916 5609 944 5660 6
993 5606 1267 5670 Μουσικὸς
1317 5605 1626 5675 παρίστατο
1673 5603 1744 5673 τῷ

1856 5600 2083 5669 suisque
2117 5597 2282 5652 rebus
2312 5595 2557 5650 ditiidere
2589 5593 2777 5663 cmpit.
2824 5591 3110 5662 Ingressus
3139 5591 3321 5658 itaque
3345 5592 3444 5645 im-

126 5699 441 5772 Ζαοὺτζᾳ,
478 5699 669 5754 τοῦτον
690 5699 842 5769 παρὰ
881 5699 975 5752 τὸν
996 5694 1265 5769 τράχηλον
1294 5697 1514 5767 ὡθήσας
1556 5697 1744 5765 ἐξήγα·

1858 5701 2093 5762 perator,
2130 5689 2220 5744 ubi
2253 5688 2341 5742 ille
2364 5686 2583 5742 Zautue
2612 5687 2848 5751 astabat,
2865 5685 3005 5739 collo
3033 5682 3437 5753 apprehensum

124 5802 231 5854 ἵεν
264 5832 289 5861 ,
324 5791 721 5863 διορισάμενος
772 5789 1145 5861 Χριστοφόρον
1194 5787 1515 5859 κοιτωνίτην
1547 5788 1602 5843 ἐν
1640 5789 1744 5852 τοῖς

1861 5783 2089 5841 trudens
2137 5781 2365 5854 expulit,
2419 5796 2483 5837 ac
2535 5776 2939 5849 Christophoro
2978 5773 3316 5832 cubiculario
3383 5768 3440 5823 in
