3994 6220
536 307 647 372 383
1633 315 2145 379 THEOPHANES
2182 314 2737 376 CONTINUATUS.
3700 314 3800 378 εει

534 441 656 490 nos,
694 428 811 496 ipsa
863 429 952 485 die
1010 449 1118 504 qua
1169 434 1369 490 vulnus
1401 444 1716 505 acceperat,
1755 434 1898 489 vivis
1933 448 2111 488 exem-

2223 431 2645 501 ἐκαυχήσαηο
2683 434 2739 485 οι
2785 432 3112 501 μισοῦντές
3151 448 3225 488 σε
3268 433 3338 487 ἐν
3377 432 3548 503 μέσῳ
3591 432 3800 501 ἑορτῆς

534 529 658 586 plus
679 528 787 575 est.
2221 540 2357 579 σου.
2417 544 2436 578 ι
2491 525 2591 578 Δεῖ
2630 520 2746 580 οὖν
2772 538 2881 590 σε,
2918 525 3219 589 δέσποτα,
3253 526 3371 580 ἀπὸ
3400 526 3510 581 τοῦ
3542 526 3662 580 νῦν
3700 524 3802 590 ἐτη

531 611 680 666 δέκα
717 615 831 683 τὴν
855 617 1188 681 ,ϐασιλείαν
1225 618 1577 686 κατασχεῖν.
1629 620 1696 671 Ὅ
1726 618 1822 672 καὶ
1856 618 2115 687 γέγονεν·
2160 619 2302 688 μετά
2341 619 2451 692 γάρ
2487 618 2589 691 τὴν
2622 619 2973 691 ἐκπλήρωσιν
3046 618 3157 673 τῶν
3193 620 3325 674 δέκα
3397 620 3697 686 ινιαυτῶν,
3732 626 3799 693 τῇ

534 710 672 779 αὐτῇ
702 712 883 782 ἡμέρᾳ
916 714 973 765 ἐν
1065 713 1160 767 καί
1185 713 1424 784 ἐπλήγη,
1451 713 1860 783 τετελεύτηκεν.

602 802 692 856 20.
727 802 900 859 Porro
926 805 1034 859 Zoe
1055 816 1249 875 quarta
1275 806 1474 862 Leonis
1508 821 1646 863 uxor
1669 808 1725 862 in
1758 806 1962 878 palatio
1986 822 2112 862 cum

2290 812 2363 859 κ’.
2392 799 2503 857 Ἦν
2535 802 2592 857 δὲ
2623 802 2744 872 Ζωὴ
2774 803 2807 873 ἡ
2861 802 3095 872 τετάρτη
3128 800 3266 873 γυνὴ
3310 801 3403 855 τοῦ
3436 801 3707 872 βασιλέως
3746 802 3802 857 ἐν

533 910 599 948 co
647 897 991 960 versabatur,
1036 898 1313 952 hauddum
1366 900 1711 970 nuptialibus
1761 900 1987 955 corollis
2018 900 2110 953 do-

2225 896 2298 968 τῷ
2347 894 2598 965 παλατῐῳ
2644 895 2784 965 μετά
2823 893 2918 947 τοῦ
2965 892 3231 963 βασιλέως
3264 894 3528 963 ἀστεφής.
3580 893 3708 946 Τῶν
3749 893 3802 946 δε

537 996 681 1040 nata.
730 986 865 1041 Cum
902 1003 1031 1043 vero
1060 988 1281 1059 Bulgari
1318 991 1728 1047 incursionibus
1763 1008 1880 1047 rem
1911 990 2114 1046 Roma-

2226 987 2607 1058 Βουλγαρικῶν
2636 986 2845 1056 ἐφόδων
2883 986 3192 1054 Ῥωμαίους
3224 985 3641 1055 ἐπιτριϐόντων,
3669 988 3718 1039 οἱ
3747 986 3803 1052 ἐξ

535 1093 663 1131 nam
688 1086 1009 1144 attererent,
1044 1082 1282 1153 Agareni
1314 1085 1664 1139 occasionem
1701 1084 1846 1140 nacti
1885 1085 2112 1139 classem

2223 1082 2404 1151 Ἅγαρ
2462 1078 2727 1149 μαθόντες
2769 1078 2929 1131 τοῦτο
2971 1077 3157 1140 στόλος
3204 1077 3437 1149 ἐξῄεσαν
3485 1076 3769 1148 ναύμακοῖ
3787 1120 3800 1142 ι

536 1170 875 1241 navalesque
914 1173 1105 1243 copias
1140 1175 1431 1241 miserunt,
1462 1175 1645 1232 leone
1674 1174 1940 1247 Tripolita
1973 1177 2113 1232 clas-

2229 1170 2618 1239 ὶπιστήσαντες
2657 1166 2965 1237 στρατηγὸν
3008 1166 3344 1237 Τριπολιτην
3384 1166 3625 1231 Λέοντα,
3684 1168 3806 1219 ’Λτο

534 1262 708 1319 siario
741 1264 906 1328 duce,
940 1265 1155 1320 Altalea
1192 1268 1327 1321 urbe
1354 1268 1610 1334 oriundo,
1665 1269 1759 1323 sed
1812 1269 1905 1338 qui
1960 1268 2111 1323 Citri-

2229 1262 2383 1316 τάλου
2410 1262 2509 1331 μὶν
2533 1258 2929 1332 ἐξωρμημένον
2945 1260 3049 1328 τῆς
3075 1259 3305 1321 πόλεως,
3333 1259 3435 1327 τῆς
3456 1259 3512 1312 δὲ
3541 1259 3806 1329 Χριστια-

536 1354 775 1409 stianam
824 1356 1141 1424 ejuraverat
1184 1360 1467 1429 pietatem.
1504 1361 1786 1431 Appellata
1820 1369 2001 1415 autem
2038 1369 2113 1416 csl

2229 1352 2326 1405 νῶν
2363 1350 2648 1414 εὐσεϐείας
2696 1351 3082 1419 ἀποστήσαντα
3104 1350 3175 1404 ⁸⁵.
3223 1349 3335 1403 Καὶ
3392 1348 3655 1419 Τρίπολις
3706 1351 3806 1420 μὲν

536 1446 833 1503 Phoenicim
874 1448 1113 1518 Tripolis
1141 1492 1157 1517 ,
1207 1454 1356 1523 quod
1402 1454 1579 1510 tribus
1615 1455 1953 1521 nationibus,
1990 1454 2113 1509 Sar-

2229 1446 2534 1514 ὼνόμασται
2576 1445 2610 1512 ἡ
2644 1442 2787 1496 κατὰ
2813 1440 3068 1511 Φοινίκην
3109 1440 3259 1511 τρισὶ
3301 1439 3639 1510 διαιρεθεῖσα
3684 1442 3806 1502 ταῖς

537 1535 644 1589 diis
679 1536 891 1592 scilicet
938 1537 1117 1609 Tyriis
1168 1557 1233 1596 ac
1268 1542 1512 1599 Sidoniis
1552 1544 1783 1610 colonis,
1817 1545 1991 1599 divisa
2026 1544 2114 1599 sit.

2229 1540 2437 1607 γενεαῖς
2495 1536 2554 1600 ἐξ
2619 1534 2885 1605 Ἀραδίων
2905 1535 2952 1567 ⁵⁸
3002 1534 3099 1587 καὶ
3148 1532 3362 1602 Τυρίων
3411 1533 3505 1586 καὶ
3552 1531 3806 1586 Σιδονίων

538 1623 777 1693 Egresso
802 1626 995 1697 itaque
1024 1629 1363 1699 imperatore
1401 1635 1466 1686 all
1494 1633 1640 1688 Butii
1678 1634 1983 1703 emporium
2024 1651 2115 1689 en-

2230 1631 2487 1687 άποίκων.
2542 1629 2652 1681 Τοῦ
2692 1628 2750 1681 δὲ
2806 1628 3071 1697 βασιλέως
3124 1625 3437 1691 ἐξελθόντος
3472 1627 3532 1678 ἐν
3586 1626 3663 1696 τῷ
3709 1624 3807 1678 τοῦ

536 1714 835 1771 czcniorum
867 1732 1036 1774 causa
1071 1722 1396 1778 monasterii
1448 1738 1481 1777 a
1526 1723 1929 1793 Christophoro
1979 1738 2113 1793 pro-

2235 1722 2446 1775 Βουτίου
2475 1718 2730 1791 ἐμπορίῳ
2758 1718 2845 1790 [Ρ.
2871 1714 3002 1789 226]
3030 1718 3167 1789 πρὸς
3190 1716 3253 1769 τὸ
3277 1717 3376 1786 τὴν
3417 1717 3586 1787 μονὴν
3614 1718 3812 1785 ἐγκαιο

537 1808 859 1865 tovcstiario
883 1813 1175 1880 exstructi,
1207 1816 1437 1871 nuntius
1468 1816 1616 1870 venit
1646 1815 1969 1885 Tripolitam
1991 1831 2114 1871 cum

2235 1816 2369 1869 νίσαι
2414 1812 2508 1866 τοῦ
2557 1810 3063 1884 πρωτοϐεστιαρίου
3112 1808 3279 1862 αὑτοῦ
3324 1808 3738 1880 Χριστοφόρου,
3774 1811 3812 1879 ή

538 1900 726 1956 hostili
759 1901 1167 1959 Saracenorum
1204 1905 1383 1961 classe
1416 1906 1631 1977 Cpolim
1691 1918 1894 1978 petere.
1956 1907 2115 1963 Mittit

2235 1906 2454 1976 ιγγελξα
2484 1903 2623 1969 αὕτη
2656 1902 2958 1958 κατέλαϐεν
2985 1902 3061 1965 ὡς
3086 1900 3417 1971 Τριπολίτης
3452 1901 3592 1971 μετὰ
3615 1902 3812 1953 στόλου

536 2009 667 2063 ergo
701 1994 1004 2064 imperator
1034 1996 1385 2053 Eustathium
1436 2001 1513 2055 rei
1547 2011 1677 2055 tunc
1708 2001 1919 2056 navalis
1942 2000 2113 2055 drun-

2237 1993 2331 2048 τῶν
2366 1991 2704 2064 Σαρακηνῶν
2733 1991 2876 2044 κατά
2906 1989 3535 2053 Κωνσταντινουπόλεως
3572 1990 3814 2062 ἀνέρχε-

537 2085 753 2153 garium
777 2102 903 2141 cum
925 2088 1106 2144 classe
1130 2090 1395 2148 adversus
1423 2090 1767 2161 Tripolitatn.
1796 2093 1889 2162 qui
1922 2107 2114 2163 pugna:

2238 2103 2332 2141 ται.
2384 2085 2736 2139 Ἀποστελλει
2763 2083 2856 2137 οὖν
2884 2086 2913 2137 6
2952 2082 3209 2154 βασιλεὺς
3241 2083 3333 2137 τὸν
3372 2083 3672 2140 Εὑστάθιον
3719 2085 3815 2136 τὸν

534 2191 661 2231 cum
688 2177 781 2234 illo
808 2178 982 2249 impar
1014 2196 1223 2237 vacuus
1254 2182 1433 2237 rediit.
1475 2181 1610 2237 Eum
1636 2185 1918 2239 insecutus
1948 2184 2111 2255 367

2239 2180 2527 2251 τηνικαῦτα
2568 2176 2932 2249 δρουγγάριον
2966 2175 3105 2247 μετά
3137 2175 3327 2230 στόλου
3373 2176 3513 2231 κατὰ
3543 2177 3639 2230 τοῦ
3674 2178 3816 2247 τρι-

537 2266 805 2338 'l'ripolita
833 2270 978 2327 intra
1007 2273 1254 2344 Abydum
1280 2276 1585 2344 penetravit
1610 2291 1675 2331 ac
1700 2292 1875 2348 usque
1895 2277 2114 2333 Parium

2241 2272 2444 2325 πολίτου
2467 2288 2481 2304 ο
2533 2271 2593 2335 ὃς
2624 2271 2699 2342 μὴ
2729 2269 2981 2340 δυνηθεὶς
3014 2269 3406 2336 ἀντιτάξασθαι
3455 2270 3631 2340 τούτῳ
3684 2272 3818 2325 ἀντ-

537 2361 711 2417 venit.
771 2361 950 2433 llujus
998 2364 1075 2419 rei
1114 2367 1343 2422 nuntius
1379 2381 1597 2436 gravem
1635 2369 1949 2438 imperatori
1982 2385 2114 2426 moe-

2241 2364 2471 2434 εστράφη
2531 2363 2710 2425 κενός.
2766 2362 3017 2416 Κατόπιν
3069 2361 3127 2414 δὲ
3183 2361 3349 2415 αὐτοῦ
3388 2363 3417 2415 6
3470 2361 3818 2433 Τριπολίτης

537 2466 720 2506 rorem
749 2467 814 2507 ac
840 2453 1057 2508 consilii
1108 2454 1351 2524 inopiam
1395 2456 1598 2511 attulit.
1633 2457 1824 2528 Itaque
1870 2457 2114 2514 Hemerio

2241 2456 2396 2512 ιλθὼν
2427 2456 2579 2520 ιντὸς
2617 2455 2842 2509 Ἀϐύδου
2878 2453 3223 2524 εἰσελήλυθεν
3257 2454 3350 2507 καὶ
3382 2454 3537 2525 μέχρι
3566 2455 3818 2524 Παρείου

538 2559 569 2597 a
614 2543 846 2600 secretis
875 2544 1412 2613 primario-classem
1473 2549 1741 2604 adversus
1794 2549 2115 2619 Tripolitam

2243 2547 2547 2602 ιατέλαϐεν.
2581 2546 2755 2601 Τοῦτο
2780 2546 2859 2616 τῷ
2906 2546 3121 2616 βασιλεῖ
3148 2545 3415 2614 ἀγγελθὲν
3445 2548 3526 2611 είς
3563 2546 3820 2617 μεγάλην

538 2636 846 2691 ducendam
927 2637 1248 2693 committit.
1311 2639 1361 2694 ls
1417 2637 1667 2712 Abydum
1730 2651 2115 2711 praetervectus

2243 2643 2388 2696 ιὺτὸν
2420 2642 2659 2711 ἀθυμίαν
2710 2643 2826 2708 καλε
2850 2640 3165 2711 ἀμηχανίαν
3199 2639 3583 2710 περιέστησεν.
3637 2638 3820 2710 Ἦμε-

541 2731 687 2797 (qua:
719 2737 804 2784 est
830 2728 886 2783 in
928 2727 1307 2799 Hellesponto,
1346 2746 1513 2801 quam
1553 2730 1748 2787 Milesii
1780 2732 1961 2787 coloni
1987 2732 2118 2787 civi-

2241 2736 2327 2807 piip
2362 2731 2456 2789 οὖν
2505 2734 2965 2806 πρωτασηκρῆτις
3008 2733 3107 2805 τήν
3143 2732 3408 2794 ναυτικὴν
3444 2730 3686 2801 δύναμιν
3725 2733 3818 2799 ιτ-

542 2831 711 2877 tatem
759 2822 1149 2878 condiderunt.
1194 2822 1581 2895 Hellespontus
1631 2826 1702 2880 ab
1735 2826 1889 2881 Helia
1921 2828 2119 2882 Phrixi

2239 2828 2472 2898 ίειρίσας
2529 2827 2673 2879 κατά
2751 2825 2849 2880 τοῦ
2938 2824 3265 2896 Τριπολίτου
3331 2822 3695 2877 ἀπέστειλεν·
3757 2822 3816 2886 δς

544 2927 738 2969 sorore
770 2912 884 2969 illic
916 2913 1109 2984 pelago
1138 2929 1318 2971 mersa
1345 2916 1427 2971 sic
1459 2916 1790 2987 appellatus)
1825 2916 2121 2987 lEgaaoqnc

2241 2919 2463 2974 ’Δϐυδον
2503 2917 2728 2973 διελθὼν
2753 2918 2854 2989 τὴν
2901 2916 3026 2971 καθ’
3066 2915 3492 2985 Ἑλλήσποντον,
3522 2915 3593 2984 ῆν
3624 2914 3818 2984 Μιλη-

544 3005 684 3060 tnari
724 3020 951 3062 emenso
978 3006 1214 3078 (dictum
1267 3007 1372 3063 hoc
1424 3008 1497 3063 ab
1533 3022 1799 3078 aquarum
1831 3009 1988 3079 quasi
2029 3024 2121 3063 ca-

2242 3012 2358 3065 είων
2380 3010 2696 3082 κατῴκισαν
2722 3010 2973 3076 άποικες,
3007 3008 3403 3079 Ἑλλήσποντον
3425 3006 3518 3059 τὸν
3544 3004 3656 3058 ἀπὸ
3685 3006 3819 3057 Ἕλ-

546 3112 771 3167 prarum
827 3112 984 3154 more
1029 3099 1347 3161 salientium
1410 3100 1827 3171 inaequalitate),
1885 3117 1949 3156 ac
1997 3116 2122 3157 cum

2245 3121 2324 3174 l1};
2356 3103 2455 3173 τῆς
2481 3102 2679 3173 Φρίξου
2712 3102 2949 3171 ἀδελφῆς
2976 3100 3054 3171 τῷ
3080 3101 3260 3154 ἐκεῖσε
3294 3099 3522 3167 πελάγει
3554 3100 3822 3169 ῥιφείσης

539 3192 654 3261 jam
710 3192 779 3247 ad
820 3191 1138 3248 Strobelum
1172 3193 1500 3263 appulisset,
1542 3209 1664 3265 quae
1696 3202 1782 3249 est
1816 3194 1882 3249 ad
1931 3194 2116 3264 Cibyr-

2247 3194 2401 3257 ιῦτως
2434 3194 2869 3265 ἀγορευόμενον,
2914 3192 3012 3250 καὶ
3044 3193 3269 3261 Αἰγαῖον
3316 3189 3558 3258 πέλαγος
3578 3232 3595 3255 ,
3634 3190 3669 3243 ὃ
3718 3191 3824 3261 τὴν

544 3284 702 3337 rham
746 3284 833 3349 (ac
864 3282 1157 3341 Strobelus
1201 3286 1424 3356 quidem
1462 3286 1545 3342 sic
1572 3286 1719 3341 dicta
1766 3301 1796 3340 a
1829 3286 1935 3341 loci
1989 3286 2121 3351 situ,

2247 3289 2421 3360 ιλῆσιν
2454 3288 2756 3357 ἀπείληφεν
2784 3286 2896 3340 ἀπὸ
2940 3285 3043 3354 τῆς
3072 3284 3184 3339 τῶν
3228 3284 3440 3339 ὑδάτων
3476 3284 3653 3354 φορᾶς
3690 3287 3824 3338 ἀϊσ-

542 3373 811 3445 Cibyrrha
836 3390 965 3431 vero
989 3389 1019 3431 a
1042 3375 1313 3448 Cibyrrho
1344 3376 1513 3435 fratre
1546 3376 1715 3432 Marsi
1755 3385 1810 3433 et
1834 3376 2119 3446 Cidranii),

2248 3381 2430 3449 sedem;
2465 3377 2611 3433 κατά
2651 3378 2855 3450 τρόπον
2904 3378 3094 3446 αἰγὸς,
3128 3375 3256 3446 ἑξῆς
3292 3375 3351 3428 δὲ
3400 3375 3825 3445 προσωρμικὼς

543 3430 711 3539 atque
742 3430 1469 3553 Lampsacumﬂtransisset'
1496 3470 1602 3534 (sic
1650 3470 1743 3525 illa
1787 3430 2120 3540 appellataa

2252 3430 2635 3543 assum
2670 3430 2839 3525 ἐφιτά
2867 3430 3326 3543 κισὶςρ’ρίιιν’(’ξιαι
3359 3430 3668 3540 ετράσηέοξ
3719 3430 3829 3540 μιᾷ

541 3558 686 3623 luce,
710 3573 834 3628 qua:
880 3566 1047 3613 noctu
1081 3557 1460 3614 Phocensibus
1484 3557 1839 3612 luridamenta
1866 3557 2118 3627 iacienti-

2252 3566 2337 3618 ιπὸ
2363 3565 2464 3632 τῆς
2494 3565 2725 3635 τοπικῆς
2754 3564 2957 3628 θέσεως
2976 3603 2991 3628 ,
3023 3562 3280 3634 Κιϐύρρα
3305 3561 3364 3616 δὲ
3395 3561 3504 3615 ἀπὸ
3525 3559 3829 3634 Κιϐύῤῥου

544 3652 647 3705 bus
689 3657 926 3719 votaque
973 3649 1413 3720 concipientibus
1460 3650 1692 3705 caelitus
1734 3649 1976 3715 aﬂ'ulsit;
2010 3663 2121 3720 quo

2251 3657 2460 3727 ιδελφοῦ
2491 3658 2719 3729 Μαρσοῦ
2752 3674 2812 3711 τε
2847 3659 2942 3711 καὶ
2982 3655 3307 3727 Κιδράμου)
3351 3654 3447 3708 καὶ
3484 3654 3828 3725 Λαμψάκῳ,

544 3741 792 3810 auspicio
844 3742 990 3811 jacta
1050 3742 1290 3800 civitatis
1323 3742 1681 3798 fundamenta
1737 3742 1893 3797 ﬁrma
1951 3750 2121 3797 stete-

2257 3750 2338 3802 ιπὸ
2367 3750 2548 3816 φωτὸς
2594 3749 2858 3820 λάμψεως
2900 3748 3268 3821 ὠνομασμένη
3288 3788 3301 3812 ,
3332 3749 3470 3819 ὅπερ
3500 3749 3669 3801 νυκτὶ
3702 3750 3834 3803 Φω-

539 3832 723 3922 .ruut),
752 3842 940 3903 postea
984 3832 1168 3891 Imbro
1192 3844 1450 3905 superata
1482 3834 1587 3904 (sic
1627 3834 1718 3889 illa
1744 3833 2010 3904 appellata
2037 3840 2116 3888 csl

2257 3844 2408 3897 ιαὲων
2443 3844 2487 3875 ⁵⁷
2540 3842 2940 3914 θεμελιούντων
2990 3842 3198 3913 ταύτην
3254 3841 3573 3912 εὐξαμένων
3625 3842 3834 3898 θεόθεν

544 3923 617 3979 ιιι)
666 3923 848 3981 lmbro
888 3925 1056 3982 Διιωὶ
1088 3927 1231 3994 lilio,
1265 3926 1426 3997 cujus
1471 3937 1623 3997 pater
1654 3926 1951 3998 Staphylus
2002 3925 2121 3980 Dio-

2251 3936 2565 4007 .πέλαμψεν,
2598 3937 2693 3992 καὶ
2717 3939 2750 4006 ὴ
2782 3936 2891 3989 τῶν
2914 3935 3184 4007 θεμελίων
3214 3935 3370 4006 βάσις
3396 3934 3582 3998 καλῶς
3604 3952 3828 4007 κεκρα-

546 4016 689 4086 nysii
728 4032 899 4087 nepos
938 4018 1322 4089 charissimus)
1364 4019 1608 4089 itemque
1639 4018 2025 4084 Samothrace,
2057 4033 2123 4074 ac

2255 4027 2448 4092 ταίωτο,
2478 4027 2618 4098 μετὰ
2637 4026 2813 4081 ταῦτα
2838 4030 2904 4097 τῇ
2939 4027 3151 4098 Ἴμϐρῳ
3178 4025 3531 4097 διεληλυθὼς,
3556 4026 3690 4095 ἥτις
3712 4027 3832 4080 ἀπὸ

542 4125 670 4164 cum
712 4108 895 4167 Thaso
932 4109 1048 4181 jam
1108 4110 1424 4168 immineret
1458 4111 1649 4183 (quam
1685 4112 1895 4182 antiqui
1928 4112 2119 4167 Aurea:

2255 4120 2459 4190 Ιμϐρου
2491 4118 2755 4187 κέκληται
2785 4117 2903 4170 υἱοῦ
2930 4117 3149 4182 Ἀνθου,
3181 4110 3245 4171 οὗ
3276 4114 3504 4185 γενέτης
3532 4115 3832 4186 Στάφυλος

543 4202 706 4257 titulo
762 4210 929 4274 atque
982 4205 1205 4260 nomine
1254 4203 1667 4275 insigniebant:
1706 4204 2120 4260 Samothraccin

2255 4205 2487 4259 ttovdcou
2538 4205 2795 4274 φίλτατος
2826 4206 3083 4274 ἔγγονος,
3115 4206 3481 4277 Σαμοθρᾴκην
3517 4205 3579 4259 δὲ
3621 4207 3832 4272 διαϐάς

542 4309 674 4348 vero
702 4296 757 4349 in
778 4293 1016 4352 Thracia
1048 4280 1180 4351 olim
1206 4296 1525 4368 θηριοῦσαν,
1550 4296 1710 4366 quasi
1737 4296 1922 4351 bestiis
1944 4297 2119 4350 abun-

2260 4298 2324 4350 :ai.
2350 4300 2415 4366 τῇ
2462 4296 2625 4368 Θάσῳ
2658 4298 3069 4367 προσπελάσας,
3099 4298 3168 4369 ήν
3200 4298 3425 4368 Χρυσῆν
3464 4298 3515 4351 οἱ
3568 4301 3712 4370 πρὶν
3744 4300 3837 4353 δικ

540 4386 762 4441 dantem
803 4387 983 4459 iisque
1003 4390 1243 4456 plenam,
1269 4389 1537 4461 Nymphis
1568 4405 1804 4453 sacram,
1835 4389 2117 4459 peninsula

2258 4388 2580 4458 φημίζοντο,
2617 4390 2985 4462 Σαμοθρᾴκην
3008 4391 3064 4444 δὲ
3095 4393 3153 4444 ὲν
3177 4391 3365 4464 Θρᾴκῃ
3394 4391 3700 4462 χερόνησον
3726 4392 3835 4463 τὴν

542 4495 670 4535 cum
700 4493 869 4545 esset,
892 4482 1077 4539 ﬂuxus
1111 4493 1305 4554 postea
1340 4484 1594 4539 allisione
1634 4483 1689 4537 in
1719 4482 1956 4538 insulam
1991 4498 2119 4538 coa-

2257 4481 2495 4553 ερότερον
2527 4480 2836 4551 Θηριοῦσαν
2880 4483 2969 4536 διά
3018 4482 3079 4535 τὸ
3131 4482 3338 4554 θηρίων
3371 4483 3791 4563 πεπληρῶσθαι
3816 4524 3834 4545 .

544 4574 715 4629 luisse
754 4575 1052 4650 dixerunt,
1109 4594 1173 4632 ac
1232 4577 1546 4632 Samiorum
1604 4577 1927 4633 colonorum
1975 4576 2121 4646 juris

2260 4570 2384 4641 εράν
2413 4570 2662 4641 Νυμφῶν
2690 4570 2877 4636 οὖσαν,
2914 4572 3210 4642 μετέπειτα
3240 4572 3335 4625 τοῦ
3368 4571 3463 4641 ροὔ
3505 4575 3837 4645 συρραγέν-

545 4667 743 4723 factam
800 4668 1237 4727 Samothraciam
1298 4679 1672 4743 nuncupatam
1722 4672 1869 4743 esse)
1927 4672 2116 4727 hostes

2261 4677 2317 4722 ος
2342 4660 2421 4723 είς
2446 4662 2612 4731 νῇσον
2645 4662 2906 4731 συστῆναι
2931 4663 3026 4716 καὶ
3062 4663 3168 4716 ὑπὸ
3194 4662 3416 4734 Σαμίων
3448 4664 3735 4735 μετοίκων
3771 4667 3838 4718 ὲν

542 4762 879 4830 assequitur.
911 4764 982 4817 At
1013 4779 1191 4833 neque
1219 4764 1387 4835 368
1423 4765 1654 4821 classem
1687 4765 1917 4835 pr0pius
1963 4764 2119 4820 adire

2257 4753 2557 4823 ιατασχέσει
2617 4753 2873 4821 γενέσθαι
2928 4754 3026 4808 καὶ
3081 4755 3448 4827 Σαμοθρᾴκην
3502 4755 3834 4827 κληθῆναι,

546 4867 719 4908 ausus
746 4864 853 4910 est.
884 4856 1146 4926 Tripolita
1173 4874 1303 4913 vero
1332 4860 1453 4929 ipse
1484 4874 1514 4913 a
1542 4872 1622 4921 se,
1660 4858 1753 4912 Dei
1782 4857 2025 4927 impulsu
2057 4871 2121 4912 ac

2262 4846 2353 4908 οὺς
2375 4845 2671 4914 πολεμίους
2694 4845 3018 4901 κατέλαϐεν.
3044 4846 3190 4918 Πλὴν
3213 4848 3339 4901 οὐδὲ
3361 4847 3671 4917 πλησιάσαι
3697 4848 3839 4901 τού-

541 4953 704 5010 ιιυιυ,
746 4946 971 5003 rellectit
1001 4951 1134 5015 iter;
1182 4952 1517 5021 veniensque
1547 4949 2017 5013 Thessalonicam,
2068 4960 2118 5003 ct

2265 4956 2334 4993 ων
2363 4938 2441 5011 τῷ
2472 4939 2645 5009 στόλῳ
2670 4938 3031 5009 τετόλμηκεν.
3059 4938 3418 5011 Ᾱύθόρμητος
3451 4939 3511 4993 δὲ
3549 4942 3580 4993 6
3608 4940 3842 5010 Τριπο-

539 5039 936 5107 comprehenso
968 5043 1062 5110 qui
1109 5043 1183 5097 illi
1216 5045 1461 5112 praatoris
1490 5044 1613 5113 jure
1644 5053 1892 5115 praeerat,
1931 5045 2116 5098 Leone

2266 5029 2377 5100 ἰτης
2406 5029 2544 5083 Θεοῦ
2570 5029 2763 5083 τοῦτον
2792 5028 3193 5094 ἀπελαύνοντος
3219 5030 3596 5102 ἀντεστράφη,
3624 5032 3740 5085 καὶ
3776 5034 3843 5085 ὲν

540 5142 908 5202 cognomento
941 5135 1301 5203 Cataziliaco,
1345 5137 1618 5207 ingentem
1646 5148 1884 5209 stragem
1927 5152 1993 5193 ac
2018 5152 2117 5191 nc-

2267 5118 2613 5193 εσσαλονίκῃ,
2663 5120 2988 5176 καταλαϐὼν
3039 5121 3281 5194 ταύτην,
3314 5123 3411 5176 καὶ
3455 5124 3673 5177 Λέοντα.
3734 5125 3844 5179 τὸν

540 5241 633 5281 ccs
682 5229 951 5297 plurimas
974 5231 1110 5302 egit,
1900 5298 1903 5299 ν
2221 5216 2427 5287 ταύτης
2456 5217 2784 5288 στρατηγὸν,
2807 5210 2853 5284 ᾧ
2869 5212 2938 5286 ἦν
2966 5216 3258 5287 ἐπώνυμον
3283 5215 3687 5282 Κατζιλάκιος,
3723 5235 3849 5273 κα.-

2222 5309 2474 5381 τασχὼν,
2504 5312 2722 5381 σφαγὴν
2752 5308 2958 5381 πολλὴν
2988 5309 3082 5363 καὶ
3122 5310 3285 5381 χύσιν
3329 5310 3585 5381 αἱμάτων
3619 5310 3851 5382 εἰργά-

2223 5420 2374 5462 σατο.

613 5492 675 5546 21
742 5495 975 5563 Quidam
1017 5514 1150 5555 vero
1188 5498 1679 5565 cubiculariorum,
1721 5498 2117 5571 llhodophylus

2292 5494 2397 5550 κα’.
2438 5494 2764 5567 Ῥοδοφύλης
2804 5496 2863 5549 δέ
2915 5512 2999 5559 τις
3035 5494 3484 5566 κουϐικουλάριος
3513 5494 3733 5564 ἔτυχεν
3777 5501 3852 5552 ἐν

545 5585 785 5653 uouiinc,
811 5591 881 5645 oh
912 5594 1223 5650 necessaria
1248 5594 1497 5666 quaedam
1538 5594 1757 5665 negotia
1788 5593 1841 5647 in
1870 5592 2111 5647 Siciliam

2272 5588 2440 5660 ικελίᾳ
2463 5589 2553 5644 διά⁴
2582 5605 2705 5644 τινα
2737 5586 2928 5661 χρείαν
2968 5588 3321 5653 ἀποσταλεὶς,
3353 5589 3579 5660 χρυσίου
3610 5587 3849 5663 λίτρας

1852 5681 2087 5737 VARUS
2123 5679 2521 5736 LECTIONES.

626 5771 670 5803 ⁸⁸
695 5773 1130 5830 ἁποστὰνταῖειιι
1164 5778 1659 5849 ἁποετατήτανταῖ
1736 5778 1781 5807 ⁸⁸
1822 5776 1881 5827 ἐκ
1918 5772 2195 5845 Σαραδίων
2220 5772 2282 5838 Ρ,
2310 5774 2364 5839 ἐξ
2386 5772 2653 5844 Ἀραδίων
2690 5788 2901 5844 margo.
3009 5775 3051 5805 °’
3081 5773 3312 5827 Φωκέων
3340 5771 3392 5826 Ρ.
