3994 6220
199 219 279 280 385

1166 219 1313 281 LIB.
1356 218 1455 278 \‘I-
1494 243 1560 255 ~
1592 216 1734 276 LEO
1760 216 2041 277 BASlLiI
2082 217 2359 278 FILIUS.

3283 218 3387 282 386

198 333 526 403 ἐπιφερόμενος
557 333 751 387 ἑκατόν
778 351 790 362 '
819 332 963 403 νόσῳ
988 331 1045 385 δὲ
1074 331 1388 403 περιπεσὼν
1414 332 1474 385 ἐν
1500 331 1712 384 Θεσσα-

1827 329 2021 383 missus
2057 337 2197 394 erat,
2230 338 2449 383 centum
2515 329 2634 383 auri
2684 328 2850 384 libras
2878 329 3093 396 ferens;
3126 339 3287 400 atque
3333 334 3387 386 in

1812 420 2009 475 itinere
2038 421 2233 474 morbo
2267 431 2579 491 correptus,
2624 422 2863 476 levanda:
2890 439 3055 477 causa
3108 424 3386 492 :egritmli-
3430 462 3441 484 ,

194 423 334 495 λονίκῃ
354 425 595 495 εἰσῆλθεν
635 426 777 479 ὥστε
807 423 1103 479 λούσασθαι
1143 425 1239 479 καὶ
1285 423 1368 497 [Ρ.
1400 424 1531 495 297]
1575 425 1709 478 ἁπο-

192 515 344 568 λαύσαι
360 516 612 579 ἀνέσεως.
636 516 840 570 Τοῦτον
862 519 891 570 6
913 515 1246 585 Τριπολίτης
1274 515 1586 584 κατασχὼν,
1613 516 1709 568 καὶ

191 607 335 677 μαθὼν
376 608 445 671 ὡς
495 608 723 678 χρυσίον
774 608 1100 679 ἐπιφέρεται
1126 649 1140 673 ,
1179 607 1350 660 πολλὰ
1409 607 1710 677 βασανίσας

187 703 454 755 ἀπέκτεινεν
505 703 674 773 μηδὲν
716 701 863 773 ἔχειν
897 704 1301 774 διατεινόμενον
1325 718 1339 733 ·
1377 703 1569 775 ἔτυχεν
1599 705 1709 773 γὰρ

184 791 310 844 τοῦτο
331 793 380 843 ὲν
405 795 469 861 τῇ
501 792 607 862 όδῷ
636 792 945 858 ἀπολιπὼν,
973 796 1113 864 ὅπερ
1145 793 1374 865 Συμεὼν
1403 795 1711 865 ἀσηκρῆτις

183 884 481 951 διερχόμενος
517 884 759 938 ἀνείλετο
782 926 794 946 ,
830 884 891 948 ὃς
929 887 1067 955 μετὰ
1091 885 1266 940 ταῦτα
1299 886 1588 956 πατρίκιος
1617 888 1712 940 καὶ

181 976 599 1044 πρωτασηκρῆτις
628 975 868 1044 ἐγένετο.
909 976 1017 1030 Τοῦ
1060 978 1117 1030 δὲ
1160 979 1490 1049 Τριπολίτου
1539 995 1712 1034 κατα-

181 1066 367 1136 στρέψαι
395 1068 493 1136 τὴν
523 1069 682 1121 πόλιν
716 1068 1091 1139 βουληθέντος,
1122 1071 1274 1136 δηλοῖ
1306 1071 1456 1141 αὐτῷ
1485 1072 1712 1143 Συμεὼν

179 1160 357 1226 χρυσίον
380 1159 564 1212 λαϐεῖν
603 1160 696 1212 καὶ
720 1161 821 1229 τῆς
853 1163 1240 1232 καταστροφῆς
1267 1164 1604 1232 ἀποσχέσθαι
1625 1179 1639 1194 °
1683 1164 1712 1217 6

176 1248 249 1298 καὶ
278 1249 496 1315 γέγονεν.
538 1250 972 1321 Ὀπισθόρμητος
1001 1254 1163 1307 πάλιν
1182 1256 1211 1307 6
1237 1253 1345 1307 τῶν
1376 1255 1710 1326 Σαρακηνῶν

169 1340 327 1403 στόλος
351 1342 533 1412 ἀπῄει.
570 1342 631 1396 Ὀ
659 1344 716 1395 δὲ
756 1343 1014 1416 ῚΙμέριος
1043 1346 1214 1401 ταῦτα
1241 1346 1549 1415 διεγνωκὼς
1576 1348 1711 1421 πρὸς

167 1430 247 1498 τὴν
280 1434 393 1482 κατ’
422 1433 603 1485 αὐτῶν
630 1433 969 1489 διανίσταται
993 1437 1197 1503 δίωξιν.
1232 1440 1295 1491 0i
1327 1438 1386 1492 δὲ
1416 1442 1483 1510 τῇ
1516 1441 1713 1513 Κρήτῃ

166 1523 556 1592 προσϐάλλουσι,
581 1529 811 1591 καὶτοῖς
840 1529 898 1581 ὲν
930 1528 1068 1601 αὐτῇ
1097 1531 1408 1602 ἀπόμοιραν
1430 1532 1531 1602 τῆς
1563 1532 1713 1595 λείας

162 1616 473 1686 ἀπένειμαν.
534 1618 793 1673 κάκεῖθεν
842 1623 911 1692 τῇ
965 1622 1186 1694 πατρίδι
1221 1625 1714 1695 παλινοστήσαντες

158 1710 435 1778 ἀπρακτεῖν
469 1711 613 1764 κατά
640 1711 864 1783 Λῆμνον
888 1714 1051 1770 ὲῶσιν
1084 1717 1176 1770 τὸν
1219 1716 1498 1788 Ἡμέριον.

216 1970 314 2040 23'.
354 1972 412 2025 '0
460 1972 516 2025 δὲ
552 1972 804 2044 βασιλεὺς
834 1971 949 2048 εἶχε
997 1979 1105 2033 τῶν
1167 1980 1531 2037 ’Δνατολικῶν
1578 1985 1716 2039 ὐπο-

154 2064 441 2135 στράτηγον
468 2066 770 2122 Εὐστάθιον
796 2070 1109 2141 πατρίκιον,
1136 2071 1191 2137 6.;
1216 2073 1280 2126 ὲκ
1299 2074 1399 2145 τῆς
1425 2075 1716 2149 καλλίστης

148 2162 238 2211 καὶ
266 2159 471 2230 ἀγαθῆς
496 2163 691 2228 γενεᾶς
723 2163 832 2217 τῶν
886 2166 1173 2237 Ἀργυρῶν
1200 2169 1587 2240 ὲκπεφὼνηται
1611 2187 1627 2203 ⁸
1657 2170 1719 2235 ὃς

146 2252 255 2311 τοῖς
272 2251 635 2321 Ἱσμαηλίταις
656 2258 1016 2327 κατεστράτει
1040 2259 1139 2313 καὶ
1167 2259 1401 2329 ἔτρεπεν
1422 2262 1520 2332 οὐχ
1543 2262 1713 2330 ἅπαξ,

145 2341 275 2394 ἀλλά
306 2343 401 2396 καὶ
430 2344 714 2411 πολλάκις,
744 2347 909 2420 ῥώμῃ
938 2351 1034 2404 καὶ
1060 2351 1205 2422 ἰσχύϊ
1231 2353 1327 2405 καὶ
1360 2354 1577 2408 συνέσει
1617 2357 1718 2409 καὶ

148 2434 335 2504 ἀνδρίᾳ
372 2435 472 2488 καὶ
501 2439 765 2507 φρονήσει
799 2440 893 2493 καὶ
922 2441 1247 2513 σωφροσύνῃ
1278 2443 1374 2497 καὶ
1400 2444 1718 2517 δικαιοσύνῃ

145 2526 502 2596 πτιμημένος
542 2529 635 2580 καὶ
665 2528 1070 2600 ἐπειλημμένος
1090 2572 1106 2597 ,
1146 2531 1286 2601 ἔχων
1314 2535 1409 2587 καὶ
1452 2534 1721 2604 Ἀνδρόνι-

141 2633 233 2668 κον
252 2618 346 2670 τὸν
370 2619 438 2670 ἐκ
460 2616 555 2670 τοῦ
578 2619 801 2685 Δουκός.
828 2621 1127 2677 Εὐστάθιον
1160 2624 1425 2694 ’Δργυρὸν
1462 2627 1511 2678 oi
1553 2627 1718 2695 ’Δγαο

144 2712 295 2777 ρηνοὶ
328 2710 607 2763 ἐδεδίεσαν
632 2750 648 2774 ,
689 2710 765 2775 ὡς
796 2712 857 2767 τὸ
888 2713 1081 2769 τούτου
1112 2715 1287 2786 ὄνομα
1319 2715 1584 2788 ἔκπληξιν
1622 2718 1720 2773 καὶ

142 2800 301 2869 φόϐον
331 2802 521 2866 αὐτοῖς
551 2802 805 2871 λέγεσθαι
828 2804 894 2860 ⁸⁸.
928 2806 1194 2876 Σαμωνᾶς
1222 2807 1278 2862 δὲ
1308 2811 1722 2879 προφασισάμε-

138 2910 225 2954 νος
246 2894 306 2946 ἐν
337 2896 407 2964 τῇ
440 2897 577 2966 μονῇ
607 2895 797 2962 αὐτοῦ,
828 2890 863 2970 ᾖ
897 2897 1185 2969 ἐπώνυμον
1214 2900 1283 2954 τά
1309 2901 1541 2971 Σπειρὰ,
1570 2901 1721 2968 ἐξελ-

1811 512 1898 566 nis
1928 512 2259 582 lavandique
2291 529 2357 567 ac
2407 515 2551 568 vires
2604 514 2879 568 reficiendi
2936 512 3387 569 Thessalonicam
3428 514 3435 535 '

1812 604 2096 674 ingressus
2119 613 2258 661 erat.
2291 605 2447 675 Cepit
2482 608 2627 661 hunc
2653 604 2944 676 Tripolita,
2977 622 3102 661 eum
3137 609 3253 661 auri
3282 609 3388 662 vim

1812 696 1957 752 ferre
2012 698 2347 767 intelligens,
2405 700 2704 769 multisque
2752 701 3042 755 tormentis
3096 703 3386 757 subactum

1811 789 2067 859 peremit,
2110 804 2233 843 cum
2274 789 2363 843 ille
2411 790 2547 843 nihil
2587 806 2646 845 sc
2679 792 2879 847 habere
2908 804 3195 848 assereret.
3241 795 3390 849 Reli-

1812 889 2007 950 querat
2052 881 2196 935 enim
2259 880 2314 934 in
2374 881 2482 947 via,
2518 896 2584 936 ac
2630 880 2867 952 Symeon
2921 900 2950 938 a
3009 887 3234 941 secretis
3270 887 3391 941 illac

1813 974 2087 1027 transiens
2138 972 2457 1028 sustulerat.
2506 972 2608 1027 ilic
2657 982 2844 1042 postea
2875 978 3138 1044 patricius
3183 993 3245 1032 ac
3295 995 3391 1033 eo-

1810 1079 1934 1118 rum
1993 1066 2087 1135 qui
2145 1082 2174 1119 a
2208 1067 2439 1121 secretis
2489 1068 2701 1135 primus
2759 1067 2937 1123 factus
2980 1079 3082 1124 est.
3126 1068 3388 1140 Tripolita

1815 1155 2007 1208 urbem
2040 1164 2288 1210 evertere
2312 1155 2606 1223 cogitabat,
2640 1170 2763 1210 cum
2792 1171 2917 1209 eum
2947 1156 3182 1226 Symeon
3208 1171 3395 1214 monet

1815 1256 1979 1317 atque
2021 1248 2280 1303 hortatur
2325 1258 2385 1302 ut
2424 1249 2542 1302 auri
2574 1264 2846 1303 summam
2891 1250 3044 1304 tollat
3071 1259 3123 1305 et
3155 1252 3221 1305 ab
3241 1268 3395 1307 ever—

1813 1338 1974 1391 tenda
2007 1337 2142 1392 urbe
2174 1338 2483 1405 abstineat;
2522 1339 2665 1408 quod
2706 1347 2761 1393 et
2802 1340 3009 1395 factum
3039 1352 3141 1397 est.
3170 1341 3397 1397 Recedlt

1815 1429 1998 1499 itaque
2032 1430 2229 1485 iterum
2288 1430 2681 1488 Thessalonica
2724 1431 3124 1489 Saracenorum
3176 1434 3394 1489 classis.

1815 1519 2102 1577 Hemerius
2154 1523 2393 1577 hostium
2431 1539 2650 1579 recessu
2699 1525 2920 1596 cognito
2974 1527 3041 1580 ad
3098 1541 3193 1581 eos
3251 1527 3397 1581 ius»-

1816 1615 2070 1683 quendos
2118 1629 2241 1671 sese
2298 1617 2554 1685 accingit.
2607 1617 2687 1671 Ad
2722 1617 2943 1673 Cretam
2981 1634 3113 1674 vero
3157 1620 3393 1689 appulsi,

1817 1705 2229 1776 spoliorumque
2259 1716 2414 1776 parte
2444 1709 2797 1765 Cretensibus
2844 1710 2967 1765 data
2991 1752 3006 1776 ,
3047 1712 3271 1767 domum
3313 1711 3397 1765 iu-

1816 1795 2064 1851 columes
2117 1796 2370 1864 redeunt,
2416 1799 2610 1854 relicto
2646 1799 2701 1855 in
2762 1800 2969 1857 Lemno
3004 1802 3180 1858 insula
3222 1805 3395 1858 otium

1817 1893 2023 1942 terente
2052 1889 2312 1959 nulloque
2340 1890 2537 1945 bellico
2566 1891 2804 1947 facinore
2834 1891 3111 1948 liemcrio.

1888 1978 1979 2033 22.
2015 1980 2259 2036 Habebat
2306 1980 2417 2037 Leo
2464 1982 2652 2037 Asiani
2684 1985 2959 2040 exercitus
2998 1985 3236 2055 legatum
3289 1988 3399 2042 Eu-

1817 2071 2079 2125 stathium
2119 2072 2433 2142 patricium,
2502 2089 2567 2128 ex
2596 2077 3052 2144 praestantissima
3083 2080 3399 2150 eptimaque

1815 2164 2154 2233 Argyrorum
2198 2162 2402 2218 familia
2441 2173 2646 2220 ortum.
2677 2165 2777 2221 Hic
2806 2167 3072 2224 adversus
3089 2169 3398 2226 lsmaelitas

1816 2256 2138 2326 depugnans
2173 2271 2268 2312 eos
2299 2257 2353 2311 in
2392 2255 2574 2327 fugam
2608 2260 2870 2324 vertebat,
2901 2276 3083 2329 neque
3129 2261 3180 2315 id
3227 2264 3399 2317 semel

1818 2350 1914 2404 sed
1941 2358 1997 2405 et
2025 2349 2295 2411 crebrius,
2330 2348 2494 2419 369
2538 2350 2618 2404 vir
2668 2351 2879 2406 scilicet
2910 2354 3128 2416 robore,
3180 2353 3398 2409 fortitu-

1817 2439 1947 2495 dine
1973 2480 1991 2505 ,
2043 2441 2415 2510 intelligentiae
2473 2441 2568 2504 vi,
2628 2441 2796 2495 animi
2827 2443 3047 2507 virtute,
3089 2444 3394 2512 prudentia,

1816 2535 2089 2593 castitate.
2114 2532 2328 2601 justitia
2358 2533 2560 2587 eximie
2585 2544 2842 2593 ornatus.
2875 2550 3062 2589 secum
3108 2536 3268 2589 etiam
3300 2552 3400 2590 na-

1818 2634 1942 2680 ctus
1980 2624 2370 2683 Andronicum
2398 2623 2558 2678 ducis
2588 2624 2782 2679 lium.
2812 2625 3227 2681 Formidolosus
3258 2626 3400 2698 Aga-

1819 2716 1972 2771 renis
1994 2716 2317 2771 Eustathius
2361 2717 2607 2785 Argyrus
2634 2723 2773 2781 erat,
2816 2717 2890 2770 ita
2945 2727 3004 2771 ut
3031 2718 3115 2773 vel
3150 2718 3270 2787 ejus
3298 2734 3399 2773 au-

1820 2807 1995 2862 ditum
2030 2821 2230 2862 nomen
2254 2816 2527 2863 terrorem
2560 2807 2669 2862 illis
2703 2824 3075 2879 pavoremque
3123 2810 3397 2880 injiceret.

1825 2898 2095 2954 Samonas
2152 2909 2334 2953 autem
2394 2900 2666 2955 simulans
2724 2916 2785 2956 se
2840 2901 2906 2955 ad
2995 2901 3396 2958 monasterium

139 2981 286 3045 θεῖν,
343 2982 401 3033 ἑν
435 2983 514 3053 τῷ
560 2985 821 3056 Δαματρύ
872 2985 1057 3054 οὖσαν,
1102 2990 1247 3059 φυγῇ
1297 2990 1573 3060 ἐχρήσατο
1604 2993 1722 3062 ἅμα

1827 3007 2006 3057 suum,
2035 2991 2124 3046 cui
2155 3006 2358 3046 nomen
2389 2989 2573 3061 Spira,
2599 2991 2665 3047 ad
2696 2991 3012 3064 Damatrym
3038 2994 3202 3048 situm
3225 2994 3399 3059 exire,

137 3074 389 3141 χρήμασι
422 3073 519 3125 καὶ
546 3075 735 3138 ἵπποις
767 3075 934 3129 αὐτοῦ
955 3116 973 3141 ,
1018 3079 1145 3140 τούς
1177 3080 1469 3148 δημοσίους
1518 3081 1717 3146 ἵππους

1827 3083 2007 3154 fugam
2039 3083 2304 3152 arripuit,
2346 3084 2649 3152 exportatis
2683 3098 2871 3139 secum
2906 3086 3155 3154 pecuniis
3208 3087 3399 3156 equis-

138 3165 260 3224 τοὺς
307 3165 370 3215 ἐν
402 3166 612 3235 ἑκάστῃ
646 3166 855 3238 ἀλλαγῇ
905 3168 1322 3236 ἀγκυλοκοπῶν.
1370 3170 1719 3225 Ἀποστέλλει

135 3248 227 3304 οὖν
248 3256 276 3305 ὀ
304 3253 567 3321 βασιλεὺς
597 3254 820 3308 ὄπισθεν
844 3256 1007 3309 αὐτοῦ
1032 3257 1222 3322 διῶξαι
1244 3258 1406 3312 αὐτὸν
1437 3258 1719 3315 Βασίλειον

136 3332 531 3415 ἑταιρειάρχην
563 3346 653 3400 τὸν
686 3348 1013 3416 Καματερὸν
1054 3350 1149 3403 καὶ
1175 3349 1267 3402 τὸν
1317 3351 1599 3422 Κρηνίτην
1628 3352 1722 3405 τὸν

136 3434 437 3507 Γεὼργιον.
497 3438 650 3491 Ἐπεὶ
694 3439 751 3492 δὲ
791 3440 881 3493 τὸν
913 3440 1080 3497 ’Ἅλυν
1112 3444 1141 3496 6
1180 3444 1445 3513 Σαμωνᾶς
1495 3444 1723 3515 ἔμελλεν

136 3530 341 3598 περᾷν,
373 3529 677 3582 κατέλαϐεν
711 3532 873 3585 αὐτὸν
911 3535 939 3586 6
964 3534 1279 3606 Νικηφόρος
1304 3537 1666 3609 δρουγγάριος
1694 3540 1724 3592 6

133 3623 441 3689 Καλλωνᾶς
474 3626 567 3679 καὶ
616 3627 904 3699 κατέσχεν.
950 3627 1008 3679 '0
1045 3628 1102 3680 δὲ
1136 3629 1308 3684 πολλὰ
1338 3630 1582 3685 ἱκέτευεν
1628 3632 1724 3686 καὶ

131 3717 459 3786 ὑπισχνεῖτο
486 3717 710 3771 διδόναι.
752 3719 837 3782 Ὠς
859 3720 915 3773 δὲ
944 3719 1047 3773 οὐκ
1072 3718 1311 3785 ἔπειθεν,
1339 3723 1419 3785 είς
1441 3723 1533 3776 τὸν
1562 3724 1620 3776 ὲν
1645 3722 1725 3795 τῷ

130 3808 332 3878 Σιρεχᾷ
367 3809 712 3878 καταφεύγει
740 3811 996 3883 σταυρὸν,
1025 3811 1193 3882 εὐχῆς
1220 3812 1383 3882 δῆθεν
1410 3813 1569 3885 χάριν
1600 3813 1727 3885 ἐλη-

128 3899 361 3952 λυθέναι
413 3904 918 3972 προψασισάμενος.
981 3903 1320 3958 Καταλαόὼν
1369 3902 1462 3960 οὖν
1496 3908 1526 3959 6
1570 3908 1725 3961 Κων-

128 3995 423 4056 σταντῖνος
450 3996 480 4047 ό
509 3992 603 4049 τοῦ
649 3996 989 4065 Ἀνδρονίκου
1028 3998 1056 4050 6
1083 3997 1283 4061 Δουκος
1315 3998 1430 4061 υἱὸς
1464 4000 1558 4052 καὶ
1600 3998 1726 4052 τοῦ-

124 4097 218 4131 τον
259 4081 563 4135 ἀναλαϐὼν
595 4085 651 4137 ὲν
691 4087 756 4155 τῇ
796 4084 947 4139 πόλει
979 4087 1342 4158 ὑπέστρεψεν.
1389 4085 1729 4158 Προσέταξεν

124 4171 178 4223 δὲ
226 4177 255 4227 ὁ
289 4173 558 4243 βασιλεὺς
586 4176 749 4229 αὐτὸν
794 4178 893 4246 μὲν
928 4180 984 4231 ὲν
1019 4181 1084 4250 τῇ
1110 4178 1207 4232 τοῦ
1239 4179 1515 4250 Καίσαρος
1550 4179 1732 4250 Βάρδα

126 4265 282 4335 οἰκίᾳ
326 4266 727 4333 φυλάττεσθαι.
772 4267 1088 4338 Ἡρώτησεν
1135 4269 1193 4323 δὲ
1238 4270 1647 4324 Κωνσταντῖνον
1679 4269 1730 4322 εί

1826 3190 1933 3245 quo
1965 3174 2081 3229 suis
2098 3174 2363 3237 advectis,
2397 3188 2594 3229 cursus
2641 3173 2847 3243 publici
2882 3174 3041 3243 equis
3075 3190 3176 3244 per
3212 3166 3405 3248 singui

1827 3266 1911 3322 las
1930 3267 2200 3322 stationes
2232 3265 2498 3334 poplitum
2533 3266 2718 3319 nervis
2740 3265 2992 3321 succisis.
3028 3266 3191 3321 Mittit
3218 3268 3402 3337 itaque

1826 3355 1958 3417 Leo,
2000 3355 2094 3425 qui
2151 3369 2276 3411 eum
2327 3356 2710 3424 insequantur,
2748 3355 3012 3412 Basiliam
3050 3355 3397 3414 Camaterem

1830 3444 2243 3502 hetaeriarcbam
2294 3452 2351 3498 et
2401 3443 2697 3514 Georgium
2744 3445 3050 3500 Crenitam.
3104 3446 3400 3501 Samonam

1829 3550 1995 3606 porro
2037 3533 2227 3606 Halym
2259 3532 2488 3588 ﬂuvium
2524 3534 2778 3604 trajicere
2808 3544 3092 3603 parantem
3123 3533 3402 3606 Nicepho-

1830 3641 1929 3681 rus
1965 3614 2297 3697 drungarins
2336 3624 2592 3681 Callonas
2637 3625 3059 3696 comprehendit
3097 3628 3401 3697 tenuitque.

1832 3716 2078 3787 Rogabat
2121 3718 2209 3773 ille
2248 3717 2409 3771 etiam
2448 3726 2618 3786 atque
2645 3717 2813 3771 etiam
2837 3717 3058 3783 dimitti,
3095 3718 3261 3788 inque
3283 3734 3404 3773 eam

1834 3826 1951 3865 rem
1982 3824 2206 3865 munera
2242 3810 2615 3876 promittebat.
2652 3807 2753 3863 Ubi
2783 3818 2966 3863 autem
3007 3824 3113 3865 non
3165 3811 3399 3878 obtinet,

1834 3904 1901 3958 ad
1936 3917 2156 3977 crucem
2174 3900 2522 3956 Sirichanam
2542 3903 2805 3971 confugit,
2824 3903 2981 3972 quasi
3000 3903 3117 3958 voti
3142 3919 3309 3959 causa
3342 3920 3403 3960 se

1833 3994 2051 4050 venisse
2079 4002 2406 4062 praetexens.
2442 3992 2641 4046 Verum
2672 3992 3077 4048 Constantinus
3105 3994 3401 4049 Andronici

1834 4086 2001 4142 Ducis
2049 4086 2195 4141 [ilius
2249 4085 2703 4154 comprehensum
2759 4100 2886 4139 eum
2913 4100 3098 4141 secum
3124 4086 3177 4140 in
3215 4086 3407 4140 urbem

1837 4179 2073 4238 reduxit.
2124 4177 2236 4233 Leo
2293 4177 2349 4231 in
2379 4176 2571 4231 θοι-(ιε
2595 4176 2832 4233 Caesaris
2857 4179 3026 4234 domo
3057 4193 3181 4233 eum
3229 4193 3412 4234 asser-

1839 4274 1955 4330 vari
1977 4273 2179 4341 jussit;
2213 4271 2516 4341 qureritque
2551 4286 2617 4326 ex
2653 4270 3017 4326 Constantino
3047 4287 3177 4325 num
3208 4272 3254 4326 is
3282 4276 3413 4326 vere

126 4359 364 4429 ἀληθῶς
418 4363 481 4412 ὲν
526 4362 698 4433 Συρίᾳ⁵
745 4362 964 4432 φεύγων
1009 4363 1345 4433 ἐτύγχανενο
1380 4362 1480 4417 καὶ
1539 4362 1722 4434 μαθὼν

1836 4368 1891 4423 in
1944 4366 2161 4438 Syriam
2215 4364 2442 4436 fugeret.
2480 4361 2584 4418 Ubi
2634 4371 2817 4417 autem
2848 4364 2927 4418 sic
2960 4378 3021 4418 se
3048 4377 3162 4417 rem
3204 4363 3410 4418 habere

128 4454 297 4506 τοῦτο
360 4454 566 4525 ἀληθὲς
612 4449 785 4520 εἶναι,
835 4455 1175 4528 παρήγγειλε
1210 4456 1605 4527 Κωνσταντίνῳ
1654 4456 1731 4529 μὴ

127 4546 299 4600 τοῦτο
340 4550 522 4602 εἰπεῖν
569 4549 802 4603 ἐνώπιον
851 4550 953 4620 τῆς
1000 4547 1305 4619 συγκλήτου
1350 4550 1731 4621 ἐρωτωμένῳ,

128 4638 247 4692 ab?
323 4641 416 4695 ὅτι
462 4642 518 4692 ὲν
557 4640 635 4712 τῷ
701 4642 893 4713 Σιριχᾷ
938 4642 1100 4712 χάριν
1147 4641 1314 4711 εὐχῆς
1364 4642 1735 4713 παρεγένετοο

127 4730 213 4797 μ).
257 4732 411 4805 2'38]
465 4734 625 4802 ἤθελε
667 4734 776 4807 γὰρ
825 4734 853 4787 6
886 4731 1139 4805 βασιλεὺς
1171 4732 1503 4805 συγγνώμης
1552 4735 1736 4804 τυχεῖν

126 4827 219 4876 τὸν
258 4826 575 4896 Σαμωνᾶν.
605 4827 716 4879 Καὶ
754 4825 1270 4899 προσκαλεσάμενος
1304 4824 1402 4896 τὴν
1424 4823 1738 4893 σύγκλητον

127 4916 223 4967 n‘t
253 4919 351 4979 εἰς
382 4919 448 4969 τὸ
468 4918 635 4987 μέσον
659 4916 997 4988 παραγαγὼν
1019 4916 1111 4970 τὸν
1137 4917 1545 4971 Κωνσταντῖνον
1566 4916 1739 4980 οὕτως

122 5005 331 5077 ὴρὼτη
344 5025 443 5060 σεν
463 5024 478 5038 ·
506 5009 665 5076 Πρὸς
689 5008 798 5063 τοῦ
826 5008 976 5063 Θεοῦ
1002 5006 1103 5063 καὶ
1126 5006 1235 5076 τῆς
1260 5006 1410 5077 ἐμῆς
1442 5004 1737 5075 κεφαλῆς.

120 5094 414 5169 ἔφευγεν
459 5100 529 5153 ἐν
573 5101 760 5169 Συρίᾳ
797 5104 830 5157 ό
864 5098 1184 5169 Σαμωνᾶςς
1223 5098 1324 5151 ναι
1362 5098 1401 5166 ἣ
1436 5098 1547 5163 oi};
1595 5098 1657 5151 '0
1681 5096 1743 5152 δὲ

120 5194 254 5256 τούς
287 5195 513 5263 ὅρκους
548 5192 872 5261 εὐλαϐηθεὶς
903 5188 1080 5262 (εἶπεν
1101 5191 1212 5261 γάρ
1248 5189 1515 5261 πρότερον
1544 5188 1620 5259 μὴ
1644 5190 1740 5260 δρ-

118 5284 487 5353 κιζόμενος,
540 5283 657 5336 ἀλλ’
688 5282 860 5344 οὕτως
898 5281 1084 5345 ἁπλῶς
1132 5279 1517 5353 ἐρωτώμενος,
1556 5280 1632 5350 μὴ
1680 5279 1744 5334 τὸ

115 5371 166 5426 ἓν
224 5380 552 5445 ἐξειπεῖν)
598 5376 920 5447 ὡμολόγησε
973 5375 1192 5428 πάντων
1250 5372 1478 5428 ἐνώπιον
1525 5372 1608 5428 ὅτι
1660 5372 1743 5437 είς

112 5465 353 5540 Συρίαν
385 5472 645 5540 ἔφευγεν.
677 5470 810 5525 Μετ’
841 5469 1010 5541 ὀργῆς
1046 5468 1104 5523 δὲ
1140 5467 1327 5523 τοῦτον
1353 5466 1446 5523 τοῦ
1475 5464 1742 5538 βασιλέως

1841 4474 1964 4516 vere
2033 4456 2320 4527 comperit,
2380 4454 2928 4526 jubetConstantino
2958 4455 3036 4508 uti
3079 4454 3194 4510 haec
3223 4470 3408 4511 coram

1840 4559 2034 4608 senatu
2060 4550 2373 4608 dissimulet
2394 4556 2453 4604 et
2497 4562 2625 4603 eum
2657 4545 2933 4601 Siricham
2976 4547 3087 4601 voti
3117 4562 3283 4603 causa
3321 4549 3404 4603 (li-

1840 4654 1929 4700 eat
1955 4644 2259 4715 profectum
2280 4642 2421 4699 esse;
2470 4639 2695 4696 Volebat
2740 4638 2886 4693 enirn
2925 4639 3226 4708 imperator
3245 4639 3410 4710 quid-

1841 4735 1972 4806 quid
2025 4748 2183 4790 noxae
2246 4742 2370 4789 erat
2430 4732 2684 4788 Samonae
2731 4729 3026 4801 indulgeri.
3090 4730 3423 4785 Convocato'

1842 4826 2029 4895 itaque
2084 4832 2303 4887 senatu,
2353 4821 2805 4881 «Constantino
2851 4821 2907 4877 in
2968 4821 3211 4877 medium
3249 4821 3416 4894 37o

1842 4914 2113 4978 adducto,
2185 4914 2240 4971 in
2310 4915 2461 4972 hunc
2525 4912 2751 4970 modum
2839 4924 3199 4983 percontatus
3258 4924 3344 4971 est
3396 4933 3412 4969 ι

1843 5006 1953 5063 Per
1999 5005 2172 5062 Deum
2233 5014 2285 5061 ct
2345 5014 2505 5075 caput
2533 5021 2728 5071 meum,
2777 5005 3010 5077 fugiebat
3046 5006 3313 5063 Santonus
3359 5009 3427 5062 in

1846 5094 2093 5169 Syriam,
2122 5096 2324 5152 necne!
2375 5093 2775 5152 Constantinus
2820 5096 3185 5167 jurisjurandi
3237 5108 3418 5152 motus

1846 5189 2110 5260 religione
2175 5188 2352 5259 (prius
2402 5186 2551 5243 enim
2639 5186 2791 5241 nulla
2872 5188 3245 5257 adjuratione,
3321 5192 3416 5246 sed

1845 5280 2171 5352 simpliciter
2193 5282 2587 5352 interrogatus,
2621 5294 2683 5335 se
2712 5280 3225 5347 non'evulgaturum
3259 5281 3419 5350 polli-

1843 5372 1989 5431 citus
2026 5374 2166 5445 erat)
2206 5373 2259 5429 in
2288 5374 2536 5429 omnium
2568 5384 2836 5428 consessu
2877 5370 3172 5427 Samonam
3207 5372 3259 5426 in
3314 5372 3420 5443 Sy-

1843 5466 1983 5523 riam
2029 5466 2212 5538 fugam
2239 5467 2541 5536 arripuisse
2577 5463 2885 5535 proﬁtetur.
2923 5461 3287 5530 Quamobrem
3327 5466 3421 5522 illo

1433 5558 1667 5617 VARIAE
1714 5557 2115 5619 LECTIONES.

174 5660 225 5695 ⁸⁸
265 5664 402 5731 leg.
444 5659 704 5729 γενέσθαι
743 5658 989 5715 Coutbef.
