  <div class='ocr_page' id='page_1' title='image "/cluster/home/n/w/nwhite01/storage/ocr_20150623/109/hvd.32044073502312/211.png"; bbox 0 0 3994 6220; ppageno 0'>
   <div class='ocr_carea' id='block_1_1' title="bbox 534 169 661 236">
    <p class='ocr_par' dir='ltr' id='par_1_1' title="bbox 534 169 661 236">
     <span class='ocr_line' id='line_1_1' title="bbox 534 169 661 236; baseline 0.031 -4"><span class='ocrx_word' id='word_1_1' title='bbox 534 169 661 236; x_wconf 63' lang='grc'><strong>391’</strong></span> 
     </span>
    </p>
   </div>
   <div class='ocr_carea' id='block_1_2' title="bbox 1627 163 3787 226">
    <p class='ocr_par' dir='ltr' id='par_1_2' title="bbox 1627 163 3787 226">
     <span class='ocr_line' id='line_1_2' title="bbox 1627 163 3787 226; baseline 0 -1"><span class='ocrx_word' id='word_1_2' title='bbox 1627 165 1931 226; x_wconf 80' lang='lat' dir='ltr'><strong>TIIEOPH</strong></span> <span class='ocrx_word' id='word_1_3' title='bbox 1946 167 1982 223; x_wconf 81' lang='grc' dir='ltr'>Α</span> <span class='ocrx_word' id='word_1_4' title='bbox 1995 163 2138 224; x_wconf 80' lang='lat' dir='ltr'><strong>NES</strong></span> <span class='ocrx_word' id='word_1_5' title='bbox 2175 163 2736 226; x_wconf 68' lang='lat' dir='ltr'><strong>CONTINUATUS.</strong></span> <span class='ocrx_word' id='word_1_6' title='bbox 3697 164 3787 225; x_wconf 65' lang='lat'><strong>39&quot;].</strong></span> 
     </span>
    </p>
   </div>
   <div class='ocr_carea' id='block_1_3' title="bbox 535 269 2142 352">
    <p class='ocr_par' dir='ltr' id='par_1_3' title="bbox 535 276 2119 352">
     <span class='ocr_line' id='line_1_3' title="bbox 535 276 2119 352; baseline -0.007 -13"><span class='ocrx_word' id='word_1_7' title='bbox 535 280 821 352; x_wconf 82' lang='lat' dir='ltr'><strong>drungarii</strong></span> <span class='ocrx_word' id='word_1_8' title='bbox 847 294 1075 335; x_wconf 87' lang='lat' dir='ltr'><strong>munere</strong></span> <span class='ocrx_word' id='word_1_9' title='bbox 1107 287 1376 344; x_wconf 87' lang='lat' dir='ltr'><strong>amotum,</strong></span> <span class='ocrx_word' id='word_1_10' title='bbox 1407 276 1628 332; x_wconf 87' lang='lat' dir='ltr'><strong>domum</strong></span> <span class='ocrx_word' id='word_1_11' title='bbox 1664 291 1820 331; x_wconf 89' lang='lat' dir='ltr'><strong>suam</strong></span> <span class='ocrx_word' id='word_1_12' title='bbox 1857 278 1923 330; x_wconf 87' lang='lat' dir='ltr'><strong>ad</strong></span> <span class='ocrx_word' id='word_1_13' title='bbox 1947 276 2119 330; x_wconf 86' lang='lat' dir='ltr'><strong>Char-</strong></span> 
     </span>
    </p>
   </div>
   <div class='ocr_carea' id='block_1_4' title="bbox 2249 269 3787 352">
    <p class='ocr_par' dir='ltr' id='par_1_4' title="bbox 2249 269 3787 346">
     <span class='ocr_line' id='line_1_4' title="bbox 2249 269 3787 346; baseline 0.002 -19"><span class='ocrx_word' id='word_1_14' title='bbox 2249 275 2359 346; x_wconf 71' lang='grc' dir='ltr'>’λης</span> <span class='ocrx_word' id='word_1_15' title='bbox 2388 276 2457 330; x_wconf 76' lang='grc' dir='ltr'>δι’</span> <span class='ocrx_word' id='word_1_16' title='bbox 2487 277 2745 331; x_wconf 72' lang='grc' dir='ltr'>ὑπόνοιαν</span> <span class='ocrx_word' id='word_1_17' title='bbox 2768 293 2913 337; x_wconf 80' lang='grc' dir='ltr'>τινα,</span> <span class='ocrx_word' id='word_1_18' title='bbox 2951 275 3046 329; x_wconf 76' lang='grc' dir='ltr'>καὶ</span> <span class='ocrx_word' id='word_1_19' title='bbox 3076 274 3265 328; x_wconf 75' lang='grc' dir='ltr'>τοῦτον</span> <span class='ocrx_word' id='word_1_20' title='bbox 3297 277 3377 338; x_wconf 79' lang='grc' dir='ltr'><strong>εἰς</strong></span> <span class='ocrx_word' id='word_1_21' title='bbox 3402 273 3493 328; x_wconf 73' lang='grc' dir='ltr'><strong>τὸν</strong></span> <span class='ocrx_word' id='word_1_22' title='bbox 3529 269 3676 327; x_wconf 83' lang='grc' dir='ltr'>οἷκον</span> <span class='ocrx_word' id='word_1_23' title='bbox 3706 278 3787 329; x_wconf 76' lang='grc' dir='ltr'><strong>αὐ·</strong></span> 
     </span>
    </p>
   </div>
   <div class='ocr_carea' id='block_1_5' title="bbox 538 366 2124 437">
    <p class='ocr_par' dir='ltr' id='par_1_5' title="bbox 538 366 2124 437">
     <span class='ocr_line' id='line_1_5' title="bbox 538 366 2124 437; baseline -0.007 -6"><span class='ocrx_word' id='word_1_24' title='bbox 538 379 754 431; x_wconf 87' lang='lat' dir='ltr'><strong>siannm</strong></span> <span class='ocrx_word' id='word_1_25' title='bbox 800 373 1031 429; x_wconf 91' lang='lat' dir='ltr'><strong>remisit.</strong></span> <span class='ocrx_word' id='word_1_26' title='bbox 1076 371 1131 425; x_wconf 90' lang='lat' dir='ltr'><strong>In</strong></span> <span class='ocrx_word' id='word_1_27' title='bbox 1163 372 1247 424; x_wconf 98' lang='lat' dir='ltr'><strong>via</strong></span> <span class='ocrx_word' id='word_1_28' title='bbox 1280 377 1462 425; x_wconf 89' lang='lat' dir='ltr'><strong>autem</strong></span> <span class='ocrx_word' id='word_1_29' title='bbox 1492 370 1559 425; x_wconf 89' lang='lat' dir='ltr'><strong>ad</strong></span> <span class='ocrx_word' id='word_1_30' title='bbox 1591 367 1763 433; x_wconf 82' lang='lat' dir='ltr'><strong>Aran,</strong></span> <span class='ocrx_word' id='word_1_31' title='bbox 1804 377 2026 437; x_wconf 86' lang='lat' dir='ltr'><strong>accepto</strong></span> <span class='ocrx_word' id='word_1_32' title='bbox 2055 366 2124 421; x_wconf 88' lang='lat' dir='ltr'><strong>ab</strong></span> 
     </span>
    </p>
   </div>
   <div class='ocr_carea' id='block_1_6' title="bbox 540 458 2122 533">
    <p class='ocr_par' dir='ltr' id='par_1_6' title="bbox 540 458 2122 533">
     <span class='ocr_line' id='line_1_6' title="bbox 540 458 2122 533; baseline -0.007 -10"><span class='ocrx_word' id='word_1_33' title='bbox 540 484 652 533; x_wconf 80' lang='lat' dir='ltr'><strong>uno</strong></span> <span class='ocrx_word' id='word_1_34' title='bbox 685 467 1112 522; x_wconf 87' lang='lat' dir='ltr'><strong>domesticorum</strong></span> <span class='ocrx_word' id='word_1_35' title='bbox 1141 477 1373 526; x_wconf 74' lang='lat' dir='ltr'><strong>veneno,</strong></span> <span class='ocrx_word' id='word_1_36' title='bbox 1392 462 1699 517; x_wconf 80' lang='lat' dir='ltr'><strong>exstinctus</strong></span> <span class='ocrx_word' id='word_1_37' title='bbox 1724 470 1808 515; x_wconf 71' lang='lat' dir='ltr'><strong>est</strong></span> <span class='ocrx_word' id='word_1_38' title='bbox 1835 502 1851 528; x_wconf 92' lang='lat'><strong>,</strong></span> <span class='ocrx_word' id='word_1_39' title='bbox 1872 468 2036 529; x_wconf 87' lang='lat' dir='ltr'><strong>atque</strong></span> <span class='ocrx_word' id='word_1_40' title='bbox 2067 458 2122 513; x_wconf 87' lang='lat' dir='ltr'><strong>in</strong></span> 
     </span>
    </p>
   </div>
   <div class='ocr_carea' id='block_1_7' title="bbox 540 551 2126 632">
    <p class='ocr_par' dir='ltr' id='par_1_7' title="bbox 540 551 2126 632">
     <span class='ocr_line' id='line_1_7' title="bbox 540 551 2126 632; baseline -0.006 -17"><span class='ocrx_word' id='word_1_41' title='bbox 540 560 812 632; x_wconf 90' lang='lat' dir='ltr'><strong>Spunino,</strong></span> <span class='ocrx_word' id='word_1_42' title='bbox 869 555 1013 627; x_wconf 92' lang='lat' dir='ltr'><strong>quod</strong></span> <span class='ocrx_word' id='word_1_43' title='bbox 1064 554 1237 625; x_wconf 84' lang='lat' dir='ltr'><strong>ipsius</strong></span> <span class='ocrx_word' id='word_1_44' title='bbox 1280 555 1425 608; x_wconf 84' lang='lat' dir='ltr'><strong>Aran</strong></span> <span class='ocrx_word' id='word_1_45' title='bbox 1456 563 1655 609; x_wconf 58' lang='lat' dir='ltr'><strong>vertex</strong></span> <span class='ocrx_word' id='word_1_46' title='bbox 1701 561 1808 617; x_wconf 87' lang='lat' dir='ltr'><strong>est,</strong></span> <span class='ocrx_word' id='word_1_47' title='bbox 1860 551 2126 623; x_wconf 86' lang='lat' dir='ltr'><strong>sepultus.</strong></span> 
     </span>
    </p>
   </div>
   <div class='ocr_carea' id='block_1_8' title="bbox 540 643 2127 723">
    <p class='ocr_par' dir='ltr' id='par_1_8' title="bbox 540 643 2127 723">
     <span class='ocr_line' id='line_1_8' title="bbox 540 643 2127 723; baseline -0.006 -16"><span class='ocrx_word' id='word_1_48' title='bbox 540 652 673 723; x_wconf 81' lang='lat' dir='ltr'><strong>Ejus</strong></span> <span class='ocrx_word' id='word_1_49' title='bbox 722 650 919 706; x_wconf 88' lang='lat' dir='ltr'><strong>deinde</strong></span> <span class='ocrx_word' id='word_1_50' title='bbox 965 663 1168 714; x_wconf 91' lang='lat' dir='ltr'><strong>corpus</strong></span> <span class='ocrx_word' id='word_1_51' title='bbox 1221 646 1397 716; x_wconf 80' lang='lat' dir='ltr'><strong>ipsius</strong></span> <span class='ocrx_word' id='word_1_52' title='bbox 1449 646 1606 699; x_wconf 83' lang='lat' dir='ltr'><strong>liberi</strong></span> <span class='ocrx_word' id='word_1_53' title='bbox 1648 645 1818 699; x_wconf 87' lang='lat' dir='ltr'><strong>Polus</strong></span> <span class='ocrx_word' id='word_1_54' title='bbox 1870 660 1937 699; x_wconf 89' lang='lat' dir='ltr'><strong>ac</strong></span> <span class='ocrx_word' id='word_1_55' title='bbox 1992 643 2127 710; x_wconf 87' lang='lat' dir='ltr'><strong>Leo,</strong></span> 
     </span>
    </p>
   </div>
   <div class='ocr_carea' id='block_1_9' title="bbox 541 736 2127 811">
    <p class='ocr_par' dir='ltr' id='par_1_9' title="bbox 541 736 2127 811">
     <span class='ocr_line' id='line_1_9' title="bbox 541 736 2127 811; baseline -0.007 -12"><span class='ocrx_word' id='word_1_56' title='bbox 541 743 998 811; x_wconf 82' lang='lat' dir='ltr'><strong>manglabitarum</strong></span> <span class='ocrx_word' id='word_1_57' title='bbox 1050 739 1315 809; x_wconf 85' lang='lat' dir='ltr'><strong>dignitate</strong></span> <span class='ocrx_word' id='word_1_58' title='bbox 1368 737 1673 809; x_wconf 81' lang='lat' dir='ltr'><strong>fulgentes,</strong></span> <span class='ocrx_word' id='word_1_59' title='bbox 1730 737 2009 792; x_wconf 87' lang='lat' dir='ltr'><strong>sublatum</strong></span> <span class='ocrx_word' id='word_1_60' title='bbox 2071 736 2127 789; x_wconf 91' lang='lat' dir='ltr'><strong>in</strong></span> 
     </span>
    </p>
   </div>
   <div class='ocr_carea' id='block_1_10' title="bbox 542 827 2129 898">
    <p class='ocr_par' dir='ltr' id='par_1_10' title="bbox 542 827 2129 898">
     <span class='ocr_line' id='line_1_10' title="bbox 542 827 2129 898; baseline -0.004 -8"><span class='ocrx_word' id='word_1_61' title='bbox 542 840 690 890; x_wconf 87' lang='lat' dir='ltr'><strong>avito</strong></span> <span class='ocrx_word' id='word_1_62' title='bbox 740 832 1077 888; x_wconf 80' lang='lat' dir='ltr'><strong>monasterio</strong></span> <span class='ocrx_word' id='word_1_63' title='bbox 1129 830 1186 885; x_wconf 87' lang='lat' dir='ltr'><strong>S.</strong></span> <span class='ocrx_word' id='word_1_64' title='bbox 1233 828 1496 894; x_wconf 87' lang='lat' dir='ltr'><strong>Elisahet,</strong></span> <span class='ocrx_word' id='word_1_65' title='bbox 1542 830 1688 898; x_wconf 88' lang='lat' dir='ltr'><strong>quod</strong></span> <span class='ocrx_word' id='word_1_66' title='bbox 1746 828 1802 883; x_wconf 91' lang='lat' dir='ltr'><strong>in</strong></span> <span class='ocrx_word' id='word_1_67' title='bbox 1840 827 2129 884; x_wconf 79' lang='lat' dir='ltr'><strong>Chatsiani</strong></span> 
     </span>
    </p>
   </div>
   <div class='ocr_carea' id='block_1_11' title="bbox 543 923 2131 983">
    <p class='ocr_par' dir='ltr' id='par_1_11' title="bbox 543 923 2131 983">
     <span class='ocr_line' id='line_1_11' title="bbox 543 923 2131 983; baseline -0.006 0"><span class='ocrx_word' id='word_1_68' title='bbox 543 931 777 983; x_wconf 88' lang='lat' dir='ltr'><strong>themate</strong></span> <span class='ocrx_word' id='word_1_69' title='bbox 800 935 883 981; x_wconf 72' lang='grc' dir='ltr'>εει</span> <span class='ocrx_word' id='word_1_70' title='bbox 916 934 969 979; x_wconf 88' lang='lat' dir='ltr'><strong>et</strong></span> <span class='ocrx_word' id='word_1_71' title='bbox 996 940 1025 979; x_wconf 90' lang='lat' dir='ltr'><strong>a</strong></span> <span class='ocrx_word' id='word_1_72' title='bbox 1062 923 1241 978; x_wconf 90' lang='lat' dir='ltr'><strong>Leone</strong></span> <span class='ocrx_word' id='word_1_73' title='bbox 1272 923 1491 976; x_wconf 86' lang='lat' dir='ltr'><strong>tribuno</strong></span> <span class='ocrx_word' id='word_1_74' title='bbox 1523 923 1741 975; x_wconf 87' lang='lat' dir='ltr'><strong>illorum</strong></span> <span class='ocrx_word' id='word_1_75' title='bbox 1778 936 1882 976; x_wconf 91' lang='lat' dir='ltr'><strong>avo</strong></span> <span class='ocrx_word' id='word_1_76' title='bbox 1909 930 2131 976; x_wconf 83' lang='lat' dir='ltr'><strong>exstru-</strong></span> 
     </span>
    </p>
   </div>
   <div class='ocr_carea' id='block_1_12' title="bbox 541 1014 2131 1087">
    <p class='ocr_par' dir='ltr' id='par_1_12' title="bbox 541 1014 2131 1087">
     <span class='ocr_line' id='line_1_12' title="bbox 541 1014 2131 1087; baseline -0.005 -14"><span class='ocrx_word' id='word_1_77' title='bbox 541 1032 689 1075; x_wconf 91' lang='lat' dir='ltr'><strong>ctum</strong></span> <span class='ocrx_word' id='word_1_78' title='bbox 739 1027 878 1082; x_wconf 88' lang='lat' dir='ltr'><strong>erat,</strong></span> <span class='ocrx_word' id='word_1_79' title='bbox 916 1017 1227 1071; x_wconf 76' lang='lat' dir='ltr'><strong>condidere.</strong></span> <span class='ocrx_word' id='word_1_80' title='bbox 1283 1014 1383 1070; x_wconf 87' lang='lat' dir='ltr'><strong>llic</strong></span> <span class='ocrx_word' id='word_1_81' title='bbox 1418 1016 1527 1071; x_wconf 91' lang='lat' dir='ltr'><strong>Leo</strong></span> <span class='ocrx_word' id='word_1_82' title='bbox 1564 1017 1898 1087; x_wconf 78' lang='lat' dir='ltr'><strong>Argyrorum</strong></span> <span class='ocrx_word' id='word_1_83' title='bbox 1942 1016 2131 1086; x_wconf 86' lang='lat' dir='ltr'><strong>(velut</strong></span> 
     </span>
    </p>
   </div>
   <div class='ocr_carea' id='block_1_13' title="bbox 542 1107 2128 1177">
    <p class='ocr_par' dir='ltr' id='par_1_13' title="bbox 542 1107 2128 1177">
     <span class='ocr_line' id='line_1_13' title="bbox 542 1107 2128 1177; baseline -0.003 -12"><span class='ocrx_word' id='word_1_84' title='bbox 542 1112 938 1177; x_wconf 74' lang='lat' dir='ltr'><strong>Argenteorum</strong></span> <span class='ocrx_word' id='word_1_85' title='bbox 970 1107 1141 1177; x_wconf 87' lang='lat' dir='ltr'><strong>dicas)</strong></span> <span class='ocrx_word' id='word_1_86' title='bbox 1178 1123 1378 1162; x_wconf 85' lang='lat' dir='ltr'><strong>nomen</strong></span> <span class='ocrx_word' id='word_1_87' title='bbox 1410 1108 1461 1161; x_wconf 93' lang='lat' dir='ltr'><strong>in</strong></span> <span class='ocrx_word' id='word_1_88' title='bbox 1499 1107 1764 1163; x_wconf 77' lang='lat' dir='ltr'><strong>familiam</strong></span> <span class='ocrx_word' id='word_1_89' title='bbox 1796 1108 2009 1177; x_wconf 88' lang='lat' dir='ltr'><strong>primus</strong></span> <span class='ocrx_word' id='word_1_90' title='bbox 2043 1108 2128 1162; x_wconf 90' lang='lat' dir='ltr'><strong>in-</strong></span> 
     </span>
    </p>
   </div>
   <div class='ocr_carea' id='block_1_14' title="bbox 546 1198 2131 1268">
    <p class='ocr_par' dir='ltr' id='par_1_14' title="bbox 546 1198 2131 1268">
     <span class='ocr_line' id='line_1_14' title="bbox 546 1198 2131 1268; baseline 0.001 -14"><span class='ocrx_word' id='word_1_91' title='bbox 546 1202 687 1263; x_wconf 87' lang='lat' dir='ltr'><strong>tulit,</strong></span> <span class='ocrx_word' id='word_1_92' title='bbox 725 1203 839 1254; x_wconf 83' lang='lat' dir='ltr'><strong>sive</strong></span> <span class='ocrx_word' id='word_1_93' title='bbox 862 1199 931 1253; x_wconf 90' lang='lat' dir='ltr'><strong>ob</strong></span> <span class='ocrx_word' id='word_1_94' title='bbox 961 1198 1209 1267; x_wconf 85' lang='lat' dir='ltr'><strong>corporis</strong></span> <span class='ocrx_word' id='word_1_95' title='bbox 1242 1199 1535 1268; x_wconf 74' lang='lat' dir='ltr'><strong>puritatem</strong></span> <span class='ocrx_word' id='word_1_96' title='bbox 1571 1214 1636 1253; x_wconf 88' lang='lat' dir='ltr'><strong>ac</strong></span> <span class='ocrx_word' id='word_1_97' title='bbox 1660 1200 1995 1262; x_wconf 86' lang='lat' dir='ltr'><strong>castitatem,</strong></span> <span class='ocrx_word' id='word_1_98' title='bbox 2016 1200 2131 1255; x_wconf 83' lang='lat' dir='ltr'><strong>sive</strong></span> 
     </span>
    </p>
   </div>
   <div class='ocr_carea' id='block_1_15' title="bbox 543 1275 2128 1362">
    <p class='ocr_par' dir='ltr' id='par_1_15' title="bbox 543 1275 2128 1362">
     <span class='ocr_line' id='line_1_15' title="bbox 543 1275 2128 1362; baseline -0.001 -17"><span class='ocrx_word' id='word_1_99' title='bbox 543 1301 765 1362; x_wconf 81' lang='lat' dir='ltr'><strong>prepter</strong></span> <span class='ocrx_word' id='word_1_100' title='bbox 784 1290 966 1343; x_wconf 77' lang='lat' dir='ltr'><strong>vultus</strong></span> <span class='ocrx_word' id='word_1_101' title='bbox 988 1275 1239 1343; x_wconf 84' lang='lat' dir='ltr'><strong>decorem</strong></span> <span class='ocrx_word' id='word_1_102' title='bbox 1265 1304 1328 1343; x_wconf 91' lang='lat' dir='ltr'><strong>ac</strong></span> <span class='ocrx_word' id='word_1_103' title='bbox 1351 1299 1681 1359; x_wconf 88' lang='lat' dir='ltr'><strong>conspectus</strong></span> <span class='ocrx_word' id='word_1_104' title='bbox 1712 1291 2128 1359; x_wconf 77' lang='lat' dir='ltr'><strong>ingenuitatem,</strong></span> 
     </span>
    </p>
   </div>
   <div class='ocr_carea' id='block_1_16' title="bbox 544 1382 2133 1455">
    <p class='ocr_par' dir='ltr' id='par_1_16' title="bbox 544 1382 2133 1455">
     <span class='ocr_line' id='line_1_16' title="bbox 544 1382 2133 1455; baseline 0.002 -18"><span class='ocrx_word' id='word_1_105' title='bbox 544 1389 661 1438; x_wconf 86' lang='lat' dir='ltr'><strong>sive</strong></span> <span class='ocrx_word' id='word_1_106' title='bbox 704 1394 928 1452; x_wconf 79' lang='lat' dir='ltr'><strong>prepter</strong></span> <span class='ocrx_word' id='word_1_107' title='bbox 968 1383 1133 1436; x_wconf 86' lang='lat' dir='ltr'><strong>alium</strong></span> <span class='ocrx_word' id='word_1_108' title='bbox 1183 1382 1474 1452; x_wconf 87' lang='lat' dir='ltr'><strong>quemdam</strong></span> <span class='ocrx_word' id='word_1_109' title='bbox 1510 1383 1631 1452; x_wconf 86' lang='lat' dir='ltr'><strong>ejus</strong></span> <span class='ocrx_word' id='word_1_110' title='bbox 1667 1384 1885 1455; x_wconf 79' lang='lat' dir='ltr'><strong>generis</strong></span> <span class='ocrx_word' id='word_1_111' title='bbox 1933 1386 2133 1440; x_wconf 84' lang='lat' dir='ltr'><strong>indolis</strong></span> 
     </span>
    </p>
   </div>
   <div class='ocr_carea' id='block_1_17' title="bbox 546 1474 2131 1545">
    <p class='ocr_par' dir='ltr' id='par_1_17' title="bbox 546 1474 2131 1545">
     <span class='ocr_line' id='line_1_17' title="bbox 546 1474 2131 1545; baseline -0.001 -15"><span class='ocrx_word' id='word_1_112' title='bbox 546 1491 607 1530; x_wconf 58' lang='lat' dir='ltr'><strong>ac</strong></span> <span class='ocrx_word' id='word_1_113' title='bbox 637 1475 976 1529; x_wconf 72' lang='lat' dir='ltr'><strong>fortitudinis</strong></span> <span class='ocrx_word' id='word_1_114' title='bbox 1009 1475 1253 1528; x_wconf 91' lang='lat' dir='ltr'><strong>modum.</strong></span> <span class='ocrx_word' id='word_1_115' title='bbox 1281 1474 1559 1544; x_wconf 86' lang='lat' dir='ltr'><strong>Ejusmodi</strong></span> <span class='ocrx_word' id='word_1_116' title='bbox 1591 1476 1738 1531; x_wconf 89' lang='lat' dir='ltr'><strong>enim</strong></span> <span class='ocrx_word' id='word_1_117' title='bbox 1771 1476 1854 1530; x_wconf 88' lang='lat' dir='ltr'><strong>vir</strong></span> <span class='ocrx_word' id='word_1_118' title='bbox 1888 1477 1977 1531; x_wconf 88' lang='lat' dir='ltr'><strong>ille</strong></span> <span class='ocrx_word' id='word_1_119' title='bbox 2006 1476 2131 1545; x_wconf 86' lang='lat' dir='ltr'><strong>fuit,</strong></span> 
     </span>
    </p>
   </div>
   <div class='ocr_carea' id='block_1_18' title="bbox 550 1563 2129 1641">
    <p class='ocr_par' dir='ltr' id='par_1_18' title="bbox 550 1563 2129 1641">
     <span class='ocr_line' id='line_1_18' title="bbox 550 1563 2129 1641; baseline 0.003 -21"><span class='ocrx_word' id='word_1_120' title='bbox 550 1576 607 1621; x_wconf 90' lang='lat' dir='ltr'><strong>nt</strong></span> <span class='ocrx_word' id='word_1_121' title='bbox 642 1564 902 1620; x_wconf 82' lang='lat' dir='ltr'><strong>Michaele</strong></span> <span class='ocrx_word' id='word_1_122' title='bbox 951 1563 1283 1635; x_wconf 83' lang='lat' dir='ltr'><strong>imperatore</strong></span> <span class='ocrx_word' id='word_1_123' title='bbox 1314 1582 1475 1623; x_wconf 91' lang='lat' dir='ltr'><strong>nemo</strong></span> <span class='ocrx_word' id='word_1_124' title='bbox 1509 1568 1837 1624; x_wconf 86' lang='lat' dir='ltr'><strong>bellatorum</strong></span> <span class='ocrx_word' id='word_1_125' title='bbox 1871 1572 1992 1641; x_wconf 84' lang='lat' dir='ltr'><strong>ejus</strong></span> <span class='ocrx_word' id='word_1_126' title='bbox 2018 1572 2129 1626; x_wconf 81' lang='lat' dir='ltr'><strong>vir-</strong></span> 
     </span>
    </p>
   </div>
   <div class='ocr_carea' id='block_1_19' title="bbox 548 1658 2131 1730">
    <p class='ocr_par' dir='ltr' id='par_1_19' title="bbox 548 1658 2131 1730">
     <span class='ocr_line' id='line_1_19' title="bbox 548 1658 2131 1730; baseline 0.004 -18"><span class='ocrx_word' id='word_1_127' title='bbox 548 1667 716 1712; x_wconf 84' lang='lat' dir='ltr'><strong>tntem</strong></span> <span class='ocrx_word' id='word_1_128' title='bbox 745 1658 1065 1727; x_wconf 84' lang='lat' dir='ltr'><strong>aequaverit,</strong></span> <span class='ocrx_word' id='word_1_129' title='bbox 1094 1658 1167 1711; x_wconf 89' lang='lat' dir='ltr'><strong>ita</strong></span> <span class='ocrx_word' id='word_1_130' title='bbox 1190 1673 1323 1713; x_wconf 80' lang='lat' dir='ltr'><strong>sane</strong></span> <span class='ocrx_word' id='word_1_131' title='bbox 1355 1669 1411 1713; x_wconf 86' lang='lat' dir='ltr'><strong>ut</strong></span> <span class='ocrx_word' id='word_1_132' title='bbox 1439 1660 1640 1730; x_wconf 53' lang='lat' dir='ltr'><strong>sapius</strong></span> <span class='ocrx_word' id='word_1_133' title='bbox 1673 1676 1799 1716; x_wconf 91' lang='lat' dir='ltr'><strong>cum</strong></span> <span class='ocrx_word' id='word_1_134' title='bbox 1819 1663 2131 1718; x_wconf 83' lang='lat' dir='ltr'><strong>vernaculis</strong></span> 
     </span>
    </p>
   </div>
   <div class='ocr_carea' id='block_1_20' title="bbox 549 1750 2133 1822">
    <p class='ocr_par' dir='ltr' id='par_1_20' title="bbox 549 1750 2133 1822">
     <span class='ocr_line' id='line_1_20' title="bbox 549 1750 2133 1822; baseline 0.003 -18"><span class='ocrx_word' id='word_1_135' title='bbox 549 1752 668 1805; x_wconf 79' lang='lat' dir='ltr'><strong>suis</strong></span> <span class='ocrx_word' id='word_1_136' title='bbox 708 1759 962 1805; x_wconf 86' lang='lat' dir='ltr'><strong>conserta</strong></span> <span class='ocrx_word' id='word_1_137' title='bbox 1007 1765 1131 1804; x_wconf 90' lang='lat' dir='ltr'><strong>cum</strong></span> <span class='ocrx_word' id='word_1_138' title='bbox 1164 1751 1429 1820; x_wconf 82' lang='lat' dir='ltr'><strong>Agarenis</strong></span> <span class='ocrx_word' id='word_1_139' title='bbox 1460 1750 1932 1822; x_wconf 85' lang='lat' dir='ltr'><strong>Tephricensibus</strong></span> <span class='ocrx_word' id='word_1_140' title='bbox 1967 1769 2133 1809; x_wconf 89' lang='lat' dir='ltr'><strong>manu</strong></span> 
     </span>
    </p>
   </div>
   <div class='ocr_carea' id='block_1_21' title="bbox 547 1842 2134 1916">
    <p class='ocr_par' dir='ltr' id='par_1_21' title="bbox 547 1842 2134 1916">
     <span class='ocr_line' id='line_1_21' title="bbox 547 1842 2134 1916; baseline 0.006 -21"><span class='ocrx_word' id='word_1_141' title='bbox 547 1859 644 1896; x_wconf 88' lang='lat' dir='ltr'><strong>cos</strong></span> <span class='ocrx_word' id='word_1_142' title='bbox 683 1843 881 1897; x_wconf 80' lang='lat' dir='ltr'><strong>fuderit</strong></span> <span class='ocrx_word' id='word_1_143' title='bbox 916 1857 979 1896; x_wconf 89' lang='lat' dir='ltr'><strong>ac</strong></span> <span class='ocrx_word' id='word_1_144' title='bbox 1013 1842 1341 1914; x_wconf 85' lang='lat' dir='ltr'><strong>profligarit,</strong></span> <span class='ocrx_word' id='word_1_145' title='bbox 1378 1844 1666 1915; x_wconf 88' lang='lat' dir='ltr'><strong>ipsamque</strong></span> <span class='ocrx_word' id='word_1_146' title='bbox 1708 1847 1830 1916; x_wconf 87' lang='lat' dir='ltr'><strong>ejus</strong></span> <span class='ocrx_word' id='word_1_147' title='bbox 1889 1846 2134 1905; x_wconf 75' lang='lat' dir='ltr'><strong>nominis</strong></span> 
     </span>
    </p>
   </div>
   <div class='ocr_carea' id='block_1_22' title="bbox 552 1934 1849 2004">
    <p class='ocr_par' dir='ltr' id='par_1_22' title="bbox 552 1934 1849 2004">
     <span class='ocr_line' id='line_1_22' title="bbox 552 1934 1849 2004; baseline 0.005 -18"><span class='ocrx_word' id='word_1_148' title='bbox 552 1934 884 1987; x_wconf 72' lang='grc' dir='ltr'>ιιιιιιιιίοηειιι</span> <span class='ocrx_word' id='word_1_149' title='bbox 911 1934 985 1987; x_wconf 91' lang='lat' dir='ltr'><strong>illi</strong></span> <span class='ocrx_word' id='word_1_150' title='bbox 1019 1943 1282 2004; x_wconf 85' lang='lat' dir='ltr'><strong>paverent</strong></span> <span class='ocrx_word' id='word_1_151' title='bbox 1311 1949 1379 1990; x_wconf 88' lang='lat' dir='ltr'><strong>ac</strong></span> <span class='ocrx_word' id='word_1_152' title='bbox 1405 1936 1849 1993; x_wconf 77' lang='lat' dir='ltr'><strong>extimescerent.</strong></span> 
     </span>
    </p>
   </div>
   <div class='ocr_carea' id='block_1_23' title="bbox 620 2026 2138 2095">
    <p class='ocr_par' dir='ltr' id='par_1_23' title="bbox 620 2026 2138 2095">
     <span class='ocr_line' id='line_1_23' title="bbox 620 2026 2138 2095; baseline 0.005 -17"><span class='ocrx_word' id='word_1_153' title='bbox 620 2026 710 2078; x_wconf 77' lang='lat'><strong>9.8.</strong></span> <span class='ocrx_word' id='word_1_154' title='bbox 739 2026 919 2095; x_wconf 65' lang='lat' dir='ltr'><strong>Captii</strong></span> <span class='ocrx_word' id='word_1_155' title='bbox 935 2041 999 2082; x_wconf 89' lang='lat' dir='ltr'><strong>os</strong></span> <span class='ocrx_word' id='word_1_156' title='bbox 1023 2027 1396 2082; x_wconf 87' lang='lat' dir='ltr'><strong>commutandi</strong></span> <span class='ocrx_word' id='word_1_157' title='bbox 1424 2042 1590 2084; x_wconf 87' lang='lat' dir='ltr'><strong>causa</strong></span> <span class='ocrx_word' id='word_1_158' title='bbox 1614 2043 1644 2082; x_wconf 90' lang='lat' dir='ltr'><strong>a</strong></span> <span class='ocrx_word' id='word_1_159' title='bbox 1668 2028 1843 2086; x_wconf 87' lang='lat' dir='ltr'><strong>Tarso</strong></span> <span class='ocrx_word' id='word_1_160' title='bbox 1871 2039 2138 2086; x_wconf 86' lang='lat' dir='ltr'><strong>venerunt</strong></span> 
     </span>
    </p>
   </div>
   <div class='ocr_carea' id='block_1_24' title="bbox 553 2119 2137 2194">
    <p class='ocr_par' dir='ltr' id='par_1_24' title="bbox 553 2119 2137 2194">
     <span class='ocr_line' id='line_1_24' title="bbox 553 2119 2137 2194; baseline 0.004 -21"><span class='ocrx_word' id='word_1_161' title='bbox 553 2134 677 2173; x_wconf 90' lang='lat' dir='ltr'><strong>cnm</strong></span> <span class='ocrx_word' id='word_1_162' title='bbox 711 2119 1012 2174; x_wconf 83' lang='lat' dir='ltr'><strong>Abelbaces</strong></span> <span class='ocrx_word' id='word_1_163' title='bbox 1043 2120 1132 2174; x_wconf 89' lang='lat' dir='ltr'><strong>ille</strong></span> <span class='ocrx_word' id='word_1_164' title='bbox 1169 2130 1284 2175; x_wconf 80' lang='lat' dir='ltr'><strong>tum</strong></span> <span class='ocrx_word' id='word_1_165' title='bbox 1331 2120 1583 2177; x_wconf 66' lang='lat' dir='ltr'><strong>Samonas</strong></span> <span class='ocrx_word' id='word_1_166' title='bbox 1612 2132 1787 2191; x_wconf 88' lang='lat' dir='ltr'><strong>pater.</strong></span> <span class='ocrx_word' id='word_1_167' title='bbox 1822 2123 1936 2179; x_wconf 81' lang='lat' dir='ltr'><strong>llos</strong></span> <span class='ocrx_word' id='word_1_168' title='bbox 1966 2124 2137 2194; x_wconf 84' lang='lat' dir='ltr'><strong>impe-</strong></span> 
     </span>
    </p>
   </div>
   <div class='ocr_carea' id='block_1_25' title="bbox 554 2210 2133 2283">
    <p class='ocr_par' dir='ltr' id='par_1_25' title="bbox 554 2210 2133 2283">
     <span class='ocr_line' id='line_1_25' title="bbox 554 2210 2133 2283; baseline 0.005 -22"><span class='ocrx_word' id='word_1_169' title='bbox 554 2221 701 2263; x_wconf 81' lang='lat' dir='ltr'><strong>rator</strong></span> <span class='ocrx_word' id='word_1_170' title='bbox 749 2211 985 2279; x_wconf 79' lang='lat' dir='ltr'><strong>excepit,</strong></span> <span class='ocrx_word' id='word_1_171' title='bbox 1036 2210 1443 2280; x_wconf 74' lang='lat' dir='ltr'><strong>praemagnifice</strong></span> <span class='ocrx_word' id='word_1_172' title='bbox 1494 2221 1763 2267; x_wconf 81' lang='lat' dir='ltr'><strong>exornata</strong></span> <span class='ocrx_word' id='word_1_173' title='bbox 1810 2211 2133 2283; x_wconf 76' lang='lat' dir='ltr'><strong>Magnaura.</strong></span> 
     </span>
    </p>
   </div>
   <div class='ocr_carea' id='block_1_26' title="bbox 556 2298 2137 2376">
    <p class='ocr_par' dir='ltr' id='par_1_26' title="bbox 556 2298 2137 2376">
     <span class='ocr_line' id='line_1_26' title="bbox 556 2298 2137 2376; baseline 0.006 -23"><span class='ocrx_word' id='word_1_174' title='bbox 556 2301 660 2354; x_wconf 71' lang='lat' dir='ltr'><strong>Sed</strong></span> <span class='ocrx_word' id='word_1_175' title='bbox 691 2310 745 2354; x_wconf 90' lang='lat' dir='ltr'><strong>ct</strong></span> <span class='ocrx_word' id='word_1_176' title='bbox 776 2298 1027 2371; x_wconf 81' lang='lat' dir='ltr'><strong>Magnam</strong></span> <span class='ocrx_word' id='word_1_177' title='bbox 1064 2303 1352 2358; x_wconf 87' lang='lat' dir='ltr'><strong>ecclesiam</strong></span> <span class='ocrx_word' id='word_1_178' title='bbox 1386 2304 1679 2375; x_wconf 78' lang='lat' dir='ltr'><strong>magniﬁco</strong></span> <span class='ocrx_word' id='word_1_179' title='bbox 1718 2320 1947 2376; x_wconf 83' lang='lat' dir='ltr'><strong>prorsus</strong></span> <span class='ocrx_word' id='word_1_180' title='bbox 1984 2306 2137 2363; x_wconf 88' lang='lat' dir='ltr'><strong>cultu</strong></span> 
     </span>
    </p>
   </div>
   <div class='ocr_carea' id='block_1_27' title="bbox 553 2392 2134 2467">
    <p class='ocr_par' dir='ltr' id='par_1_27' title="bbox 553 2392 2134 2467">
     <span class='ocr_line' id='line_1_27' title="bbox 553 2392 2134 2467; baseline 0.004 -20"><span class='ocrx_word' id='word_1_181' title='bbox 553 2392 866 2459; x_wconf 81' lang='lat' dir='ltr'><strong>dcenravil,</strong></span> <span class='ocrx_word' id='word_1_182' title='bbox 895 2393 1059 2465; x_wconf 83' lang='lat'><strong>375</strong></span> <span class='ocrx_word' id='word_1_183' title='bbox 1106 2403 1417 2467; x_wconf 90' lang='lat' dir='ltr'><strong>cunctaque</strong></span> <span class='ocrx_word' id='word_1_184' title='bbox 1452 2398 1762 2454; x_wconf 89' lang='lat' dir='ltr'><strong>veneranda</strong></span> <span class='ocrx_word' id='word_1_185' title='bbox 1799 2413 1933 2453; x_wconf 82' lang='lat' dir='ltr'><strong>vasa</strong></span> <span class='ocrx_word' id='word_1_186' title='bbox 1959 2394 2134 2454; x_wconf 60' lang='lat' dir='ltr'><strong>Sara;</strong></span> 
     </span>
    </p>
   </div>
   <div class='ocr_carea' id='block_1_28' title="bbox 551 2485 2142 2553">
    <p class='ocr_par' dir='ltr' id='par_1_28' title="bbox 551 2485 2142 2553">
     <span class='ocr_line' id='line_1_28' title="bbox 551 2485 2142 2553; baseline 0.007 -16"><span class='ocrx_word' id='word_1_187' title='bbox 551 2485 705 2539; x_wconf 86' lang='lat' dir='ltr'><strong>cenis</strong></span> <span class='ocrx_word' id='word_1_188' title='bbox 738 2486 1002 2553; x_wconf 88' lang='lat' dir='ltr'><strong>ostendit,</strong></span> <span class='ocrx_word' id='word_1_189' title='bbox 1041 2486 1185 2541; x_wconf 89' lang='lat' dir='ltr'><strong>haud</strong></span> <span class='ocrx_word' id='word_1_190' title='bbox 1210 2501 1344 2542; x_wconf 84' lang='lat' dir='ltr'><strong>sane</strong></span> <span class='ocrx_word' id='word_1_191' title='bbox 1378 2488 1515 2544; x_wconf 85' lang='lat' dir='ltr'><strong>satis</strong></span> <span class='ocrx_word' id='word_1_192' title='bbox 1553 2504 1586 2545; x_wconf 91' lang='lat' dir='ltr'><strong>e</strong></span> <span class='ocrx_word' id='word_1_193' title='bbox 1612 2488 1928 2547; x_wconf 88' lang='lat' dir='ltr'><strong>Christiana</strong></span> <span class='ocrx_word' id='word_1_194' title='bbox 1969 2492 2142 2548; x_wconf 85' lang='lat' dir='ltr'><strong>disci-</strong></span> 
     </span>
    </p>
   </div>
   <div class='ocr_carea' id='block_1_29' title="bbox 552 2578 2143 2655">
    <p class='ocr_par' dir='ltr' id='par_1_29' title="bbox 552 2578 2143 2655">
     <span class='ocr_line' id='line_1_29' title="bbox 552 2578 2143 2655; baseline 0.007 -25"><span class='ocrx_word' id='word_1_195' title='bbox 552 2578 724 2644; x_wconf 89' lang='lat' dir='ltr'><strong>plina,</strong></span> <span class='ocrx_word' id='word_1_196' title='bbox 766 2586 826 2631; x_wconf 93' lang='lat' dir='ltr'><strong>ut</strong></span> <span class='ocrx_word' id='word_1_197' title='bbox 858 2578 1026 2632; x_wconf 86' lang='lat' dir='ltr'><strong>divini</strong></span> <span class='ocrx_word' id='word_1_198' title='bbox 1073 2579 1368 2636; x_wconf 86' lang='lat' dir='ltr'><strong>ministerii</strong></span> <span class='ocrx_word' id='word_1_199' title='bbox 1415 2596 1547 2636; x_wconf 84' lang='lat' dir='ltr'><strong>vasa</strong></span> <span class='ocrx_word' id='word_1_200' title='bbox 1588 2580 1816 2639; x_wconf 82' lang='lat' dir='ltr'><strong>nefariis</strong></span> <span class='ocrx_word' id='word_1_201' title='bbox 1848 2582 2143 2655; x_wconf 83' lang='lat' dir='ltr'><strong>impiisque</strong></span> 
     </span>
    </p>
   </div>
   <div class='ocr_carea' id='block_1_30' title="bbox 557 2668 2145 2745">
    <p class='ocr_par' dir='ltr' id='par_1_30' title="bbox 557 2668 2145 2745">
     <span class='ocr_line' id='line_1_30' title="bbox 557 2668 2145 2745; baseline 0.008 -24"><span class='ocrx_word' id='word_1_202' title='bbox 557 2668 872 2725; x_wconf 83' lang='lat' dir='ltr'><strong>hominibus</strong></span> <span class='ocrx_word' id='word_1_203' title='bbox 903 2685 968 2726; x_wconf 87' lang='lat' dir='ltr'><strong>ac</strong></span> <span class='ocrx_word' id='word_1_204' title='bbox 999 2671 1322 2744; x_wconf 72' lang='lat' dir='ltr'><strong>alienigenis</strong></span> <span class='ocrx_word' id='word_1_205' title='bbox 1353 2672 1576 2730; x_wconf 87' lang='lat' dir='ltr'><strong>visenda</strong></span> <span class='ocrx_word' id='word_1_206' title='bbox 1599 2684 1920 2745; x_wconf 79' lang='lat' dir='ltr'><strong>exponeret.</strong></span> <span class='ocrx_word' id='word_1_207' title='bbox 1958 2674 2145 2733; x_wconf 84' lang='lat' dir='ltr'><strong>Voluit</strong></span> 
     </span>
    </p>
   </div>
   <div class='ocr_carea' id='block_1_31' title="bbox 558 2761 2145 2839">
    <p class='ocr_par' dir='ltr' id='par_1_31' title="bbox 558 2761 2145 2839">
     <span class='ocr_line' id='line_1_31' title="bbox 558 2761 2145 2839; baseline 0.006 -24"><span class='ocrx_word' id='word_1_208' title='bbox 558 2761 813 2816; x_wconf 70' lang='lat' dir='ltr'><strong>Samonze</strong></span> <span class='ocrx_word' id='word_1_209' title='bbox 846 2774 998 2832; x_wconf 87' lang='lat' dir='ltr'><strong>pater</strong></span> <span class='ocrx_word' id='word_1_210' title='bbox 1023 2778 1145 2818; x_wconf 90' lang='lat' dir='ltr'><strong>cum</strong></span> <span class='ocrx_word' id='word_1_211' title='bbox 1181 2764 1292 2819; x_wconf 85' lang='lat' dir='ltr'><strong>filio</strong></span> <span class='ocrx_word' id='word_1_212' title='bbox 1319 2780 1544 2821; x_wconf 86' lang='lat' dir='ltr'><strong>manere</strong></span> <span class='ocrx_word' id='word_1_213' title='bbox 1571 2785 1586 2822; x_wconf 91' lang='lat'><strong>:</strong></span> <span class='ocrx_word' id='word_1_214' title='bbox 1616 2768 1715 2822; x_wconf 88' lang='lat' dir='ltr'><strong>sed</strong></span> <span class='ocrx_word' id='word_1_215' title='bbox 1748 2768 1840 2824; x_wconf 89' lang='lat' dir='ltr'><strong>ille</strong></span> <span class='ocrx_word' id='word_1_216' title='bbox 1866 2783 1977 2824; x_wconf 88' lang='lat' dir='ltr'><strong>non</strong></span> <span class='ocrx_word' id='word_1_217' title='bbox 2013 2784 2145 2839; x_wconf 85' lang='lat' dir='ltr'><strong>pas-</strong></span> 
     </span>
    </p>
   </div>
   <div class='ocr_carea' id='block_1_32' title="bbox 556 2855 2145 2926">
    <p class='ocr_par' dir='ltr' id='par_1_32' title="bbox 556 2855 2145 2926">
     <span class='ocr_line' id='line_1_32' title="bbox 556 2855 2145 2926; baseline 0.007 -22"><span class='ocrx_word' id='word_1_218' title='bbox 556 2869 653 2907; x_wconf 88' lang='lat' dir='ltr'><strong>sus</strong></span> <span class='ocrx_word' id='word_1_219' title='bbox 691 2864 795 2916; x_wconf 85' lang='lat' dir='ltr'><strong>est,</strong></span> <span class='ocrx_word' id='word_1_220' title='bbox 839 2855 1122 2926; x_wconf 83' lang='lat' dir='ltr'><strong>magisque</strong></span> <span class='ocrx_word' id='word_1_221' title='bbox 1152 2856 1474 2912; x_wconf 84' lang='lat' dir='ltr'><strong>hortabatur</strong></span> <span class='ocrx_word' id='word_1_222' title='bbox 1498 2867 1556 2912; x_wconf 93' lang='lat' dir='ltr'><strong>ut</strong></span> <span class='ocrx_word' id='word_1_223' title='bbox 1584 2858 1808 2914; x_wconf 88' lang='lat' dir='ltr'><strong>domum</strong></span> <span class='ocrx_word' id='word_1_224' title='bbox 1851 2860 2055 2916; x_wconf 85' lang='lat' dir='ltr'><strong>rediret</strong></span> <span class='ocrx_word' id='word_1_225' title='bbox 2076 2874 2145 2915; x_wconf 78' lang='lat' dir='ltr'><strong>ac</strong></span> 
     </span>
    </p>
   </div>
   <div class='ocr_carea' id='block_1_33' title="bbox 2227 368 3791 442">
    <p class='ocr_par' dir='ltr' id='par_1_33' title="bbox 2227 368 3791 442">
     <span class='ocr_line' id='line_1_33' title="bbox 2227 368 3791 442; baseline 0 -19"><span class='ocrx_word' id='word_1_226' title='bbox 2227 371 2321 424; x_wconf 85' lang='grc' dir='ltr'>τοῦ</span> <span class='ocrx_word' id='word_1_227' title='bbox 2355 371 2676 425; x_wconf 84' lang='grc' dir='ltr'>ἀπέστειλεν</span> <span class='ocrx_word' id='word_1_228' title='bbox 2706 372 2784 433; x_wconf 86' lang='grc' dir='ltr'><strong>είς</strong></span> <span class='ocrx_word' id='word_1_229' title='bbox 2841 372 2900 423; x_wconf 82' lang='grc' dir='ltr'>τὸ</span> <span class='ocrx_word' id='word_1_230' title='bbox 2947 370 3267 442; x_wconf 83' lang='grc' dir='ltr'>Χαρσιανόν.</span> <span class='ocrx_word' id='word_1_231' title='bbox 3312 370 3451 423; x_wconf 77' lang='grc' dir='ltr'>Καθ’</span> <span class='ocrx_word' id='word_1_232' title='bbox 3502 368 3623 423; x_wconf 83' lang='grc' dir='ltr'>ὁδοῦ</span> <span class='ocrx_word' id='word_1_233' title='bbox 3670 372 3712 400; x_wconf 77' lang='grc'><strong>⁵⁸</strong></span> <span class='ocrx_word' id='word_1_234' title='bbox 3744 370 3791 424; x_wconf 67' lang='grc' dir='ltr'>δὶ</span> 
     </span>
    </p>
   </div>
   <div class='ocr_carea' id='block_1_34' title="bbox 2228 461 3792 533">
    <p class='ocr_par' dir='ltr' id='par_1_34' title="bbox 2228 461 3792 533">
     <span class='ocr_line' id='line_1_34' title="bbox 2228 461 3792 533; baseline 0.001 -20"><span class='ocrx_word' id='word_1_235' title='bbox 2228 463 2309 525; x_wconf 84' lang='grc' dir='ltr'><strong>εἰς</strong></span> <span class='ocrx_word' id='word_1_236' title='bbox 2341 462 2403 514; x_wconf 82' lang='grc' dir='ltr'>τὸ</span> <span class='ocrx_word' id='word_1_237' title='bbox 2434 463 2505 515; x_wconf 81' lang='grc' dir='ltr'><strong>’Λ</strong></span> <span class='ocrx_word' id='word_1_238' title='bbox 2515 479 2613 533; x_wconf 89' lang='grc' dir='ltr'><strong>ραν</strong></span> <span class='ocrx_word' id='word_1_239' title='bbox 2636 463 2929 532; x_wconf 72' lang='grc' dir='ltr'>φάρμακον</span> <span class='ocrx_word' id='word_1_240' title='bbox 2949 463 3099 531; x_wconf 84' lang='grc' dir='ltr'><strong>παρά</strong></span> <span class='ocrx_word' id='word_1_241' title='bbox 3123 463 3414 532; x_wconf 81' lang='grc' dir='ltr'>ἀνθρώπου</span> <span class='ocrx_word' id='word_1_242' title='bbox 3441 461 3607 514; x_wconf 77' lang='grc' dir='ltr'>αὐτοῦ</span> <span class='ocrx_word' id='word_1_243' title='bbox 3627 461 3792 515; x_wconf 75' lang='grc' dir='ltr'>λαὸὼν</span> 
     </span>
    </p>
   </div>
   <div class='ocr_carea' id='block_1_35' title="bbox 2227 550 3792 623">
    <p class='ocr_par' dir='ltr' id='par_1_35' title="bbox 2227 550 3792 623">
     <span class='ocr_line' id='line_1_35' title="bbox 2227 550 3792 623; baseline 0.001 -18"><span class='ocrx_word' id='word_1_244' title='bbox 2227 551 2509 623; x_wconf 78' lang='grc' dir='ltr'><strong>τέθνηκεν,</strong></span> <span class='ocrx_word' id='word_1_245' title='bbox 2540 552 2633 605; x_wconf 77' lang='grc' dir='ltr'><strong>καὶ</strong></span> <span class='ocrx_word' id='word_1_246' title='bbox 2664 552 2933 605; x_wconf 75' lang='grc' dir='ltr'><strong>θάπτεται</strong></span> <span class='ocrx_word' id='word_1_247' title='bbox 2961 554 3040 615; x_wconf 79' lang='grc' dir='ltr'>εἰς</span> <span class='ocrx_word' id='word_1_248' title='bbox 3079 550 3141 605; x_wconf 84' lang='grc' dir='ltr'><strong>τὸ</strong></span> <span class='ocrx_word' id='word_1_249' title='bbox 3173 553 3377 605; x_wconf 80' lang='grc' dir='ltr'>Σπυνὶν</span> <span class='ocrx_word' id='word_1_250' title='bbox 3408 552 3505 605; x_wconf 83' lang='grc' dir='ltr'>τοῦ</span> <span class='ocrx_word' id='word_1_251' title='bbox 3540 554 3679 623; x_wconf 75' lang='grc' dir='ltr'>’Ἄρα</span> <span class='ocrx_word' id='word_1_252' title='bbox 3707 555 3792 623; x_wconf 74' lang='grc' dir='ltr'>τὴν</span> 
     </span>
    </p>
   </div>
   <div class='ocr_carea' id='block_1_36' title="bbox 2232 642 3793 717">
    <p class='ocr_par' dir='ltr' id='par_1_36' title="bbox 2232 642 3793 717">
     <span class='ocr_line' id='line_1_36' title="bbox 2232 642 3793 717; baseline 0.001 -20"><span class='ocrx_word' id='word_1_253' title='bbox 2232 642 2500 717; x_wconf 77' lang='grc' dir='ltr'>κορυφήν.</span> <span class='ocrx_word' id='word_1_254' title='bbox 2545 645 2659 699; x_wconf 78' lang='grc' dir='ltr'><strong>Εἶθ’</strong></span> <span class='ocrx_word' id='word_1_255' title='bbox 2685 645 2828 699; x_wconf 77' lang='grc' dir='ltr'>οὓτω</span> <span class='ocrx_word' id='word_1_256' title='bbox 2861 646 2909 697; x_wconf 90' lang='grc' dir='ltr'><strong>οί</strong></span> <span class='ocrx_word' id='word_1_257' title='bbox 2947 645 3053 698; x_wconf 64' lang='lat' dir='ltr'><strong>uici.</strong></span> <span class='ocrx_word' id='word_1_258' title='bbox 3106 644 3274 699; x_wconf 73' lang='grc' dir='ltr'>αὑτοῦ</span> <span class='ocrx_word' id='word_1_259' title='bbox 3321 644 3494 709; x_wconf 81' lang='grc' dir='ltr'>Πόθος</span> <span class='ocrx_word' id='word_1_260' title='bbox 3517 645 3613 699; x_wconf 78' lang='grc' dir='ltr'>καὶ</span> <span class='ocrx_word' id='word_1_261' title='bbox 3638 646 3793 710; x_wconf 83' lang='grc' dir='ltr'>Λέων,</span> 
     </span>
    </p>
   </div>
   <div class='ocr_carea' id='block_1_37' title="bbox 2229 735 3795 808">
    <p class='ocr_par' dir='ltr' id='par_1_37' title="bbox 2229 735 3795 808">
     <span class='ocr_line' id='line_1_37' title="bbox 2229 735 3795 808; baseline -0.001 -18"><span class='ocrx_word' id='word_1_262' title='bbox 2229 738 2281 790; x_wconf 89' lang='grc' dir='ltr'><strong>οί</strong></span> <span class='ocrx_word' id='word_1_263' title='bbox 2314 739 2380 807; x_wconf 82' lang='grc' dir='ltr'><strong>τῇ</strong></span> <span class='ocrx_word' id='word_1_264' title='bbox 2419 735 2514 789; x_wconf 79' lang='grc' dir='ltr'>τοῦ</span> <span class='ocrx_word' id='word_1_265' title='bbox 2564 737 2940 807; x_wconf 79' lang='grc' dir='ltr'>μαγγλαὸίτου</span> <span class='ocrx_word' id='word_1_266' title='bbox 2980 738 3109 807; x_wconf 71' lang='grc' dir='ltr'>ἀξίᾳ</span> <span class='ocrx_word' id='word_1_267' title='bbox 3155 738 3532 808; x_wconf 82' lang='grc' dir='ltr'>τετιμημένοι,</span> <span class='ocrx_word' id='word_1_268' title='bbox 3580 738 3795 808; x_wconf 80' lang='grc' dir='ltr'><strong>ἄραντες</strong></span> 
     </span>
    </p>
   </div>
   <div class='ocr_carea' id='block_1_38' title="bbox 2230 814 3796 899">
    <p class='ocr_par' dir='ltr' id='par_1_38' title="bbox 2230 814 3796 899">
     <span class='ocr_line' id='line_1_38' title="bbox 2230 814 3796 899; baseline 0.001 -17"><span class='ocrx_word' id='word_1_269' title='bbox 2230 830 2397 884; x_wconf 78' lang='grc' dir='ltr'>αὐτὸν</span> <span class='ocrx_word' id='word_1_270' title='bbox 2418 829 2713 884; x_wconf 81' lang='grc' dir='ltr'>θάπτουσιν</span> <span class='ocrx_word' id='word_1_271' title='bbox 2743 829 2907 884; x_wconf 77' lang='grc' dir='ltr'>αὐτὸν</span> <span class='ocrx_word' id='word_1_272' title='bbox 2943 830 3023 893; x_wconf 87' lang='grc' dir='ltr'><strong>είς</strong></span> <span class='ocrx_word' id='word_1_273' title='bbox 3054 830 3114 882; x_wconf 84' lang='grc' dir='ltr'>τὸ</span> <span class='ocrx_word' id='word_1_274' title='bbox 3143 830 3363 897; x_wconf 72' lang='grc' dir='ltr'>γονικὸν</span> <span class='ocrx_word' id='word_1_275' title='bbox 3406 830 3589 883; x_wconf 78' lang='grc' dir='ltr'>αὐτῶν</span> <span class='ocrx_word' id='word_1_276' title='bbox 3618 814 3796 899; x_wconf 65' lang='lat' dir='ltr'><strong>pon-</strong></span> 
     </span>
    </p>
   </div>
   <div class='ocr_carea' id='block_1_39' title="bbox 2234 920 3798 993">
    <p class='ocr_par' dir='ltr' id='par_1_39' title="bbox 2234 920 3798 993">
     <span class='ocr_line' id='line_1_39' title="bbox 2234 920 3798 993; baseline -0.002 -16"><span class='ocrx_word' id='word_1_277' title='bbox 2234 922 2458 993; x_wconf 83' lang='grc' dir='ltr'>στήριον</span> <span class='ocrx_word' id='word_1_278' title='bbox 2480 922 2541 974; x_wconf 81' lang='grc' dir='ltr'>τὸ</span> <span class='ocrx_word' id='word_1_279' title='bbox 2568 920 2627 974; x_wconf 82' lang='grc' dir='ltr'><strong>ὂν</strong></span> <span class='ocrx_word' id='word_1_280' title='bbox 2654 923 2734 985; x_wconf 87' lang='grc' dir='ltr'><strong>εἰς</strong></span> <span class='ocrx_word' id='word_1_281' title='bbox 2769 922 2830 975; x_wconf 88' lang='grc' dir='ltr'><strong>τὺ</strong></span> <span class='ocrx_word' id='word_1_282' title='bbox 2871 921 3013 991; x_wconf 81' lang='grc' dir='ltr'>θέμα</span> <span class='ocrx_word' id='word_1_283' title='bbox 3042 922 3135 975; x_wconf 79' lang='grc' dir='ltr'>τοῦ</span> <span class='ocrx_word' id='word_1_284' title='bbox 3167 921 3476 992; x_wconf 83' lang='grc' dir='ltr'>Χαρσιανοῦ</span> <span class='ocrx_word' id='word_1_285' title='bbox 3512 925 3610 993; x_wconf 81' lang='grc' dir='ltr'>τῆς</span> <span class='ocrx_word' id='word_1_286' title='bbox 3651 922 3798 989; x_wconf 76' lang='grc' dir='ltr'>ἁγίας</span> 
     </span>
    </p>
   </div>
   <div class='ocr_carea' id='block_1_40' title="bbox 2245 1013 3797 1086">
    <p class='ocr_par' dir='ltr' id='par_1_40' title="bbox 2245 1013 3797 1086">
     <span class='ocr_line' id='line_1_40' title="bbox 2245 1013 3797 1086; baseline -0.001 -18"><span class='ocrx_word' id='word_1_287' title='bbox 2245 1013 2547 1078; x_wconf 76' lang='grc' dir='ltr'>Ἐλιζάὅετ,</span> <span class='ocrx_word' id='word_1_288' title='bbox 2582 1014 2645 1067; x_wconf 82' lang='grc' dir='ltr'>τὸ</span> <span class='ocrx_word' id='word_1_289' title='bbox 2671 1014 2972 1086; x_wconf 79' lang='grc' dir='ltr'>ἀνιερωθὲν</span> <span class='ocrx_word' id='word_1_290' title='bbox 3011 1014 3167 1081; x_wconf 82' lang='grc' dir='ltr'>παρὰ</span> <span class='ocrx_word' id='word_1_291' title='bbox 3201 1014 3431 1077; x_wconf 88' lang='grc' dir='ltr'>Λέοντος</span> <span class='ocrx_word' id='word_1_292' title='bbox 3462 1013 3797 1083; x_wconf 77' lang='grc' dir='ltr'>τουρμάρχου</span> 
     </span>
    </p>
   </div>
   <div class='ocr_carea' id='block_1_41' title="bbox 2231 1104 3800 1177">
    <p class='ocr_par' dir='ltr' id='par_1_41' title="bbox 2231 1104 3800 1177">
     <span class='ocr_line' id='line_1_41' title="bbox 2231 1104 3800 1177; baseline -0.001 -18"><span class='ocrx_word' id='word_1_293' title='bbox 2231 1106 2326 1160; x_wconf 84' lang='grc' dir='ltr'>τοῦ</span> <span class='ocrx_word' id='word_1_294' title='bbox 2367 1107 2594 1161; x_wconf 84' lang='grc' dir='ltr'><strong>πάππου</strong></span> <span class='ocrx_word' id='word_1_295' title='bbox 2647 1105 2827 1159; x_wconf 78' lang='grc' dir='ltr'>αὐτῶν</span> <span class='ocrx_word' id='word_1_296' title='bbox 2851 1123 2866 1137; x_wconf 85' lang='lat'><strong><em>°</em></strong></span> <span class='ocrx_word' id='word_1_297' title='bbox 2899 1104 2980 1177; x_wconf 75' lang='grc' dir='ltr'><strong>[Ρ.</strong></span> <span class='ocrx_word' id='word_1_298' title='bbox 3011 1106 3143 1177; x_wconf 74' lang='lat'><strong>2&#39;51]</strong></span> <span class='ocrx_word' id='word_1_299' title='bbox 3186 1105 3246 1168; x_wconf 86' lang='grc' dir='ltr'>ὃς</span> <span class='ocrx_word' id='word_1_300' title='bbox 3287 1106 3381 1158; x_wconf 72' lang='grc' dir='ltr'>καὶ</span> <span class='ocrx_word' id='word_1_301' title='bbox 3406 1106 3467 1157; x_wconf 78' lang='grc' dir='ltr'>τὸ</span> <span class='ocrx_word' id='word_1_302' title='bbox 3491 1105 3664 1175; x_wconf 80' lang='grc' dir='ltr'>ὄνομα</span> <span class='ocrx_word' id='word_1_303' title='bbox 3702 1108 3800 1158; x_wconf 77' lang='grc' dir='ltr'>τῶν</span> 
     </span>
    </p>
   </div>
   <div class='ocr_carea' id='block_1_42' title="bbox 2246 1197 3801 1270">
    <p class='ocr_par' dir='ltr' id='par_1_42' title="bbox 2246 1197 3801 1270">
     <span class='ocr_line' id='line_1_42' title="bbox 2246 1197 3801 1270; baseline -0.003 -17"><span class='ocrx_word' id='word_1_304' title='bbox 2246 1198 2531 1270; x_wconf 79' lang='grc' dir='ltr'>’Λργυρῶν</span> <span class='ocrx_word' id='word_1_305' title='bbox 2570 1198 2816 1269; x_wconf 79' lang='grc' dir='ltr'><strong>εἴληφεν,</strong></span> <span class='ocrx_word' id='word_1_306' title='bbox 2854 1198 2966 1251; x_wconf 77' lang='grc' dir='ltr'>εἴτε</span> <span class='ocrx_word' id='word_1_307' title='bbox 3011 1198 3101 1252; x_wconf 87' lang='grc' dir='ltr'><strong>διὰ</strong></span> <span class='ocrx_word' id='word_1_308' title='bbox 3128 1200 3187 1251; x_wconf 77' lang='grc' dir='ltr'>τὸ</span> <span class='ocrx_word' id='word_1_309' title='bbox 3229 1197 3469 1268; x_wconf 64' lang='grc' dir='ltr'>καθαρὶν</span> <span class='ocrx_word' id='word_1_310' title='bbox 3502 1197 3599 1251; x_wconf 79' lang='grc' dir='ltr'>καὶ</span> <span class='ocrx_word' id='word_1_311' title='bbox 3651 1199 3801 1266; x_wconf 77' lang='grc' dir='ltr'>ἁγνὸν</span> 
     </span>
    </p>
   </div>
   <div class='ocr_carea' id='block_1_43' title="bbox 2232 1290 3802 1362">
    <p class='ocr_par' dir='ltr' id='par_1_43' title="bbox 2232 1290 3802 1362">
     <span class='ocr_line' id='line_1_43' title="bbox 2232 1290 3802 1362; baseline 0 -18"><span class='ocrx_word' id='word_1_312' title='bbox 2232 1291 2328 1344; x_wconf 83' lang='grc' dir='ltr'><strong>τού</strong></span> <span class='ocrx_word' id='word_1_313' title='bbox 2367 1290 2640 1361; x_wconf 85' lang='grc' dir='ltr'>σώματος,</span> <span class='ocrx_word' id='word_1_314' title='bbox 2671 1292 2783 1345; x_wconf 76' lang='grc' dir='ltr'>εἴτε</span> <span class='ocrx_word' id='word_1_315' title='bbox 2830 1291 2916 1345; x_wconf 82' lang='grc' dir='ltr'>διὰ</span> <span class='ocrx_word' id='word_1_316' title='bbox 2947 1291 3008 1345; x_wconf 84' lang='grc' dir='ltr'><strong>τδ</strong></span> <span class='ocrx_word' id='word_1_317' title='bbox 3061 1291 3255 1354; x_wconf 80' lang='grc' dir='ltr'>κάλλος</span> <span class='ocrx_word' id='word_1_318' title='bbox 3285 1291 3381 1345; x_wconf 72' lang='grc' dir='ltr'>καὶ</span> <span class='ocrx_word' id='word_1_319' title='bbox 3428 1292 3674 1358; x_wconf 81' lang='grc' dir='ltr'>γενναῖον</span> <span class='ocrx_word' id='word_1_320' title='bbox 3719 1291 3802 1362; x_wconf 77' lang='grc' dir='ltr'>τῆς</span> 
     </span>
    </p>
   </div>
   <div class='ocr_carea' id='block_1_44' title="bbox 2234 1382 3803 1460">
    <p class='ocr_par' dir='ltr' id='par_1_44' title="bbox 2234 1382 3803 1460">
     <span class='ocr_line' id='line_1_44' title="bbox 2234 1382 3803 1460; baseline 0 -25"><span class='ocrx_word' id='word_1_321' title='bbox 2234 1382 2430 1453; x_wconf 68' lang='grc' dir='ltr'>ὅψεως,</span> <span class='ocrx_word' id='word_1_322' title='bbox 2463 1383 2575 1436; x_wconf 84' lang='grc' dir='ltr'>είτε</span> <span class='ocrx_word' id='word_1_323' title='bbox 2614 1383 2701 1437; x_wconf 81' lang='grc' dir='ltr'>διά</span> <span class='ocrx_word' id='word_1_324' title='bbox 2727 1400 2850 1437; x_wconf 90' lang='grc' dir='ltr'>τινα</span> <span class='ocrx_word' id='word_1_325' title='bbox 2879 1384 3081 1455; x_wconf 80' lang='grc' dir='ltr'><strong>τρόπον</strong></span> <span class='ocrx_word' id='word_1_326' title='bbox 3106 1386 3208 1454; x_wconf 85' lang='grc' dir='ltr'>τῆς</span> <span class='ocrx_word' id='word_1_327' title='bbox 3249 1384 3444 1452; x_wconf 79' lang='grc' dir='ltr'>γενεᾶς</span> <span class='ocrx_word' id='word_1_328' title='bbox 3472 1382 3567 1460; x_wconf 80' lang='grc' dir='ltr'>καὶ</span> <span class='ocrx_word' id='word_1_329' title='bbox 3595 1383 3803 1451; x_wconf 81' lang='grc' dir='ltr'>ἀνδρίας</span> 
     </span>
    </p>
   </div>
   <div class='ocr_carea' id='block_1_45' title="bbox 2236 1470 3804 1548">
    <p class='ocr_par' dir='ltr' id='par_1_45' title="bbox 2236 1470 3804 1548">
     <span class='ocr_line' id='line_1_45' title="bbox 2236 1470 3804 1548; baseline -0.001 -19"><span class='ocrx_word' id='word_1_330' title='bbox 2236 1474 2405 1529; x_wconf 84' lang='grc' dir='ltr'>αὐτοῦ</span> <span class='ocrx_word' id='word_1_331' title='bbox 2433 1490 2448 1506; x_wconf 87' lang='grc'><strong>·</strong></span> <span class='ocrx_word' id='word_1_332' title='bbox 2485 1476 2581 1528; x_wconf 77' lang='grc' dir='ltr'>καὶ</span> <span class='ocrx_word' id='word_1_333' title='bbox 2610 1474 2719 1546; x_wconf 80' lang='grc' dir='ltr'>γὰρ</span> <span class='ocrx_word' id='word_1_334' title='bbox 2760 1474 3003 1539; x_wconf 83' lang='grc' dir='ltr'>τοιοῦτος</span> <span class='ocrx_word' id='word_1_335' title='bbox 3029 1470 3098 1546; x_wconf 80' lang='grc' dir='ltr'>ἦν</span> <span class='ocrx_word' id='word_1_336' title='bbox 3129 1476 3157 1528; x_wconf 86' lang='grc' dir='ltr'><strong>ὁ</strong></span> <span class='ocrx_word' id='word_1_337' title='bbox 3177 1475 3319 1548; x_wconf 76' lang='grc' dir='ltr'>ἀνὴρ</span> <span class='ocrx_word' id='word_1_338' title='bbox 3342 1471 3454 1538; x_wconf 76' lang='grc' dir='ltr'>οἷος</span> <span class='ocrx_word' id='word_1_339' title='bbox 3485 1475 3673 1545; x_wconf 75' lang='grc' dir='ltr'>ἕτερος</span> <span class='ocrx_word' id='word_1_340' title='bbox 3723 1476 3804 1528; x_wconf 73' lang='grc' dir='ltr'><strong>ἐπὶ</strong></span> 
     </span>
    </p>
   </div>
   <div class='ocr_carea' id='block_1_46' title="bbox 2237 1558 3803 1640">
    <p class='ocr_par' dir='ltr' id='par_1_46' title="bbox 2237 1558 3803 1640">
     <span class='ocr_line' id='line_1_46' title="bbox 2237 1558 3803 1640; baseline -0.002 -18"><span class='ocrx_word' id='word_1_341' title='bbox 2237 1567 2461 1640; x_wconf 81' lang='grc' dir='ltr'><strong>Μιχαὴλ</strong></span> <span class='ocrx_word' id='word_1_342' title='bbox 2511 1558 2783 1638; x_wconf 75' lang='grc' dir='ltr'>βασιλέως</span> <span class='ocrx_word' id='word_1_343' title='bbox 2811 1569 2909 1640; x_wconf 79' lang='grc' dir='ltr'>οὐχ</span> <span class='ocrx_word' id='word_1_344' title='bbox 2937 1567 3136 1639; x_wconf 83' lang='grc' dir='ltr'>εὑρέθη</span> <span class='ocrx_word' id='word_1_345' title='bbox 3177 1566 3539 1639; x_wconf 81' lang='grc' dir='ltr'><strong>στρατιώτης,</strong></span> <span class='ocrx_word' id='word_1_346' title='bbox 3569 1569 3646 1629; x_wconf 83' lang='grc' dir='ltr'>ὡς</span> <span class='ocrx_word' id='word_1_347' title='bbox 3690 1568 3803 1620; x_wconf 78' lang='grc' dir='ltr'>πολ-</span> 
     </span>
    </p>
   </div>
   <div class='ocr_carea' id='block_1_47' title="bbox 2237 1657 3807 1731">
    <p class='ocr_par' dir='ltr' id='par_1_47' title="bbox 2237 1657 3807 1731">
     <span class='ocr_line' id='line_1_47' title="bbox 2237 1657 3807 1731; baseline -0.003 -18"><span class='ocrx_word' id='word_1_348' title='bbox 2237 1659 2397 1725; x_wconf 80' lang='grc' dir='ltr'>λάκις</span> <span class='ocrx_word' id='word_1_349' title='bbox 2425 1661 2538 1724; x_wconf 83' lang='grc' dir='ltr'>τοῖς</span> <span class='ocrx_word' id='word_1_350' title='bbox 2579 1660 2903 1731; x_wconf 76' lang='grc' dir='ltr'>’Λγαρηνοῐς</span> <span class='ocrx_word' id='word_1_351' title='bbox 2927 1658 3029 1728; x_wconf 80' lang='grc' dir='ltr'>τῆς</span> <span class='ocrx_word' id='word_1_352' title='bbox 3057 1659 3338 1729; x_wconf 71' lang='grc' dir='ltr'>Τεφρικῆς</span> <span class='ocrx_word' id='word_1_353' title='bbox 3377 1657 3514 1726; x_wconf 86' lang='grc' dir='ltr'>μετά</span> <span class='ocrx_word' id='word_1_354' title='bbox 3556 1658 3684 1720; x_wconf 76' lang='grc' dir='ltr'>τοὺς</span> <span class='ocrx_word' id='word_1_355' title='bbox 3726 1658 3807 1710; x_wconf 67' lang='grc' dir='ltr'>ἀν.</span> 
     </span>
    </p>
   </div>
   <div class='ocr_carea' id='block_1_48' title="bbox 2244 1747 3807 1823">
    <p class='ocr_par' dir='ltr' id='par_1_48' title="bbox 2244 1747 3807 1823">
     <span class='ocr_line' id='line_1_48' title="bbox 2244 1747 3807 1823; baseline -0.003 -18"><span class='ocrx_word' id='word_1_356' title='bbox 2244 1751 2499 1822; x_wconf 82' lang='grc' dir='ltr'>θρώπους</span> <span class='ocrx_word' id='word_1_357' title='bbox 2528 1750 2695 1805; x_wconf 79' lang='grc' dir='ltr'>αὑτοῦ</span> <span class='ocrx_word' id='word_1_358' title='bbox 2725 1751 3059 1822; x_wconf 79' lang='grc' dir='ltr'><strong>μιγνύμενον</strong></span> <span class='ocrx_word' id='word_1_359' title='bbox 3097 1751 3179 1815; x_wconf 86' lang='grc' dir='ltr'><strong>είς</strong></span> <span class='ocrx_word' id='word_1_360' title='bbox 3201 1750 3413 1823; x_wconf 71' lang='grc' dir='ltr'>τροπὴν</span> <span class='ocrx_word' id='word_1_361' title='bbox 3461 1751 3557 1805; x_wconf 79' lang='grc' dir='ltr'>καὶ</span> <span class='ocrx_word' id='word_1_362' title='bbox 3591 1747 3807 1820; x_wconf 70' lang='grc' dir='ltr'>φροῦδον</span> 
     </span>
    </p>
   </div>
   <div class='ocr_carea' id='block_1_49' title="bbox 2235 1842 3810 1916">
    <p class='ocr_par' dir='ltr' id='par_1_49' title="bbox 2235 1842 3810 1916">
     <span class='ocr_line' id='line_1_49' title="bbox 2235 1842 3810 1916; baseline -0.003 -16"><span class='ocrx_word' id='word_1_363' title='bbox 2235 1845 2331 1900; x_wconf 72' lang='grc' dir='ltr'>καὶ</span> <span class='ocrx_word' id='word_1_364' title='bbox 2363 1845 2641 1900; x_wconf 83' lang='grc' dir='ltr'>ἀπώλειαν</span> <span class='ocrx_word' id='word_1_365' title='bbox 2668 1845 2955 1916; x_wconf 75' lang='grc' dir='ltr'>παρέχειν,</span> <span class='ocrx_word' id='word_1_366' title='bbox 2995 1844 3092 1899; x_wconf 76' lang='grc' dir='ltr'>καὶ</span> <span class='ocrx_word' id='word_1_367' title='bbox 3125 1844 3191 1898; x_wconf 78' lang='grc' dir='ltr'>τὸ</span> <span class='ocrx_word' id='word_1_368' title='bbox 3222 1844 3396 1915; x_wconf 75' lang='grc' dir='ltr'>ὖνομα</span> <span class='ocrx_word' id='word_1_369' title='bbox 3438 1842 3607 1897; x_wconf 79' lang='grc' dir='ltr'>αὐτοῦ</span> <span class='ocrx_word' id='word_1_370' title='bbox 3644 1860 3810 1913; x_wconf 75' lang='grc' dir='ltr'>φημι-</span> 
     </span>
    </p>
   </div>
   <div class='ocr_carea' id='block_1_50' title="bbox 2234 1938 3307 2011">
    <p class='ocr_par' dir='ltr' id='par_1_50' title="bbox 2234 1938 3307 2011">
     <span class='ocr_line' id='line_1_50' title="bbox 2234 1938 3307 2011; baseline -0.001 -18"><span class='ocrx_word' id='word_1_371' title='bbox 2234 1940 2463 2011; x_wconf 77' lang='grc' dir='ltr'>ζόμενον</span> <span class='ocrx_word' id='word_1_372' title='bbox 2492 1938 2905 2010; x_wconf 77' lang='grc' dir='ltr'><strong>καταπτήσσειν</strong></span> <span class='ocrx_word' id='word_1_373' title='bbox 2935 1938 3029 1992; x_wconf 82' lang='grc' dir='ltr'><strong>καὶ</strong></span> <span class='ocrx_word' id='word_1_374' title='bbox 3057 1938 3307 2009; x_wconf 78' lang='grc' dir='ltr'><strong>τρέμειν.</strong></span> 
     </span>
    </p>
   </div>
   <div class='ocr_carea' id='block_1_51' title="bbox 2308 2028 3811 2103">
    <p class='ocr_par' dir='ltr' id='par_1_51' title="bbox 2308 2028 3811 2103">
     <span class='ocr_line' id='line_1_51' title="bbox 2308 2028 3811 2103; baseline -0.003 -16"><span class='ocrx_word' id='word_1_375' title='bbox 2308 2033 2420 2103; x_wconf 86' lang='grc' dir='ltr'>κη’.</span> <span class='ocrx_word' id='word_1_376' title='bbox 2460 2032 2747 2102; x_wconf 76' lang='grc' dir='ltr'>’Δλλαγίου</span> <span class='ocrx_word' id='word_1_377' title='bbox 2769 2033 2827 2086; x_wconf 82' lang='grc' dir='ltr'>δὲ</span> <span class='ocrx_word' id='word_1_378' title='bbox 2854 2032 3042 2085; x_wconf 75' lang='grc' dir='ltr'>ἕνεκεν</span> <span class='ocrx_word' id='word_1_379' title='bbox 3071 2032 3181 2086; x_wconf 78' lang='grc' dir='ltr'>ἀπὸ</span> <span class='ocrx_word' id='word_1_380' title='bbox 3206 2030 3425 2103; x_wconf 75' lang='grc' dir='ltr'>Ταρσοῦ</span> <span class='ocrx_word' id='word_1_381' title='bbox 3456 2028 3681 2101; x_wconf 72' lang='grc' dir='ltr'>ἐξῆλθεν</span> <span class='ocrx_word' id='word_1_382' title='bbox 3707 2031 3736 2085; x_wconf 87' lang='grc' dir='ltr'><strong>ὅ</strong></span> <span class='ocrx_word' id='word_1_383' title='bbox 3764 2046 3811 2083; x_wconf 80' lang='grc' dir='ltr'><strong>τε</strong></span> 
     </span>
    </p>
   </div>
   <div class='ocr_carea' id='block_1_52' title="bbox 2248 2124 3811 2197">
    <p class='ocr_par' dir='ltr' id='par_1_52' title="bbox 2248 2124 3811 2197">
     <span class='ocr_line' id='line_1_52' title="bbox 2248 2124 3811 2197; baseline -0.003 -17"><span class='ocrx_word' id='word_1_384' title='bbox 2248 2126 2589 2197; x_wconf 77' lang='grc' dir='ltr'>’Δϐελϐἀκης</span> <span class='ocrx_word' id='word_1_385' title='bbox 2629 2127 2839 2191; x_wconf 68' lang='grc' dir='ltr'>ἐκεῖνος</span> <span class='ocrx_word' id='word_1_386' title='bbox 2894 2126 2991 2179; x_wconf 81' lang='grc' dir='ltr'>καὶ</span> <span class='ocrx_word' id='word_1_387' title='bbox 3011 2126 3040 2177; x_wconf 84' lang='grc' dir='ltr'>ὁ</span> <span class='ocrx_word' id='word_1_388' title='bbox 3067 2124 3163 2179; x_wconf 79' lang='grc' dir='ltr'><strong>τοῦ</strong></span> <span class='ocrx_word' id='word_1_389' title='bbox 3190 2125 3427 2195; x_wconf 82' lang='grc' dir='ltr'><strong>Σαμωνᾶ</strong></span> <span class='ocrx_word' id='word_1_390' title='bbox 3474 2124 3661 2194; x_wconf 78' lang='grc' dir='ltr'>πατήρ</span> <span class='ocrx_word' id='word_1_391' title='bbox 3688 2138 3705 2155; x_wconf 88' lang='grc'><strong>·</strong></span> <span class='ocrx_word' id='word_1_392' title='bbox 3732 2125 3811 2176; x_wconf 77' lang='grc' dir='ltr'>καὶ</span> 
     </span>
    </p>
   </div>
   <div class='ocr_carea' id='block_1_53' title="bbox 2238 2215 3812 2289">
    <p class='ocr_par' dir='ltr' id='par_1_53' title="bbox 2238 2215 3812 2289">
     <span class='ocr_line' id='line_1_53' title="bbox 2238 2215 3812 2289; baseline -0.003 -16"><span class='ocrx_word' id='word_1_393' title='bbox 2238 2219 2463 2283; x_wconf 86' lang='grc' dir='ltr'>τούτους</span> <span class='ocrx_word' id='word_1_394' title='bbox 2518 2218 2549 2271; x_wconf 84' lang='grc' dir='ltr'><strong>δ</strong></span> <span class='ocrx_word' id='word_1_395' title='bbox 2604 2217 2862 2288; x_wconf 77' lang='grc' dir='ltr'>βασιλεὺς</span> <span class='ocrx_word' id='word_1_396' title='bbox 2909 2218 3129 2285; x_wconf 74' lang='grc' dir='ltr'>ἐδέξατο</span> <span class='ocrx_word' id='word_1_397' title='bbox 3160 2260 3174 2282; x_wconf 90' lang='grc'><strong>,</strong></span> <span class='ocrx_word' id='word_1_398' title='bbox 3230 2217 3426 2289; x_wconf 83' lang='grc' dir='ltr'>κόσμῳ</span> <span class='ocrx_word' id='word_1_399' title='bbox 3499 2215 3683 2288; x_wconf 83' lang='grc' dir='ltr'>πολλῷ</span> <span class='ocrx_word' id='word_1_400' title='bbox 3724 2218 3812 2285; x_wconf 76' lang='grc' dir='ltr'>τὴν</span> 
     </span>
    </p>
   </div>
   <div class='ocr_carea' id='block_1_54' title="bbox 2238 2307 3814 2381">
    <p class='ocr_par' dir='ltr' id='par_1_54' title="bbox 2238 2307 3814 2381">
     <span class='ocr_line' id='line_1_54' title="bbox 2238 2307 3814 2381; baseline -0.005 -16"><span class='ocrx_word' id='word_1_401' title='bbox 2238 2308 2581 2381; x_wconf 79' lang='grc' dir='ltr'>Μαγναῦραν</span> <span class='ocrx_word' id='word_1_402' title='bbox 2612 2310 3065 2381; x_wconf 84' lang='grc' dir='ltr'>κατακοσμήσας.</span> <span class='ocrx_word' id='word_1_403' title='bbox 3107 2307 3517 2362; x_wconf 80' lang='grc' dir='ltr'>Ἐκαλλώπισεν</span> <span class='ocrx_word' id='word_1_404' title='bbox 3536 2308 3596 2360; x_wconf 85' lang='grc' dir='ltr'>δὲ</span> <span class='ocrx_word' id='word_1_405' title='bbox 3614 2309 3708 2360; x_wconf 78' lang='grc' dir='ltr'>καὶ</span> <span class='ocrx_word' id='word_1_406' title='bbox 3727 2308 3814 2376; x_wconf 77' lang='grc' dir='ltr'>τὴν</span> 
     </span>
    </p>
   </div>
   <div class='ocr_carea' id='block_1_55' title="bbox 2239 2398 3815 2474">
    <p class='ocr_par' dir='ltr' id='par_1_55' title="bbox 2239 2398 3815 2474">
     <span class='ocr_line' id='line_1_55' title="bbox 2239 2398 3815 2474; baseline -0.003 -15"><span class='ocrx_word' id='word_1_407' title='bbox 2239 2402 2504 2474; x_wconf 75' lang='grc' dir='ltr'>Μεγάλην</span> <span class='ocrx_word' id='word_1_408' title='bbox 2520 2401 2853 2473; x_wconf 78' lang='grc' dir='ltr'><strong>Ἐκκλησίαν</strong></span> <span class='ocrx_word' id='word_1_409' title='bbox 2881 2401 3181 2467; x_wconf 81' lang='grc' dir='ltr'>παντελῶς,</span> <span class='ocrx_word' id='word_1_410' title='bbox 3199 2400 3295 2454; x_wconf 74' lang='grc' dir='ltr'>καὶ</span> <span class='ocrx_word' id='word_1_411' title='bbox 3320 2398 3596 2465; x_wconf 80' lang='grc' dir='ltr'>ὑπέδειξεν</span> <span class='ocrx_word' id='word_1_412' title='bbox 3610 2401 3815 2455; x_wconf 72' lang='grc' dir='ltr'>ἅπαντα</span> 
     </span>
    </p>
   </div>
   <div class='ocr_carea' id='block_1_56' title="bbox 2240 2482 3814 2565">
    <p class='ocr_par' dir='ltr' id='par_1_56' title="bbox 2240 2482 3814 2565">
     <span class='ocr_line' id='line_1_56' title="bbox 2240 2482 3814 2565; baseline -0.004 -17"><span class='ocrx_word' id='word_1_413' title='bbox 2240 2494 2309 2548; x_wconf 79' lang='grc' dir='ltr'>τὰ</span> <span class='ocrx_word' id='word_1_414' title='bbox 2336 2492 2494 2564; x_wconf 85' lang='grc' dir='ltr'>τίμια</span> <span class='ocrx_word' id='word_1_415' title='bbox 2528 2493 2697 2564; x_wconf 85' lang='grc' dir='ltr'>σκεύη</span> <span class='ocrx_word' id='word_1_416' title='bbox 2733 2482 2846 2558; x_wconf 84' lang='grc' dir='ltr'>τοῖς</span> <span class='ocrx_word' id='word_1_417' title='bbox 2891 2493 3216 2565; x_wconf 82' lang='grc' dir='ltr'>Ἀγαρηνοτς</span> <span class='ocrx_word' id='word_1_418' title='bbox 3253 2508 3268 2523; x_wconf 71' lang='grc'><strong>⁸</strong></span> <span class='ocrx_word' id='word_1_419' title='bbox 3300 2493 3438 2564; x_wconf 81' lang='grc' dir='ltr'>ὅπερ</span> <span class='ocrx_word' id='word_1_420' title='bbox 3480 2493 3703 2557; x_wconf 79' lang='grc' dir='ltr'>ἀνάξιον</span> <span class='ocrx_word' id='word_1_421' title='bbox 3754 2490 3814 2563; x_wconf 72' lang='grc' dir='ltr'>ἦν</span> 
     </span>
    </p>
   </div>
   <div class='ocr_carea' id='block_1_57' title="bbox 2247 2578 3814 2655">
    <p class='ocr_par' dir='ltr' id='par_1_57' title="bbox 2247 2578 3814 2655">
     <span class='ocr_line' id='line_1_57' title="bbox 2247 2578 3814 2655; baseline -0.004 -17"><span class='ocrx_word' id='word_1_422' title='bbox 2247 2583 2647 2655; x_wconf 79' lang='grc' dir='ltr'>Χριστιανικῆς</span> <span class='ocrx_word' id='word_1_423' title='bbox 2672 2583 3083 2648; x_wconf 80' lang='grc' dir='ltr'>καταστάσεως,</span> <span class='ocrx_word' id='word_1_424' title='bbox 3115 2580 3398 2651; x_wconf 77' lang='grc' dir='ltr'>ἀθεμίτοις</span> <span class='ocrx_word' id='word_1_425' title='bbox 3426 2579 3522 2632; x_wconf 65' lang='lat' dir='ltr'><strong>stati.</strong></span> <span class='ocrx_word' id='word_1_426' title='bbox 3541 2578 3814 2633; x_wconf 69' lang='grc' dir='ltr'>ἀλλοεθνέ-</span> 
     </span>
    </p>
   </div>
   <div class='ocr_carea' id='block_1_58' title="bbox 2245 2670 3813 2743">
    <p class='ocr_par' dir='ltr' id='par_1_58' title="bbox 2245 2670 3813 2743">
     <span class='ocr_line' id='line_1_58' title="bbox 2245 2670 3813 2743; baseline -0.001 -16"><span class='ocrx_word' id='word_1_427' title='bbox 2245 2691 2332 2727; x_wconf 85' lang='grc' dir='ltr'><strong>σιν</strong></span> <span class='ocrx_word' id='word_1_428' title='bbox 2356 2674 2424 2729; x_wconf 85' lang='grc' dir='ltr'><strong>τά</strong></span> <span class='ocrx_word' id='word_1_429' title='bbox 2451 2674 2552 2742; x_wconf 86' lang='grc' dir='ltr'>τῆς</span> <span class='ocrx_word' id='word_1_430' title='bbox 2580 2672 2676 2727; x_wconf 77' lang='grc' dir='ltr'>τοῦ</span> <span class='ocrx_word' id='word_1_431' title='bbox 2705 2672 2844 2727; x_wconf 81' lang='grc' dir='ltr'>Θεοῦ</span> <span class='ocrx_word' id='word_1_432' title='bbox 2866 2672 3210 2743; x_wconf 78' lang='grc' dir='ltr'>λειτουργίας</span> <span class='ocrx_word' id='word_1_433' title='bbox 3240 2670 3410 2741; x_wconf 84' lang='grc' dir='ltr'>σκεύη</span> <span class='ocrx_word' id='word_1_434' title='bbox 3461 2670 3813 2725; x_wconf 75' lang='grc' dir='ltr'>καταθέσθαι.</span> 
     </span>
    </p>
   </div>
   <div class='ocr_carea' id='block_1_59' title="bbox 2254 2760 3813 2835">
    <p class='ocr_par' dir='ltr' id='par_1_59' title="bbox 2254 2760 3813 2835">
     <span class='ocr_line' id='line_1_59' title="bbox 2254 2760 3813 2835; baseline -0.004 -16"><span class='ocrx_word' id='word_1_435' title='bbox 2254 2763 2314 2819; x_wconf 84' lang='lat'><strong>&#39;0</strong></span> <span class='ocrx_word' id='word_1_436' title='bbox 2343 2763 2402 2818; x_wconf 78' lang='grc' dir='ltr'>δὲ</span> <span class='ocrx_word' id='word_1_437' title='bbox 2431 2762 2526 2817; x_wconf 79' lang='grc' dir='ltr'>τοῦ</span> <span class='ocrx_word' id='word_1_438' title='bbox 2552 2764 2788 2835; x_wconf 78' lang='grc' dir='ltr'>Σαμωνᾶ</span> <span class='ocrx_word' id='word_1_439' title='bbox 2826 2761 3010 2834; x_wconf 80' lang='grc' dir='ltr'>πατὴρ</span> <span class='ocrx_word' id='word_1_440' title='bbox 3024 2762 3293 2833; x_wconf 77' lang='grc' dir='ltr'>ὴθέλησεν</span> <span class='ocrx_word' id='word_1_441' title='bbox 3316 2762 3559 2815; x_wconf 85' lang='grc' dir='ltr'>συνεῖναι</span> <span class='ocrx_word' id='word_1_442' title='bbox 3589 2760 3667 2831; x_wconf 84' lang='grc' dir='ltr'>τῷ</span> <span class='ocrx_word' id='word_1_443' title='bbox 3690 2761 3813 2830; x_wconf 74' lang='grc' dir='ltr'><strong>υἱῷ·</strong></span> 
     </span>
    </p>
   </div>
   <div class='ocr_carea' id='block_1_60' title="bbox 2245 2852 3815 2926">
    <p class='ocr_par' dir='ltr' id='par_1_60' title="bbox 2245 2852 3815 2926">
     <span class='ocr_line' id='line_1_60' title="bbox 2245 2852 3815 2926; baseline -0.003 -17"><span class='ocrx_word' id='word_1_444' title='bbox 2245 2857 2274 2909; x_wconf 85' lang='grc' dir='ltr'><strong>ὁ</strong></span> <span class='ocrx_word' id='word_1_445' title='bbox 2301 2856 2361 2910; x_wconf 76' lang='grc' dir='ltr'>δὲ</span> <span class='ocrx_word' id='word_1_446' title='bbox 2382 2855 2443 2908; x_wconf 84' lang='grc' dir='ltr'><strong>ού</strong></span> <span class='ocrx_word' id='word_1_447' title='bbox 2461 2855 2791 2920; x_wconf 80' lang='grc' dir='ltr'>κατεδέξατο</span> <span class='ocrx_word' id='word_1_448' title='bbox 2813 2855 2992 2921; x_wconf 82' lang='grc' dir='ltr'>τοῦτο,</span> <span class='ocrx_word' id='word_1_449' title='bbox 3010 2854 3147 2909; x_wconf 86' lang='grc' dir='ltr'><strong>ἀλλά</strong></span> <span class='ocrx_word' id='word_1_450' title='bbox 3166 2855 3372 2925; x_wconf 82' lang='grc' dir='ltr'>μᾶλλον</span> <span class='ocrx_word' id='word_1_451' title='bbox 3396 2853 3631 2926; x_wconf 78' lang='grc' dir='ltr'>παρῄνει</span> <span class='ocrx_word' id='word_1_452' title='bbox 3665 2856 3741 2916; x_wconf 80' lang='grc' dir='ltr'><strong>εἰς</strong></span> <span class='ocrx_word' id='word_1_453' title='bbox 3758 2852 3815 2905; x_wconf 69' lang='grc' dir='ltr'>τὰ</span> 
     </span>
    </p>
   </div>
   <div class='ocr_carea' id='block_1_61' title="bbox 557 2946 2142 3025">
    <p class='ocr_par' dir='ltr' id='par_1_61' title="bbox 557 2946 2142 3022">
     <span class='ocr_line' id='line_1_61' title="bbox 557 2946 2142 3022; baseline 0.006 -23"><span class='ocrx_word' id='word_1_454' title='bbox 557 2961 711 3000; x_wconf 89' lang='lat' dir='ltr'><strong>suam</strong></span> <span class='ocrx_word' id='word_1_455' title='bbox 743 2946 902 3001; x_wconf 87' lang='lat' dir='ltr'><strong>fidem</strong></span> <span class='ocrx_word' id='word_1_456' title='bbox 934 2956 1181 3003; x_wconf 86' lang='lat' dir='ltr'><strong>teneret:</strong></span> <span class='ocrx_word' id='word_1_457' title='bbox 1222 2963 1282 3003; x_wconf 89' lang='lat' dir='ltr'><strong>se</strong></span> <span class='ocrx_word' id='word_1_458' title='bbox 1309 2963 1552 3019; x_wconf 87' lang='lat' dir='ltr'><strong>quoque,</strong></span> <span class='ocrx_word' id='word_1_459' title='bbox 1580 2964 1707 3005; x_wconf 90' lang='lat' dir='ltr'><strong>cum</strong></span> <span class='ocrx_word' id='word_1_460' title='bbox 1742 2952 1982 3022; x_wconf 86' lang='lat' dir='ltr'><strong>primum</strong></span> <span class='ocrx_word' id='word_1_461' title='bbox 2014 2952 2142 3009; x_wconf 84' lang='lat' dir='ltr'><strong>lice-</strong></span> 
     </span>
    </p>
   </div>
   <div class='ocr_carea' id='block_1_62' title="bbox 2249 2946 3814 3025">
    <p class='ocr_par' dir='ltr' id='par_1_62' title="bbox 2249 2949 3814 3021">
     <span class='ocr_line' id='line_1_62' title="bbox 2249 2949 3814 3021; baseline -0.004 -16"><span class='ocrx_word' id='word_1_462' title='bbox 2249 2950 2422 3005; x_wconf 87' lang='grc' dir='ltr'>οίκεία</span> <span class='ocrx_word' id='word_1_463' title='bbox 2452 2950 2819 3021; x_wconf 77' lang='grc' dir='ltr'>ὑποστρέφειν</span> <span class='ocrx_word' id='word_1_464' title='bbox 2868 2949 2966 3004; x_wconf 77' lang='grc' dir='ltr'>καὶ</span> <span class='ocrx_word' id='word_1_465' title='bbox 3014 2950 3113 3021; x_wconf 82' lang='grc' dir='ltr'>τῆς</span> <span class='ocrx_word' id='word_1_466' title='bbox 3167 2949 3308 3013; x_wconf 80' lang='grc' dir='ltr'>ἰδίοις</span> <span class='ocrx_word' id='word_1_467' title='bbox 3354 2949 3679 3019; x_wconf 79' lang='grc' dir='ltr'>ἀντέχεσθαι</span> <span class='ocrx_word' id='word_1_468' title='bbox 3732 2949 3814 3000; x_wconf 77' lang='grc' dir='ltr'>πίο</span> 
     </span>
    </p>
   </div>
   <div class='ocr_carea' id='block_1_63' title="bbox 558 3037 1738 3111">
    <p class='ocr_par' dir='ltr' id='par_1_63' title="bbox 558 3037 1738 3111">
     <span class='ocr_line' id='line_1_63' title="bbox 558 3037 1738 3111; baseline 0.007 -21"><span class='ocrx_word' id='word_1_469' title='bbox 558 3046 663 3101; x_wconf 88' lang='lat' dir='ltr'><strong>ret,</strong></span> <span class='ocrx_word' id='word_1_470' title='bbox 689 3037 759 3092; x_wconf 91' lang='lat' dir='ltr'><strong>ad</strong></span> <span class='ocrx_word' id='word_1_471' title='bbox 792 3038 970 3108; x_wconf 90' lang='lat' dir='ltr'><strong>ipsum</strong></span> <span class='ocrx_word' id='word_1_472' title='bbox 1000 3054 1345 3096; x_wconf 87' lang='lat' dir='ltr'><strong>reversurum</strong></span> <span class='ocrx_word' id='word_1_473' title='bbox 1369 3049 1738 3111; x_wconf 81' lang='lat' dir='ltr'><strong>exspectaret.</strong></span> 
     </span>
    </p>
   </div>
   <div class='ocr_carea' id='block_1_64' title="bbox 628 3214 2143 3295">
    <p class='ocr_par' dir='ltr' id='par_1_64' title="bbox 628 3214 2143 3295">
     <span class='ocr_line' id='line_1_64' title="bbox 628 3214 2143 3295; baseline 0.007 -25"><span class='ocrx_word' id='word_1_474' title='bbox 628 3215 719 3271; x_wconf 75' lang='lat'><strong>29.</strong></span> <span class='ocrx_word' id='word_1_475' title='bbox 756 3214 925 3274; x_wconf 87' lang='lat' dir='ltr'><strong>Sacro</strong></span> <span class='ocrx_word' id='word_1_476' title='bbox 953 3219 1308 3278; x_wconf 90' lang='lat' dir='ltr'><strong>Pentecostes</strong></span> <span class='ocrx_word' id='word_1_477' title='bbox 1354 3221 1444 3277; x_wconf 90' lang='lat' dir='ltr'><strong>die</strong></span> <span class='ocrx_word' id='word_1_478' title='bbox 1476 3221 1586 3278; x_wconf 80' lang='lat' dir='ltr'><strong>Leo</strong></span> <span class='ocrx_word' id='word_1_479' title='bbox 1622 3221 1925 3295; x_wconf 89' lang='lat' dir='ltr'><strong>imperator</strong></span> <span class='ocrx_word' id='word_1_480' title='bbox 1970 3224 2143 3281; x_wconf 79' lang='lat' dir='ltr'><strong>tilium</strong></span> 
     </span>
    </p>
   </div>
   <div class='ocr_carea' id='block_1_65' title="bbox 559 3306 2146 3389">
    <p class='ocr_par' dir='ltr' id='par_1_65' title="bbox 559 3306 2146 3389">
     <span class='ocr_line' id='line_1_65' title="bbox 559 3306 2146 3389; baseline 0.006 -25"><span class='ocrx_word' id='word_1_481' title='bbox 559 3306 982 3366; x_wconf 74' lang='lat' dir='ltr'><strong>Consmntinum</strong></span> <span class='ocrx_word' id='word_1_482' title='bbox 1003 3311 1281 3385; x_wconf 88' lang='lat' dir='ltr'><strong>Euthymii</strong></span> <span class='ocrx_word' id='word_1_483' title='bbox 1310 3316 1633 3386; x_wconf 73' lang='lat' dir='ltr'><strong>patriarchae</strong></span> <span class='ocrx_word' id='word_1_484' title='bbox 1654 3332 1820 3387; x_wconf 86' lang='lat' dir='ltr'><strong>opera</strong></span> <span class='ocrx_word' id='word_1_485' title='bbox 1840 3320 2146 3389; x_wconf 84' lang='lat' dir='ltr'><strong>Augustum</strong></span> 
     </span>
    </p>
   </div>
   <div class='ocr_carea' id='block_1_66' title="bbox 559 3403 2147 3467">
    <p class='ocr_par' dir='ltr' id='par_1_66' title="bbox 559 3403 2147 3467">
     <span class='ocr_line' id='line_1_66' title="bbox 559 3403 2147 3467; baseline 0.008 -12"><span class='ocrx_word' id='word_1_486' title='bbox 559 3413 806 3458; x_wconf 87' lang='lat' dir='ltr'><strong>coronat.</strong></span> <span class='ocrx_word' id='word_1_487' title='bbox 854 3403 1123 3460; x_wconf 85' lang='lat' dir='ltr'><strong>Samonas</strong></span> <span class='ocrx_word' id='word_1_488' title='bbox 1158 3423 1289 3461; x_wconf 87' lang='lat' dir='ltr'><strong>vero</strong></span> <span class='ocrx_word' id='word_1_489' title='bbox 1323 3406 1743 3463; x_wconf 83' lang='lat' dir='ltr'><strong>Constantinum</strong></span> <span class='ocrx_word' id='word_1_490' title='bbox 1782 3409 2147 3467; x_wconf 84' lang='lat' dir='ltr'><strong>domesticum</strong></span> 
     </span>
    </p>
   </div>
   <div class='ocr_carea' id='block_1_67' title="bbox 560 3494 2149 3572">
    <p class='ocr_par' dir='ltr' id='par_1_67' title="bbox 560 3494 2149 3572">
     <span class='ocr_line' id='line_1_67' title="bbox 560 3494 2149 3572; baseline 0.007 -26"><span class='ocrx_word' id='word_1_491' title='bbox 560 3507 749 3553; x_wconf 87' lang='lat' dir='ltr'><strong>suum,</strong></span> <span class='ocrx_word' id='word_1_492' title='bbox 778 3494 871 3562; x_wconf 93' lang='lat' dir='ltr'><strong>qui</strong></span> <span class='ocrx_word' id='word_1_493' title='bbox 924 3494 1076 3563; x_wconf 87' lang='lat' dir='ltr'><strong>prius</strong></span> <span class='ocrx_word' id='word_1_494' title='bbox 1121 3494 1323 3550; x_wconf 85' lang='lat' dir='ltr'><strong>Basilio</strong></span> <span class='ocrx_word' id='word_1_495' title='bbox 1357 3498 1620 3566; x_wconf 78' lang='lat' dir='ltr'><strong>magistro</strong></span> <span class='ocrx_word' id='word_1_496' title='bbox 1648 3515 1713 3553; x_wconf 91' lang='lat' dir='ltr'><strong>ac</strong></span> <span class='ocrx_word' id='word_1_497' title='bbox 1742 3501 1976 3556; x_wconf 90' lang='lat' dir='ltr'><strong>caniclei</strong></span> <span class='ocrx_word' id='word_1_498' title='bbox 2010 3518 2149 3572; x_wconf 73' lang='lat' dir='ltr'><strong>pra:-</strong></span> 
     </span>
    </p>
   </div>
   <div class='ocr_carea' id='block_1_68' title="bbox 564 3585 2148 3660">
    <p class='ocr_par' dir='ltr' id='par_1_68' title="bbox 564 3585 2148 3660">
     <span class='ocr_line' id='line_1_68' title="bbox 564 3585 2148 3660; baseline 0.009 -23"><span class='ocrx_word' id='word_1_499' title='bbox 564 3585 704 3638; x_wconf 87' lang='lat' dir='ltr'><strong>fecto</strong></span> <span class='ocrx_word' id='word_1_500' title='bbox 746 3586 802 3639; x_wconf 92' lang='lat' dir='ltr'><strong>in</strong></span> <span class='ocrx_word' id='word_1_501' title='bbox 840 3586 1144 3641; x_wconf 88' lang='lat' dir='ltr'><strong>ministerio</strong></span> <span class='ocrx_word' id='word_1_502' title='bbox 1176 3589 1386 3654; x_wconf 81' lang='lat' dir='ltr'><strong>fuerat,</strong></span> <span class='ocrx_word' id='word_1_503' title='bbox 1420 3591 1683 3660; x_wconf 67' lang='lat' dir='ltr'><strong>Augusta:</strong></span> <span class='ocrx_word' id='word_1_504' title='bbox 1713 3594 1882 3648; x_wconf 89' lang='lat' dir='ltr'><strong>tradit</strong></span> <span class='ocrx_word' id='word_1_505' title='bbox 1902 3596 1956 3649; x_wconf 90' lang='lat' dir='ltr'><strong>in</strong></span> <span class='ocrx_word' id='word_1_506' title='bbox 1989 3595 2148 3651; x_wconf 85' lang='lat' dir='ltr'><strong>obse-</strong></span> 
     </span>
    </p>
   </div>
   <div class='ocr_carea' id='block_1_69' title="bbox 562 3674 2146 3756">
    <p class='ocr_par' dir='ltr' id='par_1_69' title="bbox 562 3674 2146 3756">
     <span class='ocr_line' id='line_1_69' title="bbox 562 3674 2146 3756; baseline 0.01 -29"><span class='ocrx_word' id='word_1_507' title='bbox 562 3676 777 3744; x_wconf 82' lang='lat' dir='ltr'><strong>quium.</strong></span> <span class='ocrx_word' id='word_1_508' title='bbox 846 3674 939 3731; x_wconf 89' lang='lat' dir='ltr'><strong>Sic</strong></span> <span class='ocrx_word' id='word_1_509' title='bbox 984 3692 1114 3732; x_wconf 88' lang='lat' dir='ltr'><strong>vero</strong></span> <span class='ocrx_word' id='word_1_510' title='bbox 1170 3678 1258 3733; x_wconf 91' lang='lat' dir='ltr'><strong>ille</strong></span> <span class='ocrx_word' id='word_1_511' title='bbox 1317 3694 1441 3734; x_wconf 92' lang='lat' dir='ltr'><strong>cum</strong></span> <span class='ocrx_word' id='word_1_512' title='bbox 1496 3680 1736 3737; x_wconf 84' lang='lat' dir='ltr'><strong>Leonem</strong></span> <span class='ocrx_word' id='word_1_513' title='bbox 1795 3692 1908 3740; x_wconf 89' lang='lat' dir='ltr'><strong>tum</strong></span> <span class='ocrx_word' id='word_1_514' title='bbox 1971 3686 2146 3756; x_wconf 88' lang='lat' dir='ltr'><strong>ipsam</strong></span> 
     </span>
    </p>
   </div>
   <div class='ocr_carea' id='block_1_70' title="bbox 564 3765 2150 3835">
    <p class='ocr_par' dir='ltr' id='par_1_70' title="bbox 564 3765 2150 3835">
     <span class='ocr_line' id='line_1_70' title="bbox 564 3765 2150 3835; baseline 0.012 -19"><span class='ocrx_word' id='word_1_515' title='bbox 564 3766 864 3833; x_wconf 84' lang='lat' dir='ltr'><strong>Angustam</strong></span> <span class='ocrx_word' id='word_1_516' title='bbox 906 3765 1194 3831; x_wconf 86' lang='lat' dir='ltr'><strong>demeruit,</strong></span> <span class='ocrx_word' id='word_1_517' title='bbox 1223 3778 1282 3824; x_wconf 93' lang='lat' dir='ltr'><strong>ut</strong></span> <span class='ocrx_word' id='word_1_518' title='bbox 1310 3777 1366 3824; x_wconf 90' lang='lat' dir='ltr'><strong>et</strong></span> <span class='ocrx_word' id='word_1_519' title='bbox 1400 3770 1673 3829; x_wconf 88' lang='lat' dir='ltr'><strong>Samonas</strong></span> <span class='ocrx_word' id='word_1_520' title='bbox 1696 3773 1869 3830; x_wconf 90' lang='lat' dir='ltr'><strong>livore</strong></span> <span class='ocrx_word' id='word_1_521' title='bbox 1891 3774 2150 3835; x_wconf 84' lang='lat' dir='ltr'><strong>incensus</strong></span> 
     </span>
    </p>
   </div>
   <div class='ocr_carea' id='block_1_71' title="bbox 565 3855 2151 3939">
    <p class='ocr_par' dir='ltr' id='par_1_71' title="bbox 565 3855 2151 3939">
     <span class='ocr_line' id='line_1_71' title="bbox 565 3855 2151 3939; baseline 0.009 -29"><span class='ocrx_word' id='word_1_522' title='bbox 565 3855 883 3910; x_wconf 87' lang='lat' dir='ltr'><strong>secretioris</strong></span> <span class='ocrx_word' id='word_1_523' title='bbox 916 3873 1041 3911; x_wconf 89' lang='lat' dir='ltr'><strong>cum</strong></span> <span class='ocrx_word' id='word_1_524' title='bbox 1081 3857 1323 3930; x_wconf 83' lang='lat' dir='ltr'><strong>Augusta</strong></span> <span class='ocrx_word' id='word_1_525' title='bbox 1352 3862 1429 3918; x_wconf 85' lang='lat' dir='ltr'><strong>rei</strong></span> <span class='ocrx_word' id='word_1_526' title='bbox 1460 3878 1583 3919; x_wconf 91' lang='lat' dir='ltr'><strong>eum</strong></span> <span class='ocrx_word' id='word_1_527' title='bbox 1620 3864 1902 3922; x_wconf 83' lang='lat' dir='ltr'><strong>detulerit.</strong></span> <span class='ocrx_word' id='word_1_528' title='bbox 1948 3868 2151 3939; x_wconf 87' lang='lat' dir='ltr'><strong>Sicque</strong></span> 
     </span>
    </p>
   </div>
   <div class='ocr_carea' id='block_1_72' title="bbox 564 3948 2151 4020">
    <p class='ocr_par' dir='ltr' id='par_1_72' title="bbox 564 3948 2151 4020">
     <span class='ocr_line' id='line_1_72' title="bbox 564 3948 2151 4020; baseline 0.011 -19"><span class='ocrx_word' id='word_1_529' title='bbox 564 3963 622 4002; x_wconf 89' lang='lat' dir='ltr'><strong>re</strong></span> <span class='ocrx_word' id='word_1_530' title='bbox 663 3948 780 4018; x_wconf 86' lang='lat' dir='ltr'><strong>ipsa</strong></span> <span class='ocrx_word' id='word_1_531' title='bbox 831 3952 1142 4020; x_wconf 90' lang='lat' dir='ltr'><strong>suspicatus</strong></span> <span class='ocrx_word' id='word_1_532' title='bbox 1193 3951 1304 4009; x_wconf 90' lang='lat' dir='ltr'><strong>Leo</strong></span> <span class='ocrx_word' id='word_1_533' title='bbox 1350 3955 1405 4009; x_wconf 92' lang='lat' dir='ltr'><strong>in</strong></span> <span class='ocrx_word' id='word_1_534' title='bbox 1450 3956 1507 4011; x_wconf 90' lang='lat' dir='ltr'><strong>S.</strong></span> <span class='ocrx_word' id='word_1_535' title='bbox 1552 3958 1765 4015; x_wconf 89' lang='lat' dir='ltr'><strong>Tarasii</strong></span> <span class='ocrx_word' id='word_1_536' title='bbox 1816 3964 2151 4020; x_wconf 86' lang='lat' dir='ltr'><strong>monasterio</strong></span> 
     </span>
    </p>
   </div>
   <div class='ocr_carea' id='block_1_73' title="bbox 565 4043 2148 4121">
    <p class='ocr_par' dir='ltr' id='par_1_73' title="bbox 565 4043 2148 4121">
     <span class='ocr_line' id='line_1_73' title="bbox 565 4043 2148 4121; baseline 0.011 -26"><span class='ocrx_word' id='word_1_537' title='bbox 565 4043 788 4098; x_wconf 88' lang='lat' dir='ltr'><strong>mittens</strong></span> <span class='ocrx_word' id='word_1_538' title='bbox 818 4044 1056 4099; x_wconf 88' lang='lat' dir='ltr'><strong>totondit</strong></span> <span class='ocrx_word' id='word_1_539' title='bbox 1086 4063 1101 4110; x_wconf 88' lang='lat'><strong>;</strong></span> <span class='ocrx_word' id='word_1_540' title='bbox 1157 4047 1320 4118; x_wconf 90' lang='lat' dir='ltr'><strong>idque</strong></span> <span class='ocrx_word' id='word_1_541' title='bbox 1353 4049 1489 4106; x_wconf 90' lang='lat' dir='ltr'><strong>adeo</strong></span> <span class='ocrx_word' id='word_1_542' title='bbox 1524 4050 1820 4121; x_wconf 81' lang='lat' dir='ltr'><strong>ipsumutet</strong></span> <span class='ocrx_word' id='word_1_543' title='bbox 1849 4052 2148 4112; x_wconf 86' lang='lat' dir='ltr'><strong>Samonam</strong></span> 
     </span>
    </p>
   </div>
   <div class='ocr_carea' id='block_1_74' title="bbox 565 4136 2155 4214">
    <p class='ocr_par' dir='ltr' id='par_1_74' title="bbox 565 4136 2155 4214">
     <span class='ocr_line' id='line_1_74' title="bbox 565 4136 2155 4214; baseline 0.009 -26"><span class='ocrx_word' id='word_1_544' title='bbox 565 4137 1032 4206; x_wconf 62' lang='lat' dir='ltr'><strong>prtestarcjussit.</strong></span> <span class='ocrx_word' id='word_1_545' title='bbox 1065 4136 1222 4194; x_wconf 88' lang='lat' dir='ltr'><strong>Brevi</strong></span> <span class='ocrx_word' id='word_1_546' title='bbox 1258 4152 1439 4197; x_wconf 89' lang='lat' dir='ltr'><strong>autem</strong></span> <span class='ocrx_word' id='word_1_547' title='bbox 1481 4154 1626 4214; x_wconf 88' lang='lat' dir='ltr'><strong>post,</strong></span> <span class='ocrx_word' id='word_1_548' title='bbox 1653 4160 1778 4201; x_wconf 87' lang='lat' dir='ltr'><strong>cum</strong></span> <span class='ocrx_word' id='word_1_549' title='bbox 1822 4162 1949 4203; x_wconf 89' lang='lat' dir='ltr'><strong>eum</strong></span> <span class='ocrx_word' id='word_1_550' title='bbox 1991 4149 2155 4205; x_wconf 85' lang='lat' dir='ltr'><strong>vellet</strong></span> 
     </span>
    </p>
   </div>
   <div class='ocr_carea' id='block_1_75' title="bbox 2252 3040 3819 3116">
    <p class='ocr_par' dir='ltr' id='par_1_75' title="bbox 2252 3040 3819 3116">
     <span class='ocr_line' id='line_1_75' title="bbox 2252 3040 3819 3116; baseline -0.003 -17"><span class='ocrx_word' id='word_1_551' title='bbox 2252 3060 2442 3108; x_wconf 81' lang='grc' dir='ltr'>στεως.</span> <span class='ocrx_word' id='word_1_552' title='bbox 2476 3062 2496 3096; x_wconf 72' lang='grc' dir='ltr'><strong>ι</strong></span> <span class='ocrx_word' id='word_1_553' title='bbox 2524 3044 2698 3113; x_wconf 82' lang='grc' dir='ltr'>Κάγὼ</span> <span class='ocrx_word' id='word_1_554' title='bbox 2724 3043 2803 3109; x_wconf 73' lang='grc' dir='ltr'>δὲ,</span> <span class='ocrx_word' id='word_1_555' title='bbox 2832 3043 3018 3115; x_wconf 79' lang='grc' dir='ltr'>φησὶν,</span> <span class='ocrx_word' id='word_1_556' title='bbox 3049 3045 3207 3116; x_wconf 75' lang='grc' dir='ltr'>εἴπερ</span> <span class='ocrx_word' id='word_1_557' title='bbox 3226 3042 3461 3114; x_wconf 82' lang='grc' dir='ltr'>δυνηθῶ,</span> <span class='ocrx_word' id='word_1_558' title='bbox 3488 3040 3673 3113; x_wconf 76' lang='grc' dir='ltr'>τάχιον</span> <span class='ocrx_word' id='word_1_559' title='bbox 3694 3042 3819 3113; x_wconf 80' lang='grc' dir='ltr'>πρὸς</span> 
     </span>
    </p>
   </div>
   <div class='ocr_carea' id='block_1_76' title="bbox 2251 3134 2844 3206">
    <p class='ocr_par' dir='ltr' id='par_1_76' title="bbox 2251 3134 2844 3206">
     <span class='ocr_line' id='line_1_76' title="bbox 2251 3134 2844 3206; baseline -0.003 -16"><span class='ocrx_word' id='word_1_560' title='bbox 2251 3136 2312 3190; x_wconf 64' lang='lat' dir='ltr'><strong>at</strong></span> <span class='ocrx_word' id='word_1_561' title='bbox 2339 3134 2792 3206; x_wconf 80' lang='grc' dir='ltr'>ὲπανελεύσομαι.</span> <span class='ocrx_word' id='word_1_562' title='bbox 2826 3154 2844 3188; x_wconf 76' lang='grc' dir='ltr'><strong>ι</strong></span> 
     </span>
    </p>
   </div>
   <div class='ocr_carea' id='block_1_77' title="bbox 2323 3226 3821 3302">
    <p class='ocr_par' dir='ltr' id='par_1_77' title="bbox 2323 3226 3821 3302">
     <span class='ocr_line' id='line_1_77' title="bbox 2323 3226 3821 3302; baseline -0.001 -21"><span class='ocrx_word' id='word_1_563' title='bbox 2323 3226 2426 3281; x_wconf 84' lang='grc' dir='ltr'>κθ⁰.</span> <span class='ocrx_word' id='word_1_564' title='bbox 2466 3227 2547 3299; x_wconf 80' lang='grc' dir='ltr'><strong>Τῇ</strong></span> <span class='ocrx_word' id='word_1_565' title='bbox 2574 3227 2631 3281; x_wconf 80' lang='grc' dir='ltr'>δὲ</span> <span class='ocrx_word' id='word_1_566' title='bbox 2656 3230 2755 3297; x_wconf 83' lang='grc' dir='ltr'>τῆς</span> <span class='ocrx_word' id='word_1_567' title='bbox 2792 3229 3175 3300; x_wconf 81' lang='grc' dir='ltr'>Πεντηκοστῆς</span> <span class='ocrx_word' id='word_1_568' title='bbox 3206 3231 3391 3302; x_wconf 75' lang='grc' dir='ltr'>ἡμέρᾳ</span> <span class='ocrx_word' id='word_1_569' title='bbox 3421 3232 3609 3302; x_wconf 64' lang='grc' dir='ltr'>στέφει</span> <span class='ocrx_word' id='word_1_570' title='bbox 3630 3233 3659 3285; x_wconf 82' lang='grc' dir='ltr'>ὁ</span> <span class='ocrx_word' id='word_1_571' title='bbox 3683 3231 3821 3285; x_wconf 83' lang='grc' dir='ltr'>Λέων</span> 
     </span>
    </p>
   </div>
   <div class='ocr_carea' id='block_1_78' title="bbox 2252 3319 3823 3390">
    <p class='ocr_par' dir='ltr' id='par_1_78' title="bbox 2252 3319 3823 3390">
     <span class='ocr_line' id='line_1_78' title="bbox 2252 3319 3823 3390; baseline 0.002 -17"><span class='ocrx_word' id='word_1_572' title='bbox 2252 3321 2281 3373; x_wconf 84' lang='grc' dir='ltr'>ὁ</span> <span class='ocrx_word' id='word_1_573' title='bbox 2309 3319 2563 3390; x_wconf 83' lang='grc' dir='ltr'>βασιλεὺς</span> <span class='ocrx_word' id='word_1_574' title='bbox 2590 3320 2681 3374; x_wconf 80' lang='grc' dir='ltr'>τὸν</span> <span class='ocrx_word' id='word_1_575' title='bbox 2712 3320 2829 3374; x_wconf 80' lang='grc' dir='ltr'>υἱὸν</span> <span class='ocrx_word' id='word_1_576' title='bbox 2866 3321 3033 3375; x_wconf 79' lang='grc' dir='ltr'>αὑτοῦ</span> <span class='ocrx_word' id='word_1_577' title='bbox 3090 3322 3503 3377; x_wconf 79' lang='grc' dir='ltr'>Κωνσταντῖνον</span> <span class='ocrx_word' id='word_1_578' title='bbox 3546 3324 3637 3378; x_wconf 75' lang='grc' dir='ltr'><strong>διὰ</strong></span> <span class='ocrx_word' id='word_1_579' title='bbox 3668 3326 3823 3378; x_wconf 79' lang='grc' dir='ltr'>Εὐθυ-</span> 
     </span>
    </p>
   </div>
   <div class='ocr_carea' id='block_1_79' title="bbox 2258 3411 3824 3487">
    <p class='ocr_par' dir='ltr' id='par_1_79' title="bbox 2258 3411 3824 3487">
     <span class='ocr_line' id='line_1_79' title="bbox 2258 3411 3824 3487; baseline 0.004 -23"><span class='ocrx_word' id='word_1_580' title='bbox 2258 3411 2379 3482; x_wconf 83' lang='grc' dir='ltr'>μίου</span> <span class='ocrx_word' id='word_1_581' title='bbox 2440 3414 2801 3484; x_wconf 83' lang='grc' dir='ltr'>πατριάρχου.</span> <span class='ocrx_word' id='word_1_582' title='bbox 2868 3416 2927 3468; x_wconf 89' lang='grc' dir='ltr'><strong>Ὀ</strong></span> <span class='ocrx_word' id='word_1_583' title='bbox 2984 3415 3039 3469; x_wconf 79' lang='grc' dir='ltr'>δὲ</span> <span class='ocrx_word' id='word_1_584' title='bbox 3086 3416 3368 3487; x_wconf 80' lang='grc' dir='ltr'>,Σαμωνᾶς</span> <span class='ocrx_word' id='word_1_585' title='bbox 3422 3420 3824 3473; x_wconf 71' lang='grc' dir='ltr'>Κωνσταντῖνςν</span> 
     </span>
    </p>
   </div>
   <div class='ocr_carea' id='block_1_80' title="bbox 2254 3504 3825 3583">
    <p class='ocr_par' dir='ltr' id='par_1_80' title="bbox 2254 3504 3825 3583">
     <span class='ocr_line' id='line_1_80' title="bbox 2254 3504 3825 3583; baseline 0.006 -27"><span class='ocrx_word' id='word_1_586' title='bbox 2254 3504 2538 3573; x_wconf 78' lang='grc' dir='ltr'>ἄνθρωπον</span> <span class='ocrx_word' id='word_1_587' title='bbox 2578 3506 2766 3569; x_wconf 79' lang='grc' dir='ltr'>αὐτοῦ,</span> <span class='ocrx_word' id='word_1_588' title='bbox 2793 3506 2884 3560; x_wconf 77' lang='grc' dir='ltr'>τὸν</span> <span class='ocrx_word' id='word_1_589' title='bbox 2934 3510 3198 3579; x_wconf 80' lang='grc' dir='ltr'>πρότερον</span> <span class='ocrx_word' id='word_1_590' title='bbox 3248 3510 3513 3583; x_wconf 79' lang='grc' dir='ltr'>Βασιλείῳ</span> <span class='ocrx_word' id='word_1_591' title='bbox 3551 3514 3825 3582; x_wconf 82' lang='grc' dir='ltr'>μαγίστρῳ</span> 
     </span>
    </p>
   </div>
   <div class='ocr_carea' id='block_1_81' title="bbox 2255 3595 3828 3677">
    <p class='ocr_par' dir='ltr' id='par_1_81' title="bbox 2255 3595 3828 3677">
     <span class='ocr_line' id='line_1_81' title="bbox 2255 3595 3828 3677; baseline 0.006 -28"><span class='ocrx_word' id='word_1_592' title='bbox 2255 3595 2353 3649; x_wconf 79' lang='grc' dir='ltr'>καὶ</span> <span class='ocrx_word' id='word_1_593' title='bbox 2396 3597 2688 3668; x_wconf 84' lang='grc' dir='ltr'>κανικλείῳ</span> <span class='ocrx_word' id='word_1_594' title='bbox 2731 3600 3117 3669; x_wconf 86' lang='grc' dir='ltr'>δουλεύσαντα,</span> <span class='ocrx_word' id='word_1_595' title='bbox 3152 3606 3219 3674; x_wconf 76' lang='grc' dir='ltr'><strong>τῇ</strong></span> <span class='ocrx_word' id='word_1_596' title='bbox 3254 3604 3542 3677; x_wconf 78' lang='grc' dir='ltr'>Αύγούστῃ</span> <span class='ocrx_word' id='word_1_597' title='bbox 3581 3607 3828 3660; x_wconf 78' lang='grc' dir='ltr'>ἐπιδέδω-</span> 
     </span>
    </p>
   </div>
   <div class='ocr_carea' id='block_1_82' title="bbox 2256 3691 3824 3771">
    <p class='ocr_par' dir='ltr' id='par_1_82' title="bbox 2256 3691 3824 3771">
     <span class='ocr_line' id='line_1_82' title="bbox 2256 3691 3824 3771; baseline 0.008 -30"><span class='ocrx_word' id='word_1_598' title='bbox 2256 3705 2352 3742; x_wconf 83' lang='grc' dir='ltr'><strong>κεν</strong></span> <span class='ocrx_word' id='word_1_599' title='bbox 2381 3691 2516 3760; x_wconf 80' lang='grc' dir='ltr'>πρὸς</span> <span class='ocrx_word' id='word_1_600' title='bbox 2541 3691 2602 3744; x_wconf 82' lang='grc' dir='ltr'>τὸ</span> <span class='ocrx_word' id='word_1_601' title='bbox 2623 3692 2796 3765; x_wconf 74' lang='grc' dir='ltr'>ταύτῃ</span> <span class='ocrx_word' id='word_1_602' title='bbox 2831 3695 3225 3766; x_wconf 78' lang='grc' dir='ltr'>ὑπηρετεῖσθαι</span> <span class='ocrx_word' id='word_1_603' title='bbox 3253 3714 3265 3726; x_wconf 97' lang='grc'><strong>·</strong></span> <span class='ocrx_word' id='word_1_604' title='bbox 3300 3696 3358 3762; x_wconf 82' lang='grc' dir='ltr'>ὃς</span> <span class='ocrx_word' id='word_1_605' title='bbox 3390 3698 3649 3754; x_wconf 79' lang='grc' dir='ltr'>τοσοῦτον</span> <span class='ocrx_word' id='word_1_606' title='bbox 3690 3704 3824 3771; x_wconf 71' lang='grc' dir='ltr'><strong>ἡτα-</strong></span> 
     </span>
    </p>
   </div>
   <div class='ocr_carea' id='block_1_83' title="bbox 2257 3781 3825 3863">
    <p class='ocr_par' dir='ltr' id='par_1_83' title="bbox 2257 3781 3825 3863">
     <span class='ocr_line' id='line_1_83' title="bbox 2257 3781 3825 3863; baseline 0.004 -26"><span class='ocrx_word' id='word_1_607' title='bbox 2257 3781 2406 3853; x_wconf 85' lang='grc' dir='ltr'>πήθη</span> <span class='ocrx_word' id='word_1_608' title='bbox 2435 3785 2587 3854; x_wconf 88' lang='grc' dir='ltr'><strong>παρά</strong></span> <span class='ocrx_word' id='word_1_609' title='bbox 2618 3800 2677 3837; x_wconf 89' lang='grc' dir='ltr'><strong>τε</strong></span> <span class='ocrx_word' id='word_1_610' title='bbox 2713 3786 2808 3839; x_wconf 75' lang='grc' dir='ltr'><strong>τοῦ</strong></span> <span class='ocrx_word' id='word_1_611' title='bbox 2835 3787 3064 3852; x_wconf 79' lang='grc' dir='ltr'>Λέοντος</span> <span class='ocrx_word' id='word_1_612' title='bbox 3080 3790 3175 3842; x_wconf 75' lang='grc' dir='ltr'>καὶ</span> <span class='ocrx_word' id='word_1_613' title='bbox 3197 3790 3297 3860; x_wconf 84' lang='grc' dir='ltr'><strong>τῆς</strong></span> <span class='ocrx_word' id='word_1_614' title='bbox 3319 3790 3641 3863; x_wconf 78' lang='grc' dir='ltr'>βασιλίσσης</span> <span class='ocrx_word' id='word_1_615' title='bbox 3666 3794 3825 3862; x_wconf 76' lang='grc' dir='ltr'>αὐτῆς</span> 
     </span>
    </p>
   </div>
   <div class='ocr_carea' id='block_1_84' title="bbox 2257 3868 3825 3947">
    <p class='ocr_par' dir='ltr' id='par_1_84' title="bbox 2257 3868 3825 3947">
     <span class='ocr_line' id='line_1_84' title="bbox 2257 3868 3825 3947; baseline 0.006 -25"><span class='ocrx_word' id='word_1_616' title='bbox 2257 3868 2399 3923; x_wconf 81' lang='grc' dir='ltr'>ὥστε</span> <span class='ocrx_word' id='word_1_617' title='bbox 2439 3873 2533 3933; x_wconf 68' lang='grc' dir='ltr'>καὶ</span> <span class='ocrx_word' id='word_1_618' title='bbox 2570 3873 2663 3926; x_wconf 78' lang='grc' dir='ltr'>τὸν</span> <span class='ocrx_word' id='word_1_619' title='bbox 2692 3875 2961 3945; x_wconf 78' lang='grc' dir='ltr'><strong>Σαμωνᾶν</strong></span> <span class='ocrx_word' id='word_1_620' title='bbox 2986 3876 3393 3947; x_wconf 80' lang='grc' dir='ltr'>διαφθονεῖσθαι</span> <span class='ocrx_word' id='word_1_621' title='bbox 3423 3881 3591 3935; x_wconf 89' lang='grc' dir='ltr'>αύτδν</span> <span class='ocrx_word' id='word_1_622' title='bbox 3620 3883 3825 3936; x_wconf 69' lang='grc' dir='ltr'>καὶλοι-</span> 
     </span>
    </p>
   </div>
   <div class='ocr_carea' id='block_1_85' title="bbox 2256 3962 3824 4046">
    <p class='ocr_par' dir='ltr' id='par_1_85' title="bbox 2256 3962 3824 4046">
     <span class='ocr_line' id='line_1_85' title="bbox 2256 3962 3824 4046; baseline 0.007 -31"><span class='ocrx_word' id='word_1_623' title='bbox 2256 3962 2534 4033; x_wconf 82' lang='grc' dir='ltr'>δορεῖσθαι</span> <span class='ocrx_word' id='word_1_624' title='bbox 2560 3965 2749 4019; x_wconf 79' lang='grc' dir='ltr'>τοῦτον</span> <span class='ocrx_word' id='word_1_625' title='bbox 2780 3967 2856 4031; x_wconf 84' lang='grc' dir='ltr'>ὡς</span> <span class='ocrx_word' id='word_1_626' title='bbox 2898 3970 2967 4040; x_wconf 77' lang='grc' dir='ltr'>τῇ</span> <span class='ocrx_word' id='word_1_627' title='bbox 3003 3970 3289 4041; x_wconf 82' lang='grc' dir='ltr'>Αὑγούοτῃ</span> <span class='ocrx_word' id='word_1_628' title='bbox 3332 3973 3561 4028; x_wconf 85' lang='grc' dir='ltr'>συνόντα</span> <span class='ocrx_word' id='word_1_629' title='bbox 3594 3991 3609 4005; x_wconf 89' lang='grc'>·</span> <span class='ocrx_word' id='word_1_630' title='bbox 3645 3976 3771 4046; x_wconf 77' lang='grc' dir='ltr'>ὅπερ</span> <span class='ocrx_word' id='word_1_631' title='bbox 3798 3977 3824 4026; x_wconf 87' lang='grc' dir='ltr'><strong>ὁ</strong></span> 
     </span>
    </p>
   </div>
   <div class='ocr_carea' id='block_1_86' title="bbox 2261 4055 3824 4135">
    <p class='ocr_par' dir='ltr' id='par_1_86' title="bbox 2261 4055 3824 4135">
     <span class='ocr_line' id='line_1_86' title="bbox 2261 4055 3824 4135; baseline 0.006 -28"><span class='ocrx_word' id='word_1_632' title='bbox 2261 4055 2515 4123; x_wconf 77' lang='grc' dir='ltr'>βασιλεὺς</span> <span class='ocrx_word' id='word_1_633' title='bbox 2559 4057 2759 4128; x_wconf 80' lang='grc' dir='ltr'>ἀληθὲς</span> <span class='ocrx_word' id='word_1_634' title='bbox 2803 4055 2943 4113; x_wconf 75' lang='grc' dir='ltr'>εἶναι</span> <span class='ocrx_word' id='word_1_635' title='bbox 2970 4060 3300 4135; x_wconf 75' lang='grc' dir='ltr'>ύπονοήσας,</span> <span class='ocrx_word' id='word_1_636' title='bbox 3347 4065 3681 4132; x_wconf 76' lang='grc' dir='ltr'>ἀποστείλας</span> <span class='ocrx_word' id='word_1_637' title='bbox 3723 4071 3824 4121; x_wconf 76' lang='grc' dir='ltr'>ἀτι-</span> 
     </span>
    </p>
   </div>
   <div class='ocr_carea' id='block_1_87' title="bbox 2258 4144 3825 4231">
    <p class='ocr_par' dir='ltr' id='par_1_87' title="bbox 2258 4144 3825 4231">
     <span class='ocr_line' id='line_1_87' title="bbox 2258 4144 3825 4231; baseline 0.008 -34"><span class='ocrx_word' id='word_1_638' title='bbox 2258 4144 2471 4216; x_wconf 85' lang='grc' dir='ltr'>έκειρεν</span> <span class='ocrx_word' id='word_1_639' title='bbox 2500 4147 2663 4200; x_wconf 76' lang='grc' dir='ltr'>αὐτὸν</span> <span class='ocrx_word' id='word_1_640' title='bbox 2683 4149 2741 4202; x_wconf 75' lang='grc' dir='ltr'>ὲν</span> <span class='ocrx_word' id='word_1_641' title='bbox 2756 4152 2822 4219; x_wconf 77' lang='grc' dir='ltr'><strong>τῇ</strong></span> <span class='ocrx_word' id='word_1_642' title='bbox 2851 4149 2947 4204; x_wconf 83' lang='grc' dir='ltr'>τοῦ</span> <span class='ocrx_word' id='word_1_643' title='bbox 2986 4152 3166 4221; x_wconf 77' lang='grc' dir='ltr'>’Λγίου</span> <span class='ocrx_word' id='word_1_644' title='bbox 3199 4157 3478 4226; x_wconf 84' lang='grc' dir='ltr'>Ταρασίου</span> <span class='ocrx_word' id='word_1_645' title='bbox 3505 4164 3665 4231; x_wconf 81' lang='grc' dir='ltr'>μονῇ,</span> <span class='ocrx_word' id='word_1_646' title='bbox 3690 4158 3825 4227; x_wconf 75' lang='grc' dir='ltr'>αὐτῷ</span> 
     </span>
    </p>
   </div>
   <div class='ocr_carea' id='block_1_88' title="bbox 565 4225 2142 4319">
    <p class='ocr_par' dir='ltr' id='par_1_88' title="bbox 565 4225 2142 4303">
     <span class='ocr_line' id='line_1_88' title="bbox 565 4225 2142 4303; baseline 0.008 -25"><span class='ocrx_word' id='word_1_647' title='bbox 565 4226 832 4296; x_wconf 83' lang='lat' dir='ltr'><strong>recipere,</strong></span> <span class='ocrx_word' id='word_1_648' title='bbox 868 4225 1119 4283; x_wconf 63' lang='lat' dir='ltr'><strong>Samonas</strong></span> <span class='ocrx_word' id='word_1_649' title='bbox 1158 4228 1315 4299; x_wconf 83' lang='lat' dir='ltr'><strong>jubet</strong></span> <span class='ocrx_word' id='word_1_650' title='bbox 1348 4239 1408 4285; x_wconf 91' lang='lat' dir='ltr'><strong>ut</strong></span> <span class='ocrx_word' id='word_1_651' title='bbox 1445 4230 1499 4286; x_wconf 93' lang='lat' dir='ltr'><strong>in</strong></span> <span class='ocrx_word' id='word_1_652' title='bbox 1545 4231 1830 4303; x_wconf 84' lang='lat' dir='ltr'><strong>Spirarum</strong></span> <span class='ocrx_word' id='word_1_653' title='bbox 1874 4245 2142 4290; x_wconf 87' lang='lat' dir='ltr'><strong>monaste-</strong></span> 
     </span>
    </p>
   </div>
   <div class='ocr_carea' id='block_1_89' title="bbox 2249 4225 3827 4319">
    <p class='ocr_par' dir='ltr' id='par_1_89' title="bbox 2258 4225 3827 4319">
     <span class='ocr_line' id='line_1_89' title="bbox 2258 4225 3827 4319; baseline 0.01 -33"><span class='ocrx_word' id='word_1_654' title='bbox 2258 4234 2337 4305; x_wconf 83' lang='grc' dir='ltr'>τῷ</span> <span class='ocrx_word' id='word_1_655' title='bbox 2362 4235 2598 4308; x_wconf 76' lang='grc' dir='ltr'>Σαμωνᾷ</span> <span class='ocrx_word' id='word_1_656' title='bbox 2616 4240 2916 4308; x_wconf 80' lang='grc' dir='ltr'>ἐπιτρέψας</span> <span class='ocrx_word' id='word_1_657' title='bbox 2938 4242 3097 4297; x_wconf 84' lang='grc' dir='ltr'>τοῦτο</span> <span class='ocrx_word' id='word_1_658' title='bbox 3128 4225 3375 4316; x_wconf 83' lang='grc' dir='ltr'>ποιῆσαι.</span> <span class='ocrx_word' id='word_1_659' title='bbox 3400 4225 3536 4302; x_wconf 77' lang='grc' dir='ltr'>Μετ’</span> <span class='ocrx_word' id='word_1_660' title='bbox 3570 4225 3743 4319; x_wconf 69' lang='grc' dir='ltr'>ὀλίγον</span> 
     </span>
    </p>
   </div>
   <div class='ocr_carea' id='block_1_90' title="bbox 563 4319 2142 4412">
    <p class='ocr_par' dir='ltr' id='par_1_90' title="bbox 563 4319 2142 4399">
     <span class='ocr_line' id='line_1_90' title="bbox 563 4319 2142 4399; baseline 0.007 -25"><span class='ocrx_word' id='word_1_661' title='bbox 563 4319 709 4374; x_wconf 89' lang='lat' dir='ltr'><strong>rium</strong></span> <span class='ocrx_word' id='word_1_662' title='bbox 745 4337 871 4376; x_wconf 89' lang='lat' dir='ltr'><strong>eum</strong></span> <span class='ocrx_word' id='word_1_663' title='bbox 924 4322 1183 4379; x_wconf 88' lang='lat' dir='ltr'><strong>adducat.</strong></span> <span class='ocrx_word' id='word_1_664' title='bbox 1230 4321 1504 4395; x_wconf 81' lang='lat' dir='ltr'><strong>Egressus</strong></span> <span class='ocrx_word' id='word_1_665' title='bbox 1541 4326 1723 4398; x_wconf 89' lang='lat' dir='ltr'><strong>itaque</strong></span> <span class='ocrx_word' id='word_1_666' title='bbox 1758 4327 2054 4399; x_wconf 84' lang='lat' dir='ltr'><strong>imperator</strong></span> <span class='ocrx_word' id='word_1_667' title='bbox 2086 4329 2142 4385; x_wconf 78' lang='lat' dir='ltr'><strong>ad</strong></span> 
     </span>
    </p>
   </div>
   <div class='ocr_carea' id='block_1_91' title="bbox 2249 4319 3825 4412">
    <p class='ocr_par' dir='ltr' id='par_1_91' title="bbox 2262 4326 3825 4412">
     <span class='ocr_line' id='line_1_91' title="bbox 2262 4326 3825 4412; baseline -0.003 -15"><span class='ocrx_word' id='word_1_668' title='bbox 2262 4326 2583 4399; x_wconf 73' lang='grc' dir='ltr'><strong>βουλόμενος</strong></span> <span class='ocrx_word' id='word_1_669' title='bbox 2623 4331 2813 4387; x_wconf 83' lang='grc' dir='ltr'>τοῦτον</span> <span class='ocrx_word' id='word_1_670' title='bbox 2863 4335 3252 4404; x_wconf 75' lang='grc' dir='ltr'>ἀναλαΰὲσθαι,</span> <span class='ocrx_word' id='word_1_671' title='bbox 3298 4340 3588 4394; x_wconf 77' lang='grc' dir='ltr'>ἐκέλευσεν</span> <span class='ocrx_word' id='word_1_672' title='bbox 3628 4344 3705 4412; x_wconf 83' lang='grc' dir='ltr'>τῷ</span> <span class='ocrx_word' id='word_1_673' title='bbox 3733 4342 3825 4393; x_wconf 65' lang='grc' dir='ltr'><strong>Σι-</strong></span> 
     </span>
    </p>
   </div>
   <div class='ocr_carea' id='block_1_92' title="bbox 567 4414 2153 4490">
    <p class='ocr_par' dir='ltr' id='par_1_92' title="bbox 567 4414 2153 4490">
     <span class='ocr_line' id='line_1_92' title="bbox 567 4414 2153 4490; baseline 0.006 -23"><span class='ocrx_word' id='word_1_674' title='bbox 567 4414 945 4487; x_wconf 75' lang='lat' dir='ltr'><strong>Damatryum,</strong></span> <span class='ocrx_word' id='word_1_675' title='bbox 988 4426 1041 4472; x_wconf 92' lang='lat' dir='ltr'><strong>et</strong></span> <span class='ocrx_word' id='word_1_676' title='bbox 1088 4418 1143 4472; x_wconf 94' lang='lat' dir='ltr'><strong>in</strong></span> <span class='ocrx_word' id='word_1_677' title='bbox 1201 4417 1454 4475; x_wconf 75' lang='lat' dir='ltr'><strong>Samonze</strong></span> <span class='ocrx_word' id='word_1_678' title='bbox 1501 4434 1741 4490; x_wconf 86' lang='lat' dir='ltr'><strong>pransus</strong></span> <span class='ocrx_word' id='word_1_679' title='bbox 1792 4422 2153 4489; x_wconf 85' lang='lat' dir='ltr'><strong>monasterio,</strong></span> 
     </span>
    </p>
   </div>
   <div class='ocr_carea' id='block_1_93' title="bbox 566 4508 2158 4569">
    <p class='ocr_par' dir='ltr' id='par_1_93' title="bbox 566 4508 2158 4569">
     <span class='ocr_line' id='line_1_93' title="bbox 566 4508 2158 4569; baseline 0.004 -7"><span class='ocrx_word' id='word_1_680' title='bbox 566 4508 761 4563; x_wconf 80' lang='lat' dir='ltr'><strong>videns</strong></span> <span class='ocrx_word' id='word_1_681' title='bbox 777 4510 1200 4566; x_wconf 83' lang='lat' dir='ltr'><strong>Constantinum</strong></span> <span class='ocrx_word' id='word_1_682' title='bbox 1230 4511 1376 4568; x_wconf 91' lang='lat' dir='ltr'><strong>illico</strong></span> <span class='ocrx_word' id='word_1_683' title='bbox 1400 4512 1694 4569; x_wconf 64' lang='lat' dir='ltr'><strong>saeculares</strong></span> <span class='ocrx_word' id='word_1_684' title='bbox 1722 4521 1903 4568; x_wconf 73' lang='lat' dir='ltr'><strong>vestes</strong></span> <span class='ocrx_word' id='word_1_685' title='bbox 1932 4514 2158 4569; x_wconf 85' lang='lat' dir='ltr'><strong>manda-</strong></span> 
     </span>
    </p>
   </div>
   <div class='ocr_carea' id='block_1_94' title="bbox 566 4600 2158 4677">
    <p class='ocr_par' dir='ltr' id='par_1_94' title="bbox 566 4600 2158 4677">
     <span class='ocr_line' id='line_1_94' title="bbox 566 4600 2158 4677; baseline 0.006 -25"><span class='ocrx_word' id='word_1_686' title='bbox 566 4600 646 4655; x_wconf 85' lang='lat' dir='ltr'><strong>vit</strong></span> <span class='ocrx_word' id='word_1_687' title='bbox 682 4600 910 4658; x_wconf 89' lang='lat' dir='ltr'><strong>induere</strong></span> <span class='ocrx_word' id='word_1_688' title='bbox 937 4618 1002 4658; x_wconf 91' lang='lat' dir='ltr'><strong>ac</strong></span> <span class='ocrx_word' id='word_1_689' title='bbox 1028 4603 1375 4674; x_wconf 88' lang='lat' dir='ltr'><strong>imperatoris</strong></span> <span class='ocrx_word' id='word_1_690' title='bbox 1403 4605 1545 4660; x_wconf 85' lang='lat' dir='ltr'><strong>inter</strong></span> <span class='ocrx_word' id='word_1_691' title='bbox 1575 4604 1956 4675; x_wconf 87' lang='lat' dir='ltr'><strong>prandendum</strong></span> <span class='ocrx_word' id='word_1_692' title='bbox 1987 4621 2158 4677; x_wconf 86' lang='lat' dir='ltr'><strong>pocu-</strong></span> 
     </span>
    </p>
   </div>
   <div class='ocr_carea' id='block_1_95' title="bbox 570 4693 2154 4769">
    <p class='ocr_par' dir='ltr' id='par_1_95' title="bbox 570 4693 2154 4769">
     <span class='ocr_line' id='line_1_95' title="bbox 570 4693 2154 4769; baseline 0.007 -23"><span class='ocrx_word' id='word_1_693' title='bbox 570 4694 682 4747; x_wconf 91' lang='lat' dir='ltr'><strong>lum</strong></span> <span class='ocrx_word' id='word_1_694' title='bbox 706 4693 758 4748; x_wconf 92' lang='lat' dir='ltr'><strong>in</strong></span> <span class='ocrx_word' id='word_1_695' title='bbox 784 4710 980 4749; x_wconf 89' lang='lat' dir='ltr'><strong>manus</strong></span> <span class='ocrx_word' id='word_1_696' title='bbox 993 4697 1242 4767; x_wconf 90' lang='lat' dir='ltr'><strong>accipere</strong></span> <span class='ocrx_word' id='word_1_697' title='bbox 1268 4698 1639 4769; x_wconf 89' lang='lat' dir='ltr'><strong>secumquein</strong></span> <span class='ocrx_word' id='word_1_698' title='bbox 1667 4697 1937 4769; x_wconf 84' lang='lat' dir='ltr'><strong>palatium</strong></span> <span class='ocrx_word' id='word_1_699' title='bbox 1954 4698 2154 4757; x_wconf 86' lang='lat' dir='ltr'><strong>redire.</strong></span> 
     </span>
    </p>
   </div>
   <div class='ocr_carea' id='block_1_96' title="bbox 570 4783 2153 4862">
    <p class='ocr_par' dir='ltr' id='par_1_96' title="bbox 570 4783 2153 4862">
     <span class='ocr_line' id='line_1_96' title="bbox 570 4783 2153 4862; baseline 0.007 -23"><span class='ocrx_word' id='word_1_700' title='bbox 570 4783 737 4855; x_wconf 77' lang='lat'><strong>376</strong></span> <span class='ocrx_word' id='word_1_701' title='bbox 800 4784 1068 4842; x_wconf 90' lang='lat' dir='ltr'><strong>Samonas</strong></span> <span class='ocrx_word' id='word_1_702' title='bbox 1129 4787 1477 4858; x_wconf 83' lang='lat' dir='ltr'><strong>imperatoris</strong></span> <span class='ocrx_word' id='word_1_703' title='bbox 1533 4806 1663 4862; x_wconf 84' lang='lat' dir='ltr'><strong>erga</strong></span> <span class='ocrx_word' id='word_1_704' title='bbox 1730 4790 2153 4850; x_wconf 86' lang='lat' dir='ltr'><strong>Constantinum</strong></span> 
     </span>
    </p>
   </div>
   <div class='ocr_carea' id='block_1_97' title="bbox 572 4884 2161 4954">
    <p class='ocr_par' dir='ltr' id='par_1_97' title="bbox 572 4884 2161 4954">
     <span class='ocr_line' id='line_1_97' title="bbox 572 4884 2161 4954; baseline 0.009 -25"><span class='ocrx_word' id='word_1_705' title='bbox 572 4890 903 4946; x_wconf 81' lang='lat' dir='ltr'><strong>propensum</strong></span> <span class='ocrx_word' id='word_1_706' title='bbox 927 4894 1168 4935; x_wconf 90' lang='lat' dir='ltr'><strong>amorem</strong></span> <span class='ocrx_word' id='word_1_707' title='bbox 1203 4884 1393 4938; x_wconf 86' lang='lat' dir='ltr'><strong>videns</strong></span> <span class='ocrx_word' id='word_1_708' title='bbox 1430 4899 1743 4954; x_wconf 75' lang='lat' dir='ltr'><strong>augescere,</strong></span> <span class='ocrx_word' id='word_1_709' title='bbox 1769 4901 1829 4941; x_wconf 91' lang='lat' dir='ltr'><strong>re</strong></span> <span class='ocrx_word' id='word_1_710' title='bbox 1852 4902 1976 4941; x_wconf 93' lang='lat' dir='ltr'><strong>cum</strong></span> <span class='ocrx_word' id='word_1_711' title='bbox 2000 4887 2161 4943; x_wconf 86' lang='lat' dir='ltr'><strong>cubi-</strong></span> 
     </span>
    </p>
   </div>
   <div class='ocr_carea' id='block_1_98' title="bbox 572 4968 2160 5050">
    <p class='ocr_par' dir='ltr' id='par_1_98' title="bbox 572 4968 2160 5050">
     <span class='ocr_line' id='line_1_98' title="bbox 572 4968 2160 5050; baseline 0.009 -29"><span class='ocrx_word' id='word_1_712' title='bbox 572 4968 907 5024; x_wconf 87' lang='lat' dir='ltr'><strong>culariorum</strong></span> <span class='ocrx_word' id='word_1_713' title='bbox 941 4973 1181 5027; x_wconf 76' lang='lat' dir='ltr'><strong>maximo</strong></span> <span class='ocrx_word' id='word_1_714' title='bbox 1205 4984 1259 5030; x_wconf 91' lang='lat' dir='ltr'><strong>et</strong></span> <span class='ocrx_word' id='word_1_715' title='bbox 1285 4975 1549 5033; x_wconf 84' lang='lat' dir='ltr'><strong>Michaele</strong></span> <span class='ocrx_word' id='word_1_716' title='bbox 1578 4976 1909 5037; x_wconf 79' lang='lat' dir='ltr'><strong>Tzirethone</strong></span> <span class='ocrx_word' id='word_1_717' title='bbox 1931 4988 2160 5050; x_wconf 83' lang='lat' dir='ltr'><strong>compo-</strong></span> 
     </span>
    </p>
   </div>
   <div class='ocr_carea' id='block_1_99' title="bbox 575 5062 2162 5130">
    <p class='ocr_par' dir='ltr' id='par_1_99' title="bbox 575 5062 2162 5130">
     <span class='ocr_line' id='line_1_99' title="bbox 575 5062 2162 5130; baseline 0.007 -11"><span class='ocrx_word' id='word_1_718' title='bbox 575 5062 702 5130; x_wconf 88' lang='lat' dir='ltr'><strong>sita,</strong></span> <span class='ocrx_word' id='word_1_719' title='bbox 753 5063 997 5119; x_wconf 91' lang='lat' dir='ltr'><strong>libellum</strong></span> <span class='ocrx_word' id='word_1_720' title='bbox 1059 5066 1363 5123; x_wconf 88' lang='lat' dir='ltr'><strong>innumeris</strong></span> <span class='ocrx_word' id='word_1_721' title='bbox 1418 5070 1470 5122; x_wconf 91' lang='lat' dir='ltr'><strong>in</strong></span> <span class='ocrx_word' id='word_1_722' title='bbox 1514 5069 1752 5126; x_wconf 87' lang='lat' dir='ltr'><strong>Leonem</strong></span> <span class='ocrx_word' id='word_1_723' title='bbox 1785 5072 2052 5130; x_wconf 88' lang='lat' dir='ltr'><strong>conviciis</strong></span> <span class='ocrx_word' id='word_1_724' title='bbox 2094 5090 2162 5130; x_wconf 88' lang='lat' dir='ltr'><strong>ac</strong></span> 
     </span>
    </p>
   </div>
   <div class='ocr_carea' id='block_1_100' title="bbox 577 5157 2160 5233">
    <p class='ocr_par' dir='ltr' id='par_1_100' title="bbox 577 5157 2160 5233">
     <span class='ocr_line' id='line_1_100' title="bbox 577 5157 2160 5233; baseline 0.009 -26"><span class='ocrx_word' id='word_1_725' title='bbox 577 5157 904 5215; x_wconf 74' lang='lat' dir='ltr'><strong>criminibus</strong></span> <span class='ocrx_word' id='word_1_726' title='bbox 943 5158 1250 5217; x_wconf 88' lang='lat' dir='ltr'><strong>confertum</strong></span> <span class='ocrx_word' id='word_1_727' title='bbox 1290 5177 1388 5233; x_wconf 87' lang='lat' dir='ltr'><strong>per</strong></span> <span class='ocrx_word' id='word_1_728' title='bbox 1412 5160 1833 5219; x_wconf 88' lang='lat' dir='ltr'><strong>Constantinum</strong></span> <span class='ocrx_word' id='word_1_729' title='bbox 1885 5162 2160 5221; x_wconf 78' lang='lat' dir='ltr'><strong>Rhodium</strong></span> 
     </span>
    </p>
   </div>
   <div class='ocr_carea' id='block_1_101' title="bbox 580 5248 2156 5329">
    <p class='ocr_par' dir='ltr' id='par_1_101' title="bbox 580 5248 2156 5329">
     <span class='ocr_line' id='line_1_101' title="bbox 580 5248 2156 5329; baseline 0.009 -28"><span class='ocrx_word' id='word_1_730' title='bbox 580 5248 726 5305; x_wconf 90' lang='lat' dir='ltr'><strong>illius</strong></span> <span class='ocrx_word' id='word_1_731' title='bbox 757 5252 993 5307; x_wconf 84' lang='lat' dir='ltr'><strong>scribam</strong></span> <span class='ocrx_word' id='word_1_732' title='bbox 1023 5256 1506 5326; x_wconf 79' lang='lat' dir='ltr'><strong>contexuntinque</strong></span> <span class='ocrx_word' id='word_1_733' title='bbox 1522 5255 1810 5313; x_wconf 83' lang='lat' dir='ltr'><strong>Metatorio</strong></span> <span class='ocrx_word' id='word_1_734' title='bbox 1839 5259 2156 5329; x_wconf 76' lang='lat' dir='ltr'><strong>projiciunt.</strong></span> 
     </span>
    </p>
   </div>
   <div class='ocr_carea' id='block_1_102' title="bbox 580 5337 2158 5423">
    <p class='ocr_par' dir='ltr' id='par_1_102' title="bbox 580 5337 2158 5423">
     <span class='ocr_line' id='line_1_102' title="bbox 580 5337 2158 5423; baseline 0.013 -33"><span class='ocrx_word' id='word_1_735' title='bbox 580 5337 860 5410; x_wconf 85' lang='lat' dir='ltr'><strong>Ingressus</strong></span> <span class='ocrx_word' id='word_1_736' title='bbox 895 5354 1074 5399; x_wconf 88' lang='lat' dir='ltr'><strong>autem</strong></span> <span class='ocrx_word' id='word_1_737' title='bbox 1119 5346 1413 5417; x_wconf 85' lang='lat' dir='ltr'><strong>imperator</strong></span> <span class='ocrx_word' id='word_1_738' title='bbox 1456 5348 1510 5401; x_wconf 92' lang='lat' dir='ltr'><strong>in</strong></span> <span class='ocrx_word' id='word_1_739' title='bbox 1545 5344 1805 5423; x_wconf 76' lang='lat' dir='ltr'><strong>Majorem</strong></span> <span class='ocrx_word' id='word_1_740' title='bbox 1850 5352 2158 5416; x_wconf 81' lang='lat' dir='ltr'><strong>ecclesiam,</strong></span> 
     </span>
    </p>
   </div>
   <div class='ocr_carea' id='block_1_103' title="bbox 467 5434 2161 5515">
    <p class='ocr_par' dir='ltr' id='par_1_103' title="bbox 467 5434 2161 5515">
     <span class='ocr_line' id='line_1_103' title="bbox 467 5434 2161 5515; baseline 0.012 -33"><span class='ocrx_word' id='word_1_741' title='bbox 467 5463 470 5466; x_wconf 72' lang='lat'><strong><em>~</em></strong></span> <span class='ocrx_word' id='word_1_742' title='bbox 579 5446 701 5486; x_wconf 87' lang='lat' dir='ltr'><strong>cum</strong></span> <span class='ocrx_word' id='word_1_743' title='bbox 735 5434 788 5488; x_wconf 95' lang='lat' dir='ltr'><strong>in</strong></span> <span class='ocrx_word' id='word_1_744' title='bbox 824 5437 1167 5496; x_wconf 84' lang='lat' dir='ltr'><strong>Metatorinm</strong></span> <span class='ocrx_word' id='word_1_745' title='bbox 1205 5456 1263 5497; x_wconf 88' lang='lat' dir='ltr'><strong>se</strong></span> <span class='ocrx_word' id='word_1_746' title='bbox 1305 5444 1623 5514; x_wconf 83' lang='lat' dir='ltr'><strong>recepisset,</strong></span> <span class='ocrx_word' id='word_1_747' title='bbox 1675 5460 1784 5515; x_wconf 86' lang='lat' dir='ltr'><strong>quo</strong></span> <span class='ocrx_word' id='word_1_748' title='bbox 1813 5445 1935 5501; x_wconf 80' lang='lat' dir='ltr'><strong>loco</strong></span> <span class='ocrx_word' id='word_1_749' title='bbox 1971 5461 2161 5514; x_wconf 85' lang='lat' dir='ltr'><strong>preces</strong></span> 
     </span>
    </p>
   </div>
   <div class='ocr_carea' id='block_1_104' title="bbox 2263 4422 3823 4502">
    <p class='ocr_par' dir='ltr' id='par_1_104' title="bbox 2263 4422 3823 4502">
     <span class='ocr_line' id='line_1_104' title="bbox 2263 4422 3823 4502; baseline 0.007 -29"><span class='ocrx_word' id='word_1_750' title='bbox 2263 4422 2421 4493; x_wconf 82' lang='grc' dir='ltr'><strong>μωνᾷ</strong></span> <span class='ocrx_word' id='word_1_751' title='bbox 2455 4423 2515 4474; x_wconf 78' lang='grc' dir='ltr'>ὲν</span> <span class='ocrx_word' id='word_1_752' title='bbox 2547 4426 2615 4493; x_wconf 78' lang='grc' dir='ltr'><strong>τῇ</strong></span> <span class='ocrx_word' id='word_1_753' title='bbox 2664 4425 2776 4478; x_wconf 83' lang='grc' dir='ltr'><strong>τῶν</strong></span> <span class='ocrx_word' id='word_1_754' title='bbox 2808 4426 3058 4497; x_wconf 84' lang='grc' dir='ltr'>Σπειρῶν</span> <span class='ocrx_word' id='word_1_755' title='bbox 3104 4431 3238 4501; x_wconf 78' lang='grc' dir='ltr'>μονῇ</span> <span class='ocrx_word' id='word_1_756' title='bbox 3287 4430 3478 4486; x_wconf 82' lang='grc' dir='ltr'>τοῦτον</span> <span class='ocrx_word' id='word_1_757' title='bbox 3509 4434 3823 4502; x_wconf 79' lang='grc' dir='ltr'>ἀπαγαγεῖν.</span> 
     </span>
    </p>
   </div>
   <div class='ocr_carea' id='block_1_105' title="bbox 2274 4513 3822 4595">
    <p class='ocr_par' dir='ltr' id='par_1_105' title="bbox 2274 4513 3822 4595">
     <span class='ocr_line' id='line_1_105' title="bbox 2274 4513 3822 4595; baseline 0.009 -29"><span class='ocrx_word' id='word_1_758' title='bbox 2274 4514 2363 4567; x_wconf 84' lang='grc' dir='ltr'><strong>Ἐν</strong></span> <span class='ocrx_word' id='word_1_759' title='bbox 2384 4513 2463 4585; x_wconf 81' lang='grc' dir='ltr'>τῷ</span> <span class='ocrx_word' id='word_1_760' title='bbox 2496 4517 2760 4588; x_wconf 74' lang='grc' dir='ltr'>Δαματρὺ</span> <span class='ocrx_word' id='word_1_761' title='bbox 2787 4514 2883 4573; x_wconf 79' lang='grc' dir='ltr'>οὖν</span> <span class='ocrx_word' id='word_1_762' title='bbox 2911 4523 2939 4573; x_wconf 80' lang='grc' dir='ltr'>ὁ</span> <span class='ocrx_word' id='word_1_763' title='bbox 2962 4520 3217 4591; x_wconf 76' lang='grc' dir='ltr'>βασιλεὺς</span> <span class='ocrx_word' id='word_1_764' title='bbox 3268 4524 3525 4590; x_wconf 79' lang='grc' dir='ltr'>ἐξελθὼν,</span> <span class='ocrx_word' id='word_1_765' title='bbox 3561 4530 3651 4581; x_wconf 74' lang='grc' dir='ltr'>καὶ</span> <span class='ocrx_word' id='word_1_766' title='bbox 3682 4530 3733 4580; x_wconf 77' lang='grc' dir='ltr'>ὲν</span> <span class='ocrx_word' id='word_1_767' title='bbox 3763 4529 3822 4595; x_wconf 75' lang='grc' dir='ltr'>τῇ</span> 
     </span>
    </p>
   </div>
   <div class='ocr_carea' id='block_1_106' title="bbox 2261 4606 3826 4687">
    <p class='ocr_par' dir='ltr' id='par_1_106' title="bbox 2261 4606 3826 4687">
     <span class='ocr_line' id='line_1_106' title="bbox 2261 4606 3826 4687; baseline 0.006 -28"><span class='ocrx_word' id='word_1_768' title='bbox 2261 4606 2356 4660; x_wconf 83' lang='grc' dir='ltr'>τοῦ</span> <span class='ocrx_word' id='word_1_769' title='bbox 2382 4608 2623 4679; x_wconf 76' lang='grc' dir='ltr'><strong>Σαμωνᾶ</strong></span> <span class='ocrx_word' id='word_1_770' title='bbox 2669 4610 3068 4682; x_wconf 84' lang='grc' dir='ltr'>ἀριστήσαντος</span> <span class='ocrx_word' id='word_1_771' title='bbox 3100 4618 3257 4687; x_wconf 75' lang='grc' dir='ltr'>μονῇ,</span> <span class='ocrx_word' id='word_1_772' title='bbox 3306 4611 3447 4671; x_wconf 83' lang='grc' dir='ltr'>εἶδεν</span> <span class='ocrx_word' id='word_1_773' title='bbox 3500 4622 3826 4674; x_wconf 75' lang='grc' dir='ltr'>Κωνσταντῐ-</span> 
     </span>
    </p>
   </div>
   <div class='ocr_carea' id='block_1_107' title="bbox 2262 4703 3825 4777">
    <p class='ocr_par' dir='ltr' id='par_1_107' title="bbox 2262 4703 3825 4777">
     <span class='ocr_line' id='line_1_107' title="bbox 2262 4703 3825 4777; baseline 0.006 -25"><span class='ocrx_word' id='word_1_774' title='bbox 2262 4716 2376 4767; x_wconf 91' lang='grc' dir='ltr'>νον,</span> <span class='ocrx_word' id='word_1_775' title='bbox 2414 4703 2509 4756; x_wconf 79' lang='grc' dir='ltr'>καὶ</span> <span class='ocrx_word' id='word_1_776' title='bbox 2533 4704 2780 4776; x_wconf 73' lang='grc' dir='ltr'>παρευθὺ</span> <span class='ocrx_word' id='word_1_777' title='bbox 2814 4705 3216 4777; x_wconf 83' lang='grc' dir='ltr'>διεκελεύσατο,</span> <span class='ocrx_word' id='word_1_778' title='bbox 3254 4712 3347 4764; x_wconf 72' lang='grc' dir='ltr'>καὶ</span> <span class='ocrx_word' id='word_1_779' title='bbox 3376 4712 3635 4770; x_wconf 77' lang='grc' dir='ltr'>ἐνέδυσαν</span> <span class='ocrx_word' id='word_1_780' title='bbox 3677 4714 3825 4767; x_wconf 70' lang='grc' dir='ltr'>αὑτὸν</span> 
     </span>
    </p>
   </div>
   <div class='ocr_carea' id='block_1_108' title="bbox 2264 4793 3823 4881">
    <p class='ocr_par' dir='ltr' id='par_1_108' title="bbox 2264 4793 3823 4881">
     <span class='ocr_line' id='line_1_108' title="bbox 2264 4793 3823 4881; baseline 0.007 -35"><span class='ocrx_word' id='word_1_781' title='bbox 2264 4793 2460 4863; x_wconf 84' lang='grc' dir='ltr'>ίμάτια</span> <span class='ocrx_word' id='word_1_782' title='bbox 2505 4798 2766 4868; x_wconf 83' lang='grc' dir='ltr'>κοσμικὰ,</span> <span class='ocrx_word' id='word_1_783' title='bbox 2813 4801 2908 4852; x_wconf 76' lang='grc' dir='ltr'>καὶ</span> <span class='ocrx_word' id='word_1_784' title='bbox 2955 4802 3237 4857; x_wconf 77' lang='grc' dir='ltr'>ἐπέδωκαν</span> <span class='ocrx_word' id='word_1_785' title='bbox 3281 4808 3361 4870; x_wconf 77' lang='grc' dir='ltr'><strong>εἰς</strong></span> <span class='ocrx_word' id='word_1_786' title='bbox 3400 4810 3593 4881; x_wconf 85' lang='grc' dir='ltr'>χεῖρας</span> <span class='ocrx_word' id='word_1_787' title='bbox 3634 4811 3693 4863; x_wconf 77' lang='grc' dir='ltr'>τὸ</span> <span class='ocrx_word' id='word_1_788' title='bbox 3737 4804 3823 4859; x_wconf 70' lang='grc' dir='ltr'>τοῦ</span> 
     </span>
    </p>
   </div>
   <div class='ocr_carea' id='block_1_109' title="bbox 2264 4885 3825 4970">
    <p class='ocr_par' dir='ltr' id='par_1_109' title="bbox 2264 4885 3825 4970">
     <span class='ocr_line' id='line_1_109' title="bbox 2264 4885 3825 4970; baseline 0.01 -31"><span class='ocrx_word' id='word_1_789' title='bbox 2264 4885 2529 4956; x_wconf 86' lang='grc' dir='ltr'>βασιλέως</span> <span class='ocrx_word' id='word_1_790' title='bbox 2565 4891 2825 4962; x_wconf 80' lang='grc' dir='ltr'>ποτήριον</span> <span class='ocrx_word' id='word_1_791' title='bbox 2869 4892 2929 4945; x_wconf 69' lang='grc' dir='ltr'>ὲν</span> <span class='ocrx_word' id='word_1_792' title='bbox 2973 4894 3049 4965; x_wconf 84' lang='grc' dir='ltr'>τῷ</span> <span class='ocrx_word' id='word_1_793' title='bbox 3081 4897 3311 4969; x_wconf 77' lang='grc' dir='ltr'>ἀρίστῳ,</span> <span class='ocrx_word' id='word_1_794' title='bbox 3354 4900 3452 4954; x_wconf 79' lang='grc' dir='ltr'>καὶ</span> <span class='ocrx_word' id='word_1_795' title='bbox 3502 4902 3825 4970; x_wconf 70' lang='grc' dir='ltr'>ὑπέστρεψεν</span> 
     </span>
    </p>
   </div>
   <div class='ocr_carea' id='block_1_110' title="bbox 2266 4978 3831 5064">
    <p class='ocr_par' dir='ltr' id='par_1_110' title="bbox 2266 4978 3831 5064">
     <span class='ocr_line' id='line_1_110' title="bbox 2266 4978 3831 5064; baseline 0.013 -34"><span class='ocrx_word' id='word_1_796' title='bbox 2266 4978 2408 5047; x_wconf 72' lang='grc' dir='ltr'>μετά</span> <span class='ocrx_word' id='word_1_797' title='bbox 2427 4978 2519 5032; x_wconf 85' lang='grc' dir='ltr'>τοῦ</span> <span class='ocrx_word' id='word_1_798' title='bbox 2553 4978 2820 5050; x_wconf 85' lang='grc' dir='ltr'>βασιλέως</span> <span class='ocrx_word' id='word_1_799' title='bbox 2846 4984 2905 5037; x_wconf 70' lang='grc' dir='ltr'>ἒν</span> <span class='ocrx_word' id='word_1_800' title='bbox 2935 4986 3015 5055; x_wconf 86' lang='grc' dir='ltr'><strong>τῷ</strong></span> <span class='ocrx_word' id='word_1_801' title='bbox 3047 4989 3313 5061; x_wconf 83' lang='grc' dir='ltr'>παλατίῳ.</span> <span class='ocrx_word' id='word_1_802' title='bbox 3344 4992 3540 5064; x_wconf 46' lang='grc' dir='ltr'>θυρῶν</span> <span class='ocrx_word' id='word_1_803' title='bbox 3565 4996 3618 5048; x_wconf 87' lang='grc' dir='ltr'>δὲ</span> <span class='ocrx_word' id='word_1_804' title='bbox 3648 4997 3831 5063; x_wconf 77' lang='grc' dir='ltr'><strong>Σαμωο</strong></span> 
     </span>
    </p>
   </div>
   <div class='ocr_carea' id='block_1_111' title="bbox 2264 5074 3831 5157">
    <p class='ocr_par' dir='ltr' id='par_1_111' title="bbox 2264 5074 3831 5157">
     <span class='ocr_line' id='line_1_111' title="bbox 2264 5074 3831 5157; baseline 0.006 -31"><span class='ocrx_word' id='word_1_805' title='bbox 2264 5074 2363 5137; x_wconf 80' lang='grc' dir='ltr'>νᾶς</span> <span class='ocrx_word' id='word_1_806' title='bbox 2394 5074 2493 5145; x_wconf 80' lang='grc' dir='ltr'>τὴν</span> <span class='ocrx_word' id='word_1_807' title='bbox 2538 5075 2633 5129; x_wconf 83' lang='grc' dir='ltr'>τοῦ</span> <span class='ocrx_word' id='word_1_808' title='bbox 2668 5076 2935 5147; x_wconf 83' lang='grc' dir='ltr'>βασιλέως</span> <span class='ocrx_word' id='word_1_809' title='bbox 2969 5081 3189 5155; x_wconf 84' lang='grc' dir='ltr'>ἀγάπην</span> <span class='ocrx_word' id='word_1_810' title='bbox 3243 5087 3383 5157; x_wconf 82' lang='grc' dir='ltr'>πρὸς</span> <span class='ocrx_word' id='word_1_811' title='bbox 3434 5088 3831 5144; x_wconf 67' lang='grc' dir='ltr'>Κωνσταντίπιν</span> 
     </span>
    </p>
   </div>
   <div class='ocr_carea' id='block_1_112' title="bbox 2266 5164 3831 5253">
    <p class='ocr_par' dir='ltr' id='par_1_112' title="bbox 2266 5164 3831 5253">
     <span class='ocr_line' id='line_1_112' title="bbox 2266 5164 3831 5253; baseline 0.009 -36"><span class='ocrx_word' id='word_1_812' title='bbox 2266 5164 2681 5238; x_wconf 79' lang='grc' dir='ltr'>αὐξανομένην,</span> <span class='ocrx_word' id='word_1_813' title='bbox 2740 5171 3028 5227; x_wconf 80' lang='grc' dir='ltr'>πιττάκιον</span> <span class='ocrx_word' id='word_1_814' title='bbox 3076 5178 3358 5249; x_wconf 78' lang='grc' dir='ltr'>συντίθησι</span> <span class='ocrx_word' id='word_1_815' title='bbox 3396 5182 3540 5251; x_wconf 78' lang='grc' dir='ltr'>μετὰ</span> <span class='ocrx_word' id='word_1_816' title='bbox 3585 5181 3831 5253; x_wconf 72' lang='grc' dir='ltr'>μεγίστου</span> 
     </span>
    </p>
   </div>
   <div class='ocr_carea' id='block_1_113' title="bbox 2230 5258 3834 5345">
    <p class='ocr_par' dir='ltr' id='par_1_113' title="bbox 2230 5258 3834 5345">
     <span class='ocr_line' id='line_1_113' title="bbox 2230 5258 3834 5345; baseline 0.007 -34"><span class='ocrx_word' id='word_1_817' title='bbox 2230 5312 2241 5321; x_wconf 77' lang='grc'><strong>,</strong></span> <span class='ocrx_word' id='word_1_818' title='bbox 2268 5258 2585 5312; x_wconf 86' lang='grc' dir='ltr'>κοιτωνίτου</span> <span class='ocrx_word' id='word_1_819' title='bbox 2631 5262 2729 5315; x_wconf 74' lang='grc' dir='ltr'>καὶ</span> <span class='ocrx_word' id='word_1_820' title='bbox 2775 5264 2994 5336; x_wconf 76' lang='grc' dir='ltr'>Μιχαὴλ</span> <span class='ocrx_word' id='word_1_821' title='bbox 3040 5268 3385 5339; x_wconf 73' lang='grc' dir='ltr'>Τζιρήθωνος</span> <span class='ocrx_word' id='word_1_822' title='bbox 3412 5272 3673 5345; x_wconf 79' lang='grc' dir='ltr'>λοιδορίας</span> <span class='ocrx_word' id='word_1_823' title='bbox 3697 5267 3834 5323; x_wconf 68' lang='grc' dir='ltr'>κατὰ</span> 
     </span>
    </p>
   </div>
   <div class='ocr_carea' id='block_1_114' title="bbox 2220 5352 3835 5434">
    <p class='ocr_par' dir='ltr' id='par_1_114' title="bbox 2220 5352 3835 5434">
     <span class='ocr_line' id='line_1_114' title="bbox 2220 5352 3835 5434; baseline 0.004 -30"><span class='ocrx_word' id='word_1_824' title='bbox 2220 5393 2225 5397; x_wconf 88' lang='grc'><strong>.</strong></span> <span class='ocrx_word' id='word_1_825' title='bbox 2270 5352 2535 5422; x_wconf 77' lang='grc' dir='ltr'>βασιλέως</span> <span class='ocrx_word' id='word_1_826' title='bbox 2564 5354 2687 5425; x_wconf 70' lang='grc' dir='ltr'>ἕχον</span> <span class='ocrx_word' id='word_1_827' title='bbox 2729 5352 2814 5427; x_wconf 84' lang='lat' dir='ltr'><strong>[P.</strong></span> <span class='ocrx_word' id='word_1_828' title='bbox 2866 5357 2997 5434; x_wconf 73' lang='grc'><strong>⁸252]</strong></span> <span class='ocrx_word' id='word_1_829' title='bbox 3045 5360 3327 5431; x_wconf 82' lang='grc' dir='ltr'>ἀπείρους,</span> <span class='ocrx_word' id='word_1_830' title='bbox 3357 5363 3447 5418; x_wconf 79' lang='grc' dir='ltr'><strong>διὰ</strong></span> <span class='ocrx_word' id='word_1_831' title='bbox 3502 5366 3591 5419; x_wconf 86' lang='grc' dir='ltr'>τοῦ</span> <span class='ocrx_word' id='word_1_832' title='bbox 3636 5361 3835 5416; x_wconf 75' lang='grc' dir='ltr'>Ῥοδίου</span> 
     </span>
    </p>
   </div>
   <div class='ocr_carea' id='block_1_115' title="bbox 2269 5446 3803 5526">
    <p class='ocr_par' dir='ltr' id='par_1_115' title="bbox 2269 5446 3803 5526">
     <span class='ocr_line' id='line_1_115' title="bbox 2269 5446 3803 5526; baseline 0.007 -29"><span class='ocrx_word' id='word_1_833' title='bbox 2269 5446 2684 5501; x_wconf 72' lang='grc' dir='ltr'>Κωνσταντίνου</span> <span class='ocrx_word' id='word_1_834' title='bbox 2736 5448 2830 5504; x_wconf 77' lang='grc' dir='ltr'><strong>τοῦ</strong></span> <span class='ocrx_word' id='word_1_835' title='bbox 2876 5450 3041 5506; x_wconf 76' lang='grc' dir='ltr'>αὐτοῦ</span> <span class='ocrx_word' id='word_1_836' title='bbox 3071 5453 3436 5526; x_wconf 76' lang='grc' dir='ltr'>ὕπογραφέως</span> <span class='ocrx_word' id='word_1_837' title='bbox 3467 5458 3619 5512; x_wconf 78' lang='grc' dir='ltr'>τοῦτο</span> <span class='ocrx_word' id='word_1_838' title='bbox 3645 5454 3803 5510; x_wconf 75' lang='grc' dir='ltr'>συντά</span> 
     </span>
    </p>
   </div>
   <div class='ocr_carea' id='block_1_116' title="bbox 1874 5558 2553 5617">
    <p class='ocr_par' dir='ltr' id='par_1_116' title="bbox 1874 5558 2553 5617">
     <span class='ocr_line' id='line_1_116' title="bbox 1874 5558 2553 5617; baseline 0.003 -3"><span class='ocrx_word' id='word_1_839' title='bbox 1874 5559 2104 5614; x_wconf 66' lang='lat' dir='ltr'><strong>VARI/Ii</strong></span> <span class='ocrx_word' id='word_1_840' title='bbox 2148 5558 2553 5617; x_wconf 58' lang='lat' dir='ltr'><strong>LECTHHES.</strong></span> 
     </span>
    </p>
   </div>
   <div class='ocr_carea' id='block_1_117' title="bbox 691 5620 925 5677">
    <p class='ocr_par' dir='ltr' id='par_1_117' title="bbox 691 5620 925 5677">
     <span class='ocr_line' id='line_1_117' title="bbox 691 5620 925 5677; baseline 0.009 -2"><span class='ocrx_word' id='word_1_841' title='bbox 691 5620 737 5652; x_wconf 81' lang='grc'><strong>⁶²</strong></span> <span class='ocrx_word' id='word_1_842' title='bbox 763 5622 880 5677; x_wconf 77' lang='grc' dir='ltr'>ὁδὸν</span> <span class='ocrx_word' id='word_1_843' title='bbox 903 5625 925 5677; x_wconf 89' lang='lat'><strong>?</strong></span> 
     </span>
    </p>
   </div>
  </div>
