3962 6204
566 323 679 387 395

1651 313 2151 377 TIIEOPHANES
2181 316 2731 379 CONTINUATUS.
3708 322 3790 386 390

573 433 859 505 Euthymio
898 446 1022 488 eum
1052 431 1244 485 iterum
1277 429 1329 483 in
1358 427 1706 497 patriarchali
1736 428 1875 480 snlio
1903 426 2136 481 colloca-

2244 431 2335 485 τοῦ
2365 448 2670 503 πατριαρχε
2681 431 2758 485 ίου
2783 430 3075 500 Εὐθύμιον,
3103 429 3590 503 καὶένεθρονίασεν
3609 432 3689 487 τὸν
3706 438 3789 490 αὖ.

569 529 664 582 vit.
696 524 889 581 Habito
920 533 1096 578 autem
1115 520 1280 592 378
1302 520 1355 574 in
1379 519 1671 591 Maguaura
1694 520 1944 582 consilio,
1968 534 2143 588 exque

568 620 780 689 Agatho
806 617 1037 673 deducto
1064 612 1372 683 Euthymio,
1401 628 1506 667 una
1542 628 1665 667 eum
1696 608 1923 665 Nicolao
1947 612 2143 666 sedens

570 712 891 769 sacerdotali
933 726 1055 765 eum
1114 708 1380 780 dignitate
1420 709 1588 763 exuit.
1641 706 1765 762 Mox
1811 722 1936 761 vero
1993 705 2145 762 velut

567 807 696 861 ferae
724 804 909 859 bestia:
940 803 995 856 in
1031 800 1399 857 venerandum
1441 816 1771 870 sacrumque
1802 800 1979 853 virum
2008 797 2144 853 insi-

567 901 783 963 lientes,
844 897 1208 954 venerabilem
1270 896 1492 951 barbam
1556 894 1915 959 vellicabant,
1977 892 2143 962 inque

566 992 829 1048 cervicem
864 990 1156 1058 pellebant,
1196 988 1429 1059 aliisque
1456 986 1799 1059 gravissimis
1839 984 2019 1040 modis
2050 1000 2146 1039 ex-

565 1084 915 1147 cruciabant,
968 1083 1336 1136 insccnsorem
1382 1089 1635 1135 vocantes
1680 1070 1734 1133 et
1788 1079 2095 1132 adulterum
2124 1119 2139 1144 ,

564 1176 768 1247 quique
798 1174 1029 1227 alienam
1068 1173 1359 1226 invasisset
1402 1186 1651 1224 uxorem.
1685 1171 1816 1236 Quae
1845 1171 2025 1223 omnia
2059 1170 2142 1223 vir

563 1277 789 1323 sanctus
814 1274 866 1318 et
892 1264 1218 1318 venerabilis
1249 1263 1455 1332 placide
1475 1278 1537 1315 ac
1566 1261 1782 1318 silentio
1815 1261 2136 1317 sustinebat.

567 1356 773 1410 Exsilio
836 1357 1015 1424 itaque
1075 1354 1140 1408 ad
1197 1353 1392 1423 Agathi
1426 1354 1570 1407 aedes
1609 1352 1881 1422 relegatus
1922 1351 2142 1421 vitaque

567 1449 789 1502 functus
840 1447 893 1500 in
946 1446 1278 1500 monasterio
1326 1459 1427 1499 suo
1469 1445 1522 1498 in
1571 1443 1704 1498 urbe
1744 1443 1989 1513 sepultus
2032 1450 2135 1497 est.

442 1580 453 1599 .
565 1539 809 1594 Clericus
837 1539 926 1593 ille
960 1537 1301 1609 patriarcha},
1330 1536 1422 1607 qui
1458 1536 1512 1590 in
1545 1536 1837 1606 Magnaura
1868 1550 1990 1590 cum
2018 1534 2143 1590 mit-

564 1642 771 1687 teretur
805 1633 856 1685 in
877 1630 1125 1684 exsilium
1153 1644 1321 1686 canos
1350 1629 1399 1683 ei
1423 1628 1682 1695 vulserat,
1706 1629 1926 1682 domum
1960 1641 2142 1681 rever-

564 1738 659 1779 sus
676 1739 737 1778 ea
755 1724 871 1792 ipsa
903 1722 1037 1776 hora
1055 1720 1307 1776 incendio
1328 1720 1676 1790 absumptam
1706 1718 2139 1783 invenit,tiliam~

2243 526 2336 579 τδν
2370 526 2633 580 Νικόλαον
2663 524 2723 579 τὸ
2753 524 3027 595 δεύτερον.
3059 525 3299 595 Ποιήσας
3348 523 3404 577 δὲ
3438 523 3696 578 σελέντιον
3741 528 3788 581 ὲν

2243 623 2309 691 τῇ
2335 619 2644 689 Μαγναύρᾳ
2672 617 3017 689 Ἀλέξανδρος
3035 617 3489 688 κατήγαγενιὰπδ
3513 617 3620 670 τῶν
3655 618 3794 686 Ἀγα-

2245 713 2341 767 θοῦ
2370 713 2663 781 Εὑθύμιον,
2688 712 2781 764 καὶ
2819 711 2934 780 ἅμα
2958 708 3211 777 Νικολάῳ
3271 707 3555 771 καθεσθεὶς
3587 706 3681 777 τὴν
3710 710 3793 762 αὖα

2243 804 2337 858 τοῦ
2360 804 2679 875 καθαίρεσιν
2706 802 3055 873 ἐποιήσαντο.
3097 799 3277 863 Εὐθὺς
3310 800 3368 852 δὲ
3398 800 3590 871 ὥσπερ
3610 800 3794 869 ἀνήμε-

2247 915 2331 968 ροι
2382 896 2547 966 θῆρες
2604 894 3055 965 ὲμπεπηδηκότες
3101 891 3583 963 τοῦίεροπρεποῦς
3629 890 3795 960 ἀνδρὸς

2243 991 2342 1061 τὴν
2372 989 2679 1060 σεϐασμίαν
2707 987 2963 1058 γενειάδα
2986 985 3275 1040 ἁπέτιλλον
3307 985 3401 1037 καὶ
3425 984 3523 1037 ἐπὶ
3544 984 3794 1054 τράχηλον

2244 1085 2416 1139 ὤθουν
2443 1086 2539 1139 καὶ
2578 1083 2740 1147 ἄλλας
2774 1080 3134 1138 ἀνυποίστους
3181 1078 3371 1140 ποινὰς
3414 1077 3594 1148 τούτῳ
3615 1077 3797 1144 ἐπέφε-

2247 1195 2356 1249 ρον,
2386 1177 2651 1247 ἐπιϐάτην
2678 1173 3080 1235 ἀποκαλοῦντες
3108 1171 3203 1225 καὶ
3233 1171 3421 1240 μοιχὸν
3443 1171 3537 1223 καὶ
3560 1169 3799 1239 ἀλλοτρίᾳ

2242 1271 2655 1342 ἐπιπηδήσαντα
2680 1269 2923 1337 γυναικί.
2965 1268 3023 1318 ’0
3053 1266 3110 1319 δὲ
3145 1264 3288 1335 ίερδς
3320 1266 3524 1326 ἐκεῖνος
3550 1262 3688 1332 ἀνὴρ
3724 1263 3798 1316 καὶ

2244 1363 2526 1434 αἰδέσιμος
2542 1362 2733 1432 πράως
2755 1362 2930 1414 πάντα
2955 1360 3048 1413 καὶ
3072 1358 3289 1429 ἡσύχως
3320 1356 3609 1425 ὑπέφερεν.
3628 1355 3802 1423 Ὕπερ·

2242 1456 2390 1527 όριος
2442 1451 2534 1508 οὖν
2561 1458 2618 1509 ὲν
2637 1454 2749 1516 τοῖς
2791 1451 3022 1521 ’Δγαθοῦ
3041 1450 3277 1512 σταλεὶς,
3295 1449 3391 1502 καὶ
3416 1447 3557 1500 τέλει
3576 1444 3667 1500 τοῦ
3699 1445 3799 1516 βίον

2243 1547 2607 1618 χρησάμενος,
2624 1547 2682 1600 έν
2703 1549 2769 1616 τῇ
2786 1545 2941 1599 πόλει
2955 1543 3215 1597 θάπτεται
3230 1544 3308 1606 είς
3336 1540 3432 1611 τὴν
3447 1539 3613 1594 αὑτοῦ
3626 1538 3796 1611 μονήν.

2253 1641 2311 1694 '0
2325 1641 2383 1694 δὲ
2409 1639 2503 1693 τοῦ
2526 1639 2866 1710 πατριάρχου
2892 1636 3191 1708 κληρικὸςό
3208 1635 3307 1698 τὰς
3336 1632 3527 1695 πολιὰς
3547 1631 3710 1687 αὐτοῦ
3728 1631 3799 1683 τίς

2245 1732 2339 1796 λας
2358 1734 2437 1796 είς
2455 1732 2553 1803 τὴν
2565 1729 2799 1800 Μαγναῦ
2809 1747 2909 1800 ραν
2940 1730 2997 1781 ὲν
3021 1728 3098 1797 τῷ
3116 1725 3454 1798 ὲξορίζεσθαι
3480 1724 3660 1787 αὐτὸν,
3680 1724 3801 1778 ὕπο·

562 1829 671 1884 que
710 1813 962 1867 manibus
996 1826 1199 1881 oreque
1232 1812 1547 1881 impeditam
1577 1812 1836 1878 omnique
1871 1812 2136 1868 sermonis

2249 1822 2497 1893 στρέψας
2526 1822 2605 1885 είς
2626 1820 2724 1891 τὴν
2750 1820 2930 1874 οἰκίαν
2958 1817 3143 1882 αὐτοῦ,
3172 1816 3271 1887 τὴν
3294 1816 3462 1885 αὐτὴν
3490 1815 3588 1884 τὴν
3614 1813 3760 1883 ὥραν
3777 1814 3802 1864 ό

565 1906 615 1960 νῑ
648 1905 961 1961 destitutam
1006 1922 1021 1971 ;
1060 1918 1183 1976 quae
1227 1910 1276 1957 et
1321 1904 1464 1957 lecto
1511 1902 1848 1958 decumbens
1883 1904 1948 1957 ad
1980 1901 2141 1957 Nice-

562 1997 723 2066 phori
768 2011 941 2068 usque
983 1996 1330 2066 imperatoris
1368 1994 1663 2066 (magniﬁci
1707 1996 1850 2051 illius
1896 1994 2139 2066 victoris)

566 2097 808 2160 tempora
849 2088 1087 2153 duravit,
1121 2088 1175 2142 in
1202 2086 1460 2141 diurnum
1525 2088 1708 2140 cibum
1750 2089 1943 2157 stipem
1999 2103 2144 2143 mett-

564 2184 774 2239 dicatis.

631 2366 686 2419 ἢ.
717 2364 1023 2419 Alexander
1054 2363 1240 2431 itaque
1267 2376 1389 2417 cum
1424 2371 1478 2416 et
1509 2360 1635 2415 olim
1681 2361 1760 2414 sic
1795 2370 2139 2429 comparatus

562 2467 705 2512 esset
745 2467 801 2510 ut
843 2454 1073 2509 molliori
1109 2455 1236 2508 vitae
1264 2452 1618 2522 cupediisque
1651 2466 1715 2507 ac
1760 2452 2140 2509 venationibus

564 2561 780 2620 tempus
813 2562 974 2603 omne
1016 2546 1316 2611 addiceret,
1360 2545 1428 2597 ob
1464 2542 1660 2598 Leonis
1705 2544 1917 2599 scilicet
1957 2544 2141 2600 fratris

565 2645 924 2716 suspiciones,
944 2643 1192 2712 nihilque
1218 2640 1420 2712 regium
1454 2640 1707 2708 agitaret,
1727 2641 1818 2694 sed
1855 2640 2064 2695 deliciis
2088 2648 2143 2695 et

562 2734 916 2808 impudicitiis
945 2731 1301 2794 incumberet,
1332 2728 1493 2783 etiam
1528 2722 1675 2783 solus
1706 2744 1887 2783 rerum
1938 2729 2139 2797 potitus

564 2830 771 2886 nullum
795 2838 1075 2897 generosae
1099 2821 1295 2876 indolis
1318 2820 1593 2889 specimen
1613 2820 1778 2876 edidit
1794 2829 1888 2875 aut
1913 2820 2137 2892 dignum

564 2917 826 2976 memoria
857 2915 1152 2986 quidquam
1186 2912 1315 2983 egit.
1353 2912 1551 2966 Statim
1575 2912 1720 2966 enim
1752 2927 1817 2967 ac
1850 2912 2135 2981 imperium

564 3013 717 3067 solus
771 3006 1100 3078 capessivit,
1146 3003 1413 3059 Joannem
1462 3004 1720 3059 clericum
1773 3013 2137 3075 cognomento

2244 1910 2391 1975 οἶκος
2429 1912 2594 1965 αὑτοῦ
2629 1911 2875 1982 πυρκαϊᾷ
2891 1907 3161 1980 παρεδόθη
3191 1905 3430 1977 ἀοράτῳ.
3460 1899 3600 1976 Εὗρε
3643 1903 3701 1956 δὲ
3724 1905 3803 1956 καὶ

2243 2002 2341 2074 τὴν
2380 2000 2653 2070 θυγατέρα
2679 1999 2846 2054 αὑτοῦ
2877 1996 3284 2067 ἐπειλημμένην
3311 1996 3407 2049 καὶ
3448 1994 3804 2065 κρατηθεῖσαν

2244 2096 2337 2149 καὶ
2367 2095 2464 2159 τὰς
2491 2096 2679 2166 χεῖρας
2706 2093 2795 2146 καὶ
2843 2091 2905 2145 τὸ
2950 2091 3123 2160 στόμα
3173 2087 3268 2141 καὶ
3305 2088 3401 2159 τὴν
3426 2086 3615 2142 λαλιάν
3644 2098 3661 2114 ⁸
3698 2086 3807 2155 ἥτις

2243 2187 2337 2242 καὶ
2368 2187 2629 2258 κλινήρης
2670 2185 2805 2239 οὖσα
2846 2185 3097 2255 διήρκεσε
3144 2181 3244 2252 τὴν
3295 2181 3572 2249 ἐφήμερον
3611 2178 3807 2249 τροφὴν

2243 2280 2480 2349 ζητοῦσα
2514 2280 2676 2350 μέχρι
2702 2278 2751 2333 Ν
2759 2278 3019 2349 ικηιρόρου
3046 2275 3310 2347 βασιλέως
3348 2273 3440 2328 τοῦ
3468 2273 3738 2343 Νικητοῦ.

2315 2370 2379 2442 β’.
2399 2373 2456 2425 '0
2472 2368 2564 2425 οὖν
2592 2370 2937 2442 Ἀλέξανδρος
2958 2370 3049 2422 καὶ
3073 2367 3242 2422 πάλαι
3268 2366 3426 2420 τοῦτο
3465 2366 3625 2435 ἔργον
3657 2365 3807 2435 ἔχων,

2243 2464 2303 2517 τὸ
2355 2464 2692 2534 ἁϐροδίαιτος
2722 2460 2857 2516 εἶναι
2886 2462 2980 2515 καὶ
3024 2463 3136 2523 τοῖς
3164 2459 3505 2529 κυνηγεσίοις
3530 2457 3810 2528 προσέχειν

2241 2554 2327 2608 διὰ
2357 2554 2455 2618 τὰς
2492 2554 2793 2625 ὑπεροψίας
2836 2553 2931 2606 τοῦ
2977 2552 3207 2622 ἀδελφοῦ
3246 2549 3409 2605 αὐτοῦ
3444 2549 3693 2613 Λέοντος,
3727 2549 3812 2602 καὶ

2246 2647 2411 2717 μηδὲν
2445 2647 2707 2717 βασιλέως
2757 2646 2916 2718 ἔργον
2953 2643 3402 2716 διαπράττεσθαι,
3435 2642 3575 2697 ἀλλὰ
3601 2643 3662 2696 τὸ
3687 2658 3811 2711 τρυ-

2243 2741 2349 2810 φᾷν
2379 2740 2472 2791 καὶ
2505 2738 2815 2805 ἀσελγείαις
2844 2735 3126 2807 σχολάζειν
3147 2734 3471 2807 ἠγαπηκὼς,
3511 2735 3809 2804 μονώτατος

2241 2831 2411 2899 ἄρξας
2460 2831 2609 2884 οὐδὲν
2647 2829 2953 2901 γενναῖονῆ
3003 2828 3163 2898 λόγου
3211 2828 3360 2894 ἀξιον
3408 2825 3805 2898 κατεπράξατο.

2242 2923 2308 2977 Ἀ
2320 2940 2394 2993 μα
2416 2922 2524 2993 γὰρ
2559 2922 2635 2991 τῷ
2665 2923 2919 2990 γενέσθαι
2944 2922 3299 2993 μονοκράτωρ
3331 2920 3590 2990 Ἰωάννην
3619 2918 3801 2972 πακᾶν

2245 3014 2520 3086 (Λαζάνης
2560 3016 2735 3086 τούτῳ
2770 3013 3079 3085 ἐπώνυμον)
3133 3013 3415 3084 ραίκτωρα
3464 3012 3761 3083 πεποίηκεν
3793 3027 3807 3043 ·

565 3100 834 3155 Lazanem
881 3105 1145 3151 rectorem
1180 3094 1345 3165 379
1377 3094 1505 3148 iecit
1537 3111 1552 3160 ;
1603 3096 1696 3162 qui
1726 3104 1781 3150 et
1809 3097 1970 3166 paulo
2014 3107 2136 3168 post

2244 3104 2301 3168 ὃς
2330 3105 2425 3158 καὶ
2450 3105 2637 3169 κακῶς
2662 3106 2723 3157 τὸ
2754 3105 2819 3175 ζῇ
2825 3123 2853 3156 ν
2879 3102 3192 3176 ἀπέρρηξεν
3220 3104 3357 3173 μετὰ
3387 3101 3617 3155 θάνατον
3671 3099 3811 3155 Ἀλε-

563 3190 816 3259 defuncto
848 3189 1175 3255 Alexandro,
1208 3188 1261 3242 in
1294 3185 1572 3243 Hebdomo
1607 3187 1714 3258 pila
1747 3189 1963 3255 ludens,
1997 3192 2137 3245 male

562 3285 741 3355 periit.

634 3376 686 3430 εἳ.
711 3373 972 3430 Similiter
1002 3389 1222 3444 quoque
1255 3374 1703 3444 Gabrielopulum
1742 3384 1795 3431 et
1824 3375 2135 3430 Basilitzem

565 3466 947 3523 Scratinorum
989 3476 1171 3521 ortum
1215 3482 1411 3536 genere
1440 3466 1794 3522 vehementer
1818 3468 2032 3533 ditavit,
2071 3484 2137 3525 ac

564 3558 748 3630 palatii
773 3572 870 3612 eos
891 3556 1091 3625 Opibus
1120 3556 1443 3610 cumulavit.
1485 3556 1692 3611 Ferunt
1717 3560 1917 3628 saepius
1951 3560 2136 3615 animo

561 3648 803 3720 agitasse
834 3654 893 3699 ut
925 3647 1179 3700 eumdem
1209 3644 1521 3701 Basilitzem
1570 3649 1955 3717 imperatorem
1990 3666 2133 3720 prte-

565 3740 749 3795 ticeret
785 3754 851 3793 ac
871 3736 1236 3793 Constantino
1266 3738 1466 3793 Leonis
1489 3738 1601 3793 tilio
1626 3738 1801 3793 virilia
1826 3753 2133 3808 exsecaret;

561 3826 707 3901 quod
747 3829 892 3885 illius
933 3829 1224 3884 consilium
1259 3830 1598 3899 dissiparunt
1638 3830 1742 3885 viri
1788 3830 1841 3885 in
1897 3831 2135 3887 LcOnent

562 3921 922 3992 prepeusiore
946 3920 1154 3988 animo,
1185 3921 1312 3975 dum
1350 3922 1514 3975 modo
1537 3930 1740 3978 tenerae
1779 3925 1955 3979 :etatis
1997 3940 2137 3994 pue-

563 4028 708 4080 rum,
740 4014 904 4069 modo
941 4014 1170 4068 inﬁrmae
1206 4014 1542 4069 valetudinis
1574 4029 1697 4071 esse
1744 4028 2130 4073 causarentur.

567 4104 642 4160 Eo
673 4107 976 4176 imperante
1006 4106 1162 4160 stella
1192 4114 1435 4161 cometes
1470 4106 1538 4161 ab
1566 4108 1851 4165 occidente
1876 4111 2137 4180 apparuit

562 4197 827 4269 (xiphiam
879 4198 1158 4267 appellant
1210 4198 1281 4254 ob
1312 4198 1475 4270 gladii
1528 4199 1966 4267 similitudinem)
2006 4219 2136 4260 san-

561 4290 853 4365 guinisque
907 4288 1229 4345 effusionem
1264 4290 1320 4346 in
1362 4291 1582 4347 civitate
1638 4296 1968 4364 portendere
2018 4297 2135 4353 αἰρο-

560 4389 711 4438 haut.

2244 3194 2468 3268 ξάνδρου
2498 3199 2552 3252 ἐν
2579 3196 2657 3267 τῷ
2695 3196 2939 3267 Ἑϐδόμῳ
2969 3194 3293 3267 σφαιρίζων.

2318 3379 2378 3450 τ’.
2397 3379 2668 3443 Ὡσαύτως
2683 3379 2777 3434 οὖν
2792 3378 2885 3433 καὶ
2903 3377 3014 3433 Γασ
3022 3377 3376 3450 ριηλόπουλον
3390 3378 3487 3432 καὶ
3498 3374 3817 3445 Βασιλίτζην

2240 3473 2329 3527 τὸν
2355 3473 2466 3529 ἀπὸ
2491 3472 2823 3527 Σκλαὸισίαν
2851 3470 3094 3542 σφοδρῶς
3117 3469 3552 3525 κατεπλούτισεν
3577 3468 3674 3523 καὶ
3708 3472 3814 3527 τοῖς

2239 3563 2331 3618 τοῦ
2363 3564 2628 3619 παλατίου
2661 3562 3027 3634 περιήντλησε
3058 3562 3325 3632 χρήμασι.
3352 3563 3491 3614 Φασὶ
3518 3561 3578 3614 δὲ
3604 3562 3701 3613 καὶ
3732 3559 3817 3629 βε-

2238 3653 2556 3707 ϐουλεῦσθαι
2586 3652 2750 3706 αὐτὸν
2782 3650 3039 3716 πολλάκις
3065 3651 3148 3724 [Ρ.
3182 3649 3312 3723 254]
3337 3650 3427 3704 τὸν
3458 3650 3623 3704 αὐτὸν
3649 3650 3813 3704 Βασι-

2238 3747 2425 3817 λίτζην
2468 3747 2546 3811 είς
2608 3746 2833 3817 βασιλέα
2884 3743 3374 3817 προχειρίσασθαι,
3404 3744 3497 3797 τὸν
3548 3743 3609 3796 δὲ
3664 3744 3815 3797 Κων-

2239 3840 2513 3893 σταντῖνον
2567 3837 2664 3892 τοῦ
2696 3839 2922 3901 Λέοντος
2943 3837 3056 3891 υἱὸν
3100 3836 3411 3905 εὐνουχίσαι
3443 3852 3459 3867 ο
3490 3835 3615 3905 ἥτις
3658 3833 3815 3904 βουλὴ

2237 3930 2333 3988 καὶ
2360 3929 2711 4000 διεσκεδάσθη
2764 3929 2912 3999 παρὰ
2946 3928 3052 3982 τῶν
3105 3926 3432 3981 εὐνοούντων
3486 3926 3567 3996 τῷ
3606 3926 3811 3982 Λέοντι.

2237 4020 2367 4075 ποτὲ
2397 4022 2494 4091 μὲν
2512 4022 2587 4084 ὡς
2614 4020 2802 4091 νήπιός
2836 4023 2972 4086 ἐστι,
3005 4020 3135 4073 ποτὲ
3162 4019 3217 4073 δὲ
3242 4019 3318 4083 ὡς
3347 4016 3588 4084 ἀσθενὴς
3628 4018 3811 4069 ὑποτι-

2240 4113 2510 4184 θεμένων.
2548 4114 2672 4166 Ἐπὶ
2696 4113 2887 4165 τούτου
2930 4112 3107 4183 ἀστὴρ
3136 4112 3307 4182 ἐφάνη
3336 4111 3586 4180 κομήτης
3619 4110 3686 4161 ὲκ
3726 4106 3813 4159 δίο-

2240 4222 2376 4268 σεως
2412 4222 2425 4236 '
2459 4206 2639 4272 ξιφίαν
2664 4204 2823 4257 αὐτὸν
2839 4204 3089 4266 ἐκάλουν,
3126 4204 3154 4256 ὃ
3249 4202 3462 4274 ἱμάτων
3499 4200 3661 4272 χύσιν
3690 4215 3815 4268 προ-

2239 4294 2523 4365 σημαίνειν
2572 4296 2628 4348 ὲν
2659 4296 2723 4367 τῇ
2768 4295 2921 4349 πόλει
2948 4294 3206 4364 γενέσθαι
3241 4295 3474 4365 ἔφασαν.

627 4473 681 4528 4.
724 4474 994 4531 Caeterum
1046 4475 1356 4531 Alexander
1403 4491 1463 4532 se
1491 4476 1607 4546 ipse
1636 4477 2034 4548 impostoribus
2067 4494 2131 4535 ac

2309 4471 2369 4525 δ’.
2393 4465 2563 4535 Οὗτος
2630 4470 2975 4541 Ἀλέξανδρος
3006 4472 3228 4536 πλάνοις
3258 4471 3453 4525 ἑαυτὸν
3504 4444 3604 4524 καί⁸
3632 4471 3813 4538 γόησιν

559 4566 1046 4637 praestigiatorihus
1085 4567 1293 4624 dedens
1322 4568 1392 4623 ab
1422 4569 1503 4624 eis
1529 4568 1585 4622 in
1608 4584 1727 4623 eam
1757 4579 1994 4625 utentem
2026 4572 2132 4627 ad-

562 4661 763 4716 ductus
817 4668 922 4724 est,
960 4668 1018 4714 ut
1068 4675 1258 4731 aprum
1316 4674 1524 4715 azneum
1573 4661 1625 4715 in
1672 4660 1833 4717 Circo
1886 4672 2130 4720 erectum

557 4764 721 4804 suum
759 4748 850 4804 ille
881 4748 1102 4819 signum
1144 4762 1267 4804 esse
1296 4748 1667 4803 existimaret.
1696 4748 1933 4813 Aiebant
1985 4752 2131 4806 enim

556 4838 728 4895 Leoni
759 4838 919 4894 iratri
952 4838 1250 4906 adversari,
1269 4839 1390 4910 ejus
1410 4853 1706 4909 porcorum
1727 4838 1938 4895 aﬂinem
1964 4841 2129 4895 vitam

556 4944 848 5000 tutoresque
896 4930 1261 4987 insinuantes.
1324 4930 1439 4986 Hoc
1471 4946 1600 5002 ergo
1632 4931 1892 5002 deceptus
1936 4948 2129 4990 errore

555 5022 805 5094 pudenda
849 5022 1150 5093 dentesque
1180 5036 1369 5094 porco,
1406 5024 1499 5092 qui
1532 5023 2008 5090 desiderabantur,
2041 5027 2128 5081 in-

554 5115 791 5173 staurari
848 5119 1082 5172 curavit.
1144 5114 1349 5170 Eadem
1379 5117 1586 5171 erroris
1620 5116 1858 5182 fallacia,
1886 5120 2127 5189 equestri

553 5211 704 5266 edito
726 5210 1054 5276 certamine,
1089 5208 1263 5264 sacris
1293 5207 1652 5262 ecclesiarum
1697 5209 1886 5266 aulaeis
1914 5222 1969 5265 et
1994 5226 2127 5265 can-

552 5302 790 5359 delabri:
865 5301 1084 5359 Circum
1118 5302 1125 5305 “
1165 5300 1421 5370 ernavit,
1484 5299 1578 5355 Dei
1645 5296 2131 5360 honorem‘miser

554 5385 718 5444 idolis
744 5390 1013 5447 tribuens.
1038 5389 1192 5446 Unde
1221 5398 1276 5446 et
1296 5391 1407 5445 cito
1426 5390 1608 5445 divina
1633 5392 1843 5448 ultione
1868 5394 2129 5450 honorem

554 5479 759 5537 amisit.

624 5572 679 5628 5.
721 5570 1034 5630 Hemerium
1092 5576 1426 5649 logothetam
1485 5576 1553 5632 ab
1610 5576 1911 5648 Agarenica
1974 5580 2131 5637 clade

554 5677 836 5723 reversum
868 5667 923 5721 in
966 5669 1149 5738 palatii
1180 5669 1347 5741 380
1384 5670 1781 5725 monasterium
1812 5660 2129 5743 (lampadi-

551 5765 700 5813 ctum
746 5755 1027 5831 relegavit,
1082 5758 1130 5811 ei
1179 5758 1482 5823 minitatus,
1542 5768 1597 5813 ut
1640 5758 1732 5833 qui
1772 5758 1952 5814 Leone
2007 5761 2127 5832 ejus

2232 4564 2545 4628 ἐκδεδωκὼς
2583 4564 2809 4636 ἐπείσθη
2871 4565 2963 4618 ὑπ’
3014 4564 3191 4617 αὐτῶν
3223 4562 3299 4626 ὡς
3348 4566 3376 4617 ό
3408 4565 3467 4616 ὲν
3495 4563 3578 4635 τῷ
3614 4558 3811 4626 ἱππικῷ

2234 4656 2471 4728 σύαγρος
2521 4654 2756 4726 χαλκοῦς
2814 4655 3061 4727 έστηκὼς
3127 4658 3393 4725 στοιχεῖον
3458 4654 3633 4708 αὑτοῦ
3694 4652 3807 4717 εἰη·

2231 4748 2407 4803 λέοντι
2434 4749 2543 4821 γὰρ
2572 4750 2653 4817 τῷ
2686 4748 2878 4812 αὐτοῦ,
2912 4750 3097 4816 φασὶν,
3154 4748 3371 4819 ἀδελφῷ
3423 4748 3806 4818 ἀντιμάχεται.

2231 4840 2500 4912 χοιρόδιον
2532 4841 2625 4894 τὸν
2655 4841 2884 4912 ἀνόητον
2913 4840 3373 4911 ὑπεμφαίνοντες.
3413 4844 3474 4893 ’(1
3502 4840 3564 4893 δὲ
3612 4837 3810 4895 τούτοις

2231 4932 2535 5002 ἀπατηθεὶς
2593 4932 2770 4987 αἰδοῖα
2820 4934 2917 4988 καὶ
2944 4933 3163 4996 ὀδόντας
3225 4932 3304 5004 τῷ
3354 4933 3527 5003 χοίρῳ
3584 4944 3809 5001 προσαν-

2234 5025 2463 5078 ενέωσεν
2493 5026 2569 5089 ὡς
2594 5025 2944 5096 λειπομένους
2970 5025 3135 5097 αὐτῷ,
3161 5026 3240 5098 Τῇ
3269 5025 3494 5099 τοιαύτῃ
3517 5025 3612 5079 οὖν
3643 5021 3819 5088 πλάνῃ

2234 5115 2510 5181 πεποιθὼς
2538 5116 2763 5171 ίππικδν
2818 5118 3139 5188 πεποίηκεν,
3195 5119 3291 5172 καὶ
3324 5118 3453 5181 τοὺς
3489 5118 3678 5188 ἱεροὺς
3709 5111 3816 5165 τῶν

2234 5210 2539 5281 ἐκκλησιῶν
2571 5210 2811 5274 πέπλους
2842 5212 2934 5265 καὶ
2991 5213 3121 5276 τοὺς
3154 5210 3484 5281 λαμπτῆρας
3524 5204 3816 5263 ἀναλαϐὼν

2235 5302 2296 5356 τὺ
2323 5302 2551 5357 ἱππικὸν
2580 5304 3018 5375 κατεκόσμησεν,
3054 5303 3155 5375 τὴν
3191 5302 3288 5357 τοῦ
3316 5301 3455 5356 Θεοῦ
3491 5302 3665 5374 τιμὴν
3708 5299 3819 5357 τοῖς

2238 5394 2475 5458 εἰδώλοις
2518 5398 2546 5449 ὁ
2590 5395 2821 5459 δείλαιος
2874 5394 3194 5467 παρασχών.
3246 5394 3337 5448 Διδ
3367 5393 3462 5448 καὶ
3498 5399 3598 5464 τὴν
3651 5388 3820 5460 τιμὴν

2237 5485 2389 5555 παρά
2415 5484 2551 5538 Θεοῦ
2581 5485 2832 5558 ἀφῃρέθη
2871 5487 2947 5552 ὡς
2994 5489 3246 5558 τάχιστα.

2308 5576 2367 5631 ε’.
2411 5576 2669 5651 Ἦμερίου
2698 5580 2755 5634 δὲ
2774 5579 3057 5648 λογοβέτου
3090 5581 3156 5637 ὲκ
3182 5581 3278 5652 τῆς
3305 5581 3477 5651 ἥττης
3500 5578 3610 5631 τῶν
3649 5575 3820 5639 ’Ᾱτα’

2240 5668 2418 5740 ρηνῶν
2449 5672 2913 5744 ὑποστρέψαντος,
2936 5673 3265 5737 ἀποστείλας
3290 5672 3620 5743 περιώρισεν
3650 5663 3823 5721 αῠτίν

2239 5764 2295 5817 ἐν
2323 5767 2387 5834 τῇ
2423 5767 2557 5837 μονῇ
2596 5764 2690 5820 τοῦ
2719 5766 2983 5821 παλατίου
3100 5763 3389 5837 ἐπώνυμον
3456 5762 3689 5834 Rapta,
3728 5757 3817 5807 δι’
