3962 6204
468 314 567 381 «lli

1554 307 2061 370 THEOPHANES
2088 283 2651 369 CONTINUATUS.

3622 290 3722 356 ΗΞ

472 440 597 479 nem
645 422 846 478 veniat.
893 420 971 478 lle
1000 420 1187 491 itaque
1235 434 1360 475 cum
1401 420 1518 475 suis
1569 420 1867 476 deliberata
1902 421 2050 491 (nam

2176 417 2356 482 ταντδς
2390 417 2552 488 μέχρι
2580 415 2673 469 τοῦ
2735 409 3141 474 Βουκολέοντος.
3170 409 3265 473 Ὃς
3301 406 3439 479 μιτᾶ
3472 407 3576 461 τῶν
3626 412 3722 463 σὺν

474 514 700 586 urgebat
732 514 948 583 fatum),
992 513 1112 582 ipso
1163 510 1661 566 inlemi:ratissimae
1694 513 1933 583 Virginis
1985 527 2049 568 ac

475 607 570 663 Dei
620 605 910 662 Geuitrieis
958 603 1406 658 Annuntiationis
1463 602 1695 657 solemni
1746 604 1852 669 die,
1915 601 2047 658 feria

475 700 686 771 quinta,
749 713 912 752 manu
963 703 1175 751 armata
1216 710 1341 750 cum
1370 693 1536 766 395
1579 696 1833 750 universa
1875 695 2051 750 classe

475 793 544 847 ad
572 790 936 845 Bucoleunem
972 788 1159 854 venit;
1200 786 1498 856 statimque
1528 786 1787 856 magister
1818 785 2052 857 Stepha-

478 899 582 939 nus
607 884 731 937 aula
763 881 1013 937 discedit.
1068 876 1287 934 Nicetas
1321 887 1502 932 autem
1526 878 1790 948 patricius
1823 878 2052 933 Romani

477 988 741 1028 consocer
773 972 826 1026 in
852 971 1113 1041 palatium
1130 969 1355 1024 veniens
1377 968 1662 1022 Nicolaum
1681 969 2051 1038 patriarcham

479 1066 607 1122 inde
657 1065 913 1121 extrusit.
960 1063 1283 1118 Aulicorum
1365 1076 1496 1131 ergo
1556 1062 1758 1117 animis
1817 1060 2053 1116 Romani

475 1156 835 1227 jurejurando
881 1154 1137 1219 lirmatis,
1191 1152 1488 1223 pretiosam
1540 1167 1605 1208 ac
1656 1153 1927 1207 vivificam
1985 1152 2053 1207 ad

478 1263 605 1302 eum
642 1247 912 1303 miserunt
946 1259 1203 1311 crucem,
1254 1260 1420 1312 quam
1466 1245 1554 1299 ille
1587 1254 1916 1311 veneratus,
1954 1245 2058 1299 ite-

480 1352 716 1409 rumque
748 1349 1093 1393 sacramento
1124 1334 1450 1404 interposito
1482 1334 1643 1389 [idem
1683 1333 2056 1405 obstringens,

482 1444 610 1483 cum
640 1428 723 1485 eis
748 1428 1047 1497 paucisque
1070 1428 1330 1483 comitum
1362 1426 1751 1496 imperatorem
1788 1427 2063 1481 salutatu-

483 1536 580 1574 ηις
611 1520 664 1574 in
691 1519 949 1574 palatium
974 1518 1279 1574 adscendit.
1325 1516 1718 1588 Ingressusque
1738 1533 1863 1573 cum
1896 1533 1963 1574 eo
2002 1520 2058 1575 in

483 1612 743 1682 templum
770 1612 915 1681 quod
948 1621 1031 1667 est
1062 1611 1114 1666 in
1146 1610 1342 1676 Pbaro,
1375 1609 1613 1680 dataque
1647 1610 1718 1665 ibi
1750 1620 1806 1665 et
1838 1620 2062 1683 accepta

2150 513 2299 582 αὐτῷ
2326 508 2757 582 βουλευσάμενος
2792 505 2890 577 (τὸ
2917 504 3027 576 γὰρ
3061 504 3192 572 ἄγον
3218 497 3355 573 ἦγεν
3381 500 3544 555 αὑτὸν
3569 501 3612 569 ),
3651 505 3719 572 τῇ

2152 604 2335 674 ἡμέρᾳ
2373 601 2466 655 τοῦ
2504 596 2922 669 Εὐαγγελισμοῦ
2955 596 3053 665 τῆς
3106 593 3488 664 ὑπεραμὼμου
3520 592 3723 663 Παρθέ-

2151 678 2242 749 νὸυ
2273 694 2370 746 καὶ
2423 692 2688 746 Θεοτόκου
2725 689 2985 761 (πέμπτη
3035 687 3096 740 δὲ
3133 682 3245 757 ἦν)
3294 682 3462 758 ἦλθεν
3516 684 3725 750 ἔνοπλος

2152 785 2270 856 ἅμα
2295 784 2374 856 τῷ
2412 784 2584 853 στόλῳ
2618 783 2783 836 παντὶ
2813 783 2871 835 ὲν
2900 781 2980 852 τῷ
3022 778 3391 834 Βουκολέοντι.
3434 779 3545 832 Καὶ
3593 795 3730 849 παρ-

2154 878 2284 933 ευθὺ
2342 878 2612 947 Στέφανος
2667 876 2764 947 μὲν
2814 876 3115 947 μάγιστρος
3174 872 3366 942 ἐξῆλθε
3420 870 3514 925 τοῦ
3565 871 3729 925 παλαι

2153 971 2292 1037 τίου,
2322 970 2565 1040 Νικήτας
2622 966 2680 1023 δὲ
2734 967 3024 1037 πατρίκιος
3053 968 3082 1019 ό
3109 964 3483 1035 συμπενθερδς
3525 964 3731 1035 Ῥωμα-

2156 1062 2255 1119 νοῢ
2282 1061 2522 1117 ἀνελθὼν
2568 1061 2627 1115 ὲν
2678 1059 2757 1130 τῷ
2786 1057 3036 1127 παλατίῳ
3089 1056 3359 1126 ὶξήγαγεν
3395 1056 3603 1110 ἐκεῖθεν
3642 1058 3728 1110 τὸν

2157 1153 2504 1225 πατριάρχην
2552 1151 2839 1206 Νικόλαον.
2868 1149 3102 1221 ’Όρκοις
3152 1144 3247 1202 οὖν
3276 1148 3655 1218 βεϐαιωθέντις
3685 1151 3731 1202 οὶ

2162 1248 2259 1302 τοῦ
2286 1246 2551 1301 παλατίου
2574 1245 2725 1316 παρὰ
2765 1244 3051 1311 Ῥωμανοῦ
3090 1243 3422 1298 ἀπέστειλαν
3456 1241 3591 1313 πρὸς
3642 1244 3734 1295 αὖ-

2157 1341 2249 1395 τὸν
2266 1340 2358 1394 τὸν
2388 1339 2660 1405 ζωοποιδν
2679 1337 2776 1392 καὶ
2792 1338 2975 1408 τίμιον
3001 1335 3232 1407 σταυρὸν
3249 1336 3343 1390 καὶ
3362 1336 3735 1407 προσκυνήσας

2160 1430 2326 1486 αὐτὸν
2354 1431 2451 1484 καὶ
2496 1430 2685 1501 ὅρκοις
2743 1427 3054 1499 βεϐαιώσας
3117 1426 3314 1491 αὐτοὺς
3366 1424 3574 1495 ἀνῆλθε
3625 1426 3733 1495 μετ’

2162 1523 2342 1579 αὐτῶν
2382 1523 2441 1577 ἐν
2470 1521 2550 1593 τῷ
2589 1521 2835 1590 παλατίῳ
2863 1519 2959 1573 καὶ
2985 1518 3185 1587 ὀλίγων
3209 1518 3396 1581 τινῶν,
3430 1521 3735 1589 προσκυνή-

2164 1631 2272 1667 σων
2301 1613 2394 1668 τὸν
2428 1612 2673 1681 βασιλέα.
2698 1612 2810 1666 Καὶ
2842 1610 3101 1666 εἰσελθὼν
3128 1609 3246 1680 μετ’
3259 1608 3424 1665 αὑτοῦ
3446 1610 3505 1662 ὲν
3632 1608 3737 1680 ναῷ

484 1704 800 1759 securitatis
835 1704 961 1767 tide,
998 1702 1291 1758 confestim
1326 1704 1584 1773 magister
1618 1712 1671 1758 et
1703 1719 1934 1774 magnus
1961 1705 2062 1760 he-

2176 1704 2241 1775 τῷ
2256 1705 2314 1757 ἑν
2331 1703 2408 1775 τῷ
2426 1704 2609 1775 Φάρῳ,
2622 1705 2719 1757 καὶ
2735 1703 2946 1767 πίστεις
2963 1702 3115 1773 αύτῷ
3130 1703 3254 1767 δοὺς
3270 1704 3364 1757 καὶ
3387 1700 3585 1768 λαϐὼν,
3604 1720 3713 1773 παρ
3734 1718 3738 1733 ³

484 1797 768 1852 taariarcba
800 1797 1119 1866 prteﬁcitur.
1179 1794 1376 1851 Statim
1413 1810 1545 1867 ergo
1575 1811 1735 1851 sacra
1769 1798 1949 1867 jussio
1994 1799 2062 1855 ad

2176 1764 2296 1851 ιύθὺ
2339 1764 2748 1868 προχειρίξεται
2788 1764 3106 1867 παρ’ναύτού
3143 1764 3441 1866 μάγιστρος
3460 1796 3555 1849 καὶ
3570 1764 3742 1866 μέγας

487 1891 725 1948 Leonem
757 1889 996 1945 Pbocam
1031 1889 1221 1954 missa,
1258 1902 1365 1958 qua
1394 1887 1442 1944 is
1481 1889 1550 1943 ab
1578 1890 1730 1943 omni
1766 1888 2066 1947 conﬂandm

486 1981 778 2038 seditionis
833 1979 1116 2051 proposito
1169 1979 1593 2033 absterreretur.
1667 1980 2067 2039 Constantinus

486 2083 709 2139 quoque
748 2067 1035 2123 accubitur
1078 2066 1131 2120 in
1177 2065 1426 2121 eamdem
1469 2068 1798 2122 sententiam
1824 2069 2067 2126 scribere

484 2160 695 2229 jussus,
734 2166 791 2215 et
820 2167 880 2214 ut
921 2157 1057 2213 nihil
1091 2156 1146 2211 in
1179 2155 1470 2211 adversum
1512 2157 1789 2225 moliatur,
1822 2161 1917 2216 sed
1944 2176 2068 2230 per-

488 2258 700 2309 severet
746 2248 1066 2321 imperatori
1099 2247 1467 2304 Constantino
1511 2250 1759 2305 subesse.
1804 2256 2070 2322 Acceptas

490 2357 680 2398 sacras
722 2341 969 2396 Andreas
1012 2338 1150 2411 regii
1199 2338 1440 2395 vestiarii
1476 2340 1821 2411 primicerius
1851 2342 1918 2397 ad
1942 2358 2067 2398 eum

489 2440 622 2488 tunc
658 2432 712 2487 in
750 2429 1097 2501 Cappadocia
1148 2439 1454 2486 versantem
1500 2429 1706 2495 defert;
1740 2433 1942 2503 quibus
1977 2433 2071 2489 ille

488 2526 728 2596 acceptis
777 2526 1047 2597 lectisque
1093 2541 1155 2582 se
1216 2527 1441 2582 domum
1502 2526 1777 2598 recipiens
1823 2526 2071 2599 privatus

489 2619 619 2689 egit.

564 2797 652 2853 15.
711 2796 915 2864 Quinta
960 2807 1280 2854 sanctorum
1322 2798 1660 2869 jejuniorum
1707 2800 2068 2869 bebdomada,

491 2905 678 2945 mense
702 2889 898 2958 Aprili,
940 2890 1065 2944 data
1093 2905 1123 2946 a
1160 2888 1523 2946 Constantino
1554 2892 1883 2961 imperatore
1915 2893 2073 2949 Hele-

495 2996 576 3036 na
616 2979 847 3036 Romani
902 2981 1030 3036 ﬁliae
1081 2983 1266 3053 (quam
1298 2994 1495 3053 praeter
1540 2984 1792 3054 corporis
1836 2986 2071 3055 speciem

2173 1890 2583 1961 ἐταιρειάρχης.
2653 1888 2865 1942 Αὐτίκα
2924 1888 3054 1956 γοῦν
3117 1887 3240 1943 θεία
3300 1888 3548 1950 κέλευσις
3612 1888 3740 1957 πρὸς

2165 1980 2377 2036 Λέοντα
2408 1978 2500 2032 τὸν
2530 1978 2746 2043 Φωκᾶν,
2781 1977 3230 2049 παρεγγυωμένη
3263 1977 3532 2047 μηδαμῶς
3561 1980 3743 2031 στάσιν

2166 2072 2291 2126 τινὰ
2314 2072 2587 2141 ἐννοῆσαι.
2623 2068 2899 2134 Ὡσαύτως
2954 2070 3049 2124 καὶ
3086 2069 3394 2140 γράμματα
3447 2068 3738 2140 έκελεύσθη

2167 2163 2580 2226 Κωνσταντϊνος
2640 2158 3146 2232 παρακοιμὼμενος
3203 2160 3435 2231 γράψαι,
3459 2161 3531 2214 τὰ
3577 2162 3738 2230 ὃμοια

2167 2254 2348 2309 αὐτῶν
2379 2254 2832 2325 παραγγέλλοντα
2863 2254 2957 2307 καὶ
3016 2253 3182 2325 μηδεν
3235 2254 3477 2309 ἐναντίον
3522 2254 3739 2325 βουλεύ-

2169 2345 2388 2413 σασθαι,
2420 2345 2535 2400 ἀλλ’
2565 2346 2625 2399 έν
2656 2345 2902 2417 ὑποταγῇ
2933 2341 3071 2399 εἶναι
3103 2345 3368 2416 βασιλέως
3384 2347 3734 2400 Κωνσταντί-

2171 2454 2288 2493 νου.
2333 2436 2764 2507 Ἀναλαϐόμενος
2813 2436 2908 2491 οὖν
2936 2435 3111 2489 ταῦτα
3167 2436 3424 2506 Ἀνδρέας
3476 2440 3749 2508 aptum}-

2173 2545 2288 2601 ριος
2314 2527 2409 2583 τοῦ
2446 2526 2728 2599 βασιλικοῦ
2759 2527 3071 2599 βεστιαρίου
3089 2528 3429 2599 ἀπεκόμισεν
3449 2528 3600 2597 αὐτῷ
3626 2528 3755 2581 ταῦ-

2174 2637 2247 2676 τα
2278 2621 2338 2674 ἒν
2363 2618 2735 2691 Καππαδοκίᾳ
2770 2619 2885 2673 ὄντι
2915 2634 2929 2651 σ
2963 2619 3057 2673 καὶ
3104 2618 3399 2689 δεξάμενος
3450 2618 3625 2674 ταῦτα
3659 2623 3753 2674 ναὶ

2176 2713 2471 2782 ἅναγνοὺς.
2505 2710 2756 2767 ἀπελθὼν
2788 2712 2847 2766 ὲν
2871 2710 2949 2781 τῷ
2980 2711 3095 2783 ἰδίῳ
3122 2711 3259 2783 οἴκῳ
3292 2711 3588 2783 ἡσύχαζεν.

2245 2801 2331 2874 [Ρ.
2354 2800 2483 2873 244]
2519 2807 2609 2870 ιγ’.
2631 2802 2710 2873 Τῇ
2764 2800 2822 2854 δὲ
2851 2801 3077 2874 πέμπτῃ
3121 2802 3377 2872 ἑὸδομάδι
3428 2803 3540 2856 τῶν
3589 2803 3755 2872 ἁγίων

2171 2893 2478 2965 Νηστειῶν,
2523 2892 2817 2964 ’Δπριλλίῳ
2854 2894 3007 2965 μηνὶ,
3050 2894 3254 2948 δίδοται
3297 2894 3558 2967 ἀρραϐὼν
3594 2913 3758 2967 γαμι-

2174 2983 2273 3038 κοῦ
2323 2983 2772 3054 συναλλάγματος
2807 2984 2958 3055 παρὰ
3016 2985 3429 3039 Κωνσταντίνου
3491 2986 3757 3057 βασιλέως

492 3073 661 3128 animi
686 3088 905 3143 quoque
930 3074 1219 3144 prudentia
1242 3074 1598 3146 spectabilem
1629 3076 1912 3149 reddebat)
1939 3095 2070 3133 con-

2190 3076 2380 3149 Ἑλένῃ
2409 3079 2478 3149 τῇ
2515 3077 2748 3147 θυγατρὶ
2788 3076 3092 3147 Ῥωμανοῦ,
3188 3077 3325 3149 πρὸς
3354 3078 3551 3141 κάλλος
3579 3097 3759 3150 σωμα-

494 3174 702 3220 tractus
748 3166 1010 3234 nuptialis
1054 3167 1257 3230 arrba,
1316 3168 1584 3237 tertiaque
1628 3167 1854 3225 Pascha:
1898 3171 2070 3240 (quam

2186 3170 2337 3224 τικὸν
2383 3170 2776 3243 προσήκμαζεν
2822 3170 2916 3225 καὶ
2945 3171 3160 3235 σύνεσις
3181 3186 3197 3202 ο
3228 3172 3325 3227 καὶ
3362 3175 3431 3243 τῇ
3459 3174 3620 3246 τρίτῃ
3667 3172 3759 3228 τοῦ

498 3256 735 3313 Galilaeze
778 3259 1009 3328 vocant)
1060 3258 1409 3315 benedicitur
1469 3277 1687 3330 unaque
1738 3278 1862 3317 cum
1916 3265 2005 3318 illa
2052 3280 2070 3319 a

2188 3263 2403 3333 Πάσχα,
2441 3263 2713 3336 λεγομένῃ
2771 3264 2870 3334 τῆς
2921 3262 3255 3327 Γαλιλαίας,
3303 3263 3611 3330 εὐλογεῖται
3666 3264 3758 3316 καὶ

494 3351 717 3407 Nieolao
757 3353 1069 3423 patriarcha
1105 3354 1330 3409 corollis
1373 3355 1711 3423 nuptialibus
1760 3357 2081 3412 redimitur:

495 3445 657 3517 395
697 3447 916 3517 quando
964 3456 1019 3500 et
1068 3445 1378 3499 Romanum
1428 3447 1679 3515 provehit
1735 3449 2083 3518 imperatoris

499 3548 733 3606 patrem,
788 3537 907 3603 ejus
954 3536 1063 3591 lilio
1127 3535 1526 3605 Cbristophoro
1575 3537 1629 3591 in
1687 3540 1859 3608 patris
1902 3541 2080 3596 locum

500 3628 857 3683 betaeriarcba
910 3637 1179 3696 promoto.
1235 3626 1344 3683 Nec
1370 3629 1599 3684 multum
1647 3634 1907 3700 temporis
1947 3634 2076 3689 abs-

497 3727 763 3783 cesserat,
809 3735 934 3775 cum
991 3718 1100 3775 Leo
1142 3719 1375 3784 Phocus.
1408 3724 1765 3791 quorumdam
1791 3739 2078 3794 procerum

498 3827 564 3866 ac
598 3811 942 3866 tribunorum
975 3827 1146 3868 suasu
1189 3813 1676 3885 squectarumque
1714 3817 1762 3869 ei
1801 3817 2078 3889 legionum

498 3904 742 3968 hortatu,
773 3919 861 3958 res
888 3918 1058 3959 novas
1089 3904 1348 3971 molitur;
1395 3908 1683 3978 accitoque
1714 3907 2080 3968 Constantino

499 3997 813 4052 accubitore
846 3998 1317 4068 Coustantinoque
1359 4008 1415 4055 et
1454 4001 1751 4058 Anastasio
1790 4002 2079 4074 Gonguliis

498 4090 773 4159 germanis
808 4090 1095 4157 fratribus,
1127 4106 1227 4145 nec
1256 4106 1365 4145 non
1399 4091 1765 4149 Constantino
1791 4094 2078 4151 Maleliano

497 4197 530 4237 a
560 4183 787 4239 secretis
824 4185 1021 4254 primo,
1045 4184 1262 4240 cunctis
1291 4186 1621 4255 persuadere
1651 4188 1845 4244 nititur
1872 4190 1926 4243 in
1955 4208 2080 4260 gra-

500 4275 630 4329 tiam
678 4276 1027 4332 Constantini
1076 4278 1428 4347 impcratoris
1474 4293 1595 4334 eam
1658 4297 1718 4337 se
1778 4284 2072 4338 motionem

496 4365 700 4421 facere.
738 4365 1020 4423 Romanus
1053 4384 1182 4423 vero
1208 4368 1556 4438 imperatoris
1596 4380 1747 4439 pater
1779 4371 1943 4429 bullis
1972 4390 2072 4429 au-

2188 3354 2545 3425 στεφανοῦται
2587 3356 2705 3426 ἅμα
2733 3356 2874 3423 αὕτη
2900 3355 3050 3425 παρὰ
3087 3356 3359 3410 Νικολαου
3397 3357 3761 3429 πατριάρχου.

2196 3444 2475 3515 Ῥωμανδν
2560 3444 2998 3515 βασιλεοπάτορα
3090 3443 3502 3515 προϐαλόμενος
3559 3461 3573 3475 ’
3652 3446 3762 3498 ἀντ’

2184 3535 2350 3588 αὐτοῦ
2402 3535 2459 3588 δὲ
2524 3537 2894 3607 Χριστοφόρον
2966 3537 3080 3589 υἱὸν
3146 3534 3313 3591 αὐτοῦ
3376 3537 3765 3609 έταιρειάρχην

2182 3628 2507 3698 κατέστησε.
2570 3630 2705 3682 Μετ’
2743 3630 2805 3682 ού
2840 3629 2974 3682 πολὺ
3020 3628 3077 3681 δὲ
3109 3628 3263 3682 Λέων
3296 3630 3324 3681 ὁ
3374 3629 3573 3693 (noxa;
3621 3631 3763 3683 ἀπαο

2186 3719 2372 3791 τηθεὶς
2439 3721 2589 3790 παρά
2646 3720 2705 3773 τέ
2765 3738 2927 3774 τινων
2984 3720 3263 3791 ἀρχόντων
3311 3721 3407 3775 καὶ
3456 3722 3571 3775 τῶν
3604 3721 3765 3776 αὐτοῦ

2181 3814 2474 3883 ταγμάτων
2504 3813 2638 3884 πρὸς
2684 3814 2980 3884 ἁνταρσῖαν
3012 3816 3263 3867 κινεῖται.
3300 3814 3413 3867 Καὶ
3473 3814 3767 3868 ἀνελάϐετε)

2184 3907 2282 3960 σὺν
2338 3906 2489 3978 αύτῷ
2530 3908 2622 3960 τόν
2663 3925 2722 3960 τε
2773 3905 3276 3979 παρακοιμὼμενον
3332 3907 3764 3970 Κωνσταντῖνον,

2182 3999 2279 4052 καὶ
2314 3998 2728 4052 Κωνσταντίνον
2752 4000 2845 4052 καὶ
2892 3998 3251 4052 ’Δναστάσισν
3282 3999 3408 4061 τοὺς
3432 3999 3768 4069 Γογγυλίους

2180 4090 2274 4142 καὶ
2302 4089 2689 4159 αύταδέλφους,
2735 4090 2831 4143 καὶ
2859 4091 3275 4144 Κωνσταντῖνον
3305 4093 3772 4163 πρωτασηκρῆτιν

2183 4179 2278 4234 τὸν
2307 4180 2605 4244 Μαλελίας,
2632 4180 3001 4251 πληροφορῶν
3032 4181 3278 4245 ἅπαντας
3302 4182 3398 4235 καὶ
3428 4182 3673 4252 βεϐαιῶν
3702 4184 3772 4247 ὼς

2179 4271 2319 4342 ὑπὲρ
2340 4270 2435 4324 τοῦ
2492 4270 2756 4341 βασιλέως
2788 4274 3202 4327 Κωνσταντίνου
3259 4273 3362 4343 τὴν
3391 4274 3570 4344 αὐτὴν
3605 4277 3773 4328 ποιεῖ-

2177 4380 2264 4417 ται
2289 4364 2518 4433 κίνησιν.
2561 4364 2911 4432 Ῥωμανὸςδὲ
2937 4367 2964 4418 ὁ
2999 4365 3414 4437 βασιλεοπάτωρ
3469 4367 3770 4437 χρυσοεού-

498 4459 610 4514 reis
636 4475 697 4513 ac
729 4460 1043 4530 diplomatis
1073 4461 1480 4531 subscriptione
1526 4464 1777 4528 munitis,
1809 4468 1966 4533 quasi
2008 4484 2070 4521 ex

2181 4454 2275 4509 λια
2309 4456 2543 4527 ποιήσας
2579 4458 2935 4529 ὲνυπόγραφα
2965 4459 3043 4524 ὡς
3088 4462 3152 4512 ὲκ
3192 4458 3487 4530 προσώπου
3530 4459 3632 4513 τοῦ
3684 4458 3775 4529 βας

496 4552 841 4608 Constantini
866 4556 1213 4624 imperatoris
1246 4571 1503 4623 persona,
1538 4558 1739 4625 quibus
1777 4573 1839 4611 ea
1867 4560 2075 4615 molitio

498 4644 868 4711 evertebatur,
922 4661 1129 4715 eosque
1164 4648 1259 4717 qui
1295 4646 1473 4703 Pboca
1508 4650 1699 4703 relicto
1741 4649 1807 4704 ad
1836 4651 2078 4722 impera-

499 4749 672 4794 torem
715 4739 1075 4811 confugerent
1108 4740 1178 4793 ab
1227 4740 1576 4810 imperatoris
1630 4751 1777 4798 stare
1825 4746 2078 4813 partibus

499 4831 931 4902 signiﬁcabatur,
961 4834 1145 4897 editis,
1180 4834 1507 4904 mulierique
1533 4835 1752 4889 ell‘ronti
1794 4852 1858 4891 ac
1897 4847 2075 4894 teme-

503 4924 664 4981 rariae
696 4922 870 4977 Anna:
905 4925 1125 4978 nomine
1159 4926 1345 4995 (quam
1399 4935 1453 4981 et
1501 4926 1795 4983 Basilicam
1833 4932 2080 5000 appella-

502 5021 653 5079 runt,
681 5027 747 5068 ac
780 5015 825 5068 si
859 5012 1268 5083 imperatoriam
1303 5015 1479 5079 dicas)
1525 5034 1589 5073 ac
1620 5019 1823 5075 clerico
1857 5022 2078 5077 cuidam

503 5106 755 5163 Llirltaeli
794 5108 1145 5174 contraditis,
1193 5109 1248 5163 in
1288 5108 1487 5165 Leonis
1532 5123 1711 5169 castra
1754 5116 1959 5171 emisit.
2014 5116 2079 5171 Hi

502 5214 724 5272 accepta
776 5201 1075 5273 diplomata
1132 5212 1246 5258 toto
1296 5204 1406 5258 late
1454 5209 1700 5262 exercitu
1764 5210 2076 5264 clanculum

505 5306 848 5359 sparserunt.
888 5295 967 5351 Ac
991 5294 1224 5351 Michael
1248 5297 1467 5366 quidem
1503 5314 1533 5352 a
1564 5297 1747 5355 Pboea
1781 5303 2083 5371 deprehen-

503 5398 636 5449 sus,
695 5388 1016 5444 verberibus
1052 5388 1171 5443 dire
1211 5398 1517 5457 contusus,
1559 5394 2084 5463 naso.anribusque

503 5475 769 5534 multatus
819 5488 922 5534 est.
983 5478 1181 5536 Verum
1233 5482 1279 5539 is
1318 5490 1505 5552 postea
1539 5497 1569 5535 a
1602 5482 1853 5539 Romano
1879 5500 2084 5540 conve-

506 5568 747 5625 nientem
780 5573 952 5627 vicem
983 5586 1318 5633 consecutus
1342 5586 1446 5641 est,
1485 5577 1799 5649 pariterque
1830 5596 1952 5636 cum
1994 5583 2084 5637 illo

504 5662 783 5719 submissa
825 5665 1045 5720 mulier.
1098 5667 1317 5724 Primus
1370 5670 1554 5741 itaque
1584 5670 1981 5729 Constantinus
2006 5674 2083 5729 lc-

506 5756 688 5827 giouis
728 5755 1074 5813 lcanatorutn
1135 5761 1281 5825 dux,
1340 5762 1770 5822 Barvntichaclis
1827 5766 2003 5823 Iilius.
2054 5786 2080 5822 a

2188 4547 2379 4613 σιλέως
2419 4549 2857 4613 Κωνσταντίνου,
2881 4551 2982 4619 τῆς
3024 4551 3282 4621 τοιαύτης
3311 4551 3618 4624 ἐπιϐουλῆς
3642 4553 3770 4606 ἀνα-

2183 4641 2394 4712 τροπὴν
2426 4641 2771 4711 περιέχοντα,
2826 4642 2921 4698 καὶ
2950 4642 3025 4706 ὡς
3057 4645 3106 4696 οἱ
3128 4642 3219 4695 τὸν
3260 4645 3457 4697 Φωκᾶν
3505 4646 3771 4712 καταλιμ-

2187 4733 2471 4797 πάνοντες,
2504 4730 2584 4801 τῷ
2634 4730 2845 4801 βασιλεῖ
2891 4732 2948 4785 δὲ
3000 4732 3446 4803 προσφεύγοντες
3484 4735 3639 4807 ὑπὲρ
3690 4731 3780 4785 τοῦ

2190 4822 2455 4893 βασιλέως
2512 4824 2682 4889 εἰσὶν,
2726 4824 2850 4887 δοὺς
2888 4824 3032 4878 αὐτὰ
3076 4826 3247 4898 Ἀννῃ
3284 4826 3511 4894 γυναικὶ
3575 4827 3781 4883 ἀναιδεῖ

2190 4917 2281 4968 καὶ
2310 4914 2561 4986 θρασείᾳ,
2591 4916 2657 4986 ήν
2680 4916 2775 4969 καὶ
2814 4916 3111 4985 Βασιλικὴν
3142 4916 3633 4987 προσηγόρευσαν,
3694 4916 3781 4970 καί

2189 5006 2436 5077 κληρικῷ
2466 5025 2581 5085 ,τινι
2615 5007 2856 5079 Μιχαὴλ,
2889 5009 2949 5062 ὲν
2972 5008 3048 5078 τῷ
3086 5007 3253 5062 αὐτοῦ
3284 5010 3649 5081 στρατοπέδῳ
3704 5007 3784 5073 ἐξ·

2189 5100 2456 5170 ἐπεμψεν.
2478 5101 2542 5154 Ol
2566 5100 2626 5154 δὲ
2656 5100 2825 5153 ταῦτα
2845 5101 3242 5171 ἀναλαϐόμενοι
3268 5100 3446 5175 λάθρα
3461 5101 3783 5172 διέσπειραν

2190 5194 2359 5245 παντὶ
2428 5191 2509 5262 τῷ
2561 5193 2800 5264 στρατῷ.
2850 5193 2963 5246 Καὶ
3011 5193 3041 5245 ὁ
3079 5194 3177 5265 μὲν
3241 5195 3460 5265 Μιχαὴλ
3500 5192 3783 5265 φωραθεὶς

2191 5285 2345 5355 παρὰ
2408 5283 2503 5337 τοῦ
2560 5286 2747 5349 Φωκᾶ,
2795 5284 3037 5356 ἀνηλεῶς
3092 5286 3338 5355 τυφθεὶς,
3397 5288 3502 5355 τήν
3554 5303 3617 5339 τε
3659 5287 3781 5356 ῥῖνα

2191 5378 2284 5430 καί
2314 5376 2382 5429 τὰ
2409 5371 2524 5431 ὦτα
2556 5378 2846 5449 ἀπετμήθη
2869 5395 2883 5409 ο
2911 5378 2972 5441 ὃς
3000 5379 3138 5448 μετὰ
3166 5378 3341 5431 ταῦτα
3373 5380 3528 5451 παρὰ
3556 5379 3782 5446 Ῥωμα-

2190 5467 2282 5521 νοῦ
2331 5468 2430 5538 τῆς
2495 5468 2883 5540 προσηκούσης
2927 5469 3117 5540 ἔτυχεν
3179 5470 3451 5541 ἀμοι6ἧ;’
3508 5468 3780 5527 ὡσαύτως

2194 5562 2285 5615 καὶ
2328 5562 2361 5631 ή
2412 5563 2510 5616 σὺν
2532 5562 2679 5633 αὐτῷ
2722 5560 2979 5616 σταλείσα
3018 5563 3179 5632 γυνή.
3238 5564 3459 5633 Πρῶτος
3498 5560 3589 5616 οὖν
3615 5557 3776 5615 δ’τοῦ

2193 5656 2546 5727 Βαρυμιχαὴλ
2593 5656 2705 5719 υίὸς
2743 5658 3173 5719 Κωνσταντῖνος.
3205 5656 3297 5710 τοῦ
3347 5657 3627 5728 τάγματος
3676 5652 3778 5722 ἀρ-

2193 5767 2303 5821 χων
2328 5750 2434 5805 τῶν
2456 5748 2742 5815 ἱκανάτων,
2779 5745 3096 5802 καταλιπὼν
3124 5747 3423 5804 τὸνφωκᾶν
3444 5749 3521 5819 τῷ
3555 5748 3782 5813 Ῥωμιι
