3962 6204
253 373 340 445 ιω
957 376 1100 437 LIB.
1143 377 1245 439 VI.
1276 399 1341 412 --
1380 377 1953 441 CONSTANTINUS
1981 382 2745 449 PORPHYROGENITUS.

3381 385 3487 451 ιιι

250 483 711 558 νῷπροσὲδραμεν,
729 484 1130 556 ἁρχὴγεγονὼς
1149 486 1497 550 καταλύσεως
1522 489 1623 558 τῆς
1639 489 1815 542 τοιαύ-

1930 491 2094 547 Leone
2128 494 2193 548 ad
2226 494 2533 551 Romanum
2568 498 2842 564 transivit,
2870 497 3097 569 ejusque
3120 498 3490 556 convellendas

248 597 334 650 της
377 576 733 639 ἀποστασίας.
768 577 871 629 Σὺν
903 577 1049 648 αὐτῷ
1073 575 1129 631 δὲ
1184 579 1278 632 καὶ
1303 579 1329 632 ὁ
1360 578 1656 643 Βαλάντιος
1676 580 1813 634 καὶὸ

249 671 515 742 λιγόμενος
549 667 876 740 Ἀτζμωρος
891 709 905 732 ,
924 687 1015 723 του
1026 669 1265 741 ρμάρχαι
1283 671 1435 735 ὄντες
1454 672 1549 725 καὶ
1570 673 1813 744 ἀμφότε-

251 761 486 836 ροι.Λέων
498 758 592 814 οὖν
608 760 838 823 ὀθωκᾶς
859 760 995 829 μετὰ
1012 759 1142 814 λαοῦ
1165 760 1416 814 πλείστου
1435 762 1668 833 ἰσχυρῶς
1682 762 1814 817 καθ-

246 855 570 925 ωπλισμένου
604 855 663 906 ὲν
692 853 1034 925 Χρυσοπόλει
1077 853 1402 907 καταλαϐὼν
1437 853 1687 923 διέστησε
1709 870 1814 908 πα-

248 945 481 1023 ρατάξεις
496 946 606 999 ἀπὸ
625 945 725 1012 τῆς
738 944 946 1016 λιθίνης
963 944 1249 1015 δαμάλεως
1270 944 1431 1015 μέχρι
1447 945 1811 1015 Χαλκηδόνος,

248 1041 357 1103 τοὺς
385 1042 440 1093 ὲν
483 1037 640 1090 πόλει
669 1036 872 1105 φοϐῶν.
928 1035 1343 1089 Ἀποστέλλεται
1369 1033 1462 1090 οὖν
1524 1037 1663 1107 μετὰ
1695 1037 1814 1109 δρό-

251 1147 408 1202 μωνος
431 1129 586 1200 παρὰ
612 1126 897 1198 Ῥωμανοῦ
917 1124 1142 1197 Συμεὼν
1168 1128 1197 1180 ὁ
1228 1126 1321 1179 ἐπὶ
1362 1125 1453 1180 τοῦ
1480 1127 1811 1193 κανικλείου,

246 1224 387 1292 λόγον
453 1222 839 1289 ὲνυπόγραφον
892 1219 988 1273 τοῦ
1057 1219 1325 1289 βασιλέως
1402 1220 1812 1274 Κωνσταντίνου

242 1313 644 1383 ἐπιφερόμενος,
674 1312 798 1366 τάδε
843 1311 1249 1382 διαγορεύοντα,
1282 1311 1359 1374 ὡς
1395 1310 1545 1381 Ἐγὼ
1572 1313 1814 1381 φύλακα

239 1406 340 1475 τῆς
362 1404 513 1475 ἐμῆς
538 1404 896 1470 δεσποτείας
921 1403 1020 1457 καὶ
1041 1404 1368 1470 βασιλείας
1414 1404 1814 1474 ἐγρηγορώτα-

238 1516 337 1553 τον
396 1496 496 1552 καὶ
536 1497 952 1551 εὐνούστατον
1000 1494 1232 1566 [Ρᾶιὸ]
1287 1495 1386 1549 καὶ
1448 1498 1816 1551 πιστότατον

238 1590 451 1646 οὐδένα
476 1589 597 1642 τῶν
618 1587 737 1642 ὑπὸ
768 1587 935 1657 χεῖρα
966 1587 1003 1656 ἣ
1058 1588 1356 1657 Ῥωμανὸν
1384 1588 1651 1657 εὑρηκὼς
1677 1591 1816 1643 τού-

238 1681 452 1749 npth
518 1681 675 1750 ἐμὴν
728 1678 1019 1749 φυλακὴν
1080 1680 1232 1749 μετὰ
1274 1678 1425 1733 Θεὸν
1476 1679 1815 1733 ἐπίστευσα

236 1774 325 1829 καὶ
357 1772 491 1827 ἀντὶ
520 1776 746 1839 πατρὸς
773 1770 963 1825 αὑτὸν
993 1770 1221 1839 ἔκρινα,
1251 1772 1579 1839 σπλάγχνα
1606 1788 1813 1841 πατρι-

1915 586 2242 644 defectionis
2273 590 2484 658 primus
2510 600 2704 646 auctor
2736 590 2860 646 fuit.
2925 591 3110 648 Secuti
3147 608 3276 648 vero
3321 593 3486 648 etiam

1915 679 2218 746 Balantius,
2265 690 2319 736 et
2367 697 2527 750 quem
2560 693 2755 738 vocant
2782 685 3096 750 Atzmorus,
3124 684 3226 753 ipsi
3268 700 3488 754 quoque

1917 775 2078 829 ambo
2104 772 2330 827 tribuni.
2379 773 2486 828 Leo
2520 775 2685 847 igitur
2719 776 2949 840 Phoeas,
2996 793 3106 847 quo
3148 776 3318 832 fretus
3351 788 3489 843 erat,

1915 867 2117 936 ingenti
2151 867 2301 921 omni
2325 867 2489 938 396
2507 883 2784 923 armorum
2816 885 3014 938 genere
3046 870 3315 924 instructo
3335 885 3493 924 exere
3530 908 3542 953 ί

1915 961 2026 1016 citu
2062 960 2442 1033 Chrysopolim
2477 962 2722 1026 veniens,
2763 978 2792 1016 a
2826 961 3067 1017 Juvenca
3103 961 3313 1032 lapidea
3336 960 3497 1015 Chal-

1915 1050 2176 1106 cedonam
2214 1068 2407 1122 usque,
2441 1052 2507 1106 ad
2541 1061 2805 1107 terrorem
2842 1053 3051 1108 civibus
3091 1052 3491 1119 incutiendum,
3540 1062 3547 1072 '

1914 1145 2022 1200 late
2060 1145 2234 1199 aciem
2267 1146 2530 1200 extendit.
2597 1144 2817 1200 lnterim
2874 1161 3003 1200 vero
3054 1145 3256 1201 missus
3295 1162 3325 1200 a
3375 1144 3490 1201 Ro-

1914 1252 2079 1291 mano
2111 1253 2235 1292 cum
2272 1237 2453 1292 celoce
2486 1238 2722 1309 Symeon
2766 1238 2995 1293 caniclei
3028 1237 3318 1308 praefectus
3364 1253 3489 1292 cum
3535 1208 3550 1261 ί

1915 1332 2132 1396 litteris,
2162 1330 2506 1386 Constantini
2556 1331 2909 1401 imperatoris
2937 1330 3341 1399 subscriptione
3370 1346 3491 1383 mu—

1915 1426 2070 1481 nitis.
2132 1424 2459 1479 Litterarum
2501 1425 2591 1479 hic
2635 1436 2752 1479 erat
2798 1433 2973 1489 tenor,
3016 1425 3132 1478 haec
3182 1422 3491 1478 sententia:

1915 1519 2048 1575 Cum
2092 1517 2255 1570 alium
2312 1517 2567 1570 neminem
2615 1516 2997 1571 dominationis
3050 1531 3179 1570 mete
3223 1530 3284 1568 ac
3326 1511 3495 1582 maje-

1915 1612 2073 1667 statis
2101 1609 2503 1689 rigilantiorem
2537 1611 2810 1679 magisque
2849 1608 3151 1662 benevolum
3183 1624 3244 1660 ac
3286 1604 3496 1675 ﬁdelio-

1916 1720 2023 1758 rem
2048 1702 2335 1764 custodem,
2374 1702 2509 1756 inter
2537 1718 2713 1755 omnes
2747 1700 2837 1771 qui
2867 1716 2995 1755 metu
3023 1700 3241 1752 ditionis
3283 1705 3403 1750 sunt
3431 1711 3492 1747 ac

1915 1794 2136 1863 imperio
2168 1793 2408 1858 subsunt,
2451 1792 2685 1847 Romano
2719 1791 3024 1855 invenerim,
3060 1791 3180 1841 huic
3207 1786 3493 1840 secundum

244 1867 317 1922 κά
355 1866 452 1920 καὶ
498 1864 774 1919 διάθεσιν
798 1863 1051 1933 τονικὴν
1072 1863 1220 1932 πρὸς
1239 1863 1342 1937 ἐμὲ
1369 1863 1810 1933 ἐνδειξάμενον.

1930 1886 2084 1940 Deum
2116 1886 2216 1938 mei
2250 1884 2545 1939 custodiam
2577 1884 2838 1947 commisi,
2872 1883 3144 1949 ipsumque
3185 1880 3296 1932 loco
3325 1877 3493 1948 patris

236 1955 462 2012 Λέοντα
486 1956 556 2010 δὲ
587 1955 696 2008 τὸν
721 1952 934 2010 Φωκᾶν
955 1954 1047 2011 ἀεὶ
1084 1953 1161 2023 τῇ
1186 1954 1302 2024 ἐμῇ
1324 1956 1615 2021 βασιλείᾳ
1670 1959 1816 2011 ὑπο·
1862 1968 1867 1973 ‘

232 2050 470 2104 πτεύων
498 2047 915 2101 ἐπιϐουλεύειν·
952 2045 1069 2099 νῦν
1088 2044 1205 2114 μὲν
1242 2045 1434 2115 ἔργοις
1461 2044 1657 2111 αὐτοῖς
1685 2046 1811 2100 ἐπί-

234 2144 458 2197 ϐουλον
502 2140 733 2208 εὕρηκα
755 2136 854 2192 καὶ
878 2137 990 2203 τῆς
1032 2136 1184 2206 ἐμῆς
1226 2136 1419 2204 ἀρχῆς
1452 2134 1816 2202 τυραννικῶς

238 2229 947 2300 κατεξανιστάμενον.Διὸ
969 2228 1106 2283 οὔτε
1130 2225 1814 2296 δομέστικοναὺτὸνάπό

238 2325 349 2381 τοῦ
374 2323 493 2379 νῦν
532 2319 691 2377 εἶναι
733 2322 1036 2389 ,ϐούλομαι
1067 2336 1082 2349 ·
1115 2319 1255 2373 οὔτε
1298 2318 1409 2387 γὰρ
1451 2318 1678 2382 ταύτην
1704 2318 1817 2386 τὴν

228 2416 570 2485 ἀνταρσίαν
588 2414 738 2484 μετὰ
754 2411 998 2481 ,βουλῆς
1051 2410 1203 2480 ἐμῆς
1231 2410 1603 2479 πεπραχέναι
1642 2409 1814 2478 φημί,

233 2511 376 2566 ἀλλ’
404 2507 738 2577 αὐθαιρέτῳ
764 2506 965 2576 γνώμῃ
1010 2506 1236 2571 ταύτην
1283 2501 1652 2569 ποιήσασθαι
1704 2500 1819 2569 τὴν

229 2602 527 2659 ἐπίθεσιν.
560 2597 754 2662 ἐαυτῷ
791 2596 906 2664 τὴν
929 2596 1259 2660 βασιλείαν
1302 2590 1815 2662 σφετεριζόμενον.

231 2692 454 2747 Τούτων
486 2686 580 2744 οὖν
606 2689 685 2760 τῷ
704 2687 820 2758 λαῷ
853 2685 1312 2754 ἀναγνωσθέντων
1342 2683 1580 2753 ἤρξαντο
1614 2683 1817 2747 πάνςες

231 2785 547 2855 ἀναχωρεῖν
576 2784 671 2835 καὶ
703 2779 783 2848 τῷ
807 2778 1226 2850 βασιλεοπάτορι
1264 2775 1635 2847 προσρύεσθαι
1675 2775 1813 2829 Ῥω-

234 2876 412 2950 μανῷ.
449 2875 558 2928 Τοῦ
592 2874 757 2927 Φωκᾶ
782 2874 838 2925 δὲ
868 2874 947 2935 είς
980 2868 1292 2940 ἀμηχανίαν
1337 2870 1695 2939 περιστάντος
1719 2868 1817 2921 καὶ

230 2971 570 3037 ἀπογνόντος
598 2967 674 3026 ὡς
702 2965 882 3033 πάσης
912 2962 1128 3025 ἑλπίδος
1158 2960 1543 3031 ὴστοχηκότος,
1569 2960 1664 3014 καί
1689 2977 1823 3030 χρη-

235 3062 487 3133 σαμένου
524 3060 672 3129 φυγῇ
707 3058 801 3109 καὶ
833 3055 969 3135 arpi);
999 3053 1061 3107 τὸ
1091 3053 1327 3122 κάστρον
1373 3051 1590 3115 Ἀτεοῦς
1641 3068 1820 3122 παρα-

1916 1974 2103 2042 habeo,
2127 1975 2218 2044 qui
2246 1985 2470 2042 paterna
2504 1987 2631 2040 erga
2657 1988 2737 2025 me
2765 1972 2966 2024 viscera
2998 1985 3061 2021 ac
3097 1967 3348 2037 genitoris
3371 1981 3493 2034 pro-

1914 2083 2133 2136 pensum
2183 2068 2423 2120 animum
2460 2065 2765 2118 ostenderit.
2823 2061 3049 2116 Leonem
3090 2077 3210 2114 vero
3262 2058 3495 2113 Phocum

1917 2178 2037 2216 cum
2086 2177 2288 2229 semper
2333 2158 2655 2214 insidiarum
2702 2166 2997 2226 suspectum
3026 2152 3322 2217 habuerim,
3356 2166 3494 2203 nunc

1919 2271 1975 2309 re
1997 2254 2112 2323 ipsa
2140 2254 2481 2308 insidiantem
2507 2250 2723 2319 aliendi,
2760 2265 2824 2303 ac
2852 2249 2942 2319 qni
2983 2245 3200 2317 tyranni
3240 2252 3496 2311 potestate

1918 2346 2190 2416 majestati
2212 2362 2339 2399 mete
2376 2342 2608 2397 rebellet.
2651 2340 3004 2409 Quamobrem
3028 2356 3120 2393 nec
3152 2337 3495 2391 domesticum

1918 2440 2160 2502 deinceps
2196 2452 2315 2490 eum
2341 2452 2448 2489 esse
2476 2435 2612 2487 volo.
2672 2432 2849 2501 Neque
2876 2431 3014 2484 enim
3046 2429 3183 2482 hanc
3212 2443 3325 2480 meo
3349 2426 3497 2490 iussu

1920 2530 2154 2583 orditum
2204 2528 2361 2580 telam
2393 2538 2639 2593 agnosco,
2680 2520 2768 2575 sed
2804 2522 2976 2589 ipsum
3005 2536 3036 2572 a
3063 2535 3116 2571 se
3140 2518 3382 2585 ultroque
3410 2514 3498 2569 ια-

1920 2614 2121 2676 cessei'e
2163 2636 2225 2673 ac
2256 2617 2514 2690 grassari,
2557 2625 2615 2668 ut
2657 2616 2711 2667 in
2755 2630 2811 2668 se
2856 2611 3135 2679 imperium
3180 2609 3492 2677 transferat.

1920 2713 2227 2783 pronuntio.
2278 2709 2664 2775 Lectisitaque
2700 2706 2955 2761 audiente
2998 2701 3243 2758 exercitu
3279 2701 3496 2765 litteris,

1922 2811 2209 2874 coeperunt
2236 2816 2429 2857 omnes
2450 2815 2480 2854 a
2500 2800 2679 2855 Leone
2704 2797 2770 2852 ad
2805 2799 3113 2851 Romanum
3145 2791 3498 2863 imperatoris

1922 2902 2133 2967 patrem
2189 2893 2521 2948 desciscere.
2588 2890 2694 2944 Leo
2731 2887 2948 2943 consilii
3005 2886 3165 2955 inops
3221 2883 3501 2951 rebusque

1923 2989 2250 3060 desperatis.
2283 2987 2372 3041 cui
2406 2983 2539 3039 nihil
2570 2991 2769 3054 praesto
2800 2980 2868 3035 ad
2900 2994 2988 3033 res
3022 2975 3340 3033 sarciendas
3371 2987 3502 3041 sup-

1926 3088 2152 3153 peteret,
2197 3082 2429 3136 salutem
2490 3076 2615 3146 fuga
2654 3088 2907 3145 quaerens
2948 3071 3014 3125 ad
3055 3070 3224 3124 Ateus
3254 3074 3498 3121 castrum

229 3155 530 3225 γενομένου
553 3152 648 3204 καὶ
683 3150 755 3221 μὴ
781 3146 1085 3218 δεχθέντος,
1116 3148 1174 3199 ὲν
1208 3144 1394 3216 χωρίῳ
1432 3143 1817 3213 ὀνομαζομένῳ

1930 3173 2207 3244 pervenit;
2243 3185 2418 3238 eoque
2454 3167 2727 3237 repulsus,
2766 3165 2821 3218 in
2865 3163 2986 3218 vico
3033 3162 3233 3216 Goeleo
3274 3157 3503 3212 nomine

230 3249 526 3321 Γοηλέοντι
572 3244 1015 3313 καταστήσαντος
1082 3240 1178 3293 καὶ¹
1234 3236 1650 3306 συλληφθέντος,
1703 3237 1812 3291 ἁπ-

230 3342 484 3397 ἑστειλεν
513 3335 795 3408 Ῥωμανδς
820 3334 1073 3403 Ἰωάννην
1089 3332 1181 3384 τὸν
1214 3329 1502 3400 Τουδάκην
1534 3328 1627 3381 καὶ
1652 3328 1817 3381 Λέον-

226 3454 297 3490 τα
342 3435 439 3487 τὸν
472 3428 636 3485 αὐτοῦ
669 3426 903 3497 συγγενῆ
934 3425 1071 3478 ὥστε
1103 3424 1414 3492 εἰσαγαγεῖν
1464 3422 1627 3475 αὐτὸν
1654 3422 1711 3474 ἐν
1752 3422 1816 3491 τῇ

227 3528 414 3581 πόλει.
474 3524 541 3577 0i.
590 3521 648 3575 δὲ
703 3520 892 3573 τοῦτον
947 3518 1321 3587 κρατήσαντες
1393 3512 1817 3582 ἀπετύφλωσαν,

227 3622 416 3676 καίτοι
475 3614 748 3687 μηδεμίαν
771 3611 900 3682 ’περὶ⁵
937 3609 1130 3662 τούτου
1156 3607 1440 3678 δεξάμενοι
1481 3604 1699 3675 ἐντολὴν
1728 3605 1823 3659 καὶ

226 3707 558 3779 αὐθαιρέτῳ
607 3702 806 3775 γνώμῃ
853 3700 1013 3757 τοῦτο
1065 3699 1446 3768 πεποιηκότες,
1496 3696 1571 3760 ὼς
1619 3697 1826 3764 ἀγανα-

223 3804 443 3873 κτῆσαι
494 3798 590 3853 ἐπὶ
654 3796 831 3866 τούτῳ
869 3796 966 3847 καὶ
989 3793 1077 3855 τὸν
1121 3790 1555 3862 βασιλεοπάτορα
1609 3788 1827 3859 Ῥωμα-

222 3900 499 4041 vfens.
530 3981 828 4052 Αὐγούστῳ
856 3980 913 4034 δὲ
947 3978 1078 4050 μηνὶ
1109 3975 1463 4046 κατεμηνύθη
1491 3974 1563 4027 τὰ
1578 3974 1677 4043 τῆς
1700 3973 1825 4024 ἐπι-

221 4079 442 4149 ϐουλῆς
473 4075 882 4131 Κωνσταντίνου
906 4067 1261 4140 κτηματινοῦ
1292 4068 1385 4121 καὶ
1412 4064 1577 4118 Δαϐὶδ
1598 4066 1832 4131 Καμου-

219 4172 429 4227 λιανοῦ
482 4169 581 4223 καὶ
644 4164 867 4237 Μιχαὴλ
930 4163 1280 4234 κουράτωρος
1333 4159 1442 4213 τῶν
1496 4156 1792 4226 μαγγάνων
1816 4169 1832 4187 ο

1918 3264 2253 3320 constitutus
2283 3260 2517 3330 capitur.
2571 3257 2723 3312 Missi
2755 3256 2952 3310 deinde
2988 3268 3018 3306 a
3051 3253 3303 3305 Romano
3329 3247 3505 3301 Joan-

1919 3372 2016 3412 nes
2065 3352 2315 3407 Tuhaces
2366 3360 2419 3406 et
2463 3349 2572 3402 Leo
2616 3347 2737 3416 ejus
2779 3352 3067 3416 cognatus,
3125 3342 3220 3410 qui
3265 3352 3390 3393 eum
3442 3336 3495 3389 in

1922 3448 2108 3503 urbem
2141 3444 2301 3516 397
2341 3443 2680 3497 inducerent.
2737 3437 2815 3491 llli
2858 3450 2989 3489 vero
3045 3447 3171 3488 cum
3208 3430 3503 3499 cepissent,

1922 3542 2098 3599 oculis
2122 3541 2414 3600 orbarunt,
2446 3547 2761 3606 quanquam
2793 3530 2944 3585 nullo
2983 3526 3102 3597 ejus
3138 3523 3217 3579 rei
3244 3520 3505 3577 mandato

1925 3644 2171 3702 accepto,
2234 3630 2327 3685 sed
2381 3643 2481 3683 sua
2536 3624 2640 3696 ipsi
2696 3621 2940 3678 instincti
2992 3620 3292 3679 voluntate,
3341 3621 3402 3667 ut
3452 3617 3507 3664 et

1928 3726 2276 3799 imperatoris
2311 3731 2466 3792 pater
2494 3735 2559 3775 eo
2590 3715 2808 3772 nomine
2849 3710 3166 3782 indignatus
3194 3707 3287 3763 sit.

2006 3985 2195 4040 14-15.
2239 3981 2425 4035 Mense
2459 3979 2705 4047 Augusto
2738 3974 2964 4028 detectae
3004 3962 3353 4024 Constantini
3385 3961 3511 4016 Cte-

1934 4074 2148 4136 matini,
2181 4071 2401 4125 Davidis
2444 4065 2749 4123 Camuliani
2800 4073 2853 4118 et
2899 4059 3178 4117 Michaelis
3209 4066 3513 4121 mangano—

1936 4185 2057 4224 rum
2088 4163 2361 4222 curatoris
2396 4160 2629 4216 insidiae.
2681 4156 3025 4224 Quapropter
3061 4151 3114 4205 hi
3146 4160 3365 4217 quoque
3404 4157 3514 4198 cae-

220 4266 331 4318 na).
362 4234 758 4329 wawﬂévtsqi
792 4234 938 4317 οὗτοι
991 4256 1078 4309 διὰ
1121 4257 1290 4325 μέσης
1356 4252 1573 4322 διῆλθον
1610 4249 1710 4319 τῆς
1742 4248 1826 4301 πό-

1940 4264 2079 4319 catis
2117 4258 2439 4321 luminibus,
2495 4268 2594 4323 per
2639 4250 2870 4304 mediam
2921 4245 3109 4301 urbem
3149 4236 3409 4300 traducti,
3458 4234 3512 4287 in

219 4361 378 4424 λεως
416 4328 515 4411 καὶ
548 4357 735 4428 ὲξορία
788 4351 1267 4424 παρεπέμφθησαν
1300 4367 1315 4382 ο
1349 4350 1557 4420 ἤγαγον
1612 4345 1670 4399 δὲ
1740 4342 1826 4398 καῖ

1939 4353 2192 4410 exsilium
2223 4348 2377 4404 missi
2411 4352 2561 4401 sunt.
2612 4342 2895 4397 Adductus
2934 4344 2988 4391 et
3030 4334 3139 4387 Leo
3174 4328 3432 4398 magister
3461 4332 3517 4379 et

221 4415 461 4506 Λέοντα
500 4415 800 4518 μάγιστρον
848 4415 946 4496 καὶ
1009 4415 1328 4511 δοήμὲστικον
1511 4436 1719 4506 σχολῶν
1775 4438 1826 4487 ὲν

1942 4448 2255 4502 scholarum
2302 4437 2656 4499 domesticus,
2708 4432 2964 4500 muloque
3006 4424 3252 4481 insidens
3282 4415 3518 4490 ignomi-

222 4546 306 4612 τῇ
344 4541 533 4605 πόλει,
595 4539 690 4593 καὶ
736 4538 949 4609 διῆλθεν
988 4535 1048 4587 ιν
1098 4534 1238 4603 μέσῃ
1282 4532 1347 4601 τῇ
1398 4531 1575 4599 ἀγορᾷ
1629 4527 1826 4597 ἡμιόνᾳ

1947 4541 2050 4595 nite
2073 4553 2237 4594 causa
2273 4550 2367 4605 per
2400 4530 2638 4586 medium
2675 4526 2852 4581 forum
2892 4520 3199 4574 traductus.

223 4631 644 4703 καθεζόμενος.

2019 4720 2105 4773 16.
2147 4717 2257 4771 Zoe
2302 4728 2519 4785 quoque
2548 4707 2882 4778 deprehensa
2934 4695 3237 4756 machinari
3289 4699 3519 4748 mortem

1952 4812 2200 4866 Romano
2249 4784 2346 4878 per
2399 4805 2550 4860 cibos
2600 4800 2922 4861 medicatos,
2984 4795 3289 4848 instruente
3349 4784 3521 4853 dapes

1951 4904 2247 4959 Theocleto
2282 4898 2438 4953 otiicii
2490 4896 2725 4950 notario.
2776 4892 2958 4957 Quare
3004 4887 3144 4941 hanc
3190 4881 3354 4937 etiam
3398 4875 3520 4932 aula

1952 4994 2183 5065 eiectam
2216 4992 2381 5060 inque
2408 4986 2650 5041 Petrium
2687 4982 2978 5037 abductam
3023 4976 3076 5030 in
3110 4973 3167 5028 S.
3207 4964 3524 5065 Euphetnia

1952 5063 2287 5143 monasterio
2338 5079 2717 5135 totonderunt.
2768 5071 3017 5128 Invitatis
3069 5082 3201 5123 vero
3245 5063 3311 5117 ad
3361 5072 3523 5129 pran-

1953 5181 2098 5235 dimn
2147 5193 2177 5231 a
2223 5174 2633 5245 Thcophylacto
2690 5168 2923 5241 patricio
2980 5180 3044 5219 ac
3085 5158 3287 5217 stabuli
3326 5152 3525 5245 comite

1953 5270 2244 5325 Theodoro
2277 5242 2632 5322 Constantini
2675 5257 3025 5331 imperatoris
3055 5250 3349 5323 paedagogo
3376 5242 3527 5314 ejus—

1953 5376 2059 5435 que
2104 5362 2273 5416 fratre
2319 5360 2612 5431 Symeone,
2649 5356 2792 5409 inter
2831 5350 3020 5420 epulas
3049 5347 3327 5414 ingressus
3358 5336 3526 5392 Joan-

1954 5433 2051 5513 nes
2090 5453 2443 5511 escubiarum
2500 5447 2831 5515 drnngarius
2887 5442 3065 5496 dictus
3109 5433 3360 5489 Curcuas
3399 5441 3524 5482 cina

1956 5551 2127 5605 multo
2182 5546 2438 5604 satellitio
2467 5586 2480 5607 .
2533 5549 2781 5611 arreptos
2809 5538 2943 5609 ,illos
2969 5575 2984 5600 ,
3032 5542 3292 5601 tanquam
3334 5524 3530 5581 adver-

1956 5662 2052 5701 sus
2101 5643 2409 5700 Romanum
2476 5637 2841 5697 marhinatos,
2887 5631 2953 5685 ad
2991 5627 3269 5699 Opsicium
3318 5622 3370 5676 in
3413 5616 3530 5675 suis

1959 5738 2201 5807 ipsorum
2237 5732 2563 5791 suburbanis
2598 5744 2692 5786 eos
2738 5724 2991 5783 exsulare
3015 5720 3210 5791 coegit.

313 4733 421 4792 ις’.
492 4723 786 4794 Ἐφωράθη
833 4721 889 4774 δὲ
954 4719 1049 4773 καὶ
1095 4717 1215 4787 Ζωὴ
1280 4711 1567 4782 Αὑγούστα
1629 4708 1845 4762 ἐπιδου-

220 4822 489 4877 λιὺουσα
558 4814 822 4886 Ῥωμανῷ
868 4814 954 4867 διὰ
998 4808 1482 4880 πεφαρμαγμένων
1520 4804 1844 4876 βρωμάτων,

222 4914 346 4968 ὑπὸ
406 4910 721 4980 Θεοκλήτου
800 4905 1044 4975 νοταρίου
1106 4902 1206 4971 τῆς
1269 4899 1571 4970 ὑπουργίας
1650 4912 1848 4949 σκευα-

227 5006 500 5062 σθέντων
526 5019 539 5034 ·
567 5001 661 5055 καὶ
679 5000 883 5069 ταύτην
912 4996 1005 5050 τοῦ
1034 4993 1291 5048 παλατίου
1307 4990 1731 5055 καταδιὸάζουσι
1756 4988 1851 5042 καὶ

228 5101 321 5161 είς
367 5099 441 5150 τὸ
466 5093 698 5164 Πετρίον
725 5091 1028 5158 ἀπάγουσιν
1058 5090 1115 5140 ὲν
1144 5088 1210 5156 τῇ
1232 5085 1330 5155 τῆς
1371 5083 1530 5152 ἁγίας
1562 5082 1850 5152 Εὑιρημίας

230 5192 388 5261 μονῇ
436 5186 854 5254 ἀποκείραντες.
882 5177 1239 5252 Προσεκλήθη
1275 5177 1333 5230 δὲ
1367 5174 1519 5243 παρὰ
1575 5172 1849 5241 Θεοφυλά-

229 5298 384 5334 κτου
436 5275 732 5348 πατρικίου
759 5275 852 5328 καὶ¹
880 5274 1118 5344 κόμητος
1164 5269 1259 5324 τοῦ
1314 5266 1545 5321 στάὁλου
1598 5265 1680 5327 είς
1726 5265 1849 5333 ἄρι-

228 5390 383 5427 στον
415 5372 451 5424 6
491 5367 847 5436 παιδαγωγὸς
889 5363 1304 5419 Κωνσταντίνου
1337 5357 1602 5431 βασιλέως
1644 5356 1851 5409 θεόδω-

224 5485 343 5539 ρος
380 5467 487 5519 καὶ
531 5460 758 5531 Συμεὼν
795 5463 824 5513 ὁ
854 5457 1018 5514 αὐτοῦ
1041 5456 1268 5527 ἁδελφός
1292 5471 1306 5486 ⁸
1337 5453 1627 5508 ἐσθιόντων
1666 5450 1723 5504 δὲ
1756 5450 1851 5504 αὐ-

216 5563 358 5617 τῶν
414 5559 676 5630 είσῆλθεν
750 5558 1006 5627 Ἰωάννης
1053 5552 1412 5625 δρουγγάριος
1457 5549 1557 5618 τῆς
1604 5546 1793 5618 βίγλης
1824 5547 1853 5599 ὁ

218 5652 593 5725 Κουρκούας
635 5650 925 5721 λεγόμενος
968 5647 1105 5719 μετὰ
1136 5646 1386 5699 πλείστου
1412 5639 1541 5695 λαοῦ
1561 5682 1574 5706 ,
1608 5640 1700 5694 καὶ
1726 5638 1853 5693 τού-

214 5763 378 5808 τους
464 5743 789 5814 ἀναρπάσας
844 5745 923 5805 εἰς
957 5741 1019 5793 τὸ
1064 5738 1305 5808 Ὀψίκιον
1343 5734 1603 5806 ἐξώρισεν
1652 5736 1709 5787 ὲν
1744 5734 1854 5794 τοῖς

218 5838 480 5895 ἑαυτῶν
508 5836 851 5909 προαστείοις
881 5834 953 5899 ὡς
986 5832 1125 5888 κατὰ
1167 5829 1443 5902 Ῥωμανοῦ
1486 5826 1847 5899 μελετῶντας.
