3962 6204
417 286 517 353 ιιι

1502 279 2009 342 THEOPHANES
2037 254 2599 341 CONTINUATUS.

3573 260 3672 327 ΗΞ

421 412 545 452 nem
594 394 795 449 veniat.
841 392 920 449 lle
949 392 1135 463 itaque
1184 406 1308 447 cum
1348 392 1467 447 suis
1517 392 1815 447 deliberata
1850 392 1999 464 (nam

2126 390 2305 453 ταντδς
2340 388 2501 460 μέχρι
2529 386 2621 440 τοῦ
2684 381 3089 445 Βουκολέοντος.
3119 381 3214 444 Ὅς
3250 377 3387 450 una
3420 378 3525 431 τῶν
3576 382 3672 434 σὺν

422 486 649 558 urgebat
680 486 897 555 fatum),
942 485 1061 554 ipso
1111 482 1610 539 iulennbratissima:
1642 485 1882 555 Virginis
1934 499 1998 539 ac

424 578 519 634 Dei
568 577 859 634 Geuitricis
908 575 1355 630 Annuntiationis
1412 574 1644 629 solemni
1694 576 1801 641 die,
1864 573 1997 630 feria

424 672 635 743 quinta,
697 686 861 724 manu
911 676 1124 723 armata
1165 683 1290 722 cum
1318 665 1484 738 395
1528 668 1782 722 universa
1825 667 2000 722 classe

424 765 493 819 ad
520 762 885 818 Bucoleonem
921 760 1107 825 venit;
1149 758 1447 828 statimque
1477 758 1736 828 magister
1766 757 2001 828 Stepha-

426 870 530 911 nus
556 856 679 909 aula
712 853 961 909 discedit.
1016 848 1236 906 Nicetas
1270 859 1451 903 autem
1475 850 1739 920 patricius
1772 849 2001 905 Romani

425 961 690 1000 consocer
722 945 775 998 in
800 943 1061 1013 palatium
1079 941 1304 996 veniens
1326 939 1611 994 Nicolaum
1631 940 2000 1010 patriarcham

428 1038 555 1094 inde
605 1037 862 1093 extrusit.
909 1035 1231 1090 Aulicorum
1314 1048 1445 1103 ergo
1505 1033 1707 1088 animis
1766 1032 2002 1087 Romani

424 1129 784 1200 jurejurando
828 1126 1086 1191 firmatis,
1140 1124 1437 1195 pretiosam
1489 1139 1553 1180 ac
1606 1124 1876 1179 viviflcm
1934 1124 2002 1179 ad

426 1235 554 1274 eum
591 1220 862 1274 miserunt
895 1232 1153 1284 crucem,
1203 1232 1369 1284 quam
1414 1216 1503 1270 ille
1536 1225 1865 1283 veneratus,
1903 1217 2007 1270 ite-

429 1324 665 1378 rumque
697 1321 1043 1365 sacramento
1074 1306 1399 1377 interposito
1430 1306 1592 1361 fidem
1632 1305 2005 1377 obstringens,

431 1416 559 1455 cum
590 1400 672 1457 eis
698 1399 995 1470 paucisque
1020 1400 1279 1455 comitum
1311 1398 1699 1468 imperatorem
1737 1399 2012 1453 salutatu-

431 1508 529 1546 rus
560 1492 613 1547 itt
640 1491 898 1546 oalatiutn
923 1490 1228 1546 adscendit.
1274 1488 1667 1559 ingressusque
1687 1505 1812 1545 cum
1845 1505 1912 1546 eo
1950 1492 2007 1546 in

431 1584 692 1654 templum
719 1584 864 1653 quod
897 1593 980 1639 est
1011 1583 1062 1637 in
1096 1582 1291 1648 Pharo,
1324 1581 1563 1652 dataque
1596 1582 1667 1636 ibi
1699 1592 1755 1637 et
1787 1592 2011 1655 accepta

2099 484 2248 553 αὐτῷ
2275 480 2707 554 βουλευσάμενος
2740 477 2839 548 (τὸ
2865 476 2976 547 γὰρ
3010 475 3142 543 άγον
3167 468 3303 545 ἦγεν
3329 472 3492 526 αὐτὸν
3518 472 3563 539 ),
3604 476 3671 543 τῇ

2101 576 2284 646 ἡμέρᾳ
2322 573 2415 627 τοῦ
2453 568 2871 641 Εὑαγγελισμοῢ
2904 567 3002 637 τῆς
3056 564 3436 635 ύπεραμὼμου
3468 563 3677 633 Παρθέ-

2100 650 2191 721 νου
2222 665 2318 718 καὶ
2372 663 2637 718 Θεοτόκου
2674 662 2934 733 (πέμπτη
2984 658 3045 712 δὲ
3082 653 3193 729 ἦν)
3244 653 3409 729 ἦλθεν
3465 656 3682 720 ἔνοπλος

2101 757 2218 828 ἅμα
2244 755 2323 827 τῷ
2361 756 2532 825 στόλῳ
2566 755 2732 807 παντὶ
2762 754 2819 807 έν
2849 752 2929 823 τῷ
2971 750 3341 805 Βουκολέοντι.
3383 750 3493 803 Καὶ
3543 766 3687 819 παρ-

2103 850 2232 905 ευθὺ
2291 850 2561 919 Στέφανος
2616 847 2713 918 μὲν
2762 848 3063 919 μάγιστρος
3123 843 3314 913 ἐξῆλθε
3368 841 3463 896 τοῦ
3516 842 3686 896 παλα-

2102 943 2241 1009 τίου,
2272 942 2515 1011 Νικήτας
2571 938 2629 994 δὲ
2683 939 2973 1009 πατρίκιος
3001 939 3031 990 ὁ
3057 934 3431 1007 συμπενθερὸς
3473 935 3687 1005 Ῥωμα-

2106 1034 2204 1090 νοῦ
2231 1033 2472 1088 ἀνελθὼν
2517 1033 2577 1087 ὲν
2627 1031 2706 1101 τῷ
2735 1028 2985 1099 παλατίῳ
3037 1028 3309 1098 έξήγαγεν
3343 1027 3554 1082 ἐκεῖθεν
3594 1028 3683 1081 τὸν

2106 1124 2453 1197 πατριάρχην
2502 1123 2788 1177 Νικόλαον.
2817 1121 3051 1192 Ὀρκοις
3100 1115 3195 1173 οὖν
3224 1118 3608 1190 βεϐαιωθέντες
3638 1122 3685 1173 ei

2111 1220 2208 1273 τοῦ
2235 1217 2500 1273 παλατίου
2523 1217 2674 1287 παρά
2714 1215 2999 1283 Ῥωμανοῦ
3038 1214 3371 1269 ἀπέστειλαν
3405 1213 3542 1284 πρὸς
3594 1214 3689 1266 αὖ·

2106 1312 2197 1366 τὸν
2215 1311 2308 1365 τὸν
2337 1311 2609 1376 ζωοποιὸν
2628 1309 2725 1364 καλ⁵
2741 1309 2923 1379 τίμιον
2950 1306 3180 1379 σταυρὸν
3198 1308 3292 1362 καὶ
3311 1307 3689 1377 προσκυνήσας

2109 1402 2275 1458 αὐτὸν
2304 1403 2401 1456 καὶ
2445 1402 2634 1473 ὅρκοις
2692 1398 3003 1470 βεϐαιώσας
3066 1398 3263 1463 αὐτοὺς
3315 1394 3524 1467 ἀνῆλθε
3576 1397 3688 1466 μετ’

2110 1494 2292 1550 αὐτῶν
2331 1494 2390 1549 ὲν
2419 1493 2499 1565 τῷ
2538 1492 2784 1562 παλατίῳ
2812 1490 2908 1544 καὶ
2934 1489 3134 1558 ὀλίγων
3157 1488 3345 1552 τινῶν,
3378 1491 3691 1560 προσκυνή-

2113 1602 2221 1639 σων
2250 1584 2343 1639 τὸν
2377 1584 2622 1652 βασιλέα.
2647 1583 2759 1638 Καὶ
2790 1581 3050 1637 εἰσελθὼν
3077 1580 3194 1651 μετ’
3208 1580 3373 1636 αὐτοῦ
3394 1580 3454 1633 ὲν
3477 1579 3557 1651 τῷ
3586 1578 3692 1650 ναῷ

433 1676 749 1731 securitatis
784 1676 909 1740 tide,
947 1674 1239 1730 confestim
1274 1676 1533 1745 magister
1567 1684 1619 1730 et
1652 1690 1883 1746 magnus
1910 1676 2011 1732 he-

2126 1675 2190 1746 τῷ
2205 1677 2263 1729 ιν
2280 1674 2358 1747 τῷ
2375 1676 2558 1747 Φάρῳ,
2572 1677 2668 1729 καὶ
2684 1674 2895 1738 πίστεις
2912 1673 3064 1745 αύτῷ
3079 1674 3203 1739 δοὺς
3219 1675 3313 1728 καὶ
3336 1671 3537 1739 λαϐὼν,
3555 1691 3667 1743 παρ

432 1769 717 1824 taariarclta
749 1768 1068 1838 praiicitur.
1127 1766 1325 1823 Statim
1363 1782 1493 1839 ergo
1524 1783 1684 1823 sacra
1719 1735 1898 1839 jussio
1943 1770 2012 1827 ad

2126 1735 2245 1822 ιύθὺ
2288 1735 2697 1840 προχειρίξεται
2738 1735 3055 1839 παρ’-αὐτού
3092 1735 3389 1837 μάγιστρος
3408 1735 3697 1837 καὶ-μέγας

436 1863 674 1920 Leonem
706 1861 945 1917 Pltocam
980 1861 1171 1925 missa,
1207 1874 1315 1930 qua
1343 1860 1391 1915 is
1430 1861 1499 1915 ab
1528 1862 1678 1915 omni
1715 1860 2015 1919 conﬂanda

435 1954 727 2010 seditionis
783 1951 1065 2023 proposito
1118 1951 1543 2005 absterreretur.
1616 1952 2016 2011 Constantinus

436 2055 659 2111 quoque
698 2039 983 2096 accubitnr
1028 2038 1081 2092 in
1126 2037 1375 2092 eamdem
1418 2040 1747 2094 sententiam
1773 2041 2016 2097 scribere

433 2132 644 2201 jussus,
683 2139 740 2187 et
769 2140 829 2186 ut
870 2129 1005 2185 nihil
1040 2128 1095 2184 in
1128 2127 1419 2183 adversum
1461 2130 1739 2195 moliatur,
1771 2132 1866 2187 sed
1894 2147 2017 2202 per-

438 2231 649 2280 severet
695 2221 1015 2293 imperatori
1049 2219 1416 2275 Constantino
1460 2222 1708 2277 subesse.
1753 2227 2020 2294 Acceptas

440 2330 630 2370 sacras
671 2313 919 2368 Andreas
962 2310 1099 2382 regii
1149 2310 1390 2368 vestiarii
1425 2313 1771 2383 primicerius
1800 2314 1868 2368 ad
1892 2330 2017 2370 ettm

439 2411 571 2460 tunc
607 2405 661 2459 in
700 2401 1047 2473 Cappadocia
1098 2411 1403 2457 versantem
1450 2401 1656 2468 defert;
1690 2405 1891 2474 quibus
1926 2405 2020 2462 ille

438 2497 677 2568 acceptis
726 2498 996 2569 lectisque
1042 2512 1104 2554 se
1164 2498 1391 2554 domum
1451 2498 1726 2570 recipiens
1772 2498 2021 2571 privatus

438 2592 569 2662 egit.

514 2769 601 2825 15.
661 2769 865 2837 Quinta
909 2779 1229 2826 sanctorum
1271 2771 1609 2841 jejuniorum
1656 2772 2018 2841 hebdomada,

442 2876 627 2917 mense
652 2861 848 2931 Aprili,
889 2862 1015 2917 data
1042 2878 1073 2919 ε
1109 2860 1473 2918 Constantino
1504 2864 1833 2933 imperatore
1864 2865 2023 2921 Hele-

445 2969 526 3008 na
566 2952 796 3009 Romani
853 2954 979 3009 filiae
1030 2956 1215 3025 (quam
1248 2966 1445 3025 prater
1489 2956 1742 3026 corporis
1785 2958 2021 3027 speciem

2123 1861 2533 1933 έταιρειάρχης.
2602 1859 2814 1913 Λύτίκα
2873 1859 3004 1927 γοῦν
3066 1859 3189 1915 θεία
3249 1859 3499 1922 κέλευσις
3564 1859 3695 1928 πρὸς

2115 1952 2326 2008 Λέοντα
2358 1950 2449 2003 τὸν
2479 1950 2695 2014 ⁴ι’ωκᾶν,
2730 1948 3179 2020 παρεγγυωμένη
3212 1949 3482 2019 μηδαμῶς
3511 1950 3698 2003 στάσιν

2115 2044 2241 2097 τινὰ
2263 2043 2536 2113 ἐννοῆσαι.
2572 2040 2848 2105 Ὡσαύτως
2903 2042 2998 2095 καὶ
3036 2041 3343 2111 γράμματα
3397 2039 3692 2111 ἐκελεύσθη

2116 2135 2529 2197 Κωνσταντϊνος
2590 2130 3095 2203 παρακοιμὼμενος
3152 2131 3383 2201 γράψαι,
3409 2132 3481 2185 τὰ
3528 2134 3692 2201 ὃμοια

2116 2225 2298 2280 αὐτῶν
2329 2226 2782 2297 παραγγέλλοντα
2812 2225 2906 2279 καὶ
2965 2224 3132 2296 μηδὲν
3184 2226 3427 2280 ἐναντίον
3473 2225 3693 2296 βουλεύ-

2119 2317 2338 2385 σασθαι,
2370 2317 2485 2371 ἀλλ’
2515 2318 2575 2371 ἂν
2606 2317 2852 2389 ὑποταγῇ
2882 2312 3021 2371 εἶναι
3052 2316 3318 2387 βασιλέως
3334 2318 3687 2371 Κωνσταντί-

2121 2426 2237 2464 νου.
2282 2408 2713 2479 Ἀναλαϐόμενος
2763 2408 2858 2462 οὖν
2886 2406 3060 2461 ταῦτα
3116 2407 3374 2477 Ἀνδρέας
3427 2411 3704 2479 πριμική-

2123 2516 2237 2572 ριος
2264 2498 2358 2554 τοῦ
2395 2497 2677 2571 βασιλικοῦ
2709 2498 3020 2571 βεστιαρίου
3039 2498 3379 2570 ἀπεκόμισεν
3400 2498 3550 2569 αὐτῷ
3576 2499 3710 2553 ταῦ-

2124 2609 2196 2647 τα
2228 2592 2287 2645 ὲν
2313 2590 2684 2663 Καππαδοκίᾳ
2719 2590 2834 2645 ϐντι
2864 2606 2878 2621 ⁶
2913 2590 3007 2644 καὶ
3052 2590 3349 2660 δεξάμενος
3399 2589 3576 2644 ταῦτα
3611 2594 3708 2644 "ei

2125 2685 2421 2753 ἀναγνοὺς,
2454 2681 2705 2738 ἀπελθὼν
2738 2684 2797 2737 έν
2821 2682 2899 2753 τῷ
2930 2682 3045 2753 ἰδίῳ
3071 2682 3208 2754 οἴκῳ
3241 2681 3538 2754 ἡσύχαζεν.

2194 2772 2280 2846 [Ρ.
2303 2772 2433 2845 2M]
2469 2774 2660 2845 ιγ’.Τῇ
2713 2772 2772 2826 δὲ
2801 2772 3027 2845 πέμπτῃ
3071 2773 3325 2843 ἑϐδομάδι
3378 2774 3489 2827 τῶν
3539 2774 3710 2843 ἁγίων

2121 2865 2428 2937 Νηστειῶν,
2472 2864 2767 2935 ’Ᾱπριλλίῳ
2804 2866 2957 2935 μηνὶ,
2999 2865 3203 2919 δίδοται
3246 2865 3508 2938 ἀρραϐὼν
3544 2884 3713 2938 γαμι-

2124 2954 2222 3010 κού
2273 2954 2722 3026 συναλλάγματος
2757 2955 2907 3026 παρὰ
2965 2956 3378 3010 Κωνσταντίνου
3441 2957 3713 3028 βασιλέως

443 3045 612 3100 animi
636 3060 855 3116 quoque
880 3047 1169 3116 prudentia
1192 3046 1548 3118 spectabilem
1578 3048 1862 3120 reddebat)
1888 3067 2020 3105 con-

2140 3048 2329 3121 Ἐλένῃ
2359 3051 2428 3120 τῇ
2464 3048 2697 3119 θυγατρὶ
2737 3047 3043 3119 Ῥωμανοῦ,
3137 3048 3275 3121 πρὸς
3304 3050 3501 3112 κάλλος
3528 3068 3715 3121 σωμα-

444 3146 652 3193 tractus
698 3139 960 3207 nuptialis
1004 3140 1207 3202 arrlta,
1266 3140 1533 3209 tertiaque
1578 3139 1804 3197 Pascha:
1847 3143 2020 3211 (quam

2136 3142 2287 3196 τικὺν
2332 3142 2726 3214 προσήκμαζεν
2771 3141 2865 3196 καὶ
2894 3142 3110 3206 σύνεσις
3132 3158 3147 3173 ·
3177 3143 3275 3197 καὶ
3312 3146 3381 3214 τῇ
3409 3146 3570 3217 τρίτῃ
3618 3144 3715 3198 τοῦ

448 3228 685 3285 ϐαιίιαξεε
728 3230 958 3300 vocant)
1010 3230 1359 3286 benedicitur
1419 3248 1637 3303 unaque
1687 3249 1812 3289 cum
1865 3237 1954 3291 illa
2002 3251 2020 3291 ε

2138 3235 2352 3304 Πάσχα,
2391 3234 2662 3307 λεγομένῃ
2720 3235 2820 3306 τῆς
2872 3233 3162 3297 Γαλιλαίας
3190 3273 3205 3299 ,
3253 3234 3561 3301 εὐλογεῖται
3616 3235 3713 3287 καὶ

444 3323 666 3379 Nicolao
708 3325 1018 3395 patriarcha
1054 3326 1280 3381 corollis
1322 3327 1661 3395 nuptialibus
1709 3328 2030 3384 redimitur:

444 3417 607 3489 395
648 3419 866 3489 quando
914 3427 969 3472 et
1018 3417 1328 3471 Romanum
1378 3419 1629 3486 provehit
1685 3421 2033 3490 imperatoris

450 3520 682 3578 patrem,
737 3508 857 3575 ejus
904 3508 1013 3562 filio
1077 3507 1476 3577 Christophoro
1524 3510 1578 3563 in
1636 3512 1808 3580 patris
1850 3513 2029 3567 locum

450 3600 807 3655 ltetzeriarclta
860 3609 1129 3667 promoto.
1184 3598 1293 3655 Nec
1320 3600 1549 3655 multum
1595 3606 1857 3672 temporis
1897 3606 2026 3661 abs-

447 3698 713 3755 cesserat,
759 3707 884 3747 cum
941 3690 1049 3747 Leo
1092 3690 1325 3756 Phocas,
1357 3696 1715 3762 quorumdam
1741 3711 2028 3766 procerum

447 3799 514 3839 ac
548 3783 893 3837 tribunorum
925 3799 1095 3839 suasu
1138 3784 1625 3856 subjectarumque
1664 3789 1712 3841 ei
1750 3789 2028 3861 legionum

448 3876 692 3940 hortatu,
722 3890 810 3930 res
838 3890 1007 3930 novas
1039 3876 1297 3943 molitur;
1345 3880 1633 3949 accitoque
1663 3879 2030 3939 Constantino

448 3969 764 4024 accubitore
796 3970 1267 4039 Constantinoque
1308 3979 1365 4026 et
1404 3972 1701 4029 Anastasio
1739 3973 2029 4045 Gonguliis

447 4062 723 4131 germanis
757 4062 1045 4127 fratribus,
1077 4077 1177 4117 nec
1206 4078 1315 4117 non
1349 4063 1715 4120 Constantino
1742 4066 2028 4123 Maleliano

447 4169 480 4209 a
509 4155 737 4211 secretis
774 4156 971 4225 primo,
995 4156 1212 4211 cunctis
1241 4158 1571 4227 persuadere
1601 4160 1795 4215 nititur
1822 4162 1876 4215 in
1906 4179 2030 4231 gra-

449 4247 580 4301 tiam
629 4248 977 4303 Constantini
1026 4250 1378 4319 imperatoris
1424 4266 1546 4305 eam
1608 4268 1667 4308 se
1728 4255 2023 4309 molientem

446 4337 650 4393 facere.
688 4338 970 4395 Romanus
1004 4356 1132 4395 vero
1158 4340 1506 4410 imperatoris
1547 4352 1697 4411 pater
1728 4342 1893 4400 bullis
1921 4361 2022 4401 au-

2138 3327 2495 3397 στεφανοῦται
2537 3327 2655 3398 ἅμα
2683 3327 2824 3394 αὕτη
2851 3327 3000 3397 παρὰ.
3038 3328 3309 3381 Νικολαου
3347 3328 3717 3400 πατριάρχου.

2146 3416 2425 3486 Ῥωμανδν
2510 3416 2947 3486 βασιλεοπάτορα
3040 3414 3452 3486 προϐαλόμενος
3509 3432 3523 3447 ο
3602 3417 3719 3469 ἀντ’

2134 3506 2299 3560 αὑτοῦ
2352 3507 2408 3560 δὲ
2474 3509 2844 3579 Χριστοφόρον
2916 3508 3029 3561 υἱὸν
3096 3506 3263 3562 αὐτοῦ
3326 3508 3723 3580 ἑταιρειάρχην

2132 3599 2457 3669 κατέστησε.
2521 3602 2654 3654 Μετ’
2692 3602 2754 3653 ού
2790 3600 2923 3654 πολὺ
2970 3599 3027 3653 δὲ
3059 3599 3213 3653 Λέων
3246 3602 3275 3653 ὁ
3324 3600 3523 3664 Φωκᾶς
3571 3602 3719 3654 ἁπαν

2136 3690 2322 3761 τηθεὶς
2389 3692 2539 3762 παρά
2595 3692 2655 3745 τέ
2715 3710 2877 3746 τινων
2933 3692 3213 3763 ἀρχόντων
3261 3693 3357 3746 καὶ
3406 3692 3521 3746 τῶν
3555 3693 3721 3747 αὐτοῦ

2131 3785 2424 3855 ταγμάτων
2454 3785 2589 3855 πρὸς
2634 3786 2930 3856 ἁνταρσίαν
2961 3787 3214 3839 κινεῖται.
3250 3785 3363 3838 Καὶ
3424 3785 3723 3839 ἀνελάϐετε)

2134 3878 2232 3931 σὺν
2288 3878 2439 3949 αύτῷ
2480 3880 2572 3931 τόν
2614 3897 2672 3931 τε
2722 3876 3226 3950 παρακοιμώμενον
3283 3878 3718 3941 Κωνσταντῖνον,

2132 3970 2229 4023 καὶ
2264 3970 2678 4024 Κωνσταντϊνον
2702 3972 2795 4023 καὶ
2842 3970 3200 4024 Ἀναστάσιον
3232 3970 3358 4032 τοὺς
3382 3970 3721 4039 Γογγυλξους

2130 4062 2223 4113 καὶ
2252 4061 2640 4131 αὐταδέλφους,
2686 4061 2781 4114 καὶ
2809 4063 3225 4116 Κωνσταντῐνον
3255 4064 3725 4134 πρωτασηκρῆτιν

2133 4150 2227 4205 τὸν
2257 4151 2555 4215 Μαλελίας,
2582 4152 2951 4223 πληροφορῶν
2982 4153 3228 4217 ἅπαντας
3252 4152 3347 4207 καὶ
3378 4154 3622 4224 βεϐαιῶν
3650 4155 3723 4218 ὡς

2129 4243 2269 4313 ὑπὲρ
2291 4241 2385 4295 τοῦ
2442 4242 2706 4313 βασιλέως
2739 4246 3152 4298 Κωνσταντίνου
3209 4244 3312 4315 τὴν
3341 4246 3519 4316 αὐτὴν
3555 4249 3725 4300 ποιεῖ-

2127 4351 2215 4387 ται
2238 4335 2468 4405 κίνησιν.
2512 4336 2861 4402 Ῥωμανὸςδὲ
2887 4338 2914 4390 ό
2949 4336 3364 4408 βασιλεοπάτωρ
3420 4338 3720 4409 χρυσοϐοὑο

448 4431 559 4485 reis
586 4446 647 4485 ac
679 4432 994 4501 diplomatis
1023 4433 1430 4503 subscriptione
1476 4436 1727 4500 munitis,
1759 4439 1916 4505 quasi
1958 4456 2020 4493 ex

2131 4426 2225 4480 λια
2259 4428 2493 4497 ποιήσας
2528 4429 2885 4500 ὲνυπόγραςρα
2915 4430 2993 4495 ὼς
3038 4433 3102 4483 ὲκ
3142 4430 3437 4501 προσώπου
3481 4431 3580 4485 τοῦ
3632 4430 3723 4501 βα-

445 4524 792 4579 Constantini
817 4528 1163 4595 imperatoris
1196 4543 1453 4595 persona,
1488 4530 1689 4598 quibus
1727 4545 1788 4583 ea
1817 4531 2026 4587 molitio

448 4616 818 4683 evertebatur,
872 4632 1079 4688 eosque
1114 4620 1209 4688 qui
1245 4618 1423 4674 Pltoea
1457 4622 1649 4675 relicto
1691 4620 1758 4676 ad
1786 4622 2028 4693 impera-

449 4720 622 4766 torem
665 4710 1025 4782 confugerent
1059 4711 1129 4765 ab
1178 4712 1526 4782 imperatoris
1579 4722 1727 4769 stare
1774 4718 2028 4785 partibus

448 4803 881 4873 significabatur,
911 4805 1096 4869 editis,
1130 4805 1457 4876 mulierique
1483 4806 1701 4861 ell'ronti
1743 4822 1809 4862 ac
1847 4818 2025 4865 teme-

452 4895 614 4953 rariae
646 4894 820 4949 Anna:
856 4897 1075 4950 nomine
1109 4897 1295 4967 (quam
1350 4906 1403 4953 et
1451 4897 1745 4955 Basilicam
1783 4903 2030 4971 appella-

451 4993 603 5051 runt,
631 4998 697 5040 ac
730 4986 776 5040 si
809 4984 1218 5054 imperatoriam
1253 4988 1429 5051 dicas)
1475 5005 1539 5045 ac
1570 4991 1773 5047 clerico
1807 4994 2028 5048 cuidam

453 5078 705 5134 Micltaeli
745 5079 1094 5145 contraditis,
1143 5081 1198 5135 in
1238 5080 1437 5137 Leonis
1482 5095 1661 5141 castra
1704 5088 1909 5142 emisit.
1964 5088 2029 5142 lli

451 5185 674 5244 accepta
726 5173 1025 5244 diplomata
1082 5184 1196 5229 toto
1247 5176 1357 5230 late
1403 5181 1651 5233 exercitu
1714 5182 2026 5236 clanculum

455 5277 798 5331 sparserunt.
838 5266 918 5322 Ac
942 5266 1174 5323 Michael
1198 5268 1417 5338 quidem
1453 5285 1482 5324 a
1514 5269 1697 5326 Pboca
1731 5274 2033 5343 deprehen-

452 5369 586 5421 sus,
644 5359 967 5415 verberibus
1002 5359 1121 5415 dire
1161 5369 1467 5428 contusus,
1509 5366 2034 5434 naso.auribusque

453 5447 719 5506 multatus
769 5460 873 5507 est.
933 5450 1131 5507 Verum
1182 5454 1229 5510 is
1268 5462 1455 5524 postea
1490 5468 1519 5506 a
1552 5454 1802 5510 Romano
1829 5472 2034 5511 conve-

456 5540 697 5597 nientem
730 5545 902 5599 vicem
933 5558 1268 5605 consecutus
1291 5558 1397 5613 est,
1436 5549 1749 5621 pariterque
1780 5567 1902 5607 cum
1944 5554 2034 5607 illo

454 5633 733 5691 submissa
775 5637 995 5691 mulier.
1048 5639 1267 5696 Primus
1320 5642 1505 5712 itaque
1535 5642 1931 5699 Constantinus
1955 5645 2033 5699 le-

456 5728 638 5799 gionis
678 5726 1024 5785 lcanatorutn
1084 5732 1231 5797 dus,
1291 5734 1719 5792 Barvtnichaelis
1777 5737 1953 5793 lilius.
2004 5756 2030 5793 ει

2138 4518 2329 4585 σιλέως
2369 4520 2808 4584 Κωνσταντίνου,
2831 4522 2931 4590 τῆς
2973 4522 3233 4592 τοιαύτης
3262 4522 3568 4595 ἐπιϐουλῆς
3592 4524 3717 4578 ἀνα·-

2133 4613 2344 4683 τροπήν
2376 4612 2722 4682 περιέχοντα,
2777 4613 2871 4669 καὶ
2900 4612 2975 4677 ὡς
3007 4616 3056 4667 οἱ
3078 4613 3169 4667 τὸν
3210 4616 3409 4668 Φωκᾶν
3456 4617 3718 4684 καταλιμ-

2137 4705 2421 4768 πάνοντες,
2454 4701 2533 4772 τῷ
2584 4701 2796 4771 βασιλεῖ
2841 4703 2899 4757 δὲ
2950 4704 3397 4774 προσφεύγοντες
3434 4706 3588 4778 ὑπὲρ
3636 4703 3724 4757 τοῦ

2140 4794 2404 4865 βασιλέως
2462 4796 2632 4860 είσὶν,
2676 4795 2801 4857 δοὺς
2839 4795 2981 4849 αὺτά
3026 4797 3198 4869 Ἀννῃ
3235 4798 3461 4865 γυναικὶ
3525 4798 3725 4854 ἀναιδεῖ

2141 4888 2231 4939 καὶ
2260 4885 2511 4957 θρασείᾳ,
2541 4887 2607 4958 ἢν
2630 4887 2725 4940 καὶ
2765 4886 3061 4956 Βασιλικήν
3092 4888 3583 4958 προσηγόρευσαν,
3641 4888 3726 4941 καὶ

2139 4977 2386 5049 κληρικῷ
2416 4996 2531 5056 ,τινι
2565 4978 2806 5050 Μιχαὴλ,
2840 4980 2899 5033 ὲν
2922 4978 2998 5049 τῷ
3036 4978 3203 5032 αὐτοῦ
3235 4982 3599 5052 στρατοπέδῳ
3653 4980 3729 5045 ἐξ·

2140 5071 2406 5141 ἐπεμψεν.
2428 5072 2492 5125 Ol
2516 5071 2576 5125 δὲ
2606 5071 2775 5124 ταῦτα
2795 5072 3193 5142 ἀναλαϐόμενοι
3218 5072 3396 5145 λάθρα
3411 5072 3728 5145 διέσπειραν

2140 5165 2309 5216 παντὶ
2378 5161 2459 5233 τῷ
2512 5164 2751 5235 στρατῷ.
2800 5164 2913 5218 Καὶ
2961 5164 2991 5216 ὁ
3029 5166 3128 5235 μὲν
3193 5166 3411 5236 Μιχαὴλ
3451 5165 3729 5237 φωραθεὶς

2141 5256 2295 5326 παρά
2358 5254 2453 5308 τοῦ
2510 5256 2698 5319 Φωκᾶ,
2745 5255 2988 5327 ἀνηλεῶς
3042 5258 3289 5326 τυφθεὶς,
3348 5260 3453 5327 τήν
3508 5276 3569 5311 τε
3612 5260 3728 5329 ῥῖνα

2141 5348 2234 5401 καὶ
2264 5347 2332 5401 τὰ
2358 5342 2475 5401 ὦτα
2506 5349 2797 5420 ἀπετμήθη
2818 5366 2832 5381 ο
2861 5349 2922 5413 ὃς
2951 5350 3088 5420 μετά
3117 5350 3292 5403 ταῦτα
3324 5352 3481 5423 παρά
3509 5352 3730 5420 Ῥωμα-

2140 5438 2231 5492 νοῦ
2281 5439 2380 5509 τῆς
2446 5439 2833 5511 προσηκούσης
2878 5440 3067 5511 ἔτυχεν
3130 5442 3402 5513 ἀμοιϐἧςο
3460 5443 3727 5501 ὡσαύτως

2143 5534 2235 5585 καὶ
2278 5534 2311 5602 ή
2362 5534 2460 5587 σὺν
2481 5533 2629 5604 αὐτῷ
2672 5530 2929 5587 σταλεῖσα
2969 5535 3130 5603 γυνή.
3188 5536 3410 5605 Πρῶτος
3449 5533 3547 5589 οὖν
3572 5532 3726 5589 ero-3

2143 5627 2495 5697 Βαρυμιγαὴλ
2543 5627 2655 5690 υίὸς
2693 5628 3124 5690 Κωνσταντῖνος,
3156 5628 3248 5682 τοῦ
3298 5629 3581 5699 τάγματος
3630 5627 3725 5697 ἁρ-

2144 5738 2254 5792 χων
2279 5721 2384 5776 τῶν
2405 5719 2693 5786 ίκανάτων,
2730 5717 3047 5774 καταλιπὼν
3075 5719 3374 5775 τὸνφωκᾶν
3396 5721 3473 5791 τῷ
3510 5720 3725 5787 Ῥωμα·
