  <div class='ocr_page' id='page_1' title='image "/cluster/home/n/w/nwhite01/storage/ocr_20150623/109/hvd.32044073502312/224.png"; bbox 0 0 3962 6204; ppageno 0'>
   <div class='ocr_carea' id='block_1_1' title="bbox 248 370 336 441">
    <p class='ocr_par' dir='ltr' id='par_1_1' title="bbox 248 370 336 441">
     <span class='ocr_line' id='line_1_1' title="bbox 248 370 336 441; baseline 0.068 -5"><span class='ocrx_word' id='word_1_1' title='bbox 248 370 336 441; x_wconf 71' lang='grc' dir='ltr'><strong>ίὶῖΙ</strong></span> 
     </span>
    </p>
   </div>
   <div class='ocr_carea' id='block_1_2' title="bbox 960 356 2747 449">
    <p class='ocr_par' dir='ltr' id='par_1_2' title="bbox 960 356 2747 449">
     <span class='ocr_line' id='line_1_2' title="bbox 960 356 2747 449; baseline 0.008 -16"><span class='ocrx_word' id='word_1_2' title='bbox 960 374 1102 434; x_wconf 89' lang='lat' dir='ltr'><strong>LIB.</strong></span> <span class='ocrx_word' id='word_1_3' title='bbox 1146 375 1247 436; x_wconf 81' lang='lat' dir='ltr'><strong>v1.</strong></span> <span class='ocrx_word' id='word_1_4' title='bbox 1278 396 1344 409; x_wconf 85' lang='lat'><strong>-——</strong></span> <span class='ocrx_word' id='word_1_5' title='bbox 1382 356 1955 439; x_wconf 76' lang='lat' dir='ltr'><strong>CONSTANTINUS</strong></span> <span class='ocrx_word' id='word_1_6' title='bbox 1983 380 2747 449; x_wconf 79' lang='lat' dir='ltr'><strong>PORPHYROGENITUS.</strong></span> 
     </span>
    </p>
   </div>
   <div class='ocr_carea' id='block_1_3' title="bbox 3382 385 3489 453">
    <p class='ocr_par' dir='ltr' id='par_1_3' title="bbox 3382 385 3489 453">
     <span class='ocr_line' id='line_1_3' title="bbox 3382 385 3489 453; baseline -0.019 0"><span class='ocrx_word' id='word_1_7' title='bbox 3382 385 3489 453; x_wconf 78' lang='grc' dir='ltr'><strong>ιιι</strong></span> 
     </span>
    </p>
   </div>
   <div class='ocr_carea' id='block_1_4' title="bbox 244 461 1824 568">
    <p class='ocr_par' dir='ltr' id='par_1_4' title="bbox 244 464 1818 555">
     <span class='ocr_line' id='line_1_4' title="bbox 244 464 1818 555; baseline 0.003 -20"><span class='ocrx_word' id='word_1_8' title='bbox 244 464 713 555; x_wconf 74' lang='grc' dir='ltr'>νῷπροσέδραμεν,</span> <span class='ocrx_word' id='word_1_9' title='bbox 732 481 875 553; x_wconf 79' lang='grc' dir='ltr'>ἁρχὴ</span> <span class='ocrx_word' id='word_1_10' title='bbox 895 482 1132 551; x_wconf 84' lang='grc' dir='ltr'>γεγονὼς</span> <span class='ocrx_word' id='word_1_11' title='bbox 1151 484 1499 547; x_wconf 79' lang='grc' dir='ltr'>καταλύσεως</span> <span class='ocrx_word' id='word_1_12' title='bbox 1524 486 1625 555; x_wconf 79' lang='grc' dir='ltr'>τῆς</span> <span class='ocrx_word' id='word_1_13' title='bbox 1640 486 1818 540; x_wconf 85' lang='grc' dir='ltr'>τοιαύ-</span> 
     </span>
    </p>
   </div>
   <div class='ocr_carea' id='block_1_5' title="bbox 1928 461 3491 568">
    <p class='ocr_par' dir='ltr' id='par_1_5' title="bbox 1928 489 3491 568">
     <span class='ocr_line' id='line_1_5' title="bbox 1928 489 3491 568; baseline 0.009 -25"><span class='ocrx_word' id='word_1_14' title='bbox 1928 489 2096 545; x_wconf 87' lang='lat' dir='ltr'><strong>Leone</strong></span> <span class='ocrx_word' id='word_1_15' title='bbox 2130 493 2195 546; x_wconf 86' lang='lat' dir='ltr'><strong>ad</strong></span> <span class='ocrx_word' id='word_1_16' title='bbox 2227 493 2534 550; x_wconf 82' lang='lat' dir='ltr'><strong>Romanum</strong></span> <span class='ocrx_word' id='word_1_17' title='bbox 2570 497 2843 563; x_wconf 89' lang='lat' dir='ltr'><strong>transivit,</strong></span> <span class='ocrx_word' id='word_1_18' title='bbox 2872 497 3098 568; x_wconf 84' lang='lat' dir='ltr'><strong>ejusque</strong></span> <span class='ocrx_word' id='word_1_19' title='bbox 3121 500 3491 557; x_wconf 72' lang='lat' dir='ltr'><strong>convellendas</strong></span> 
     </span>
    </p>
   </div>
   <div class='ocr_carea' id='block_1_6' title="bbox 243 573 1815 647">
    <p class='ocr_par' dir='ltr' id='par_1_6' title="bbox 243 573 1815 647">
     <span class='ocr_line' id='line_1_6' title="bbox 243 573 1815 647; baseline 0.001 -17"><span class='ocrx_word' id='word_1_20' title='bbox 243 593 331 647; x_wconf 83' lang='grc' dir='ltr'><strong>της</strong></span> <span class='ocrx_word' id='word_1_21' title='bbox 375 573 736 636; x_wconf 77' lang='grc' dir='ltr'>ἀποστασίας.</span> <span class='ocrx_word' id='word_1_22' title='bbox 770 574 874 627; x_wconf 74' lang='grc' dir='ltr'><strong>Σὺν</strong></span> <span class='ocrx_word' id='word_1_23' title='bbox 906 575 1051 646; x_wconf 84' lang='grc' dir='ltr'><strong>αύτῴ</strong></span> <span class='ocrx_word' id='word_1_24' title='bbox 1075 573 1131 628; x_wconf 81' lang='grc' dir='ltr'>δὲ</span> <span class='ocrx_word' id='word_1_25' title='bbox 1186 576 1280 629; x_wconf 73' lang='grc' dir='ltr'><strong>καὶ</strong></span> <span class='ocrx_word' id='word_1_26' title='bbox 1305 576 1331 629; x_wconf 99' lang='lat'><strong>6</strong></span> <span class='ocrx_word' id='word_1_27' title='bbox 1362 576 1658 641; x_wconf 85' lang='grc' dir='ltr'>Βαλάντιος</span> <span class='ocrx_word' id='word_1_28' title='bbox 1678 578 1815 632; x_wconf 79' lang='grc' dir='ltr'><strong>καὶὸ</strong></span> 
     </span>
    </p>
   </div>
   <div class='ocr_carea' id='block_1_7' title="bbox 243 664 1815 741">
    <p class='ocr_par' dir='ltr' id='par_1_7' title="bbox 243 664 1815 741">
     <span class='ocr_line' id='line_1_7' title="bbox 243 664 1815 741; baseline 0.001 -19"><span class='ocrx_word' id='word_1_29' title='bbox 243 668 517 738; x_wconf 81' lang='grc' dir='ltr'>λεγόμενος</span> <span class='ocrx_word' id='word_1_30' title='bbox 552 664 879 738; x_wconf 76' lang='grc' dir='ltr'>Ἀτζμωρος</span> <span class='ocrx_word' id='word_1_31' title='bbox 894 707 908 730; x_wconf 92' lang='grc'><strong>,</strong></span> <span class='ocrx_word' id='word_1_32' title='bbox 927 685 1018 720; x_wconf 90' lang='grc' dir='ltr'><strong>του</strong></span> <span class='ocrx_word' id='word_1_33' title='bbox 1029 666 1266 739; x_wconf 85' lang='grc' dir='ltr'>ρμάρχαι</span> <span class='ocrx_word' id='word_1_34' title='bbox 1284 668 1436 733; x_wconf 79' lang='grc' dir='ltr'>ὄντες</span> <span class='ocrx_word' id='word_1_35' title='bbox 1456 670 1552 722; x_wconf 72' lang='grc' dir='ltr'><strong>καὶ</strong></span> <span class='ocrx_word' id='word_1_36' title='bbox 1572 671 1815 741; x_wconf 84' lang='grc' dir='ltr'>ἀμφότε-</span> 
     </span>
    </p>
   </div>
   <div class='ocr_carea' id='block_1_8' title="bbox 244 755 1816 833">
    <p class='ocr_par' dir='ltr' id='par_1_8' title="bbox 244 755 1816 833">
     <span class='ocr_line' id='line_1_8' title="bbox 244 755 1816 833; baseline 0 -21"><span class='ocrx_word' id='word_1_37' title='bbox 244 758 489 833; x_wconf 83' lang='grc' dir='ltr'>ροι.Λέων</span> <span class='ocrx_word' id='word_1_38' title='bbox 500 755 594 811; x_wconf 83' lang='grc' dir='ltr'>οὖν</span> <span class='ocrx_word' id='word_1_39' title='bbox 610 757 841 819; x_wconf 61' lang='grc' dir='ltr'>όῷωκᾶς</span> <span class='ocrx_word' id='word_1_40' title='bbox 862 757 997 826; x_wconf 77' lang='grc' dir='ltr'>μετὰ</span> <span class='ocrx_word' id='word_1_41' title='bbox 1015 757 1143 811; x_wconf 86' lang='grc' dir='ltr'>λαοῦ</span> <span class='ocrx_word' id='word_1_42' title='bbox 1166 757 1418 812; x_wconf 81' lang='grc' dir='ltr'><strong>πλείστου</strong></span> <span class='ocrx_word' id='word_1_43' title='bbox 1436 761 1670 830; x_wconf 83' lang='grc' dir='ltr'>ἰσχυρῶς</span> <span class='ocrx_word' id='word_1_44' title='bbox 1683 760 1816 815; x_wconf 84' lang='grc' dir='ltr'>καθ-</span> 
     </span>
    </p>
   </div>
   <div class='ocr_carea' id='block_1_9' title="bbox 239 850 1816 922">
    <p class='ocr_par' dir='ltr' id='par_1_9' title="bbox 239 850 1816 922">
     <span class='ocr_line' id='line_1_9' title="bbox 239 850 1816 922; baseline 0 -16"><span class='ocrx_word' id='word_1_45' title='bbox 239 852 572 921; x_wconf 77' lang='grc' dir='ltr'>ωπλισμένον</span> <span class='ocrx_word' id='word_1_46' title='bbox 606 851 666 903; x_wconf 83' lang='grc' dir='ltr'>ὲν</span> <span class='ocrx_word' id='word_1_47' title='bbox 694 850 1036 922; x_wconf 77' lang='grc' dir='ltr'><strong>Χρυσοπόλει</strong></span> <span class='ocrx_word' id='word_1_48' title='bbox 1078 850 1404 904; x_wconf 78' lang='grc' dir='ltr'>καταλαϐὼν</span> <span class='ocrx_word' id='word_1_49' title='bbox 1439 851 1689 920; x_wconf 80' lang='grc' dir='ltr'>διέστησε</span> <span class='ocrx_word' id='word_1_50' title='bbox 1712 868 1816 906; x_wconf 87' lang='grc' dir='ltr'>πα-</span> 
     </span>
    </p>
   </div>
   <div class='ocr_carea' id='block_1_10' title="bbox 241 941 1812 1019">
    <p class='ocr_par' dir='ltr' id='par_1_10' title="bbox 241 941 1812 1019">
     <span class='ocr_line' id='line_1_10' title="bbox 241 941 1812 1019; baseline -0.001 -21"><span class='ocrx_word' id='word_1_51' title='bbox 241 941 483 1019; x_wconf 77' lang='grc' dir='ltr'>ρατάξεις</span> <span class='ocrx_word' id='word_1_52' title='bbox 498 943 608 995; x_wconf 81' lang='grc' dir='ltr'><strong>ἀπὸ</strong></span> <span class='ocrx_word' id='word_1_53' title='bbox 627 942 727 1009; x_wconf 79' lang='grc' dir='ltr'>τῆς</span> <span class='ocrx_word' id='word_1_54' title='bbox 740 941 949 1013; x_wconf 81' lang='grc' dir='ltr'>λιθίνης</span> <span class='ocrx_word' id='word_1_55' title='bbox 965 941 1251 1011; x_wconf 78' lang='grc' dir='ltr'><strong>δαμάλεως</strong></span> <span class='ocrx_word' id='word_1_56' title='bbox 1271 942 1433 1013; x_wconf 83' lang='grc' dir='ltr'>μέχρι</span> <span class='ocrx_word' id='word_1_57' title='bbox 1450 943 1812 1013; x_wconf 80' lang='grc' dir='ltr'>Χαλκηδόνος,</span> 
     </span>
    </p>
   </div>
   <div class='ocr_carea' id='block_1_11' title="bbox 240 1031 1815 1106">
    <p class='ocr_par' dir='ltr' id='par_1_11' title="bbox 240 1031 1815 1106">
     <span class='ocr_line' id='line_1_11' title="bbox 240 1031 1815 1106; baseline -0.003 -15"><span class='ocrx_word' id='word_1_58' title='bbox 240 1037 353 1099; x_wconf 77' lang='grc' dir='ltr'>τοὺς</span> <span class='ocrx_word' id='word_1_59' title='bbox 382 1039 441 1089; x_wconf 83' lang='grc' dir='ltr'>ὲν</span> <span class='ocrx_word' id='word_1_60' title='bbox 485 1034 643 1087; x_wconf 79' lang='grc' dir='ltr'>πόλει</span> <span class='ocrx_word' id='word_1_61' title='bbox 671 1032 875 1101; x_wconf 79' lang='grc' dir='ltr'>φοϐῶν.</span> <span class='ocrx_word' id='word_1_62' title='bbox 930 1032 1344 1086; x_wconf 76' lang='grc' dir='ltr'>Ἀποστέλλεται</span> <span class='ocrx_word' id='word_1_63' title='bbox 1370 1031 1463 1088; x_wconf 84' lang='grc' dir='ltr'>οὖν</span> <span class='ocrx_word' id='word_1_64' title='bbox 1526 1035 1665 1104; x_wconf 85' lang='grc' dir='ltr'>μετὰ</span> <span class='ocrx_word' id='word_1_65' title='bbox 1697 1035 1815 1106; x_wconf 89' lang='grc' dir='ltr'>δρό-</span> 
     </span>
    </p>
   </div>
   <div class='ocr_carea' id='block_1_12' title="bbox 242 1120 1812 1199">
    <p class='ocr_par' dir='ltr' id='par_1_12' title="bbox 242 1120 1812 1199">
     <span class='ocr_line' id='line_1_12' title="bbox 242 1120 1812 1199; baseline 0 -20"><span class='ocrx_word' id='word_1_66' title='bbox 242 1144 407 1199; x_wconf 85' lang='grc' dir='ltr'>μωνος</span> <span class='ocrx_word' id='word_1_67' title='bbox 431 1126 588 1196; x_wconf 73' lang='grc' dir='ltr'>παρὰ</span> <span class='ocrx_word' id='word_1_68' title='bbox 613 1123 899 1195; x_wconf 76' lang='grc' dir='ltr'>Ῥωμανοῦ</span> <span class='ocrx_word' id='word_1_69' title='bbox 919 1120 1144 1194; x_wconf 86' lang='grc' dir='ltr'>Συμεὼν</span> <span class='ocrx_word' id='word_1_70' title='bbox 1170 1125 1198 1177; x_wconf 87' lang='grc' dir='ltr'>ὁ</span> <span class='ocrx_word' id='word_1_71' title='bbox 1229 1124 1322 1177; x_wconf 70' lang='grc' dir='ltr'><strong>ἐπὶ</strong></span> <span class='ocrx_word' id='word_1_72' title='bbox 1362 1123 1455 1178; x_wconf 80' lang='grc' dir='ltr'>τοῦ</span> <span class='ocrx_word' id='word_1_73' title='bbox 1481 1124 1812 1191; x_wconf 77' lang='grc' dir='ltr'>κανικλείου,</span> 
     </span>
    </p>
   </div>
   <div class='ocr_carea' id='block_1_13' title="bbox 238 1216 1813 1287">
    <p class='ocr_par' dir='ltr' id='par_1_13' title="bbox 238 1216 1813 1287">
     <span class='ocr_line' id='line_1_13' title="bbox 238 1216 1813 1287; baseline -0.001 -15"><span class='ocrx_word' id='word_1_74' title='bbox 238 1219 384 1287; x_wconf 81' lang='grc' dir='ltr'>λόγον</span> <span class='ocrx_word' id='word_1_75' title='bbox 454 1218 841 1286; x_wconf 62' lang='grc' dir='ltr'>ὲνυπόγραφον</span> <span class='ocrx_word' id='word_1_76' title='bbox 894 1216 990 1269; x_wconf 83' lang='grc' dir='ltr'>τοῦ</span> <span class='ocrx_word' id='word_1_77' title='bbox 1058 1216 1325 1287; x_wconf 80' lang='grc' dir='ltr'>βασιλέως</span> <span class='ocrx_word' id='word_1_78' title='bbox 1402 1218 1813 1272; x_wconf 80' lang='grc' dir='ltr'>Κωνσταντίνου</span> 
     </span>
    </p>
   </div>
   <div class='ocr_carea' id='block_1_14' title="bbox 234 1308 1815 1380">
    <p class='ocr_par' dir='ltr' id='par_1_14' title="bbox 234 1308 1815 1380">
     <span class='ocr_line' id='line_1_14' title="bbox 234 1308 1815 1380; baseline 0 -16"><span class='ocrx_word' id='word_1_79' title='bbox 234 1310 646 1380; x_wconf 62' lang='grc' dir='ltr'><strong>ἐπιφερόμενος,</strong></span> <span class='ocrx_word' id='word_1_80' title='bbox 675 1308 800 1362; x_wconf 80' lang='grc' dir='ltr'>τάδε</span> <span class='ocrx_word' id='word_1_81' title='bbox 844 1308 1249 1378; x_wconf 81' lang='grc' dir='ltr'><strong>διαγορεύοντα,</strong></span> <span class='ocrx_word' id='word_1_82' title='bbox 1282 1309 1359 1372; x_wconf 83' lang='grc' dir='ltr'>ὡς</span> <span class='ocrx_word' id='word_1_83' title='bbox 1396 1308 1546 1379; x_wconf 77' lang='grc' dir='ltr'><strong>Ἐγὼ</strong></span> <span class='ocrx_word' id='word_1_84' title='bbox 1572 1310 1815 1379; x_wconf 68' lang='grc' dir='ltr'>φύλακα</span> 
     </span>
    </p>
   </div>
   <div class='ocr_carea' id='block_1_15' title="bbox 234 1401 1814 1472">
    <p class='ocr_par' dir='ltr' id='par_1_15' title="bbox 234 1401 1814 1472">
     <span class='ocr_line' id='line_1_15' title="bbox 234 1401 1814 1472; baseline -0.001 -15"><span class='ocrx_word' id='word_1_85' title='bbox 234 1402 336 1471; x_wconf 80' lang='grc' dir='ltr'><strong>τῆς</strong></span> <span class='ocrx_word' id='word_1_86' title='bbox 359 1401 514 1472; x_wconf 79' lang='grc' dir='ltr'>ἐμῆς</span> <span class='ocrx_word' id='word_1_87' title='bbox 540 1401 898 1467; x_wconf 80' lang='grc' dir='ltr'>δεσποτείας</span> <span class='ocrx_word' id='word_1_88' title='bbox 922 1401 1021 1454; x_wconf 76' lang='grc' dir='ltr'><strong>καὶ</strong></span> <span class='ocrx_word' id='word_1_89' title='bbox 1043 1401 1369 1468; x_wconf 73' lang='grc' dir='ltr'><strong>,βασιλείας</strong></span> <span class='ocrx_word' id='word_1_90' title='bbox 1414 1402 1814 1471; x_wconf 63' lang='grc' dir='ltr'>ἐγρηγορώταο</span> 
     </span>
    </p>
   </div>
   <div class='ocr_carea' id='block_1_16' title="bbox 232 1492 1817 1565">
    <p class='ocr_par' dir='ltr' id='par_1_16' title="bbox 232 1492 1817 1565">
     <span class='ocr_line' id='line_1_16' title="bbox 232 1492 1817 1565; baseline -0.001 -15"><span class='ocrx_word' id='word_1_91' title='bbox 232 1513 334 1550; x_wconf 78' lang='grc' dir='ltr'><strong>τον</strong></span> <span class='ocrx_word' id='word_1_92' title='bbox 394 1494 496 1548; x_wconf 73' lang='grc' dir='ltr'>καί</span> <span class='ocrx_word' id='word_1_93' title='bbox 537 1493 953 1548; x_wconf 79' lang='grc' dir='ltr'>εὐνούστατον</span> <span class='ocrx_word' id='word_1_94' title='bbox 1001 1492 1233 1565; x_wconf 54' lang='grc' dir='ltr'><strong>[Ρλιδ]</strong></span> <span class='ocrx_word' id='word_1_95' title='bbox 1287 1493 1386 1547; x_wconf 81' lang='grc' dir='ltr'><strong>καὶ</strong></span> <span class='ocrx_word' id='word_1_96' title='bbox 1448 1496 1817 1549; x_wconf 76' lang='grc' dir='ltr'>πιστότατον</span> 
     </span>
    </p>
   </div>
   <div class='ocr_carea' id='block_1_17' title="bbox 233 1585 1817 1655">
    <p class='ocr_par' dir='ltr' id='par_1_17' title="bbox 233 1585 1817 1655">
     <span class='ocr_line' id='line_1_17' title="bbox 233 1585 1817 1655; baseline 0 -14"><span class='ocrx_word' id='word_1_97' title='bbox 233 1587 452 1643; x_wconf 75' lang='grc' dir='ltr'>οὐδένα</span> <span class='ocrx_word' id='word_1_98' title='bbox 476 1585 597 1640; x_wconf 80' lang='grc' dir='ltr'>τῶν</span> <span class='ocrx_word' id='word_1_99' title='bbox 620 1585 738 1639; x_wconf 78' lang='grc' dir='ltr'><strong>ὑπὸ</strong></span> <span class='ocrx_word' id='word_1_100' title='bbox 769 1585 936 1654; x_wconf 81' lang='grc' dir='ltr'>χεῖρα</span> <span class='ocrx_word' id='word_1_101' title='bbox 967 1585 1004 1653; x_wconf 79' lang='grc' dir='ltr'>ἢ</span> <span class='ocrx_word' id='word_1_102' title='bbox 1058 1586 1357 1655; x_wconf 78' lang='grc' dir='ltr'>Ῥωμανὸν</span> <span class='ocrx_word' id='word_1_103' title='bbox 1384 1586 1652 1654; x_wconf 85' lang='grc' dir='ltr'>εὑρηκὼς</span> <span class='ocrx_word' id='word_1_104' title='bbox 1678 1588 1817 1641; x_wconf 83' lang='grc' dir='ltr'>τού-</span> 
     </span>
    </p>
   </div>
   <div class='ocr_carea' id='block_1_18' title="bbox 232 1676 1815 1747">
    <p class='ocr_par' dir='ltr' id='par_1_18' title="bbox 232 1676 1815 1747">
     <span class='ocr_line' id='line_1_18' title="bbox 232 1676 1815 1747; baseline -0.001 -15"><span class='ocrx_word' id='word_1_105' title='bbox 232 1697 306 1745; x_wconf 81' lang='grc' dir='ltr'>τῳ</span> <span class='ocrx_word' id='word_1_106' title='bbox 332 1678 453 1747; x_wconf 71' lang='grc' dir='ltr'><strong>τὴν</strong></span> <span class='ocrx_word' id='word_1_107' title='bbox 519 1677 676 1747; x_wconf 78' lang='grc' dir='ltr'><strong>ἐμὴν</strong></span> <span class='ocrx_word' id='word_1_108' title='bbox 729 1676 1019 1747; x_wconf 70' lang='grc' dir='ltr'><strong>φυλακὴν</strong></span> <span class='ocrx_word' id='word_1_109' title='bbox 1081 1678 1232 1747; x_wconf 85' lang='grc' dir='ltr'>μετὰ</span> <span class='ocrx_word' id='word_1_110' title='bbox 1274 1676 1424 1731; x_wconf 82' lang='grc' dir='ltr'><strong>Θεὸν</strong></span> <span class='ocrx_word' id='word_1_111' title='bbox 1477 1677 1815 1731; x_wconf 81' lang='grc' dir='ltr'>ἐπίστευσα</span> 
     </span>
    </p>
   </div>
   <div class='ocr_carea' id='block_1_19' title="bbox 230 1768 1813 1840">
    <p class='ocr_par' dir='ltr' id='par_1_19' title="bbox 230 1768 1813 1840">
     <span class='ocr_line' id='line_1_19' title="bbox 230 1768 1813 1840; baseline -0.001 -15"><span class='ocrx_word' id='word_1_112' title='bbox 230 1771 323 1825; x_wconf 77' lang='grc' dir='ltr'><strong>καὶ</strong></span> <span class='ocrx_word' id='word_1_113' title='bbox 354 1769 493 1825; x_wconf 73' lang='grc' dir='ltr'><strong>ἀντὶ</strong></span> <span class='ocrx_word' id='word_1_114' title='bbox 521 1773 747 1836; x_wconf 80' lang='grc' dir='ltr'>πατρὸς</span> <span class='ocrx_word' id='word_1_115' title='bbox 774 1768 964 1823; x_wconf 85' lang='grc' dir='ltr'>αὐτὸν</span> <span class='ocrx_word' id='word_1_116' title='bbox 993 1768 1221 1837; x_wconf 72' lang='grc' dir='ltr'>ἔκρινα,</span> <span class='ocrx_word' id='word_1_117' title='bbox 1250 1769 1579 1837; x_wconf 76' lang='grc' dir='ltr'>σπλάγχνα</span> <span class='ocrx_word' id='word_1_118' title='bbox 1607 1786 1813 1840; x_wconf 82' lang='grc' dir='ltr'>πατρι-</span> 
     </span>
    </p>
   </div>
   <div class='ocr_carea' id='block_1_20' title="bbox 1917 584 3487 656">
    <p class='ocr_par' dir='ltr' id='par_1_20' title="bbox 1917 584 3487 656">
     <span class='ocr_line' id='line_1_20' title="bbox 1917 584 3487 656; baseline 0.006 -17"><span class='ocrx_word' id='word_1_119' title='bbox 1917 584 2243 642; x_wconf 74' lang='lat' dir='ltr'><strong>defectionis</strong></span> <span class='ocrx_word' id='word_1_120' title='bbox 2275 589 2485 656; x_wconf 90' lang='lat' dir='ltr'><strong>primus</strong></span> <span class='ocrx_word' id='word_1_121' title='bbox 2511 600 2705 646; x_wconf 80' lang='lat' dir='ltr'><strong>auctor</strong></span> <span class='ocrx_word' id='word_1_122' title='bbox 2737 590 2862 646; x_wconf 81' lang='lat' dir='ltr'><strong>fuit.</strong></span> <span class='ocrx_word' id='word_1_123' title='bbox 2926 590 3112 648; x_wconf 87' lang='lat' dir='ltr'><strong>Secuti</strong></span> <span class='ocrx_word' id='word_1_124' title='bbox 3149 609 3277 649; x_wconf 88' lang='lat' dir='ltr'><strong>vero</strong></span> <span class='ocrx_word' id='word_1_125' title='bbox 3322 594 3487 649; x_wconf 89' lang='lat' dir='ltr'><strong>etiam</strong></span> 
     </span>
    </p>
   </div>
   <div class='ocr_carea' id='block_1_21' title="bbox 1916 677 3489 754">
    <p class='ocr_par' dir='ltr' id='par_1_21' title="bbox 1916 677 3489 754">
     <span class='ocr_line' id='line_1_21' title="bbox 1916 677 3489 754; baseline 0.005 -23"><span class='ocrx_word' id='word_1_126' title='bbox 1916 677 2220 744; x_wconf 80' lang='lat' dir='ltr'><strong>Balantius,</strong></span> <span class='ocrx_word' id='word_1_127' title='bbox 2267 689 2321 734; x_wconf 90' lang='lat' dir='ltr'><strong>et</strong></span> <span class='ocrx_word' id='word_1_128' title='bbox 2369 696 2529 748; x_wconf 83' lang='lat' dir='ltr'><strong>quem</strong></span> <span class='ocrx_word' id='word_1_129' title='bbox 2561 692 2756 737; x_wconf 87' lang='lat' dir='ltr'><strong>vocant</strong></span> <span class='ocrx_word' id='word_1_130' title='bbox 2783 685 3097 750; x_wconf 82' lang='lat' dir='ltr'><strong>Atzmorus,</strong></span> <span class='ocrx_word' id='word_1_131' title='bbox 3126 684 3226 753; x_wconf 88' lang='lat' dir='ltr'><strong>ipsi</strong></span> <span class='ocrx_word' id='word_1_132' title='bbox 3269 700 3489 754; x_wconf 85' lang='lat' dir='ltr'><strong>quoque</strong></span> 
     </span>
    </p>
   </div>
   <div class='ocr_carea' id='block_1_22' title="bbox 1918 771 3491 847">
    <p class='ocr_par' dir='ltr' id='par_1_22' title="bbox 1918 771 3491 847">
     <span class='ocr_line' id='line_1_22' title="bbox 1918 771 3491 847; baseline 0.004 -22"><span class='ocrx_word' id='word_1_133' title='bbox 1918 772 2079 827; x_wconf 90' lang='lat' dir='ltr'><strong>ambo</strong></span> <span class='ocrx_word' id='word_1_134' title='bbox 2105 771 2331 826; x_wconf 87' lang='lat' dir='ltr'><strong>tribuni.</strong></span> <span class='ocrx_word' id='word_1_135' title='bbox 2381 772 2487 827; x_wconf 87' lang='lat' dir='ltr'><strong>Leo</strong></span> <span class='ocrx_word' id='word_1_136' title='bbox 2521 774 2686 845; x_wconf 81' lang='lat' dir='ltr'><strong>igitur</strong></span> <span class='ocrx_word' id='word_1_137' title='bbox 2720 776 2949 840; x_wconf 87' lang='lat' dir='ltr'><strong>Phocas,</strong></span> <span class='ocrx_word' id='word_1_138' title='bbox 2996 792 3107 847; x_wconf 88' lang='lat' dir='ltr'><strong>quo</strong></span> <span class='ocrx_word' id='word_1_139' title='bbox 3149 777 3319 832; x_wconf 79' lang='lat' dir='ltr'><strong>fretus</strong></span> <span class='ocrx_word' id='word_1_140' title='bbox 3352 789 3491 844; x_wconf 84' lang='lat' dir='ltr'><strong>erat,</strong></span> 
     </span>
    </p>
   </div>
   <div class='ocr_carea' id='block_1_23' title="bbox 1916 865 3542 953">
    <p class='ocr_par' dir='ltr' id='par_1_23' title="bbox 1916 865 3542 953">
     <span class='ocr_line' id='line_1_23' title="bbox 1916 865 3542 953; baseline 0.002 -33"><span class='ocrx_word' id='word_1_141' title='bbox 1916 865 2119 934; x_wconf 82' lang='lat' dir='ltr'><strong>ingenti</strong></span> <span class='ocrx_word' id='word_1_142' title='bbox 2152 865 2301 920; x_wconf 90' lang='lat' dir='ltr'><strong>omni</strong></span> <span class='ocrx_word' id='word_1_143' title='bbox 2327 866 2490 937; x_wconf 79' lang='lat'><strong>396</strong></span> <span class='ocrx_word' id='word_1_144' title='bbox 2508 882 2784 922; x_wconf 89' lang='lat' dir='ltr'><strong>armorum</strong></span> <span class='ocrx_word' id='word_1_145' title='bbox 2816 885 3015 938; x_wconf 79' lang='lat' dir='ltr'><strong>genere</strong></span> <span class='ocrx_word' id='word_1_146' title='bbox 3047 869 3316 925; x_wconf 90' lang='lat' dir='ltr'><strong>instructo</strong></span> <span class='ocrx_word' id='word_1_147' title='bbox 3336 886 3492 925; x_wconf 78' lang='lat' dir='ltr'><strong>exer-</strong></span> <span class='ocrx_word' id='word_1_148' title='bbox 3531 909 3542 953; x_wconf 62' lang='grc' dir='ltr'><strong>ί</strong></span> 
     </span>
    </p>
   </div>
   <div class='ocr_carea' id='block_1_24' title="bbox 1917 958 3537 1033">
    <p class='ocr_par' dir='ltr' id='par_1_24' title="bbox 1917 958 3537 1033">
     <span class='ocr_line' id='line_1_24' title="bbox 1917 958 3537 1033; baseline 0.001 -18"><span class='ocrx_word' id='word_1_149' title='bbox 1917 959 2027 1015; x_wconf 90' lang='lat' dir='ltr'><strong>citn</strong></span> <span class='ocrx_word' id='word_1_150' title='bbox 2062 958 2443 1031; x_wconf 83' lang='lat' dir='ltr'><strong>Chrysopolim</strong></span> <span class='ocrx_word' id='word_1_151' title='bbox 2478 961 2723 1025; x_wconf 86' lang='lat' dir='ltr'><strong>veniens,</strong></span> <span class='ocrx_word' id='word_1_152' title='bbox 2764 978 2793 1016; x_wconf 88' lang='lat' dir='ltr'><strong>a</strong></span> <span class='ocrx_word' id='word_1_153' title='bbox 2827 960 3068 1017; x_wconf 83' lang='lat' dir='ltr'><strong>Juvenea</strong></span> <span class='ocrx_word' id='word_1_154' title='bbox 3104 962 3314 1033; x_wconf 85' lang='lat' dir='ltr'><strong>lapidea</strong></span> <span class='ocrx_word' id='word_1_155' title='bbox 3336 961 3497 1016; x_wconf 89' lang='lat' dir='ltr'><strong>Chal-</strong></span> <span class='ocrx_word' id='word_1_156' title='bbox 3534 966 3537 967; x_wconf 63' lang='grc'><strong><em>⁷</em></strong></span> 
     </span>
    </p>
   </div>
   <div class='ocr_carea' id='block_1_25' title="bbox 1915 1049 3547 1120">
    <p class='ocr_par' dir='ltr' id='par_1_25' title="bbox 1915 1049 3547 1120">
     <span class='ocr_line' id='line_1_25' title="bbox 1915 1049 3547 1120; baseline 0.001 -15"><span class='ocrx_word' id='word_1_157' title='bbox 1915 1049 2176 1105; x_wconf 70' lang='lat' dir='ltr'><strong>crdonem</strong></span> <span class='ocrx_word' id='word_1_158' title='bbox 2215 1066 2408 1120; x_wconf 89' lang='lat' dir='ltr'><strong>usque,</strong></span> <span class='ocrx_word' id='word_1_159' title='bbox 2443 1051 2507 1105; x_wconf 87' lang='lat' dir='ltr'><strong>ad</strong></span> <span class='ocrx_word' id='word_1_160' title='bbox 2543 1060 2805 1106; x_wconf 88' lang='lat' dir='ltr'><strong>terrorem</strong></span> <span class='ocrx_word' id='word_1_161' title='bbox 2842 1053 3052 1108; x_wconf 85' lang='lat' dir='ltr'><strong>civibus</strong></span> <span class='ocrx_word' id='word_1_162' title='bbox 3092 1052 3491 1119; x_wconf 87' lang='lat' dir='ltr'><strong>incutiendum,</strong></span> <span class='ocrx_word' id='word_1_163' title='bbox 3539 1062 3547 1073; x_wconf 84' lang='grc'><em>’</em></span> 
     </span>
    </p>
   </div>
   <div class='ocr_carea' id='block_1_26' title="bbox 1915 1143 3490 1202">
    <p class='ocr_par' dir='ltr' id='par_1_26' title="bbox 1915 1143 3490 1202">
     <span class='ocr_line' id='line_1_26' title="bbox 1915 1143 3490 1202; baseline 0.002 -4"><span class='ocrx_word' id='word_1_164' title='bbox 1915 1143 2022 1199; x_wconf 86' lang='lat' dir='ltr'><strong>late</strong></span> <span class='ocrx_word' id='word_1_165' title='bbox 2060 1143 2233 1198; x_wconf 84' lang='lat' dir='ltr'><strong>aciem</strong></span> <span class='ocrx_word' id='word_1_166' title='bbox 2268 1145 2531 1199; x_wconf 80' lang='lat' dir='ltr'><strong>extendit.</strong></span> <span class='ocrx_word' id='word_1_167' title='bbox 2598 1144 2817 1201; x_wconf 86' lang='lat' dir='ltr'><strong>Interim</strong></span> <span class='ocrx_word' id='word_1_168' title='bbox 2874 1162 3003 1201; x_wconf 88' lang='lat' dir='ltr'><strong>vero</strong></span> <span class='ocrx_word' id='word_1_169' title='bbox 3054 1146 3256 1202; x_wconf 88' lang='lat' dir='ltr'><strong>missus</strong></span> <span class='ocrx_word' id='word_1_170' title='bbox 3296 1163 3326 1200; x_wconf 88' lang='lat' dir='ltr'><strong>a</strong></span> <span class='ocrx_word' id='word_1_171' title='bbox 3375 1144 3490 1201; x_wconf 80' lang='lat' dir='ltr'><strong>Bo-</strong></span> 
     </span>
    </p>
   </div>
   <div class='ocr_carea' id='block_1_27' title="bbox 1915 1210 3549 1308">
    <p class='ocr_par' dir='ltr' id='par_1_27' title="bbox 1915 1210 3549 1308">
     <span class='ocr_line' id='line_1_27' title="bbox 1915 1210 3549 1308; baseline 0.002 -19"><span class='ocrx_word' id='word_1_172' title='bbox 1915 1250 2079 1290; x_wconf 86' lang='lat' dir='ltr'><strong>mano</strong></span> <span class='ocrx_word' id='word_1_173' title='bbox 2111 1252 2235 1291; x_wconf 87' lang='lat' dir='ltr'><strong>cum</strong></span> <span class='ocrx_word' id='word_1_174' title='bbox 2272 1237 2453 1292; x_wconf 84' lang='lat' dir='ltr'><strong>celoce</strong></span> <span class='ocrx_word' id='word_1_175' title='bbox 2488 1237 2724 1308; x_wconf 91' lang='lat' dir='ltr'><strong>Symeon</strong></span> <span class='ocrx_word' id='word_1_176' title='bbox 2767 1238 2995 1293; x_wconf 90' lang='lat' dir='ltr'><strong>caniclei</strong></span> <span class='ocrx_word' id='word_1_177' title='bbox 3028 1237 3318 1308; x_wconf 81' lang='lat' dir='ltr'><strong>praefectus</strong></span> <span class='ocrx_word' id='word_1_178' title='bbox 3363 1254 3489 1293; x_wconf 89' lang='lat' dir='ltr'><strong>cum</strong></span> <span class='ocrx_word' id='word_1_179' title='bbox 3535 1210 3549 1251; x_wconf 55' lang='grc'>³</span> 
     </span>
    </p>
   </div>
   <div class='ocr_carea' id='block_1_28' title="bbox 1915 1329 3491 1400">
    <p class='ocr_par' dir='ltr' id='par_1_28' title="bbox 1915 1329 3491 1400">
     <span class='ocr_line' id='line_1_28' title="bbox 1915 1329 3491 1400; baseline -0.003 -14"><span class='ocrx_word' id='word_1_180' title='bbox 1915 1331 2132 1396; x_wconf 85' lang='lat' dir='ltr'><strong>litteris,</strong></span> <span class='ocrx_word' id='word_1_181' title='bbox 2161 1329 2506 1385; x_wconf 84' lang='lat' dir='ltr'><strong>Constantini</strong></span> <span class='ocrx_word' id='word_1_182' title='bbox 2557 1330 2909 1400; x_wconf 78' lang='lat' dir='ltr'><strong>imperatoris</strong></span> <span class='ocrx_word' id='word_1_183' title='bbox 2937 1331 3341 1400; x_wconf 78' lang='lat' dir='ltr'><strong>subscriptione</strong></span> <span class='ocrx_word' id='word_1_184' title='bbox 3369 1346 3491 1383; x_wconf 85' lang='lat' dir='ltr'><strong>mu-</strong></span> 
     </span>
    </p>
   </div>
   <div class='ocr_carea' id='block_1_29' title="bbox 1916 1423 3490 1490">
    <p class='ocr_par' dir='ltr' id='par_1_29' title="bbox 1916 1423 3490 1490">
     <span class='ocr_line' id='line_1_29' title="bbox 1916 1423 3490 1490; baseline -0.002 -12"><span class='ocrx_word' id='word_1_185' title='bbox 1916 1425 2070 1480; x_wconf 90' lang='lat' dir='ltr'><strong>nitis.</strong></span> <span class='ocrx_word' id='word_1_186' title='bbox 2132 1423 2460 1479; x_wconf 76' lang='lat' dir='ltr'><strong>Litterarum</strong></span> <span class='ocrx_word' id='word_1_187' title='bbox 2501 1424 2592 1479; x_wconf 90' lang='lat' dir='ltr'><strong>hic</strong></span> <span class='ocrx_word' id='word_1_188' title='bbox 2636 1436 2751 1479; x_wconf 86' lang='lat' dir='ltr'><strong>erat</strong></span> <span class='ocrx_word' id='word_1_189' title='bbox 2799 1434 2974 1490; x_wconf 90' lang='lat' dir='ltr'><strong>tenor,</strong></span> <span class='ocrx_word' id='word_1_190' title='bbox 3016 1425 3132 1478; x_wconf 83' lang='lat' dir='ltr'><strong>haec</strong></span> <span class='ocrx_word' id='word_1_191' title='bbox 3182 1423 3490 1479; x_wconf 84' lang='lat' dir='ltr'><strong>sententia:</strong></span> 
     </span>
    </p>
   </div>
   <div class='ocr_carea' id='block_1_30' title="bbox 1915 1512 3494 1583">
    <p class='ocr_par' dir='ltr' id='par_1_30' title="bbox 1915 1512 3494 1583">
     <span class='ocr_line' id='line_1_30' title="bbox 1915 1512 3494 1583; baseline -0.004 -10"><span class='ocrx_word' id='word_1_192' title='bbox 1915 1517 2049 1573; x_wconf 88' lang='lat' dir='ltr'><strong>Cum</strong></span> <span class='ocrx_word' id='word_1_193' title='bbox 2092 1516 2255 1569; x_wconf 84' lang='lat' dir='ltr'><strong>alium</strong></span> <span class='ocrx_word' id='word_1_194' title='bbox 2312 1517 2568 1570; x_wconf 80' lang='lat' dir='ltr'><strong>neminem</strong></span> <span class='ocrx_word' id='word_1_195' title='bbox 2616 1516 2997 1571; x_wconf 77' lang='lat' dir='ltr'><strong>dominationis</strong></span> <span class='ocrx_word' id='word_1_196' title='bbox 3050 1532 3178 1570; x_wconf 77' lang='lat' dir='ltr'><strong>mea:</strong></span> <span class='ocrx_word' id='word_1_197' title='bbox 3221 1530 3284 1568; x_wconf 90' lang='lat' dir='ltr'><strong>ac</strong></span> <span class='ocrx_word' id='word_1_198' title='bbox 3325 1512 3494 1583; x_wconf 87' lang='lat' dir='ltr'><strong>maje-</strong></span> 
     </span>
    </p>
   </div>
   <div class='ocr_carea' id='block_1_31' title="bbox 1915 1604 3495 1685">
    <p class='ocr_par' dir='ltr' id='par_1_31' title="bbox 1915 1604 3495 1685">
     <span class='ocr_line' id='line_1_31' title="bbox 1915 1604 3495 1685; baseline -0.005 -20"><span class='ocrx_word' id='word_1_199' title='bbox 1915 1610 2073 1666; x_wconf 85' lang='lat' dir='ltr'><strong>statis</strong></span> <span class='ocrx_word' id='word_1_200' title='bbox 2100 1609 2504 1685; x_wconf 10' lang='lat' dir='ltr'><strong>rvigilantiorem</strong></span> <span class='ocrx_word' id='word_1_201' title='bbox 2536 1611 2811 1679; x_wconf 81' lang='lat' dir='ltr'><strong>magisque</strong></span> <span class='ocrx_word' id='word_1_202' title='bbox 2848 1608 3150 1662; x_wconf 83' lang='lat' dir='ltr'><strong>benevolum</strong></span> <span class='ocrx_word' id='word_1_203' title='bbox 3182 1624 3244 1660; x_wconf 90' lang='lat' dir='ltr'><strong>ac</strong></span> <span class='ocrx_word' id='word_1_204' title='bbox 3286 1604 3495 1676; x_wconf 76' lang='lat' dir='ltr'><strong>fidelio-</strong></span> 
     </span>
    </p>
   </div>
   <div class='ocr_carea' id='block_1_32' title="bbox 1916 1699 3491 1770">
    <p class='ocr_par' dir='ltr' id='par_1_32' title="bbox 1916 1699 3491 1770">
     <span class='ocr_line' id='line_1_32' title="bbox 1916 1699 3491 1770; baseline -0.004 -15"><span class='ocrx_word' id='word_1_205' title='bbox 1916 1719 2023 1756; x_wconf 85' lang='lat' dir='ltr'><strong>rem</strong></span> <span class='ocrx_word' id='word_1_206' title='bbox 2047 1701 2335 1763; x_wconf 84' lang='lat' dir='ltr'><strong>custodem,</strong></span> <span class='ocrx_word' id='word_1_207' title='bbox 2373 1702 2509 1755; x_wconf 88' lang='lat' dir='ltr'><strong>inter</strong></span> <span class='ocrx_word' id='word_1_208' title='bbox 2538 1717 2713 1754; x_wconf 86' lang='lat' dir='ltr'><strong>omnes</strong></span> <span class='ocrx_word' id='word_1_209' title='bbox 2747 1700 2836 1770; x_wconf 83' lang='lat' dir='ltr'><strong>qui</strong></span> <span class='ocrx_word' id='word_1_210' title='bbox 2867 1716 2994 1754; x_wconf 78' lang='lat' dir='ltr'><strong>mea:</strong></span> <span class='ocrx_word' id='word_1_211' title='bbox 3022 1699 3240 1752; x_wconf 82' lang='lat' dir='ltr'><strong>ditionis</strong></span> <span class='ocrx_word' id='word_1_212' title='bbox 3282 1706 3402 1750; x_wconf 88' lang='lat' dir='ltr'><strong>sunt</strong></span> <span class='ocrx_word' id='word_1_213' title='bbox 3429 1711 3491 1748; x_wconf 86' lang='lat' dir='ltr'><strong>ac</strong></span> 
     </span>
    </p>
   </div>
   <div class='ocr_carea' id='block_1_33' title="bbox 1915 1788 3492 1861">
    <p class='ocr_par' dir='ltr' id='par_1_33' title="bbox 1915 1788 3492 1861">
     <span class='ocr_line' id='line_1_33' title="bbox 1915 1788 3492 1861; baseline -0.005 -16"><span class='ocrx_word' id='word_1_214' title='bbox 1915 1793 2136 1861; x_wconf 88' lang='lat' dir='ltr'><strong>imperio</strong></span> <span class='ocrx_word' id='word_1_215' title='bbox 2167 1792 2408 1858; x_wconf 80' lang='lat' dir='ltr'><strong>subsunt,</strong></span> <span class='ocrx_word' id='word_1_216' title='bbox 2450 1791 2685 1846; x_wconf 81' lang='lat' dir='ltr'><strong>Romano</strong></span> <span class='ocrx_word' id='word_1_217' title='bbox 2718 1790 3023 1855; x_wconf 80' lang='lat' dir='ltr'><strong>invenerim,</strong></span> <span class='ocrx_word' id='word_1_218' title='bbox 3058 1791 3179 1841; x_wconf 81' lang='lat' dir='ltr'><strong>huic</strong></span> <span class='ocrx_word' id='word_1_219' title='bbox 3206 1788 3492 1841; x_wconf 85' lang='lat' dir='ltr'><strong>secundum</strong></span> 
     </span>
    </p>
   </div>
   <div class='ocr_carea' id='block_1_34' title="bbox 239 1853 1824 1950">
    <p class='ocr_par' dir='ltr' id='par_1_34' title="bbox 239 1860 1810 1933">
     <span class='ocr_line' id='line_1_34' title="bbox 239 1860 1810 1933; baseline 0.001 -15"><span class='ocrx_word' id='word_1_220' title='bbox 239 1864 314 1918; x_wconf 81' lang='grc' dir='ltr'><strong>κὰ</strong></span> <span class='ocrx_word' id='word_1_221' title='bbox 353 1863 454 1917; x_wconf 74' lang='grc' dir='ltr'><strong>καὶ</strong></span> <span class='ocrx_word' id='word_1_222' title='bbox 498 1861 775 1917; x_wconf 80' lang='grc' dir='ltr'>διάθεσιν</span> <span class='ocrx_word' id='word_1_223' title='bbox 799 1860 1051 1931; x_wconf 76' lang='grc' dir='ltr'><strong>τονικὴν</strong></span> <span class='ocrx_word' id='word_1_224' title='bbox 1071 1861 1219 1930; x_wconf 80' lang='grc' dir='ltr'>πρὸς</span> <span class='ocrx_word' id='word_1_225' title='bbox 1238 1861 1341 1933; x_wconf 76' lang='grc' dir='ltr'><strong>ἐμὲ</strong></span> <span class='ocrx_word' id='word_1_226' title='bbox 1368 1861 1810 1931; x_wconf 78' lang='grc' dir='ltr'>ἐνδειξάμενον.</span> 
     </span>
    </p>
   </div>
   <div class='ocr_carea' id='block_1_35' title="bbox 1928 1853 3492 1950">
    <p class='ocr_par' dir='ltr' id='par_1_35' title="bbox 1928 1878 3492 1950">
     <span class='ocr_line' id='line_1_35' title="bbox 1928 1878 3492 1950; baseline -0.005 -12"><span class='ocrx_word' id='word_1_227' title='bbox 1928 1884 2084 1938; x_wconf 90' lang='lat' dir='ltr'><strong>Deum</strong></span> <span class='ocrx_word' id='word_1_228' title='bbox 2115 1885 2216 1937; x_wconf 87' lang='lat' dir='ltr'><strong>mei</strong></span> <span class='ocrx_word' id='word_1_229' title='bbox 2249 1883 2544 1937; x_wconf 79' lang='lat' dir='ltr'><strong>custodiam</strong></span> <span class='ocrx_word' id='word_1_230' title='bbox 2577 1883 2837 1946; x_wconf 76' lang='lat' dir='ltr'><strong>commisi,</strong></span> <span class='ocrx_word' id='word_1_231' title='bbox 2871 1883 3143 1950; x_wconf 85' lang='lat' dir='ltr'><strong>ipsumque</strong></span> <span class='ocrx_word' id='word_1_232' title='bbox 3184 1880 3296 1933; x_wconf 83' lang='lat' dir='ltr'><strong>loco</strong></span> <span class='ocrx_word' id='word_1_233' title='bbox 3324 1878 3492 1948; x_wconf 86' lang='lat' dir='ltr'><strong>patris</strong></span> 
     </span>
    </p>
   </div>
   <div class='ocr_carea' id='block_1_36' title="bbox 232 1950 1867 2021">
    <p class='ocr_par' dir='ltr' id='par_1_36' title="bbox 232 1950 1867 2021">
     <span class='ocr_line' id='line_1_36' title="bbox 232 1950 1867 2021; baseline -0.001 -12"><span class='ocrx_word' id='word_1_234' title='bbox 232 1952 463 2009; x_wconf 75' lang='grc' dir='ltr'>Λέοντα</span> <span class='ocrx_word' id='word_1_235' title='bbox 486 1953 557 2007; x_wconf 78' lang='grc' dir='ltr'>δὲ</span> <span class='ocrx_word' id='word_1_236' title='bbox 587 1953 697 2006; x_wconf 77' lang='grc' dir='ltr'><strong>τὸν</strong></span> <span class='ocrx_word' id='word_1_237' title='bbox 723 1950 934 2007; x_wconf 77' lang='grc' dir='ltr'><em>Φωκᾶν</em></span> <span class='ocrx_word' id='word_1_238' title='bbox 954 1952 1045 2009; x_wconf 77' lang='grc' dir='ltr'><strong>ἀεὶ</strong></span> <span class='ocrx_word' id='word_1_239' title='bbox 1084 1950 1159 2019; x_wconf 76' lang='grc' dir='ltr'>τῇ</span> <span class='ocrx_word' id='word_1_240' title='bbox 1184 1950 1301 2021; x_wconf 75' lang='grc' dir='ltr'><strong>ἐμῇ</strong></span> <span class='ocrx_word' id='word_1_241' title='bbox 1322 1953 1614 2018; x_wconf 71' lang='grc' dir='ltr'>,ϐασιλείῃ</span> <span class='ocrx_word' id='word_1_242' title='bbox 1670 1956 1816 2008; x_wconf 79' lang='grc' dir='ltr'>ὑπο·</span> <span class='ocrx_word' id='word_1_243' title='bbox 1862 1966 1867 1971; x_wconf 83' lang='grc'><strong>·</strong></span> 
     </span>
    </p>
   </div>
   <div class='ocr_carea' id='block_1_37' title="bbox 229 2041 1811 2112">
    <p class='ocr_par' dir='ltr' id='par_1_37' title="bbox 229 2041 1811 2112">
     <span class='ocr_line' id='line_1_37' title="bbox 229 2041 1811 2112; baseline -0.002 -12"><span class='ocrx_word' id='word_1_244' title='bbox 229 2048 471 2101; x_wconf 73' lang='grc' dir='ltr'>πτεὺωγ</span> <span class='ocrx_word' id='word_1_245' title='bbox 499 2045 915 2098; x_wconf 74' lang='grc' dir='ltr'>ἐπιϐουλεύειν</span> <span class='ocrx_word' id='word_1_246' title='bbox 952 2042 1068 2096; x_wconf 80' lang='grc' dir='ltr'><strong>νῦν</strong></span> <span class='ocrx_word' id='word_1_247' title='bbox 1087 2041 1204 2110; x_wconf 78' lang='grc' dir='ltr'><strong>μὲν</strong></span> <span class='ocrx_word' id='word_1_248' title='bbox 1240 2043 1433 2112; x_wconf 75' lang='grc' dir='ltr'>ἔργοις</span> <span class='ocrx_word' id='word_1_249' title='bbox 1460 2043 1656 2109; x_wconf 77' lang='grc' dir='ltr'>αὐτοῖς</span> <span class='ocrx_word' id='word_1_250' title='bbox 1684 2044 1811 2098; x_wconf 78' lang='grc' dir='ltr'><strong>ἑπι-</strong></span> 
     </span>
    </p>
   </div>
   <div class='ocr_carea' id='block_1_38' title="bbox 230 2132 1816 2205">
    <p class='ocr_par' dir='ltr' id='par_1_38' title="bbox 230 2132 1816 2205">
     <span class='ocr_line' id='line_1_38' title="bbox 230 2132 1816 2205; baseline -0.005 -12"><span class='ocrx_word' id='word_1_251' title='bbox 230 2141 459 2194; x_wconf 69' lang='grc' dir='ltr'>ὃουλσν·</span> <span class='ocrx_word' id='word_1_252' title='bbox 502 2136 734 2205; x_wconf 76' lang='grc' dir='ltr'>εὕρηκα</span> <span class='ocrx_word' id='word_1_253' title='bbox 756 2134 853 2189; x_wconf 79' lang='grc' dir='ltr'><strong>καὶ</strong></span> <span class='ocrx_word' id='word_1_254' title='bbox 878 2134 989 2201; x_wconf 81' lang='grc' dir='ltr'>τῆς</span> <span class='ocrx_word' id='word_1_255' title='bbox 1030 2133 1182 2203; x_wconf 79' lang='grc' dir='ltr'>ἐμῆς</span> <span class='ocrx_word' id='word_1_256' title='bbox 1224 2133 1418 2201; x_wconf 78' lang='grc' dir='ltr'>ἀρχῆς</span> <span class='ocrx_word' id='word_1_257' title='bbox 1451 2132 1816 2200; x_wconf 73' lang='grc' dir='ltr'><strong>τυραννικῶς</strong></span> 
     </span>
    </p>
   </div>
   <div class='ocr_carea' id='block_1_39' title="bbox 236 2223 1814 2297">
    <p class='ocr_par' dir='ltr' id='par_1_39' title="bbox 236 2223 1814 2297">
     <span class='ocr_line' id='line_1_39' title="bbox 236 2223 1814 2297; baseline -0.004 -13"><span class='ocrx_word' id='word_1_258' title='bbox 236 2225 945 2297; x_wconf 72' lang='grc' dir='ltr'>κατεξανιστάμενον-,Διὸ</span> <span class='ocrx_word' id='word_1_259' title='bbox 967 2225 1104 2280; x_wconf 83' lang='grc' dir='ltr'>οὔτε</span> <span class='ocrx_word' id='word_1_260' title='bbox 1128 2223 1814 2293; x_wconf 79' lang='grc' dir='ltr'>δομέστικοναύτὸνάπύ</span> 
     </span>
    </p>
   </div>
   <div class='ocr_carea' id='block_1_40' title="bbox 235 2315 1817 2385">
    <p class='ocr_par' dir='ltr' id='par_1_40' title="bbox 235 2315 1817 2385">
     <span class='ocr_line' id='line_1_40' title="bbox 235 2315 1817 2385; baseline -0.005 -9"><span class='ocrx_word' id='word_1_261' title='bbox 235 2322 347 2378; x_wconf 79' lang='grc' dir='ltr'><strong>τοῦ</strong></span> <span class='ocrx_word' id='word_1_262' title='bbox 373 2322 493 2375; x_wconf 78' lang='grc' dir='ltr'><em>νῦν</em></span> <span class='ocrx_word' id='word_1_263' title='bbox 533 2316 690 2374; x_wconf 75' lang='grc' dir='ltr'>εἶναι</span> <span class='ocrx_word' id='word_1_264' title='bbox 732 2318 1035 2385; x_wconf 69' lang='grc' dir='ltr'>,ϐούλομαι</span> <span class='ocrx_word' id='word_1_265' title='bbox 1065 2332 1080 2346; x_wconf 74' lang='grc' dir='ltr'><strong>ο</strong></span> <span class='ocrx_word' id='word_1_266' title='bbox 1113 2316 1253 2370; x_wconf 80' lang='grc' dir='ltr'>οὔτε</span> <span class='ocrx_word' id='word_1_267' title='bbox 1296 2316 1407 2385; x_wconf 72' lang='grc' dir='ltr'>γὰρ</span> <span class='ocrx_word' id='word_1_268' title='bbox 1450 2316 1677 2381; x_wconf 82' lang='grc' dir='ltr'>ταύτην</span> <span class='ocrx_word' id='word_1_269' title='bbox 1704 2315 1817 2385; x_wconf 79' lang='grc' dir='ltr'><strong>τὴν</strong></span> 
     </span>
    </p>
   </div>
   <div class='ocr_carea' id='block_1_41' title="bbox 227 2407 1813 2482">
    <p class='ocr_par' dir='ltr' id='par_1_41' title="bbox 227 2407 1813 2482">
     <span class='ocr_line' id='line_1_41' title="bbox 227 2407 1813 2482; baseline -0.006 -11"><span class='ocrx_word' id='word_1_270' title='bbox 227 2413 570 2482; x_wconf 73' lang='grc' dir='ltr'>ἀνταρσίαγ</span> <span class='ocrx_word' id='word_1_271' title='bbox 587 2411 737 2481; x_wconf 79' lang='grc' dir='ltr'>μετὰ</span> <span class='ocrx_word' id='word_1_272' title='bbox 753 2407 997 2477; x_wconf 77' lang='grc' dir='ltr'>,ϐουλῆς</span> <span class='ocrx_word' id='word_1_273' title='bbox 1048 2407 1200 2477; x_wconf 83' lang='grc' dir='ltr'>ἐμῆς</span> <span class='ocrx_word' id='word_1_274' title='bbox 1229 2409 1602 2476; x_wconf 78' lang='grc' dir='ltr'>πεπραχέναι</span> <span class='ocrx_word' id='word_1_275' title='bbox 1641 2407 1813 2476; x_wconf 72' lang='grc' dir='ltr'>φημί,</span> 
     </span>
    </p>
   </div>
   <div class='ocr_carea' id='block_1_42' title="bbox 232 2498 1818 2573">
    <p class='ocr_par' dir='ltr' id='par_1_42' title="bbox 232 2498 1818 2573">
     <span class='ocr_line' id='line_1_42' title="bbox 232 2498 1818 2573; baseline -0.007 -10"><span class='ocrx_word' id='word_1_276' title='bbox 232 2508 375 2563; x_wconf 74' lang='grc' dir='ltr'><strong>ἀλλ’</strong></span> <span class='ocrx_word' id='word_1_277' title='bbox 403 2503 736 2573; x_wconf 79' lang='grc' dir='ltr'><strong>αὐθαιρέτῳ</strong></span> <span class='ocrx_word' id='word_1_278' title='bbox 763 2502 963 2573; x_wconf 76' lang='grc' dir='ltr'>γνώμῃ</span> <span class='ocrx_word' id='word_1_279' title='bbox 1008 2503 1234 2569; x_wconf 80' lang='grc' dir='ltr'>ταύτην</span> <span class='ocrx_word' id='word_1_280' title='bbox 1282 2500 1651 2567; x_wconf 81' lang='grc' dir='ltr'>ποιήσασθαι</span> <span class='ocrx_word' id='word_1_281' title='bbox 1703 2498 1818 2567; x_wconf 72' lang='grc' dir='ltr'><strong>τὴν</strong></span> 
     </span>
    </p>
   </div>
   <div class='ocr_carea' id='block_1_43' title="bbox 227 2589 1814 2660">
    <p class='ocr_par' dir='ltr' id='par_1_43' title="bbox 227 2589 1814 2660">
     <span class='ocr_line' id='line_1_43' title="bbox 227 2589 1814 2660; baseline -0.004 -8"><span class='ocrx_word' id='word_1_282' title='bbox 227 2599 527 2656; x_wconf 70' lang='grc' dir='ltr'>ἐπίθεσιν,</span> <span class='ocrx_word' id='word_1_283' title='bbox 560 2593 752 2659; x_wconf 78' lang='grc' dir='ltr'>ἐαυτῷ</span> <span class='ocrx_word' id='word_1_284' title='bbox 789 2592 904 2660; x_wconf 79' lang='grc' dir='ltr'><strong>τὴν</strong></span> <span class='ocrx_word' id='word_1_285' title='bbox 927 2593 1257 2657; x_wconf 74' lang='grc' dir='ltr'>,ϐασιλείαν</span> <span class='ocrx_word' id='word_1_286' title='bbox 1300 2589 1814 2660; x_wconf 72' lang='grc' dir='ltr'>σφετεριζόμενον.</span> 
     </span>
    </p>
   </div>
   <div class='ocr_carea' id='block_1_44' title="bbox 230 2682 1815 2757">
    <p class='ocr_par' dir='ltr' id='par_1_44' title="bbox 230 2682 1815 2757">
     <span class='ocr_line' id='line_1_44' title="bbox 230 2682 1815 2757; baseline -0.005 -14"><span class='ocrx_word' id='word_1_287' title='bbox 230 2689 453 2743; x_wconf 83' lang='grc' dir='ltr'>Τούτων</span> <span class='ocrx_word' id='word_1_288' title='bbox 485 2682 579 2740; x_wconf 78' lang='grc' dir='ltr'><strong>οὖν</strong></span> <span class='ocrx_word' id='word_1_289' title='bbox 605 2685 683 2757; x_wconf 81' lang='grc' dir='ltr'>τῷ</span> <span class='ocrx_word' id='word_1_290' title='bbox 702 2683 818 2755; x_wconf 83' lang='grc' dir='ltr'><strong>λαῴ</strong></span> <span class='ocrx_word' id='word_1_291' title='bbox 851 2683 1311 2751; x_wconf 75' lang='grc' dir='ltr'>ἀναγνωσθέντων</span> <span class='ocrx_word' id='word_1_292' title='bbox 1341 2682 1578 2753; x_wconf 76' lang='grc' dir='ltr'>ήρξαντο</span> <span class='ocrx_word' id='word_1_293' title='bbox 1612 2682 1815 2747; x_wconf 77' lang='grc' dir='ltr'>πάνςες</span> 
     </span>
    </p>
   </div>
   <div class='ocr_carea' id='block_1_45' title="bbox 228 2774 1811 2852">
    <p class='ocr_par' dir='ltr' id='par_1_45' title="bbox 228 2774 1811 2852">
     <span class='ocr_line' id='line_1_45' title="bbox 228 2774 1811 2852; baseline -0.004 -17"><span class='ocrx_word' id='word_1_294' title='bbox 228 2781 546 2852; x_wconf 83' lang='grc' dir='ltr'>ἀναχωρεῖν</span> <span class='ocrx_word' id='word_1_295' title='bbox 575 2779 670 2832; x_wconf 70' lang='grc' dir='ltr'>καὶ</span> <span class='ocrx_word' id='word_1_296' title='bbox 701 2775 781 2844; x_wconf 84' lang='grc' dir='ltr'>τῷ</span> <span class='ocrx_word' id='word_1_297' title='bbox 805 2775 1224 2846; x_wconf 77' lang='grc' dir='ltr'>βασιλεοπάτορι</span> <span class='ocrx_word' id='word_1_298' title='bbox 1262 2774 1633 2846; x_wconf 86' lang='grc' dir='ltr'>προσρύεσοαι</span> <span class='ocrx_word' id='word_1_299' title='bbox 1674 2774 1811 2829; x_wconf 83' lang='grc' dir='ltr'><strong>Ῥω-</strong></span> 
     </span>
    </p>
   </div>
   <div class='ocr_carea' id='block_1_46' title="bbox 231 2867 1814 2947">
    <p class='ocr_par' dir='ltr' id='par_1_46' title="bbox 231 2867 1814 2947">
     <span class='ocr_line' id='line_1_46' title="bbox 231 2867 1814 2947; baseline -0.006 -18"><span class='ocrx_word' id='word_1_300' title='bbox 231 2872 410 2947; x_wconf 83' lang='grc' dir='ltr'>μανῷ.</span> <span class='ocrx_word' id='word_1_301' title='bbox 448 2871 557 2925; x_wconf 75' lang='grc' dir='ltr'><strong>Τοῦ</strong></span> <span class='ocrx_word' id='word_1_302' title='bbox 590 2871 755 2923; x_wconf 77' lang='grc' dir='ltr'><strong>Φωκᾶ</strong></span> <span class='ocrx_word' id='word_1_303' title='bbox 780 2870 836 2923; x_wconf 79' lang='grc' dir='ltr'>δὲ</span> <span class='ocrx_word' id='word_1_304' title='bbox 866 2871 945 2933; x_wconf 73' lang='grc' dir='ltr'>εἰς</span> <span class='ocrx_word' id='word_1_305' title='bbox 978 2868 1290 2938; x_wconf 80' lang='grc' dir='ltr'>ἀμηχανίαν</span> <span class='ocrx_word' id='word_1_306' title='bbox 1336 2869 1692 2938; x_wconf 80' lang='grc' dir='ltr'>περιστάντος</span> <span class='ocrx_word' id='word_1_307' title='bbox 1717 2867 1814 2921; x_wconf 74' lang='grc' dir='ltr'><strong>καὶ</strong></span> 
     </span>
    </p>
   </div>
   <div class='ocr_carea' id='block_1_47' title="bbox 228 2960 1820 3035">
    <p class='ocr_par' dir='ltr' id='par_1_47' title="bbox 228 2960 1820 3035">
     <span class='ocr_line' id='line_1_47' title="bbox 228 2960 1820 3035; baseline -0.009 -13"><span class='ocrx_word' id='word_1_308' title='bbox 228 2967 569 3035; x_wconf 77' lang='grc' dir='ltr'>ἀπογνόντος</span> <span class='ocrx_word' id='word_1_309' title='bbox 596 2963 672 3023; x_wconf 87' lang='grc' dir='ltr'><strong>ὡς</strong></span> <span class='ocrx_word' id='word_1_310' title='bbox 700 2962 880 3030; x_wconf 81' lang='grc' dir='ltr'><strong>πάσης</strong></span> <span class='ocrx_word' id='word_1_311' title='bbox 910 2960 1127 3023; x_wconf 62' lang='grc' dir='ltr'>ἐλπίδος</span> <span class='ocrx_word' id='word_1_312' title='bbox 1157 2960 1541 3029; x_wconf 78' lang='grc' dir='ltr'>ἡστοχηκότος,</span> <span class='ocrx_word' id='word_1_313' title='bbox 1566 2960 1661 3013; x_wconf 81' lang='grc' dir='ltr'><strong>καί</strong></span> <span class='ocrx_word' id='word_1_314' title='bbox 1687 2976 1820 3030; x_wconf 79' lang='grc' dir='ltr'>χρη·</span> 
     </span>
    </p>
   </div>
   <div class='ocr_carea' id='block_1_48' title="bbox 233 3050 1817 3133">
    <p class='ocr_par' dir='ltr' id='par_1_48' title="bbox 233 3050 1817 3133">
     <span class='ocr_line' id='line_1_48' title="bbox 233 3050 1817 3133; baseline -0.007 -20"><span class='ocrx_word' id='word_1_315' title='bbox 233 3058 486 3130; x_wconf 82' lang='grc' dir='ltr'>σαμένου</span> <span class='ocrx_word' id='word_1_316' title='bbox 523 3056 671 3126; x_wconf 82' lang='grc' dir='ltr'>φυγῇ</span> <span class='ocrx_word' id='word_1_317' title='bbox 706 3055 800 3107; x_wconf 71' lang='grc' dir='ltr'>καὶ</span> <span class='ocrx_word' id='word_1_318' title='bbox 831 3052 967 3133; x_wconf 70' lang='grc' dir='ltr'>πρδς</span> <span class='ocrx_word' id='word_1_319' title='bbox 997 3052 1059 3104; x_wconf 81' lang='grc' dir='ltr'>τὸ</span> <span class='ocrx_word' id='word_1_320' title='bbox 1090 3051 1325 3120; x_wconf 85' lang='grc' dir='ltr'>κάστρον</span> <span class='ocrx_word' id='word_1_321' title='bbox 1371 3050 1587 3114; x_wconf 80' lang='grc' dir='ltr'>Ἀτεούς</span> <span class='ocrx_word' id='word_1_322' title='bbox 1638 3067 1817 3121; x_wconf 84' lang='grc' dir='ltr'>παρα-</span> 
     </span>
    </p>
   </div>
   <div class='ocr_carea' id='block_1_49' title="bbox 1915 1968 3492 2043">
    <p class='ocr_par' dir='ltr' id='par_1_49' title="bbox 1915 1968 3492 2043">
     <span class='ocr_line' id='line_1_49' title="bbox 1915 1968 3492 2043; baseline -0.004 -17"><span class='ocrx_word' id='word_1_323' title='bbox 1915 1972 2103 2041; x_wconf 86' lang='lat' dir='ltr'><strong>habeo,</strong></span> <span class='ocrx_word' id='word_1_324' title='bbox 2127 1973 2219 2043; x_wconf 86' lang='lat' dir='ltr'><strong>qui</strong></span> <span class='ocrx_word' id='word_1_325' title='bbox 2245 1983 2470 2041; x_wconf 84' lang='lat' dir='ltr'><strong>paterna</strong></span> <span class='ocrx_word' id='word_1_326' title='bbox 2503 1987 2632 2040; x_wconf 88' lang='lat' dir='ltr'><strong>erga</strong></span> <span class='ocrx_word' id='word_1_327' title='bbox 2656 1987 2736 2024; x_wconf 91' lang='lat' dir='ltr'><strong>me</strong></span> <span class='ocrx_word' id='word_1_328' title='bbox 2765 1971 2965 2024; x_wconf 81' lang='lat' dir='ltr'><strong>viscera</strong></span> <span class='ocrx_word' id='word_1_329' title='bbox 2997 1986 3060 2021; x_wconf 87' lang='lat' dir='ltr'><strong>ac</strong></span> <span class='ocrx_word' id='word_1_330' title='bbox 3096 1968 3347 2038; x_wconf 78' lang='lat' dir='ltr'><strong>genitoris</strong></span> <span class='ocrx_word' id='word_1_331' title='bbox 3369 1982 3492 2035; x_wconf 87' lang='lat' dir='ltr'><strong>pro-</strong></span> 
     </span>
    </p>
   </div>
   <div class='ocr_carea' id='block_1_50' title="bbox 1914 2059 3494 2134">
    <p class='ocr_par' dir='ltr' id='par_1_50' title="bbox 1914 2059 3494 2134">
     <span class='ocr_line' id='line_1_50' title="bbox 1914 2059 3494 2134; baseline -0.005 -14"><span class='ocrx_word' id='word_1_332' title='bbox 1914 2080 2132 2134; x_wconf 84' lang='lat' dir='ltr'><strong>pensum</strong></span> <span class='ocrx_word' id='word_1_333' title='bbox 2183 2067 2422 2119; x_wconf 86' lang='lat' dir='ltr'><strong>animum</strong></span> <span class='ocrx_word' id='word_1_334' title='bbox 2458 2065 2765 2117; x_wconf 84' lang='lat' dir='ltr'><strong>ostenderit.</strong></span> <span class='ocrx_word' id='word_1_335' title='bbox 2822 2062 3047 2116; x_wconf 82' lang='lat' dir='ltr'><strong>Leonem</strong></span> <span class='ocrx_word' id='word_1_336' title='bbox 3089 2077 3208 2114; x_wconf 82' lang='lat' dir='ltr'><strong>vero</strong></span> <span class='ocrx_word' id='word_1_337' title='bbox 3260 2059 3494 2113; x_wconf 76' lang='lat' dir='ltr'><strong>Phocum</strong></span> 
     </span>
    </p>
   </div>
   <div class='ocr_carea' id='block_1_51' title="bbox 1917 2153 3493 2228">
    <p class='ocr_par' dir='ltr' id='par_1_51' title="bbox 1917 2153 3493 2228">
     <span class='ocr_line' id='line_1_51' title="bbox 1917 2153 3493 2228; baseline -0.007 -13"><span class='ocrx_word' id='word_1_338' title='bbox 1917 2177 2037 2215; x_wconf 87' lang='lat' dir='ltr'><strong>cum</strong></span> <span class='ocrx_word' id='word_1_339' title='bbox 2085 2176 2287 2228; x_wconf 85' lang='lat' dir='ltr'><strong>semper</strong></span> <span class='ocrx_word' id='word_1_340' title='bbox 2331 2157 2654 2213; x_wconf 84' lang='lat' dir='ltr'><strong>insidiarum</strong></span> <span class='ocrx_word' id='word_1_341' title='bbox 2701 2166 2996 2225; x_wconf 86' lang='lat' dir='ltr'><strong>suspectum</strong></span> <span class='ocrx_word' id='word_1_342' title='bbox 3025 2153 3321 2217; x_wconf 83' lang='lat' dir='ltr'><strong>habuerim,</strong></span> <span class='ocrx_word' id='word_1_343' title='bbox 3354 2166 3493 2204; x_wconf 80' lang='lat' dir='ltr'><strong>nunc</strong></span> 
     </span>
    </p>
   </div>
   <div class='ocr_carea' id='block_1_52' title="bbox 1919 2245 3494 2322">
    <p class='ocr_par' dir='ltr' id='par_1_52' title="bbox 1919 2245 3494 2322">
     <span class='ocr_line' id='line_1_52' title="bbox 1919 2245 3494 2322; baseline -0.008 -15"><span class='ocrx_word' id='word_1_344' title='bbox 1919 2270 1974 2307; x_wconf 87' lang='lat' dir='ltr'><strong>re</strong></span> <span class='ocrx_word' id='word_1_345' title='bbox 1997 2254 2111 2322; x_wconf 88' lang='lat' dir='ltr'><strong>ipsa</strong></span> <span class='ocrx_word' id='word_1_346' title='bbox 2139 2252 2481 2307; x_wconf 85' lang='lat' dir='ltr'><strong>insidiantem</strong></span> <span class='ocrx_word' id='word_1_347' title='bbox 2506 2249 2722 2319; x_wconf 74' lang='lat' dir='ltr'><strong>o/fendi,</strong></span> <span class='ocrx_word' id='word_1_348' title='bbox 2759 2265 2822 2302; x_wconf 86' lang='lat' dir='ltr'><strong>ac</strong></span> <span class='ocrx_word' id='word_1_349' title='bbox 2851 2249 2941 2319; x_wconf 83' lang='lat' dir='ltr'><strong>qui</strong></span> <span class='ocrx_word' id='word_1_350' title='bbox 2982 2245 3198 2317; x_wconf 86' lang='lat' dir='ltr'><strong>tyranni</strong></span> <span class='ocrx_word' id='word_1_351' title='bbox 3238 2253 3494 2311; x_wconf 81' lang='lat' dir='ltr'><strong>potestate</strong></span> 
     </span>
    </p>
   </div>
   <div class='ocr_carea' id='block_1_53' title="bbox 1918 2338 3493 2415">
    <p class='ocr_par' dir='ltr' id='par_1_53' title="bbox 1918 2338 3493 2415">
     <span class='ocr_line' id='line_1_53' title="bbox 1918 2338 3493 2415; baseline -0.008 -15"><span class='ocrx_word' id='word_1_352' title='bbox 1918 2346 2189 2415; x_wconf 85' lang='lat' dir='ltr'><strong>majestati</strong></span> <span class='ocrx_word' id='word_1_353' title='bbox 2211 2361 2338 2398; x_wconf 78' lang='lat' dir='ltr'><strong>mere</strong></span> <span class='ocrx_word' id='word_1_354' title='bbox 2374 2342 2607 2396; x_wconf 79' lang='lat' dir='ltr'><strong>rebellet.</strong></span> <span class='ocrx_word' id='word_1_355' title='bbox 2649 2339 3002 2408; x_wconf 79' lang='lat' dir='ltr'><strong>Quamobrem</strong></span> <span class='ocrx_word' id='word_1_356' title='bbox 3026 2355 3118 2393; x_wconf 89' lang='lat' dir='ltr'><strong>nec</strong></span> <span class='ocrx_word' id='word_1_357' title='bbox 3150 2338 3493 2391; x_wconf 75' lang='lat' dir='ltr'><strong>domesticum</strong></span> 
     </span>
    </p>
   </div>
   <div class='ocr_carea' id='block_1_54' title="bbox 1917 2426 3495 2501">
    <p class='ocr_par' dir='ltr' id='par_1_54' title="bbox 1917 2426 3495 2501">
     <span class='ocr_line' id='line_1_54' title="bbox 1917 2426 3495 2501; baseline -0.008 -10"><span class='ocrx_word' id='word_1_358' title='bbox 1917 2438 2159 2501; x_wconf 84' lang='lat' dir='ltr'><strong>deinceps</strong></span> <span class='ocrx_word' id='word_1_359' title='bbox 2194 2451 2313 2489; x_wconf 89' lang='lat' dir='ltr'><strong>eum</strong></span> <span class='ocrx_word' id='word_1_360' title='bbox 2340 2450 2447 2487; x_wconf 88' lang='lat' dir='ltr'><strong>esse</strong></span> <span class='ocrx_word' id='word_1_361' title='bbox 2474 2434 2610 2486; x_wconf 82' lang='lat' dir='ltr'><strong>volo.</strong></span> <span class='ocrx_word' id='word_1_362' title='bbox 2671 2430 2847 2500; x_wconf 83' lang='lat' dir='ltr'><strong>Neque</strong></span> <span class='ocrx_word' id='word_1_363' title='bbox 2875 2431 3012 2483; x_wconf 89' lang='lat' dir='ltr'><strong>enim</strong></span> <span class='ocrx_word' id='word_1_364' title='bbox 3045 2429 3181 2482; x_wconf 82' lang='lat' dir='ltr'><strong>hanc</strong></span> <span class='ocrx_word' id='word_1_365' title='bbox 3211 2443 3323 2481; x_wconf 81' lang='lat' dir='ltr'><strong>meo</strong></span> <span class='ocrx_word' id='word_1_366' title='bbox 3347 2426 3495 2490; x_wconf 72' lang='lat' dir='ltr'><strong>iussu</strong></span> 
     </span>
    </p>
   </div>
   <div class='ocr_carea' id='block_1_55' title="bbox 1919 2515 3495 2592">
    <p class='ocr_par' dir='ltr' id='par_1_55' title="bbox 1919 2515 3495 2592">
     <span class='ocr_line' id='line_1_55' title="bbox 1919 2515 3495 2592; baseline -0.008 -11"><span class='ocrx_word' id='word_1_367' title='bbox 1919 2529 2152 2582; x_wconf 85' lang='lat' dir='ltr'><strong>orditum</strong></span> <span class='ocrx_word' id='word_1_368' title='bbox 2202 2526 2359 2579; x_wconf 86' lang='lat' dir='ltr'><strong>telam</strong></span> <span class='ocrx_word' id='word_1_369' title='bbox 2391 2538 2638 2592; x_wconf 87' lang='lat' dir='ltr'><strong>agnosco,</strong></span> <span class='ocrx_word' id='word_1_370' title='bbox 2678 2520 2767 2574; x_wconf 86' lang='lat' dir='ltr'><strong>sed</strong></span> <span class='ocrx_word' id='word_1_371' title='bbox 2802 2522 2975 2589; x_wconf 88' lang='lat' dir='ltr'><strong>ipsum</strong></span> <span class='ocrx_word' id='word_1_372' title='bbox 3003 2536 3035 2572; x_wconf 91' lang='lat' dir='ltr'><strong>a</strong></span> <span class='ocrx_word' id='word_1_373' title='bbox 3061 2535 3114 2571; x_wconf 86' lang='lat' dir='ltr'><strong>se</strong></span> <span class='ocrx_word' id='word_1_374' title='bbox 3139 2518 3381 2586; x_wconf 87' lang='lat' dir='ltr'><strong>ultroque</strong></span> <span class='ocrx_word' id='word_1_375' title='bbox 3408 2515 3495 2570; x_wconf 85' lang='lat' dir='ltr'><strong>la-</strong></span> 
     </span>
    </p>
   </div>
   <div class='ocr_carea' id='block_1_56' title="bbox 1918 2609 3490 2689">
    <p class='ocr_par' dir='ltr' id='par_1_56' title="bbox 1918 2609 3490 2689">
     <span class='ocr_line' id='line_1_56' title="bbox 1918 2609 3490 2689; baseline -0.009 -14"><span class='ocrx_word' id='word_1_376' title='bbox 1918 2614 2119 2675; x_wconf 81' lang='lat' dir='ltr'><strong>cessei&#39;e</strong></span> <span class='ocrx_word' id='word_1_377' title='bbox 2161 2635 2223 2672; x_wconf 86' lang='lat' dir='ltr'><strong>ac</strong></span> <span class='ocrx_word' id='word_1_378' title='bbox 2254 2616 2513 2689; x_wconf 81' lang='lat' dir='ltr'><strong>grassari,</strong></span> <span class='ocrx_word' id='word_1_379' title='bbox 2556 2624 2613 2667; x_wconf 88' lang='lat' dir='ltr'><strong>ut</strong></span> <span class='ocrx_word' id='word_1_380' title='bbox 2655 2615 2709 2667; x_wconf 89' lang='lat' dir='ltr'><strong>in</strong></span> <span class='ocrx_word' id='word_1_381' title='bbox 2754 2630 2809 2668; x_wconf 89' lang='lat' dir='ltr'><strong>se</strong></span> <span class='ocrx_word' id='word_1_382' title='bbox 2854 2612 3133 2680; x_wconf 86' lang='lat' dir='ltr'><strong>imperium</strong></span> <span class='ocrx_word' id='word_1_383' title='bbox 3178 2609 3490 2677; x_wconf 77' lang='lat' dir='ltr'><strong>trmtsferat.</strong></span> 
     </span>
    </p>
   </div>
   <div class='ocr_carea' id='block_1_57' title="bbox 1918 2701 3493 2781">
    <p class='ocr_par' dir='ltr' id='par_1_57' title="bbox 1918 2701 3493 2781">
     <span class='ocr_line' id='line_1_57' title="bbox 1918 2701 3493 2781; baseline -0.006 -16"><span class='ocrx_word' id='word_1_384' title='bbox 1918 2712 2226 2781; x_wconf 86' lang='lat' dir='ltr'><strong>pronuntio.</strong></span> <span class='ocrx_word' id='word_1_385' title='bbox 2276 2708 2456 2764; x_wconf 86' lang='lat' dir='ltr'><strong>Lectis</strong></span> <span class='ocrx_word' id='word_1_386' title='bbox 2479 2709 2662 2774; x_wconf 85' lang='lat' dir='ltr'><strong>itaque</strong></span> <span class='ocrx_word' id='word_1_387' title='bbox 2698 2706 2952 2761; x_wconf 82' lang='lat' dir='ltr'><strong>audiente</strong></span> <span class='ocrx_word' id='word_1_388' title='bbox 2995 2702 3241 2759; x_wconf 79' lang='lat' dir='ltr'><strong>exercitu</strong></span> <span class='ocrx_word' id='word_1_389' title='bbox 3276 2701 3493 2766; x_wconf 87' lang='lat' dir='ltr'><strong>litteris,</strong></span> 
     </span>
    </p>
   </div>
   <div class='ocr_carea' id='block_1_58' title="bbox 1920 2791 3495 2873">
    <p class='ocr_par' dir='ltr' id='par_1_58' title="bbox 1920 2791 3495 2873">
     <span class='ocr_line' id='line_1_58' title="bbox 1920 2791 3495 2873; baseline -0.01 -12"><span class='ocrx_word' id='word_1_390' title='bbox 1920 2810 2207 2873; x_wconf 84' lang='lat' dir='ltr'><strong>coeperunt</strong></span> <span class='ocrx_word' id='word_1_391' title='bbox 2234 2816 2426 2857; x_wconf 88' lang='lat' dir='ltr'><strong>omnes</strong></span> <span class='ocrx_word' id='word_1_392' title='bbox 2448 2814 2477 2853; x_wconf 92' lang='lat' dir='ltr'><strong>a</strong></span> <span class='ocrx_word' id='word_1_393' title='bbox 2498 2799 2677 2855; x_wconf 80' lang='lat' dir='ltr'><strong>Leone</strong></span> <span class='ocrx_word' id='word_1_394' title='bbox 2702 2797 2769 2852; x_wconf 90' lang='lat' dir='ltr'><strong>ad</strong></span> <span class='ocrx_word' id='word_1_395' title='bbox 2802 2799 3111 2851; x_wconf 78' lang='lat' dir='ltr'><strong>Romanum</strong></span> <span class='ocrx_word' id='word_1_396' title='bbox 3142 2791 3495 2864; x_wconf 81' lang='lat' dir='ltr'><strong>imperatoris</strong></span> 
     </span>
    </p>
   </div>
   <div class='ocr_carea' id='block_1_59' title="bbox 1919 2884 3498 2966">
    <p class='ocr_par' dir='ltr' id='par_1_59' title="bbox 1919 2884 3498 2966">
     <span class='ocr_line' id='line_1_59' title="bbox 1919 2884 3498 2966; baseline -0.009 -17"><span class='ocrx_word' id='word_1_397' title='bbox 1919 2903 2130 2966; x_wconf 88' lang='lat' dir='ltr'><strong>patrem</strong></span> <span class='ocrx_word' id='word_1_398' title='bbox 2187 2893 2518 2949; x_wconf 89' lang='lat' dir='ltr'><strong>desciscere.</strong></span> <span class='ocrx_word' id='word_1_399' title='bbox 2584 2889 2691 2944; x_wconf 83' lang='lat' dir='ltr'><strong>Leo</strong></span> <span class='ocrx_word' id='word_1_400' title='bbox 2729 2888 2947 2943; x_wconf 87' lang='lat' dir='ltr'><strong>consilii</strong></span> <span class='ocrx_word' id='word_1_401' title='bbox 3002 2887 3163 2955; x_wconf 84' lang='lat' dir='ltr'><strong>inops</strong></span> <span class='ocrx_word' id='word_1_402' title='bbox 3218 2884 3498 2952; x_wconf 82' lang='lat' dir='ltr'><strong>rebusque</strong></span> 
     </span>
    </p>
   </div>
   <div class='ocr_carea' id='block_1_60' title="bbox 1921 2977 3498 3059">
    <p class='ocr_par' dir='ltr' id='par_1_60' title="bbox 1921 2977 3498 3059">
     <span class='ocr_line' id='line_1_60' title="bbox 1921 2977 3498 3059; baseline -0.011 -17"><span class='ocrx_word' id='word_1_403' title='bbox 1921 2989 2246 3059; x_wconf 82' lang='lat' dir='ltr'><strong>desperatis,</strong></span> <span class='ocrx_word' id='word_1_404' title='bbox 2280 2986 2368 3040; x_wconf 87' lang='lat' dir='ltr'><strong>cui</strong></span> <span class='ocrx_word' id='word_1_405' title='bbox 2402 2983 2536 3039; x_wconf 87' lang='lat' dir='ltr'><strong>nihil</strong></span> <span class='ocrx_word' id='word_1_406' title='bbox 2567 2991 2767 3054; x_wconf 70' lang='lat' dir='ltr'><strong>pra-sto</strong></span> <span class='ocrx_word' id='word_1_407' title='bbox 2798 2980 2867 3035; x_wconf 90' lang='lat' dir='ltr'><strong>ad</strong></span> <span class='ocrx_word' id='word_1_408' title='bbox 2897 2995 2985 3033; x_wconf 89' lang='lat' dir='ltr'><strong>res</strong></span> <span class='ocrx_word' id='word_1_409' title='bbox 3020 2977 3337 3034; x_wconf 87' lang='lat' dir='ltr'><strong>sarciendas</strong></span> <span class='ocrx_word' id='word_1_410' title='bbox 3367 2988 3498 3042; x_wconf 89' lang='lat' dir='ltr'><strong>sup-</strong></span> 
     </span>
    </p>
   </div>
   <div class='ocr_carea' id='block_1_61' title="bbox 1923 3071 3494 3153">
    <p class='ocr_par' dir='ltr' id='par_1_61' title="bbox 1923 3071 3494 3153">
     <span class='ocr_line' id='line_1_61' title="bbox 1923 3071 3494 3153; baseline -0.013 -15"><span class='ocrx_word' id='word_1_411' title='bbox 1923 3088 2149 3153; x_wconf 78' lang='lat' dir='ltr'><strong>peteret,</strong></span> <span class='ocrx_word' id='word_1_412' title='bbox 2194 3081 2426 3135; x_wconf 85' lang='lat' dir='ltr'><strong>salutem</strong></span> <span class='ocrx_word' id='word_1_413' title='bbox 2487 3075 2613 3146; x_wconf 77' lang='lat' dir='ltr'><strong>fuga</strong></span> <span class='ocrx_word' id='word_1_414' title='bbox 2652 3088 2904 3145; x_wconf 72' lang='lat' dir='ltr'><strong>quaerens</strong></span> <span class='ocrx_word' id='word_1_415' title='bbox 2945 3072 3011 3127; x_wconf 92' lang='lat' dir='ltr'><strong>ad</strong></span> <span class='ocrx_word' id='word_1_416' title='bbox 3053 3071 3222 3125; x_wconf 82' lang='lat' dir='ltr'><strong>Aleus</strong></span> <span class='ocrx_word' id='word_1_417' title='bbox 3252 3075 3494 3122; x_wconf 83' lang='lat' dir='ltr'><strong>castrum</strong></span> 
     </span>
    </p>
   </div>
   <div class='ocr_carea' id='block_1_62' title="bbox 227 3142 1824 3243">
    <p class='ocr_par' dir='ltr' id='par_1_62' title="bbox 227 3142 1814 3222">
     <span class='ocr_line' id='line_1_62' title="bbox 227 3142 1814 3222; baseline -0.008 -16"><span class='ocrx_word' id='word_1_418' title='bbox 227 3151 530 3222; x_wconf 72' lang='grc' dir='ltr'>γενομένου</span> <span class='ocrx_word' id='word_1_419' title='bbox 552 3150 646 3201; x_wconf 76' lang='grc' dir='ltr'><strong>καὶ</strong></span> <span class='ocrx_word' id='word_1_420' title='bbox 681 3147 753 3218; x_wconf 87' lang='grc' dir='ltr'>μὴ</span> <span class='ocrx_word' id='word_1_421' title='bbox 779 3144 1083 3216; x_wconf 84' lang='grc' dir='ltr'>δεχθέντος,</span> <span class='ocrx_word' id='word_1_422' title='bbox 1114 3146 1172 3197; x_wconf 74' lang='grc' dir='ltr'>ἐν</span> <span class='ocrx_word' id='word_1_423' title='bbox 1206 3142 1391 3214; x_wconf 85' lang='grc' dir='ltr'>χωρίῳ</span> <span class='ocrx_word' id='word_1_424' title='bbox 1429 3142 1814 3213; x_wconf 79' lang='grc' dir='ltr'>ὀνομαζομένῳ</span> 
     </span>
    </p>
   </div>
   <div class='ocr_carea' id='block_1_63' title="bbox 1928 3142 3498 3243">
    <p class='ocr_par' dir='ltr' id='par_1_63' title="bbox 1928 3158 3498 3243">
     <span class='ocr_line' id='line_1_63' title="bbox 1928 3158 3498 3243; baseline -0.011 -15"><span class='ocrx_word' id='word_1_425' title='bbox 1928 3172 2204 3243; x_wconf 87' lang='lat' dir='ltr'><strong>pervenit;</strong></span> <span class='ocrx_word' id='word_1_426' title='bbox 2240 3184 2415 3238; x_wconf 81' lang='lat' dir='ltr'><strong>eoque</strong></span> <span class='ocrx_word' id='word_1_427' title='bbox 2450 3167 2724 3237; x_wconf 86' lang='lat' dir='ltr'><strong>repulsus,</strong></span> <span class='ocrx_word' id='word_1_428' title='bbox 2763 3165 2817 3219; x_wconf 92' lang='lat' dir='ltr'><strong>in</strong></span> <span class='ocrx_word' id='word_1_429' title='bbox 2862 3164 2983 3218; x_wconf 90' lang='lat' dir='ltr'><strong>vico</strong></span> <span class='ocrx_word' id='word_1_430' title='bbox 3031 3163 3231 3217; x_wconf 86' lang='lat' dir='ltr'><strong>Goeleo</strong></span> <span class='ocrx_word' id='word_1_431' title='bbox 3270 3158 3498 3214; x_wconf 87' lang='lat' dir='ltr'><strong>nomine</strong></span> 
     </span>
    </p>
   </div>
   <div class='ocr_carea' id='block_1_64' title="bbox 228 3235 1810 3317">
    <p class='ocr_par' dir='ltr' id='par_1_64' title="bbox 228 3235 1810 3317">
     <span class='ocr_line' id='line_1_64' title="bbox 228 3235 1810 3317; baseline -0.01 -16"><span class='ocrx_word' id='word_1_432' title='bbox 228 3246 524 3317; x_wconf 79' lang='grc' dir='ltr'>Γοηλὲοντι</span> <span class='ocrx_word' id='word_1_433' title='bbox 570 3241 1012 3310; x_wconf 78' lang='grc' dir='ltr'>καταστήσαντος</span> <span class='ocrx_word' id='word_1_434' title='bbox 1080 3239 1177 3291; x_wconf 67' lang='grc' dir='ltr'><strong>καὶ</strong></span> <span class='ocrx_word' id='word_1_435' title='bbox 1232 3235 1647 3305; x_wconf 76' lang='grc' dir='ltr'>συλληφθέντας,</span> <span class='ocrx_word' id='word_1_436' title='bbox 1700 3236 1810 3290; x_wconf 79' lang='grc' dir='ltr'><strong>ἀπ-</strong></span> 
     </span>
    </p>
   </div>
   <div class='ocr_carea' id='block_1_65' title="bbox 228 3327 1814 3405">
    <p class='ocr_par' dir='ltr' id='par_1_65' title="bbox 228 3327 1814 3405">
     <span class='ocr_line' id='line_1_65' title="bbox 228 3327 1814 3405; baseline -0.009 -11"><span class='ocrx_word' id='word_1_437' title='bbox 228 3338 482 3394; x_wconf 79' lang='grc' dir='ltr'>έστειλεν</span> <span class='ocrx_word' id='word_1_438' title='bbox 511 3332 793 3405; x_wconf 80' lang='grc' dir='ltr'>Ῥωμανδς</span> <span class='ocrx_word' id='word_1_439' title='bbox 818 3332 1071 3400; x_wconf 81' lang='grc' dir='ltr'>Ἰωάννην</span> <span class='ocrx_word' id='word_1_440' title='bbox 1087 3330 1178 3382; x_wconf 81' lang='grc' dir='ltr'>τὸν</span> <span class='ocrx_word' id='word_1_441' title='bbox 1212 3327 1499 3399; x_wconf 81' lang='grc' dir='ltr'>Τουϐἀκην</span> <span class='ocrx_word' id='word_1_442' title='bbox 1531 3328 1624 3381; x_wconf 74' lang='grc' dir='ltr'><strong>καὶ</strong></span> <span class='ocrx_word' id='word_1_443' title='bbox 1650 3327 1814 3380; x_wconf 78' lang='grc' dir='ltr'>Λέονο</span> 
     </span>
    </p>
   </div>
   <div class='ocr_carea' id='block_1_66' title="bbox 225 3421 1813 3494">
    <p class='ocr_par' dir='ltr' id='par_1_66' title="bbox 225 3421 1813 3494">
     <span class='ocr_line' id='line_1_66' title="bbox 225 3421 1813 3494; baseline -0.009 -7"><span class='ocrx_word' id='word_1_444' title='bbox 225 3450 297 3486; x_wconf 82' lang='grc' dir='ltr'><strong>τα</strong></span> <span class='ocrx_word' id='word_1_445' title='bbox 340 3431 437 3485; x_wconf 76' lang='grc' dir='ltr'><strong>τὸν</strong></span> <span class='ocrx_word' id='word_1_446' title='bbox 469 3426 635 3481; x_wconf 81' lang='grc' dir='ltr'>αὑτοῦ</span> <span class='ocrx_word' id='word_1_447' title='bbox 667 3423 900 3494; x_wconf 79' lang='grc' dir='ltr'>συγγενῆ</span> <span class='ocrx_word' id='word_1_448' title='bbox 931 3422 1069 3475; x_wconf 81' lang='grc' dir='ltr'>ὥστε</span> <span class='ocrx_word' id='word_1_449' title='bbox 1101 3423 1412 3491; x_wconf 74' lang='grc' dir='ltr'>εἰσαγαγεῖν</span> <span class='ocrx_word' id='word_1_450' title='bbox 1461 3421 1623 3474; x_wconf 81' lang='grc' dir='ltr'>αὐτὸν</span> <span class='ocrx_word' id='word_1_451' title='bbox 1651 3421 1708 3473; x_wconf 76' lang='grc' dir='ltr'>ἐν</span> <span class='ocrx_word' id='word_1_452' title='bbox 1749 3422 1813 3491; x_wconf 80' lang='grc' dir='ltr'>τῇ</span> 
     </span>
    </p>
   </div>
   <div class='ocr_carea' id='block_1_67' title="bbox 226 3511 1813 3585">
    <p class='ocr_par' dir='ltr' id='par_1_67' title="bbox 226 3511 1813 3585">
     <span class='ocr_line' id='line_1_67' title="bbox 226 3511 1813 3585; baseline -0.01 -7"><span class='ocrx_word' id='word_1_453' title='bbox 226 3525 412 3578; x_wconf 72' lang='grc' dir='ltr'>πόλει.</span> <span class='ocrx_word' id='word_1_454' title='bbox 472 3521 539 3574; x_wconf 82' lang='lat' dir='ltr'><strong>0i.</strong></span> <span class='ocrx_word' id='word_1_455' title='bbox 589 3519 647 3572; x_wconf 75' lang='grc' dir='ltr'>δὲ</span> <span class='ocrx_word' id='word_1_456' title='bbox 700 3518 890 3570; x_wconf 77' lang='grc' dir='ltr'>τοῦτον</span> <span class='ocrx_word' id='word_1_457' title='bbox 944 3515 1318 3585; x_wconf 77' lang='grc' dir='ltr'>κρατήσαντες</span> <span class='ocrx_word' id='word_1_458' title='bbox 1390 3511 1813 3581; x_wconf 77' lang='grc' dir='ltr'>ἀπετύιρλωσαν,</span> 
     </span>
    </p>
   </div>
   <div class='ocr_carea' id='block_1_68' title="bbox 227 3603 1819 3684">
    <p class='ocr_par' dir='ltr' id='par_1_68' title="bbox 227 3603 1819 3684">
     <span class='ocr_line' id='line_1_68' title="bbox 227 3603 1819 3684; baseline -0.011 -12"><span class='ocrx_word' id='word_1_459' title='bbox 227 3619 413 3672; x_wconf 76' lang='grc' dir='ltr'>καίτοι</span> <span class='ocrx_word' id='word_1_460' title='bbox 472 3612 746 3684; x_wconf 81' lang='grc' dir='ltr'>μηδεμίαν</span> <span class='ocrx_word' id='word_1_461' title='bbox 769 3608 897 3679; x_wconf 78' lang='grc' dir='ltr'>περὶ</span> <span class='ocrx_word' id='word_1_462' title='bbox 933 3607 1127 3660; x_wconf 81' lang='grc' dir='ltr'>τούτου</span> <span class='ocrx_word' id='word_1_463' title='bbox 1153 3604 1436 3675; x_wconf 81' lang='grc' dir='ltr'>δεξάμενοι</span> <span class='ocrx_word' id='word_1_464' title='bbox 1477 3603 1695 3673; x_wconf 73' lang='grc' dir='ltr'>ἐντολὴν</span> <span class='ocrx_word' id='word_1_465' title='bbox 1724 3603 1819 3658; x_wconf 74' lang='grc' dir='ltr'><strong>καὶ</strong></span> 
     </span>
    </p>
   </div>
   <div class='ocr_carea' id='block_1_69' title="bbox 227 3694 1821 3775">
    <p class='ocr_par' dir='ltr' id='par_1_69' title="bbox 227 3694 1821 3775">
     <span class='ocr_line' id='line_1_69' title="bbox 227 3694 1821 3775; baseline -0.016 -14"><span class='ocrx_word' id='word_1_466' title='bbox 227 3704 557 3775; x_wconf 77' lang='grc' dir='ltr'>αὐθαιρέτῳ</span> <span class='ocrx_word' id='word_1_467' title='bbox 605 3700 803 3772; x_wconf 81' lang='grc' dir='ltr'>γνώμῃ</span> <span class='ocrx_word' id='word_1_468' title='bbox 849 3698 1009 3753; x_wconf 81' lang='grc' dir='ltr'>τοῦτο</span> <span class='ocrx_word' id='word_1_469' title='bbox 1062 3696 1443 3766; x_wconf 79' lang='grc' dir='ltr'>πεποιηκότες,</span> <span class='ocrx_word' id='word_1_470' title='bbox 1492 3694 1567 3758; x_wconf 78' lang='grc' dir='ltr'>ὡς</span> <span class='ocrx_word' id='word_1_471' title='bbox 1615 3696 1821 3763; x_wconf 77' lang='grc' dir='ltr'>ἀγανα-</span> 
     </span>
    </p>
   </div>
   <div class='ocr_carea' id='block_1_70' title="bbox 225 3786 1823 3868">
    <p class='ocr_par' dir='ltr' id='par_1_70' title="bbox 225 3786 1823 3868">
     <span class='ocr_line' id='line_1_70' title="bbox 225 3786 1823 3868; baseline -0.011 -13"><span class='ocrx_word' id='word_1_472' title='bbox 225 3800 443 3868; x_wconf 77' lang='grc' dir='ltr'>κτῆσαι</span> <span class='ocrx_word' id='word_1_473' title='bbox 493 3796 588 3849; x_wconf 71' lang='grc' dir='ltr'><strong>ἐπὶ</strong></span> <span class='ocrx_word' id='word_1_474' title='bbox 652 3793 827 3863; x_wconf 84' lang='grc' dir='ltr'>τούτῳ</span> <span class='ocrx_word' id='word_1_475' title='bbox 866 3793 961 3845; x_wconf 67' lang='grc' dir='ltr'><strong>καὶ</strong></span> <span class='ocrx_word' id='word_1_476' title='bbox 984 3791 1074 3852; x_wconf 66' lang='grc' dir='ltr'><strong>τὸν</strong></span> <span class='ocrx_word' id='word_1_477' title='bbox 1118 3787 1552 3860; x_wconf 83' lang='grc' dir='ltr'>βασιλεοπάτορα</span> <span class='ocrx_word' id='word_1_478' title='bbox 1606 3786 1823 3857; x_wconf 83' lang='grc' dir='ltr'>Ῥωμα-</span> 
     </span>
    </p>
   </div>
   <div class='ocr_carea' id='block_1_71' title="bbox 224 3896 348 3949">
    <p class='ocr_par' dir='ltr' id='par_1_71' title="bbox 224 3896 348 3949">
     <span class='ocr_line' id='line_1_71' title="bbox 224 3896 348 3949; baseline -0.024 0"><span class='ocrx_word' id='word_1_479' title='bbox 224 3896 348 3949; x_wconf 81' lang='grc' dir='ltr'>νόν.</span> 
     </span>
    </p>
   </div>
   <div class='ocr_carea' id='block_1_72' title="bbox 304 3971 1820 4048">
    <p class='ocr_par' dir='ltr' id='par_1_72' title="bbox 304 3971 1820 4048">
     <span class='ocr_line' id='line_1_72' title="bbox 304 3971 1820 4048; baseline -0.011 -11"><span class='ocrx_word' id='word_1_480' title='bbox 304 3980 499 4037; x_wconf 84' lang='grc' dir='ltr'>ιδ’-ιε’.</span> <span class='ocrx_word' id='word_1_481' title='bbox 528 3978 824 4048; x_wconf 73' lang='grc' dir='ltr'>Αὐγούστῳ</span> <span class='ocrx_word' id='word_1_482' title='bbox 853 3976 909 4031; x_wconf 80' lang='grc' dir='ltr'>δὲ</span> <span class='ocrx_word' id='word_1_483' title='bbox 943 3977 1074 4048; x_wconf 76' lang='grc' dir='ltr'>μηνὶ</span> <span class='ocrx_word' id='word_1_484' title='bbox 1106 3972 1460 4044; x_wconf 81' lang='grc' dir='ltr'>κατεμηνύθη</span> <span class='ocrx_word' id='word_1_485' title='bbox 1488 3972 1561 4024; x_wconf 70' lang='grc' dir='ltr'>τὰ</span> <span class='ocrx_word' id='word_1_486' title='bbox 1575 3972 1673 4041; x_wconf 81' lang='grc' dir='ltr'>τῆς</span> <span class='ocrx_word' id='word_1_487' title='bbox 1696 3971 1820 4022; x_wconf 73' lang='grc' dir='ltr'>ἐπι-</span> 
     </span>
    </p>
   </div>
   <div class='ocr_carea' id='block_1_73' title="bbox 224 4061 1827 4144">
    <p class='ocr_par' dir='ltr' id='par_1_73' title="bbox 224 4061 1827 4144">
     <span class='ocr_line' id='line_1_73' title="bbox 224 4061 1827 4144; baseline -0.011 -15"><span class='ocrx_word' id='word_1_488' title='bbox 224 4076 442 4144; x_wconf 74' lang='grc' dir='ltr'>ϐουλῆς</span> <span class='ocrx_word' id='word_1_489' title='bbox 471 4072 879 4127; x_wconf 80' lang='grc' dir='ltr'>Κωνσταντίνου</span> <span class='ocrx_word' id='word_1_490' title='bbox 902 4065 1256 4138; x_wconf 82' lang='grc' dir='ltr'>Κτηματινοῦ</span> <span class='ocrx_word' id='word_1_491' title='bbox 1288 4065 1381 4119; x_wconf 82' lang='grc' dir='ltr'><strong>καὶ</strong></span> <span class='ocrx_word' id='word_1_492' title='bbox 1408 4061 1573 4116; x_wconf 66' lang='grc' dir='ltr'>Δαϐὶδ</span> <span class='ocrx_word' id='word_1_493' title='bbox 1594 4064 1827 4129; x_wconf 79' lang='grc' dir='ltr'>Καμου-</span> 
     </span>
    </p>
   </div>
   <div class='ocr_carea' id='block_1_74' title="bbox 223 4154 1828 4233">
    <p class='ocr_par' dir='ltr' id='par_1_74' title="bbox 223 4154 1828 4233">
     <span class='ocr_line' id='line_1_74' title="bbox 223 4154 1828 4233; baseline -0.012 -9"><span class='ocrx_word' id='word_1_494' title='bbox 223 4168 428 4224; x_wconf 76' lang='grc' dir='ltr'>λιανοῦ</span> <span class='ocrx_word' id='word_1_495' title='bbox 480 4166 579 4219; x_wconf 68' lang='grc' dir='ltr'><strong>καὶ</strong></span> <span class='ocrx_word' id='word_1_496' title='bbox 642 4161 864 4233; x_wconf 79' lang='grc' dir='ltr'>Μιχαὴλ</span> <span class='ocrx_word' id='word_1_497' title='bbox 927 4161 1275 4232; x_wconf 82' lang='grc' dir='ltr'>κουράτωρος</span> <span class='ocrx_word' id='word_1_498' title='bbox 1328 4157 1439 4211; x_wconf 77' lang='grc' dir='ltr'><strong>τῶν</strong></span> <span class='ocrx_word' id='word_1_499' title='bbox 1492 4154 1787 4224; x_wconf 81' lang='grc' dir='ltr'>μαγγάνων</span> <span class='ocrx_word' id='word_1_500' title='bbox 1812 4168 1828 4185; x_wconf 78' lang='grc' dir='ltr'><strong>ο</strong></span> 
     </span>
    </p>
   </div>
   <div class='ocr_carea' id='block_1_75' title="bbox 224 4246 1831 4326">
    <p class='ocr_par' dir='ltr' id='par_1_75' title="bbox 224 4246 1831 4326">
     <span class='ocr_line' id='line_1_75' title="bbox 224 4246 1831 4326; baseline -0.009 -12"><span class='ocrx_word' id='word_1_501' title='bbox 224 4262 333 4314; x_wconf 66' lang='grc' dir='ltr'><strong>καὶ</strong></span> <span class='ocrx_word' id='word_1_502' title='bbox 364 4256 743 4326; x_wconf 67' lang='grc' dir='ltr'>ωφλωθέντες</span> <span class='ocrx_word' id='word_1_503' title='bbox 789 4246 934 4314; x_wconf 71' lang='grc' dir='ltr'>οὗτοι</span> <span class='ocrx_word' id='word_1_504' title='bbox 987 4254 1073 4306; x_wconf 72' lang='grc' dir='ltr'>διὰ</span> <span class='ocrx_word' id='word_1_505' title='bbox 1114 4255 1285 4323; x_wconf 80' lang='grc' dir='ltr'>μέσης</span> <span class='ocrx_word' id='word_1_506' title='bbox 1352 4249 1569 4319; x_wconf 75' lang='grc' dir='ltr'>διῆλθον</span> <span class='ocrx_word' id='word_1_507' title='bbox 1605 4247 1705 4317; x_wconf 80' lang='grc' dir='ltr'>τῆς</span> <span class='ocrx_word' id='word_1_508' title='bbox 1737 4246 1831 4299; x_wconf 83' lang='grc' dir='ltr'>πό-</span> 
     </span>
    </p>
   </div>
   <div class='ocr_carea' id='block_1_76' title="bbox 223 4341 1832 4423">
    <p class='ocr_par' dir='ltr' id='par_1_76' title="bbox 223 4341 1832 4423">
     <span class='ocr_line' id='line_1_76' title="bbox 223 4341 1832 4423; baseline -0.011 -13"><span class='ocrx_word' id='word_1_509' title='bbox 223 4358 378 4421; x_wconf 72' lang='grc' dir='ltr'>λεως</span> <span class='ocrx_word' id='word_1_510' title='bbox 416 4354 513 4408; x_wconf 81' lang='grc' dir='ltr'><strong>καὶ</strong></span> <span class='ocrx_word' id='word_1_511' title='bbox 546 4353 731 4423; x_wconf 78' lang='grc' dir='ltr'>ὲξορίᾳ</span> <span class='ocrx_word' id='word_1_512' title='bbox 786 4349 1261 4420; x_wconf 62' lang='grc' dir='ltr'>παρεπέμφθησαν</span> <span class='ocrx_word' id='word_1_513' title='bbox 1295 4364 1311 4379; x_wconf 88' lang='grc'><strong>·</strong></span> <span class='ocrx_word' id='word_1_514' title='bbox 1344 4347 1553 4418; x_wconf 72' lang='grc' dir='ltr'>ἤγαγον</span> <span class='ocrx_word' id='word_1_515' title='bbox 1606 4342 1665 4396; x_wconf 79' lang='grc' dir='ltr'>δὲ</span> <span class='ocrx_word' id='word_1_516' title='bbox 1735 4341 1832 4395; x_wconf 74' lang='grc' dir='ltr'><strong>καὶ</strong></span> 
     </span>
    </p>
   </div>
   <div class='ocr_carea' id='block_1_77' title="bbox 226 4434 1828 4514">
    <p class='ocr_par' dir='ltr' id='par_1_77' title="bbox 226 4434 1828 4514">
     <span class='ocr_line' id='line_1_77' title="bbox 226 4434 1828 4514; baseline -0.011 -14"><span class='ocrx_word' id='word_1_517' title='bbox 226 4448 459 4502; x_wconf 78' lang='grc' dir='ltr'>Λέοντα</span> <span class='ocrx_word' id='word_1_518' title='bbox 496 4445 797 4514; x_wconf 82' lang='grc' dir='ltr'>μάγιστρον</span> <span class='ocrx_word' id='word_1_519' title='bbox 844 4441 942 4492; x_wconf 72' lang='grc' dir='ltr'><strong>καὶ</strong></span> <span class='ocrx_word' id='word_1_520' title='bbox 1004 4439 1324 4508; x_wconf 82' lang='grc' dir='ltr'>δομὲστικον</span> <span class='ocrx_word' id='word_1_521' title='bbox 1360 4436 1469 4488; x_wconf 78' lang='grc' dir='ltr'>τῶν</span> <span class='ocrx_word' id='word_1_522' title='bbox 1506 4434 1714 4504; x_wconf 81' lang='grc' dir='ltr'>σχολῶν</span> <span class='ocrx_word' id='word_1_523' title='bbox 1770 4436 1828 4485; x_wconf 84' lang='grc' dir='ltr'>ὲν</span> 
     </span>
    </p>
   </div>
   <div class='ocr_carea' id='block_1_78' title="bbox 1914 3248 3501 3330">
    <p class='ocr_par' dir='ltr' id='par_1_78' title="bbox 1914 3248 3501 3330">
     <span class='ocr_line' id='line_1_78' title="bbox 1914 3248 3501 3330; baseline -0.012 -11"><span class='ocrx_word' id='word_1_524' title='bbox 1914 3264 2249 3319; x_wconf 89' lang='lat' dir='ltr'><strong>constitutus</strong></span> <span class='ocrx_word' id='word_1_525' title='bbox 2280 3260 2515 3330; x_wconf 83' lang='lat' dir='ltr'><strong>capitur.</strong></span> <span class='ocrx_word' id='word_1_526' title='bbox 2568 3257 2720 3313; x_wconf 74' lang='lat' dir='ltr'><strong>Missi</strong></span> <span class='ocrx_word' id='word_1_527' title='bbox 2753 3256 2949 3311; x_wconf 89' lang='lat' dir='ltr'><strong>deinde</strong></span> <span class='ocrx_word' id='word_1_528' title='bbox 2985 3269 3016 3307; x_wconf 68' lang='grc' dir='ltr'><strong>ιι</strong></span> <span class='ocrx_word' id='word_1_529' title='bbox 3048 3253 3300 3306; x_wconf 80' lang='lat' dir='ltr'><strong>Romano</strong></span> <span class='ocrx_word' id='word_1_530' title='bbox 3326 3248 3501 3302; x_wconf 80' lang='lat' dir='ltr'><strong>Joan-</strong></span> 
     </span>
    </p>
   </div>
   <div class='ocr_carea' id='block_1_79' title="bbox 1915 3337 3490 3416">
    <p class='ocr_par' dir='ltr' id='par_1_79' title="bbox 1915 3337 3490 3416">
     <span class='ocr_line' id='line_1_79' title="bbox 1915 3337 3490 3416; baseline -0.013 -5"><span class='ocrx_word' id='word_1_531' title='bbox 1915 3371 2012 3411; x_wconf 90' lang='lat' dir='ltr'><strong>nes</strong></span> <span class='ocrx_word' id='word_1_532' title='bbox 2061 3352 2311 3407; x_wconf 81' lang='lat' dir='ltr'><strong>Tubaces</strong></span> <span class='ocrx_word' id='word_1_533' title='bbox 2362 3359 2415 3406; x_wconf 92' lang='lat' dir='ltr'><strong>et</strong></span> <span class='ocrx_word' id='word_1_534' title='bbox 2458 3349 2570 3403; x_wconf 86' lang='lat' dir='ltr'><strong>Leo</strong></span> <span class='ocrx_word' id='word_1_535' title='bbox 2613 3347 2733 3416; x_wconf 86' lang='lat' dir='ltr'><strong>ejus</strong></span> <span class='ocrx_word' id='word_1_536' title='bbox 2776 3353 3064 3416; x_wconf 72' lang='lat' dir='ltr'><strong>cognatus,</strong></span> <span class='ocrx_word' id='word_1_537' title='bbox 3122 3342 3217 3410; x_wconf 86' lang='lat' dir='ltr'><strong>qui</strong></span> <span class='ocrx_word' id='word_1_538' title='bbox 3262 3354 3386 3393; x_wconf 86' lang='lat' dir='ltr'><strong>eum</strong></span> <span class='ocrx_word' id='word_1_539' title='bbox 3438 3337 3490 3391; x_wconf 88' lang='lat' dir='ltr'><strong>in</strong></span> 
     </span>
    </p>
   </div>
   <div class='ocr_carea' id='block_1_80' title="bbox 1917 3430 3498 3515">
    <p class='ocr_par' dir='ltr' id='par_1_80' title="bbox 1917 3430 3498 3515">
     <span class='ocr_line' id='line_1_80' title="bbox 1917 3430 3498 3515; baseline -0.013 -13"><span class='ocrx_word' id='word_1_540' title='bbox 1917 3448 2104 3502; x_wconf 85' lang='lat' dir='ltr'><strong>urbem</strong></span> <span class='ocrx_word' id='word_1_541' title='bbox 2137 3444 2298 3515; x_wconf 82' lang='lat'><strong>397</strong></span> <span class='ocrx_word' id='word_1_542' title='bbox 2338 3444 2677 3497; x_wconf 88' lang='lat' dir='ltr'><strong>inducerent.</strong></span> <span class='ocrx_word' id='word_1_543' title='bbox 2733 3438 2810 3491; x_wconf 82' lang='lat' dir='ltr'><strong>illi</strong></span> <span class='ocrx_word' id='word_1_544' title='bbox 2854 3450 2986 3490; x_wconf 92' lang='lat' dir='ltr'><strong>vero</strong></span> <span class='ocrx_word' id='word_1_545' title='bbox 3042 3447 3167 3488; x_wconf 91' lang='lat' dir='ltr'><strong>eum</strong></span> <span class='ocrx_word' id='word_1_546' title='bbox 3204 3430 3498 3500; x_wconf 71' lang='lat' dir='ltr'><strong>cepissent,</strong></span> 
     </span>
    </p>
   </div>
   <div class='ocr_carea' id='block_1_81' title="bbox 1918 3522 3501 3606">
    <p class='ocr_par' dir='ltr' id='par_1_81' title="bbox 1918 3522 3501 3606">
     <span class='ocr_line' id='line_1_81' title="bbox 1918 3522 3501 3606; baseline -0.016 -8"><span class='ocrx_word' id='word_1_547' title='bbox 1918 3541 2093 3598; x_wconf 84' lang='lat' dir='ltr'><strong>oculis</strong></span> <span class='ocrx_word' id='word_1_548' title='bbox 2118 3540 2410 3601; x_wconf 65' lang='lat' dir='ltr'><strong>orbat-unt,</strong></span> <span class='ocrx_word' id='word_1_549' title='bbox 2443 3547 2757 3606; x_wconf 86' lang='lat' dir='ltr'><strong>quanquam</strong></span> <span class='ocrx_word' id='word_1_550' title='bbox 2789 3530 2940 3585; x_wconf 92' lang='lat' dir='ltr'><strong>nullo</strong></span> <span class='ocrx_word' id='word_1_551' title='bbox 2980 3526 3099 3598; x_wconf 84' lang='lat' dir='ltr'><strong>ejus</strong></span> <span class='ocrx_word' id='word_1_552' title='bbox 3136 3524 3213 3579; x_wconf 90' lang='lat' dir='ltr'><strong>rei</strong></span> <span class='ocrx_word' id='word_1_553' title='bbox 3241 3522 3501 3578; x_wconf 85' lang='lat' dir='ltr'><strong>mandato</strong></span> 
     </span>
    </p>
   </div>
   <div class='ocr_carea' id='block_1_82' title="bbox 1920 3619 3503 3701">
    <p class='ocr_par' dir='ltr' id='par_1_82' title="bbox 1920 3619 3503 3701">
     <span class='ocr_line' id='line_1_82' title="bbox 1920 3619 3503 3701; baseline -0.015 -12"><span class='ocrx_word' id='word_1_554' title='bbox 1920 3642 2167 3701; x_wconf 88' lang='lat' dir='ltr'><strong>accepto,</strong></span> <span class='ocrx_word' id='word_1_555' title='bbox 2230 3630 2323 3684; x_wconf 90' lang='lat' dir='ltr'><strong>sed</strong></span> <span class='ocrx_word' id='word_1_556' title='bbox 2378 3643 2477 3683; x_wconf 91' lang='lat' dir='ltr'><strong>sua</strong></span> <span class='ocrx_word' id='word_1_557' title='bbox 2533 3624 2635 3696; x_wconf 87' lang='lat' dir='ltr'><strong>ipsi</strong></span> <span class='ocrx_word' id='word_1_558' title='bbox 2691 3622 2936 3678; x_wconf 86' lang='lat' dir='ltr'><strong>instincti</strong></span> <span class='ocrx_word' id='word_1_559' title='bbox 2988 3620 3288 3680; x_wconf 86' lang='lat' dir='ltr'><strong>voluntate,</strong></span> <span class='ocrx_word' id='word_1_560' title='bbox 3336 3622 3397 3667; x_wconf 92' lang='lat' dir='ltr'><strong>ut</strong></span> <span class='ocrx_word' id='word_1_561' title='bbox 3448 3619 3503 3665; x_wconf 86' lang='lat' dir='ltr'><strong>et</strong></span> 
     </span>
    </p>
   </div>
   <div class='ocr_carea' id='block_1_83' title="bbox 1922 3708 3283 3798">
    <p class='ocr_par' dir='ltr' id='par_1_83' title="bbox 1922 3708 3283 3798">
     <span class='ocr_line' id='line_1_83' title="bbox 1922 3708 3283 3798; baseline -0.015 -16"><span class='ocrx_word' id='word_1_562' title='bbox 1922 3724 2273 3798; x_wconf 83' lang='lat' dir='ltr'><strong>imperatoris</strong></span> <span class='ocrx_word' id='word_1_563' title='bbox 2308 3729 2462 3791; x_wconf 87' lang='lat' dir='ltr'><strong>pater</strong></span> <span class='ocrx_word' id='word_1_564' title='bbox 2490 3734 2555 3774; x_wconf 86' lang='lat' dir='ltr'><strong>eo</strong></span> <span class='ocrx_word' id='word_1_565' title='bbox 2585 3715 2804 3771; x_wconf 91' lang='lat' dir='ltr'><strong>nomine</strong></span> <span class='ocrx_word' id='word_1_566' title='bbox 2845 3711 3163 3782; x_wconf 72' lang='lat' dir='ltr'><strong>indignatus</strong></span> <span class='ocrx_word' id='word_1_567' title='bbox 3191 3708 3283 3763; x_wconf 88' lang='lat' dir='ltr'><strong>sit.</strong></span> 
     </span>
    </p>
   </div>
   <div class='ocr_carea' id='block_1_84' title="bbox 2000 3962 3507 4046">
    <p class='ocr_par' dir='ltr' id='par_1_84' title="bbox 2000 3962 3507 4046">
     <span class='ocr_line' id='line_1_84' title="bbox 2000 3962 3507 4046; baseline -0.017 -6"><span class='ocrx_word' id='word_1_568' title='bbox 2000 3984 2190 4039; x_wconf 65' lang='lat'><strong>15-15.</strong></span> <span class='ocrx_word' id='word_1_569' title='bbox 2235 3980 2420 4034; x_wconf 75' lang='lat' dir='ltr'><strong>Mense</strong></span> <span class='ocrx_word' id='word_1_570' title='bbox 2454 3977 2700 4046; x_wconf 74' lang='lat' dir='ltr'><strong>Augusto</strong></span> <span class='ocrx_word' id='word_1_571' title='bbox 2733 3974 2960 4028; x_wconf 70' lang='lat' dir='ltr'><strong>detectae</strong></span> <span class='ocrx_word' id='word_1_572' title='bbox 3000 3963 3349 4025; x_wconf 86' lang='lat' dir='ltr'><strong>Constantini</strong></span> <span class='ocrx_word' id='word_1_573' title='bbox 3381 3962 3507 4017; x_wconf 84' lang='lat' dir='ltr'><strong>Cte-</strong></span> 
     </span>
    </p>
   </div>
   <div class='ocr_carea' id='block_1_85' title="bbox 1929 4060 3508 4135">
    <p class='ocr_par' dir='ltr' id='par_1_85' title="bbox 1929 4060 3508 4135">
     <span class='ocr_line' id='line_1_85' title="bbox 1929 4060 3508 4135; baseline -0.016 -6"><span class='ocrx_word' id='word_1_574' title='bbox 1929 4074 2141 4135; x_wconf 88' lang='lat' dir='ltr'><strong>matini,</strong></span> <span class='ocrx_word' id='word_1_575' title='bbox 2175 4070 2396 4125; x_wconf 85' lang='lat' dir='ltr'><strong>Davidis</strong></span> <span class='ocrx_word' id='word_1_576' title='bbox 2438 4065 2744 4122; x_wconf 85' lang='lat' dir='ltr'><strong>Camuliani</strong></span> <span class='ocrx_word' id='word_1_577' title='bbox 2796 4073 2849 4118; x_wconf 88' lang='lat' dir='ltr'><strong>et</strong></span> <span class='ocrx_word' id='word_1_578' title='bbox 2895 4060 3174 4116; x_wconf 78' lang='lat' dir='ltr'><strong>Michaelis</strong></span> <span class='ocrx_word' id='word_1_579' title='bbox 3204 4067 3508 4122; x_wconf 75' lang='lat' dir='ltr'><strong>mangano—</strong></span> 
     </span>
    </p>
   </div>
   <div class='ocr_carea' id='block_1_86' title="bbox 1930 4151 3510 4224">
    <p class='ocr_par' dir='ltr' id='par_1_86' title="bbox 1930 4151 3510 4224">
     <span class='ocr_line' id='line_1_86' title="bbox 1930 4151 3510 4224; baseline -0.018 0"><span class='ocrx_word' id='word_1_580' title='bbox 1930 4184 2052 4223; x_wconf 87' lang='lat' dir='ltr'><strong>rum</strong></span> <span class='ocrx_word' id='word_1_581' title='bbox 2082 4163 2355 4221; x_wconf 86' lang='lat' dir='ltr'><strong>curatoris</strong></span> <span class='ocrx_word' id='word_1_582' title='bbox 2390 4160 2624 4215; x_wconf 64' lang='lat' dir='ltr'><strong>insidiae.</strong></span> <span class='ocrx_word' id='word_1_583' title='bbox 2675 4156 3021 4224; x_wconf 87' lang='lat' dir='ltr'><strong>Quapropter</strong></span> <span class='ocrx_word' id='word_1_584' title='bbox 3057 4151 3109 4205; x_wconf 90' lang='lat' dir='ltr'><strong>hi</strong></span> <span class='ocrx_word' id='word_1_585' title='bbox 3141 4161 3360 4218; x_wconf 86' lang='lat' dir='ltr'><strong>quoque</strong></span> <span class='ocrx_word' id='word_1_586' title='bbox 3400 4158 3510 4199; x_wconf 66' lang='lat' dir='ltr'><strong>cte-</strong></span> 
     </span>
    </p>
   </div>
   <div class='ocr_carea' id='block_1_87' title="bbox 1934 4236 3507 4322">
    <p class='ocr_par' dir='ltr' id='par_1_87' title="bbox 1934 4236 3507 4322">
     <span class='ocr_line' id='line_1_87' title="bbox 1934 4236 3507 4322; baseline -0.019 -4"><span class='ocrx_word' id='word_1_587' title='bbox 1934 4262 2072 4318; x_wconf 86' lang='lat' dir='ltr'><strong>catis</strong></span> <span class='ocrx_word' id='word_1_588' title='bbox 2112 4257 2432 4320; x_wconf 86' lang='lat' dir='ltr'><strong>luminibus,</strong></span> <span class='ocrx_word' id='word_1_589' title='bbox 2489 4267 2587 4322; x_wconf 90' lang='lat' dir='ltr'><strong>per</strong></span> <span class='ocrx_word' id='word_1_590' title='bbox 2633 4249 2866 4304; x_wconf 84' lang='lat' dir='ltr'><strong>mediam</strong></span> <span class='ocrx_word' id='word_1_591' title='bbox 2917 4245 3104 4301; x_wconf 88' lang='lat' dir='ltr'><strong>urbem</strong></span> <span class='ocrx_word' id='word_1_592' title='bbox 3144 4238 3405 4303; x_wconf 88' lang='lat' dir='ltr'><strong>traducti,</strong></span> <span class='ocrx_word' id='word_1_593' title='bbox 3453 4236 3507 4289; x_wconf 88' lang='lat' dir='ltr'><strong>in</strong></span> 
     </span>
    </p>
   </div>
   <div class='ocr_carea' id='block_1_88' title="bbox 1933 4330 3512 4409">
    <p class='ocr_par' dir='ltr' id='par_1_88' title="bbox 1933 4330 3512 4409">
     <span class='ocr_line' id='line_1_88' title="bbox 1933 4330 3512 4409; baseline -0.017 -2"><span class='ocrx_word' id='word_1_594' title='bbox 1933 4352 2186 4409; x_wconf 82' lang='lat' dir='ltr'><strong>exsilium</strong></span> <span class='ocrx_word' id='word_1_595' title='bbox 2216 4347 2371 4403; x_wconf 90' lang='lat' dir='ltr'><strong>missi</strong></span> <span class='ocrx_word' id='word_1_596' title='bbox 2405 4352 2554 4400; x_wconf 89' lang='lat' dir='ltr'><strong>sunt.</strong></span> <span class='ocrx_word' id='word_1_597' title='bbox 2605 4342 2890 4397; x_wconf 77' lang='lat' dir='ltr'><strong>Adductus</strong></span> <span class='ocrx_word' id='word_1_598' title='bbox 2929 4344 2984 4390; x_wconf 88' lang='lat' dir='ltr'><strong>et</strong></span> <span class='ocrx_word' id='word_1_599' title='bbox 3026 4334 3134 4389; x_wconf 89' lang='lat' dir='ltr'><strong>Leo</strong></span> <span class='ocrx_word' id='word_1_600' title='bbox 3169 4330 3428 4399; x_wconf 78' lang='lat' dir='ltr'><strong>magister</strong></span> <span class='ocrx_word' id='word_1_601' title='bbox 3456 4334 3512 4381; x_wconf 80' lang='lat' dir='ltr'><strong>et</strong></span> 
     </span>
    </p>
   </div>
   <div class='ocr_carea' id='block_1_89' title="bbox 1936 4416 3512 4500">
    <p class='ocr_par' dir='ltr' id='par_1_89' title="bbox 1936 4416 3512 4500">
     <span class='ocr_line' id='line_1_89' title="bbox 1936 4416 3512 4500; baseline -0.02 1"><span class='ocrx_word' id='word_1_602' title='bbox 1936 4446 2249 4500; x_wconf 85' lang='lat' dir='ltr'><strong>scholarum</strong></span> <span class='ocrx_word' id='word_1_603' title='bbox 2296 4436 2650 4499; x_wconf 88' lang='lat' dir='ltr'><strong>domesticus,</strong></span> <span class='ocrx_word' id='word_1_604' title='bbox 2702 4432 2960 4500; x_wconf 87' lang='lat' dir='ltr'><strong>muloque</strong></span> <span class='ocrx_word' id='word_1_605' title='bbox 3002 4425 3248 4480; x_wconf 82' lang='lat' dir='ltr'><strong>insidens</strong></span> <span class='ocrx_word' id='word_1_606' title='bbox 3278 4416 3512 4491; x_wconf 77' lang='lat' dir='ltr'><strong>ignomi-</strong></span> 
     </span>
    </p>
   </div>
   <div class='ocr_carea' id='block_1_90' title="bbox 228 4520 1824 4608">
    <p class='ocr_par' dir='ltr' id='par_1_90' title="bbox 228 4525 1824 4608">
     <span class='ocr_line' id='line_1_90' title="bbox 228 4525 1824 4608; baseline -0.009 -17"><span class='ocrx_word' id='word_1_607' title='bbox 228 4542 307 4608; x_wconf 78' lang='grc' dir='ltr'><strong>τῇ</strong></span> <span class='ocrx_word' id='word_1_608' title='bbox 344 4538 529 4600; x_wconf 77' lang='grc' dir='ltr'>πόλει,</span> <span class='ocrx_word' id='word_1_609' title='bbox 591 4535 687 4589; x_wconf 71' lang='grc' dir='ltr'><strong>καὶ</strong></span> <span class='ocrx_word' id='word_1_610' title='bbox 732 4534 945 4604; x_wconf 84' lang='grc' dir='ltr'>διῆλθεν</span> <span class='ocrx_word' id='word_1_611' title='bbox 983 4532 1042 4583; x_wconf 72' lang='grc' dir='ltr'>ιν</span> <span class='ocrx_word' id='word_1_612' title='bbox 1092 4530 1233 4599; x_wconf 77' lang='grc' dir='ltr'>μέσῃ</span> <span class='ocrx_word' id='word_1_613' title='bbox 1277 4530 1342 4598; x_wconf 80' lang='grc' dir='ltr'>τῇ</span> <span class='ocrx_word' id='word_1_614' title='bbox 1393 4529 1571 4598; x_wconf 82' lang='grc' dir='ltr'>ἀγορᾷ</span> <span class='ocrx_word' id='word_1_615' title='bbox 1624 4525 1824 4596; x_wconf 72' lang='grc' dir='ltr'>ἡμιόνῳ</span> 
     </span>
    </p>
   </div>
   <div class='ocr_carea' id='block_1_91' title="bbox 1928 4520 3194 4608">
    <p class='ocr_par' dir='ltr' id='par_1_91' title="bbox 1941 4520 3194 4605">
     <span class='ocr_line' id='line_1_91' title="bbox 1941 4520 3194 4605; baseline -0.02 -11"><span class='ocrx_word' id='word_1_616' title='bbox 1941 4540 2044 4593; x_wconf 70' lang='lat' dir='ltr'><strong>nite</strong></span> <span class='ocrx_word' id='word_1_617' title='bbox 2068 4552 2230 4593; x_wconf 84' lang='lat' dir='ltr'><strong>causa</strong></span> <span class='ocrx_word' id='word_1_618' title='bbox 2266 4550 2362 4605; x_wconf 92' lang='lat' dir='ltr'><strong>per</strong></span> <span class='ocrx_word' id='word_1_619' title='bbox 2395 4530 2633 4585; x_wconf 89' lang='lat' dir='ltr'><strong>medium</strong></span> <span class='ocrx_word' id='word_1_620' title='bbox 2670 4526 2846 4581; x_wconf 81' lang='lat' dir='ltr'><strong>forum</strong></span> <span class='ocrx_word' id='word_1_621' title='bbox 2887 4520 3194 4575; x_wconf 86' lang='lat' dir='ltr'><strong>traductus.</strong></span> 
     </span>
    </p>
   </div>
   <div class='ocr_carea' id='block_1_92' title="bbox 227 4626 641 4698">
    <p class='ocr_par' dir='ltr' id='par_1_92' title="bbox 227 4626 641 4698">
     <span class='ocr_line' id='line_1_92' title="bbox 227 4626 641 4698; baseline -0.007 -14"><span class='ocrx_word' id='word_1_622' title='bbox 227 4626 641 4698; x_wconf 75' lang='grc' dir='ltr'>καθεζόμενος.</span> 
     </span>
    </p>
   </div>
   <div class='ocr_carea' id='block_1_93' title="bbox 315 4706 1840 4790">
    <p class='ocr_par' dir='ltr' id='par_1_93' title="bbox 315 4706 1840 4790">
     <span class='ocr_line' id='line_1_93' title="bbox 315 4706 1840 4790; baseline -0.013 -14"><span class='ocrx_word' id='word_1_623' title='bbox 315 4729 419 4788; x_wconf 81' lang='grc' dir='ltr'>ις’.</span> <span class='ocrx_word' id='word_1_624' title='bbox 488 4718 782 4790; x_wconf 77' lang='grc' dir='ltr'>Ἐφωράοη</span> <span class='ocrx_word' id='word_1_625' title='bbox 829 4718 885 4770; x_wconf 81' lang='grc' dir='ltr'>δὲ</span> <span class='ocrx_word' id='word_1_626' title='bbox 949 4716 1043 4769; x_wconf 77' lang='lat' dir='ltr'><strong>xa&#39;t</strong></span> <span class='ocrx_word' id='word_1_627' title='bbox 1088 4714 1210 4785; x_wconf 82' lang='grc' dir='ltr'><strong>Ζωὴ</strong></span> <span class='ocrx_word' id='word_1_628' title='bbox 1276 4709 1562 4781; x_wconf 78' lang='grc' dir='ltr'>Δύγούστα</span> <span class='ocrx_word' id='word_1_629' title='bbox 1623 4706 1840 4761; x_wconf 74' lang='grc' dir='ltr'>ἐπιδου-</span> 
     </span>
    </p>
   </div>
   <div class='ocr_carea' id='block_1_94' title="bbox 225 4803 1839 4882">
    <p class='ocr_par' dir='ltr' id='par_1_94' title="bbox 225 4803 1839 4882">
     <span class='ocr_line' id='line_1_94' title="bbox 225 4803 1839 4882; baseline -0.013 -10"><span class='ocrx_word' id='word_1_630' title='bbox 225 4817 485 4872; x_wconf 73' lang='grc' dir='ltr'>λεύουσα</span> <span class='ocrx_word' id='word_1_631' title='bbox 553 4810 819 4882; x_wconf 81' lang='grc' dir='ltr'>Ῥωμανῷ</span> <span class='ocrx_word' id='word_1_632' title='bbox 864 4811 948 4865; x_wconf 70' lang='grc' dir='ltr'><strong>διὰ</strong></span> <span class='ocrx_word' id='word_1_633' title='bbox 992 4806 1477 4879; x_wconf 80' lang='grc' dir='ltr'>πεφαρμαγμένων</span> <span class='ocrx_word' id='word_1_634' title='bbox 1514 4803 1839 4875; x_wconf 79' lang='grc' dir='ltr'>βρωμάτων,</span> 
     </span>
    </p>
   </div>
   <div class='ocr_carea' id='block_1_95' title="bbox 229 4898 1842 4976">
    <p class='ocr_par' dir='ltr' id='par_1_95' title="bbox 229 4898 1842 4976">
     <span class='ocr_line' id='line_1_95' title="bbox 229 4898 1842 4976; baseline -0.011 -12"><span class='ocrx_word' id='word_1_635' title='bbox 229 4911 348 4964; x_wconf 72' lang='grc' dir='ltr'><strong>ὑπὸ</strong></span> <span class='ocrx_word' id='word_1_636' title='bbox 406 4906 717 4976; x_wconf 81' lang='grc' dir='ltr'>Θεοκλήτου</span> <span class='ocrx_word' id='word_1_637' title='bbox 796 4902 1038 4973; x_wconf 86' lang='grc' dir='ltr'>νοταρίου</span> <span class='ocrx_word' id='word_1_638' title='bbox 1100 4901 1201 4970; x_wconf 79' lang='grc' dir='ltr'>τῆς</span> <span class='ocrx_word' id='word_1_639' title='bbox 1264 4898 1566 4968; x_wconf 82' lang='grc' dir='ltr'>ὑπουργίας</span> <span class='ocrx_word' id='word_1_640' title='bbox 1644 4911 1842 4948; x_wconf 85' lang='grc' dir='ltr'>σκευα-</span> 
     </span>
    </p>
   </div>
   <div class='ocr_carea' id='block_1_96' title="bbox 233 4988 1845 5067">
    <p class='ocr_par' dir='ltr' id='par_1_96' title="bbox 233 4988 1845 5067">
     <span class='ocr_line' id='line_1_96' title="bbox 233 4988 1845 5067; baseline -0.01 -11"><span class='ocrx_word' id='word_1_641' title='bbox 233 5002 496 5057; x_wconf 80' lang='grc' dir='ltr'>σθέντων</span> <span class='ocrx_word' id='word_1_642' title='bbox 522 5015 535 5030; x_wconf 82' lang='grc'><em>’</em></span> <span class='ocrx_word' id='word_1_643' title='bbox 563 4998 657 5051; x_wconf 71' lang='grc' dir='ltr'><strong>καὶ</strong></span> <span class='ocrx_word' id='word_1_644' title='bbox 675 4997 878 5067; x_wconf 83' lang='grc' dir='ltr'>ταύτην</span> <span class='ocrx_word' id='word_1_645' title='bbox 907 4994 999 5048; x_wconf 77' lang='grc' dir='ltr'>τοῦ</span> <span class='ocrx_word' id='word_1_646' title='bbox 1028 4992 1285 5047; x_wconf 78' lang='grc' dir='ltr'>παλατίου</span> <span class='ocrx_word' id='word_1_647' title='bbox 1302 4989 1726 5053; x_wconf 74' lang='grc' dir='ltr'>καταὸιόἀζουσι</span> <span class='ocrx_word' id='word_1_648' title='bbox 1750 4988 1845 5042; x_wconf 75' lang='grc' dir='ltr'><strong>καὶ</strong></span> 
     </span>
    </p>
   </div>
   <div class='ocr_carea' id='block_1_97' title="bbox 234 5081 1843 5160">
    <p class='ocr_par' dir='ltr' id='par_1_97' title="bbox 234 5081 1843 5160">
     <span class='ocr_line' id='line_1_97' title="bbox 234 5081 1843 5160; baseline -0.01 -13"><span class='ocrx_word' id='word_1_649' title='bbox 234 5097 324 5157; x_wconf 67' lang='grc' dir='ltr'>εἰς</span> <span class='ocrx_word' id='word_1_650' title='bbox 368 5094 437 5146; x_wconf 76' lang='grc' dir='ltr'>τὸ</span> <span class='ocrx_word' id='word_1_651' title='bbox 462 5089 695 5160; x_wconf 77' lang='grc' dir='ltr'>Πετρὶον</span> <span class='ocrx_word' id='word_1_652' title='bbox 722 5088 1022 5155; x_wconf 73' lang='grc' dir='ltr'>ἀπάγουσιν</span> <span class='ocrx_word' id='word_1_653' title='bbox 1052 5088 1109 5139; x_wconf 79' lang='grc' dir='ltr'>ὲν</span> <span class='ocrx_word' id='word_1_654' title='bbox 1138 5087 1204 5155; x_wconf 82' lang='grc' dir='ltr'>τῇ</span> <span class='ocrx_word' id='word_1_655' title='bbox 1226 5084 1323 5154; x_wconf 76' lang='grc' dir='ltr'>τῆς</span> <span class='ocrx_word' id='word_1_656' title='bbox 1365 5082 1524 5151; x_wconf 83' lang='grc' dir='ltr'>ἁγίας</span> <span class='ocrx_word' id='word_1_657' title='bbox 1556 5081 1843 5151; x_wconf 62' lang='grc' dir='ltr'>Εὑφημίας</span> 
     </span>
    </p>
   </div>
   <div class='ocr_carea' id='block_1_98' title="bbox 237 5171 1842 5256">
    <p class='ocr_par' dir='ltr' id='par_1_98' title="bbox 237 5171 1842 5256">
     <span class='ocr_line' id='line_1_98' title="bbox 237 5171 1842 5256; baseline -0.008 -19"><span class='ocrx_word' id='word_1_658' title='bbox 237 5187 388 5256; x_wconf 70' lang='grc' dir='ltr'>μονῇ</span> <span class='ocrx_word' id='word_1_659' title='bbox 433 5182 851 5251; x_wconf 70' lang='grc' dir='ltr'>ἀποκείραντες.</span> <span class='ocrx_word' id='word_1_660' title='bbox 878 5176 1232 5249; x_wconf 54' lang='lat' dir='ltr'><strong>&quot;pose-Anon</strong></span> <span class='ocrx_word' id='word_1_661' title='bbox 1268 5175 1326 5228; x_wconf 77' lang='grc' dir='ltr'>δὲ</span> <span class='ocrx_word' id='word_1_662' title='bbox 1361 5172 1512 5242; x_wconf 75' lang='grc' dir='ltr'>παρὰ</span> <span class='ocrx_word' id='word_1_663' title='bbox 1569 5171 1842 5241; x_wconf 80' lang='grc' dir='ltr'>Θεοφυλά-</span> 
     </span>
    </p>
   </div>
   <div class='ocr_carea' id='block_1_99' title="bbox 235 5264 1842 5344">
    <p class='ocr_par' dir='ltr' id='par_1_99' title="bbox 235 5264 1842 5344">
     <span class='ocr_line' id='line_1_99' title="bbox 235 5264 1842 5344; baseline -0.009 -15"><span class='ocrx_word' id='word_1_664' title='bbox 235 5293 384 5329; x_wconf 74' lang='grc' dir='ltr'>κτον</span> <span class='ocrx_word' id='word_1_665' title='bbox 433 5271 729 5344; x_wconf 81' lang='grc' dir='ltr'>πατρικίου</span> <span class='ocrx_word' id='word_1_666' title='bbox 756 5271 850 5324; x_wconf 65' lang='grc' dir='ltr'><strong>κο)⁹</strong></span> <span class='ocrx_word' id='word_1_667' title='bbox 877 5271 1112 5341; x_wconf 84' lang='grc' dir='ltr'>κόμητος</span> <span class='ocrx_word' id='word_1_668' title='bbox 1157 5267 1252 5322; x_wconf 81' lang='grc' dir='ltr'>τοῦ</span> <span class='ocrx_word' id='word_1_669' title='bbox 1307 5265 1538 5319; x_wconf 79' lang='grc' dir='ltr'>στὰὁλου</span> <span class='ocrx_word' id='word_1_670' title='bbox 1591 5264 1673 5326; x_wconf 85' lang='grc' dir='ltr'><strong>είς</strong></span> <span class='ocrx_word' id='word_1_671' title='bbox 1719 5264 1842 5332; x_wconf 77' lang='grc' dir='ltr'>ἄρι-</span> 
     </span>
    </p>
   </div>
   <div class='ocr_carea' id='block_1_100' title="bbox 235 5354 1845 5431">
    <p class='ocr_par' dir='ltr' id='par_1_100' title="bbox 235 5354 1845 5431">
     <span class='ocr_line' id='line_1_100' title="bbox 235 5354 1845 5431; baseline -0.011 -7"><span class='ocrx_word' id='word_1_672' title='bbox 235 5385 383 5423; x_wconf 67' lang='grc' dir='ltr'>στον</span> <span class='ocrx_word' id='word_1_673' title='bbox 414 5368 448 5420; x_wconf 76' lang='grc'>6</span> <span class='ocrx_word' id='word_1_674' title='bbox 487 5362 843 5431; x_wconf 73' lang='grc' dir='ltr'>παιδαγωγὸς</span> <span class='ocrx_word' id='word_1_675' title='bbox 885 5361 1297 5415; x_wconf 83' lang='grc' dir='ltr'>Κωνσταντίνου</span> <span class='ocrx_word' id='word_1_676' title='bbox 1330 5356 1595 5430; x_wconf 74' lang='grc' dir='ltr'>βασιλέως</span> <span class='ocrx_word' id='word_1_677' title='bbox 1638 5354 1845 5408; x_wconf 63' lang='lat'><strong>8566(0-</strong></span> 
     </span>
    </p>
   </div>
   <div class='ocr_carea' id='block_1_101' title="bbox 2013 4695 3513 4784">
    <p class='ocr_par' dir='ltr' id='par_1_101' title="bbox 2013 4695 3513 4784">
     <span class='ocr_line' id='line_1_101' title="bbox 2013 4695 3513 4784; baseline -0.017 -13"><span class='ocrx_word' id='word_1_678' title='bbox 2013 4719 2098 4771; x_wconf 79' lang='lat' dir='ltr'><strong>lti.</strong></span> <span class='ocrx_word' id='word_1_679' title='bbox 2140 4716 2250 4769; x_wconf 84' lang='lat' dir='ltr'><strong>Zoe</strong></span> <span class='ocrx_word' id='word_1_680' title='bbox 2295 4728 2513 4784; x_wconf 86' lang='lat' dir='ltr'><strong>quoque</strong></span> <span class='ocrx_word' id='word_1_681' title='bbox 2542 4708 2876 4778; x_wconf 85' lang='lat' dir='ltr'><strong>deprehensa</strong></span> <span class='ocrx_word' id='word_1_682' title='bbox 2928 4695 3232 4756; x_wconf 81' lang='lat' dir='ltr'><strong>machinari</strong></span> <span class='ocrx_word' id='word_1_683' title='bbox 3283 4699 3513 4747; x_wconf 88' lang='lat' dir='ltr'><strong>mortem</strong></span> 
     </span>
    </p>
   </div>
   <div class='ocr_carea' id='block_1_102' title="bbox 1947 4784 3515 4877">
    <p class='ocr_par' dir='ltr' id='par_1_102' title="bbox 1947 4784 3515 4877">
     <span class='ocr_line' id='line_1_102' title="bbox 1947 4784 3515 4877; baseline -0.017 -12"><span class='ocrx_word' id='word_1_684' title='bbox 1947 4810 2193 4865; x_wconf 86' lang='lat' dir='ltr'><strong>Romano</strong></span> <span class='ocrx_word' id='word_1_685' title='bbox 2242 4823 2339 4877; x_wconf 90' lang='lat' dir='ltr'><strong>per</strong></span> <span class='ocrx_word' id='word_1_686' title='bbox 2392 4805 2544 4860; x_wconf 84' lang='lat' dir='ltr'><strong>cibos</strong></span> <span class='ocrx_word' id='word_1_687' title='bbox 2594 4800 2915 4860; x_wconf 85' lang='lat' dir='ltr'><strong>medicatos,</strong></span> <span class='ocrx_word' id='word_1_688' title='bbox 2977 4794 3283 4849; x_wconf 88' lang='lat' dir='ltr'><strong>instruente</strong></span> <span class='ocrx_word' id='word_1_689' title='bbox 3344 4784 3515 4853; x_wconf 83' lang='lat' dir='ltr'><strong>dapes</strong></span> 
     </span>
    </p>
   </div>
   <div class='ocr_carea' id='block_1_103' title="bbox 1944 4874 3514 4958">
    <p class='ocr_par' dir='ltr' id='par_1_103' title="bbox 1944 4874 3514 4958">
     <span class='ocr_line' id='line_1_103' title="bbox 1944 4874 3514 4958; baseline -0.018 0"><span class='ocrx_word' id='word_1_690' title='bbox 1944 4874 2432 4958; x_wconf 26' lang='lat' dir='ltr'><strong>Tlteocletoioliicii</strong></span> <span class='ocrx_word' id='word_1_691' title='bbox 2482 4896 2718 4949; x_wconf 86' lang='lat' dir='ltr'><strong>notario.</strong></span> <span class='ocrx_word' id='word_1_692' title='bbox 2769 4891 2951 4957; x_wconf 83' lang='lat' dir='ltr'><strong>Quare</strong></span> <span class='ocrx_word' id='word_1_693' title='bbox 2998 4887 3138 4940; x_wconf 89' lang='lat' dir='ltr'><strong>hanc</strong></span> <span class='ocrx_word' id='word_1_694' title='bbox 3184 4881 3348 4936; x_wconf 88' lang='lat' dir='ltr'><strong>etiam</strong></span> <span class='ocrx_word' id='word_1_695' title='bbox 3392 4874 3514 4932; x_wconf 82' lang='lat' dir='ltr'><strong>aula</strong></span> 
     </span>
    </p>
   </div>
   <div class='ocr_carea' id='block_1_104' title="bbox 1945 4964 3519 5065">
    <p class='ocr_par' dir='ltr' id='par_1_104' title="bbox 1945 4964 3519 5065">
     <span class='ocr_line' id='line_1_104' title="bbox 1945 4964 3519 5065; baseline -0.02 -16"><span class='ocrx_word' id='word_1_696' title='bbox 1945 4994 2175 5065; x_wconf 74' lang='lat' dir='ltr'><strong>eiectam</strong></span> <span class='ocrx_word' id='word_1_697' title='bbox 2209 4992 2375 5060; x_wconf 90' lang='lat' dir='ltr'><strong>inque</strong></span> <span class='ocrx_word' id='word_1_698' title='bbox 2402 4986 2643 5041; x_wconf 84' lang='lat' dir='ltr'><strong>Petrium</strong></span> <span class='ocrx_word' id='word_1_699' title='bbox 2680 4981 2972 5036; x_wconf 88' lang='lat' dir='ltr'><strong>abductam</strong></span> <span class='ocrx_word' id='word_1_700' title='bbox 3016 4976 3070 5029; x_wconf 92' lang='lat' dir='ltr'><strong>in</strong></span> <span class='ocrx_word' id='word_1_701' title='bbox 3104 4973 3161 5028; x_wconf 92' lang='lat' dir='ltr'><strong>S.</strong></span> <span class='ocrx_word' id='word_1_702' title='bbox 3202 4964 3519 5065; x_wconf 77' lang='lat' dir='ltr'><strong>Euphemiat</strong></span> 
     </span>
    </p>
   </div>
   <div class='ocr_carea' id='block_1_105' title="bbox 1946 5062 3518 5143">
    <p class='ocr_par' dir='ltr' id='par_1_105' title="bbox 1946 5062 3518 5143">
     <span class='ocr_line' id='line_1_105' title="bbox 1946 5062 3518 5143; baseline -0.021 0"><span class='ocrx_word' id='word_1_703' title='bbox 1946 5062 2281 5143; x_wconf 84' lang='lat' dir='ltr'><strong>monasterio</strong></span> <span class='ocrx_word' id='word_1_704' title='bbox 2332 5079 2710 5135; x_wconf 88' lang='lat' dir='ltr'><strong>totonderunt.</strong></span> <span class='ocrx_word' id='word_1_705' title='bbox 2761 5071 3010 5127; x_wconf 78' lang='lat' dir='ltr'><strong>Invitatis</strong></span> <span class='ocrx_word' id='word_1_706' title='bbox 3062 5082 3194 5123; x_wconf 84' lang='lat' dir='ltr'><strong>vero</strong></span> <span class='ocrx_word' id='word_1_707' title='bbox 3239 5062 3306 5116; x_wconf 86' lang='lat' dir='ltr'><strong>ad</strong></span> <span class='ocrx_word' id='word_1_708' title='bbox 3355 5072 3518 5129; x_wconf 75' lang='lat' dir='ltr'><strong>pran-</strong></span> 
     </span>
    </p>
   </div>
   <div class='ocr_carea' id='block_1_106' title="bbox 1945 5152 3519 5245">
    <p class='ocr_par' dir='ltr' id='par_1_106' title="bbox 1945 5152 3519 5245">
     <span class='ocr_line' id='line_1_106' title="bbox 1945 5152 3519 5245; baseline -0.02 -10"><span class='ocrx_word' id='word_1_709' title='bbox 1945 5181 2090 5235; x_wconf 90' lang='lat' dir='ltr'><strong>dium</strong></span> <span class='ocrx_word' id='word_1_710' title='bbox 2139 5194 2168 5231; x_wconf 88' lang='lat' dir='ltr'><strong>a</strong></span> <span class='ocrx_word' id='word_1_711' title='bbox 2216 5174 2627 5245; x_wconf 85' lang='lat' dir='ltr'><strong>Theophylacto</strong></span> <span class='ocrx_word' id='word_1_712' title='bbox 2683 5168 2916 5240; x_wconf 88' lang='lat' dir='ltr'><strong>patricio</strong></span> <span class='ocrx_word' id='word_1_713' title='bbox 2974 5179 3038 5217; x_wconf 89' lang='lat' dir='ltr'><strong>ac</strong></span> <span class='ocrx_word' id='word_1_714' title='bbox 3078 5158 3280 5216; x_wconf 88' lang='lat' dir='ltr'><strong>stabuli</strong></span> <span class='ocrx_word' id='word_1_715' title='bbox 3320 5152 3519 5245; x_wconf 84' lang='lat' dir='ltr'><strong>comite</strong></span> 
     </span>
    </p>
   </div>
   <div class='ocr_carea' id='block_1_107' title="bbox 1946 5243 3522 5330">
    <p class='ocr_par' dir='ltr' id='par_1_107' title="bbox 1946 5243 3522 5330">
     <span class='ocr_line' id='line_1_107' title="bbox 1946 5243 3522 5330; baseline -0.018 -5"><span class='ocrx_word' id='word_1_716' title='bbox 1946 5270 2235 5325; x_wconf 84' lang='lat' dir='ltr'><strong>Theodoro</strong></span> <span class='ocrx_word' id='word_1_717' title='bbox 2270 5243 2623 5321; x_wconf 78' lang='lat' dir='ltr'><strong>Constantini</strong></span> <span class='ocrx_word' id='word_1_718' title='bbox 2667 5256 3019 5330; x_wconf 85' lang='lat' dir='ltr'><strong>imperatoris</strong></span> <span class='ocrx_word' id='word_1_719' title='bbox 3048 5250 3344 5322; x_wconf 78' lang='lat' dir='ltr'><strong>paedagogo</strong></span> <span class='ocrx_word' id='word_1_720' title='bbox 3371 5243 3522 5313; x_wconf 81' lang='lat' dir='ltr'><strong>ejus-</strong></span> 
     </span>
    </p>
   </div>
   <div class='ocr_carea' id='block_1_108' title="bbox 1945 5335 3520 5434">
    <p class='ocr_par' dir='ltr' id='par_1_108' title="bbox 1945 5335 3520 5434">
     <span class='ocr_line' id='line_1_108' title="bbox 1945 5335 3520 5434; baseline -0.019 -16"><span class='ocrx_word' id='word_1_721' title='bbox 1945 5377 2051 5434; x_wconf 88' lang='lat' dir='ltr'><strong>que</strong></span> <span class='ocrx_word' id='word_1_722' title='bbox 2096 5362 2265 5416; x_wconf 67' lang='lat' dir='ltr'><strong>fratre</strong></span> <span class='ocrx_word' id='word_1_723' title='bbox 2311 5358 2604 5430; x_wconf 84' lang='lat' dir='ltr'><strong>Symeone,</strong></span> <span class='ocrx_word' id='word_1_724' title='bbox 2641 5354 2785 5407; x_wconf 89' lang='lat' dir='ltr'><strong>inter</strong></span> <span class='ocrx_word' id='word_1_725' title='bbox 2823 5348 3013 5419; x_wconf 83' lang='lat' dir='ltr'><strong>epulas</strong></span> <span class='ocrx_word' id='word_1_726' title='bbox 3043 5346 3321 5413; x_wconf 79' lang='lat' dir='ltr'><strong>ingressus</strong></span> <span class='ocrx_word' id='word_1_727' title='bbox 3351 5335 3520 5392; x_wconf 73' lang='lat' dir='ltr'><strong>Joan-</strong></span> 
     </span>
    </p>
   </div>
   <div class='ocr_carea' id='block_1_109' title="bbox 1947 5433 3519 5513">
    <p class='ocr_par' dir='ltr' id='par_1_109' title="bbox 1947 5433 3519 5513">
     <span class='ocr_line' id='line_1_109' title="bbox 1947 5433 3519 5513; baseline -0.02 -1"><span class='ocrx_word' id='word_1_728' title='bbox 1947 5433 2043 5512; x_wconf 83' lang='lat' dir='ltr'><strong>nes</strong></span> <span class='ocrx_word' id='word_1_729' title='bbox 2081 5452 2435 5509; x_wconf 80' lang='lat' dir='ltr'><strong>eseubiarum</strong></span> <span class='ocrx_word' id='word_1_730' title='bbox 2492 5445 2823 5513; x_wconf 75' lang='lat' dir='ltr'><strong>drnngarius</strong></span> <span class='ocrx_word' id='word_1_731' title='bbox 2879 5441 3059 5495; x_wconf 88' lang='lat' dir='ltr'><strong>dictus</strong></span> <span class='ocrx_word' id='word_1_732' title='bbox 3103 5433 3355 5488; x_wconf 86' lang='lat' dir='ltr'><strong>Curcuas</strong></span> <span class='ocrx_word' id='word_1_733' title='bbox 3393 5440 3519 5481; x_wconf 83' lang='lat' dir='ltr'><strong>cum</strong></span> 
     </span>
    </p>
   </div>
   <div class='ocr_carea' id='block_1_110' title="bbox 231 5449 1844 5535">
    <p class='ocr_par' dir='ltr' id='par_1_110' title="bbox 231 5449 1844 5535">
     <span class='ocr_line' id='line_1_110' title="bbox 231 5449 1844 5535; baseline -0.009 -19"><span class='ocrx_word' id='word_1_734' title='bbox 231 5481 345 5535; x_wconf 78' lang='lat' dir='ltr'><strong>po;</strong></span> <span class='ocrx_word' id='word_1_735' title='bbox 380 5463 482 5515; x_wconf 72' lang='grc' dir='ltr'><strong>καὶ</strong></span> <span class='ocrx_word' id='word_1_736' title='bbox 527 5456 755 5526; x_wconf 81' lang='grc' dir='ltr'>Συμεὼν</span> <span class='ocrx_word' id='word_1_737' title='bbox 792 5458 821 5509; x_wconf 88' lang='lat'><strong>6</strong></span> <span class='ocrx_word' id='word_1_738' title='bbox 851 5453 1014 5509; x_wconf 76' lang='grc' dir='ltr'>αὐτοῦ</span> <span class='ocrx_word' id='word_1_739' title='bbox 1036 5455 1261 5524; x_wconf 85' lang='grc' dir='ltr'>ἁδελφός</span> <span class='ocrx_word' id='word_1_740' title='bbox 1285 5469 1300 5484; x_wconf 75' lang='grc' dir='ltr'><strong>ο</strong></span> <span class='ocrx_word' id='word_1_741' title='bbox 1330 5452 1621 5506; x_wconf 72' lang='grc' dir='ltr'>ἐσθιόντων</span> <span class='ocrx_word' id='word_1_742' title='bbox 1659 5450 1716 5503; x_wconf 78' lang='grc' dir='ltr'>δὲ</span> <span class='ocrx_word' id='word_1_743' title='bbox 1749 5449 1844 5503; x_wconf 85' lang='grc' dir='ltr'><strong>αὐ-</strong></span> 
     </span>
    </p>
   </div>
   <div class='ocr_carea' id='block_1_111' title="bbox 223 5545 1845 5627">
    <p class='ocr_par' dir='ltr' id='par_1_111' title="bbox 223 5545 1845 5627">
     <span class='ocr_line' id='line_1_111' title="bbox 223 5545 1845 5627; baseline -0.01 -15"><span class='ocrx_word' id='word_1_744' title='bbox 223 5559 359 5613; x_wconf 78' lang='grc' dir='ltr'><strong>τῶν</strong></span> <span class='ocrx_word' id='word_1_745' title='bbox 411 5554 672 5627; x_wconf 70' lang='grc' dir='ltr'>εἰσῆλθεν</span> <span class='ocrx_word' id='word_1_746' title='bbox 746 5553 1001 5623; x_wconf 69' lang='grc' dir='ltr'>Ἰωάννης</span> <span class='ocrx_word' id='word_1_747' title='bbox 1048 5550 1404 5621; x_wconf 82' lang='grc' dir='ltr'>δρουγγάριος</span> <span class='ocrx_word' id='word_1_748' title='bbox 1449 5548 1550 5616; x_wconf 83' lang='grc' dir='ltr'>τῆς</span> <span class='ocrx_word' id='word_1_749' title='bbox 1597 5545 1785 5617; x_wconf 76' lang='grc' dir='ltr'>βίγλης</span> <span class='ocrx_word' id='word_1_750' title='bbox 1817 5545 1845 5597; x_wconf 92' lang='lat'><strong>6</strong></span> 
     </span>
    </p>
   </div>
   <div class='ocr_carea' id='block_1_112' title="bbox 226 5637 1845 5721">
    <p class='ocr_par' dir='ltr' id='par_1_112' title="bbox 226 5637 1845 5721">
     <span class='ocr_line' id='line_1_112' title="bbox 226 5637 1845 5721; baseline -0.009 -16"><span class='ocrx_word' id='word_1_751' title='bbox 226 5649 589 5721; x_wconf 76' lang='grc' dir='ltr'>Κουρκούας</span> <span class='ocrx_word' id='word_1_752' title='bbox 630 5646 920 5718; x_wconf 79' lang='grc' dir='ltr'>λεγόμενος</span> <span class='ocrx_word' id='word_1_753' title='bbox 963 5644 1099 5715; x_wconf 82' lang='grc' dir='ltr'>μετὰ</span> <span class='ocrx_word' id='word_1_754' title='bbox 1130 5643 1379 5696; x_wconf 84' lang='grc' dir='ltr'>πλείστου</span> <span class='ocrx_word' id='word_1_755' title='bbox 1405 5638 1533 5694; x_wconf 86' lang='grc' dir='ltr'>λαοῦ</span> <span class='ocrx_word' id='word_1_756' title='bbox 1553 5681 1566 5706; x_wconf 90' lang='grc'><strong>,</strong></span> <span class='ocrx_word' id='word_1_757' title='bbox 1600 5639 1693 5692; x_wconf 65' lang='grc' dir='ltr'><strong>καὶ</strong></span> <span class='ocrx_word' id='word_1_758' title='bbox 1719 5637 1845 5691; x_wconf 61' lang='lat'><strong>10’5-</strong></span> 
     </span>
    </p>
   </div>
   <div class='ocr_carea' id='block_1_113' title="bbox 223 5732 1845 5810">
    <p class='ocr_par' dir='ltr' id='par_1_113' title="bbox 223 5732 1845 5810">
     <span class='ocr_line' id='line_1_113' title="bbox 223 5732 1845 5810; baseline -0.009 -14"><span class='ocrx_word' id='word_1_759' title='bbox 223 5760 377 5804; x_wconf 78' lang='grc' dir='ltr'>τους</span> <span class='ocrx_word' id='word_1_760' title='bbox 459 5740 785 5810; x_wconf 76' lang='grc' dir='ltr'>ἀναρπάσας</span> <span class='ocrx_word' id='word_1_761' title='bbox 840 5740 917 5801; x_wconf 72' lang='grc' dir='ltr'><strong>εἰς</strong></span> <span class='ocrx_word' id='word_1_762' title='bbox 952 5737 1013 5789; x_wconf 74' lang='grc' dir='ltr'>τὸ</span> <span class='ocrx_word' id='word_1_763' title='bbox 1057 5734 1299 5804; x_wconf 72' lang='grc' dir='ltr'>Ὀψίκιον</span> <span class='ocrx_word' id='word_1_764' title='bbox 1338 5732 1594 5805; x_wconf 77' lang='grc' dir='ltr'>ἐξώρισεν</span> <span class='ocrx_word' id='word_1_765' title='bbox 1644 5735 1701 5785; x_wconf 79' lang='grc' dir='ltr'>ἐν</span> <span class='ocrx_word' id='word_1_766' title='bbox 1736 5733 1845 5794; x_wconf 79' lang='grc' dir='ltr'>τοῖς</span> 
     </span>
    </p>
   </div>
   <div class='ocr_carea' id='block_1_114' title="bbox 228 5825 1838 5905">
    <p class='ocr_par' dir='ltr' id='par_1_114' title="bbox 228 5825 1838 5905">
     <span class='ocr_line' id='line_1_114' title="bbox 228 5825 1838 5905; baseline -0.007 -16"><span class='ocrx_word' id='word_1_767' title='bbox 228 5834 475 5891; x_wconf 52' lang='lat' dir='ltr'><strong>tinnire</strong></span> <span class='ocrx_word' id='word_1_768' title='bbox 502 5834 845 5905; x_wconf 70' lang='grc' dir='ltr'>προαστείοις</span> <span class='ocrx_word' id='word_1_769' title='bbox 875 5831 947 5896; x_wconf 80' lang='grc' dir='ltr'>ὡς</span> <span class='ocrx_word' id='word_1_770' title='bbox 980 5829 1119 5886; x_wconf 76' lang='grc' dir='ltr'>κατὰ</span> <span class='ocrx_word' id='word_1_771' title='bbox 1160 5828 1436 5900; x_wconf 75' lang='grc' dir='ltr'>Ῥιιιμανοΰ</span> <span class='ocrx_word' id='word_1_772' title='bbox 1478 5825 1838 5898; x_wconf 77' lang='grc' dir='ltr'>μελετῶντας.</span> 
     </span>
    </p>
   </div>
   <div class='ocr_carea' id='block_1_115' title="bbox 1948 5523 3523 5611">
    <p class='ocr_par' dir='ltr' id='par_1_115' title="bbox 1948 5523 3523 5611">
     <span class='ocr_line' id='line_1_115' title="bbox 1948 5523 3523 5611; baseline -0.019 -8"><span class='ocrx_word' id='word_1_773' title='bbox 1948 5549 2118 5603; x_wconf 89' lang='lat' dir='ltr'><strong>multo</strong></span> <span class='ocrx_word' id='word_1_774' title='bbox 2172 5544 2429 5602; x_wconf 88' lang='lat' dir='ltr'><strong>satellitio</strong></span> <span class='ocrx_word' id='word_1_775' title='bbox 2458 5585 2472 5605; x_wconf 85' lang='lat'><strong>,</strong></span> <span class='ocrx_word' id='word_1_776' title='bbox 2524 5549 2774 5611; x_wconf 85' lang='lat' dir='ltr'><strong>arreptos</strong></span> <span class='ocrx_word' id='word_1_777' title='bbox 2801 5537 2977 5608; x_wconf 78' lang='lat' dir='ltr'><strong>illos,</strong></span> <span class='ocrx_word' id='word_1_778' title='bbox 3025 5541 3286 5600; x_wconf 83' lang='lat' dir='ltr'><strong>tauquam</strong></span> <span class='ocrx_word' id='word_1_779' title='bbox 3329 5523 3523 5579; x_wconf 68' lang='lat' dir='ltr'><strong>adrer-</strong></span> 
     </span>
    </p>
   </div>
   <div class='ocr_carea' id='block_1_116' title="bbox 1948 5615 3524 5699">
    <p class='ocr_par' dir='ltr' id='par_1_116' title="bbox 1948 5615 3524 5699">
     <span class='ocr_line' id='line_1_116' title="bbox 1948 5615 3524 5699; baseline -0.02 0"><span class='ocrx_word' id='word_1_780' title='bbox 1948 5660 2044 5699; x_wconf 89' lang='lat' dir='ltr'><strong>sus</strong></span> <span class='ocrx_word' id='word_1_781' title='bbox 2092 5641 2401 5698; x_wconf 79' lang='lat' dir='ltr'><strong>Romanum</strong></span> <span class='ocrx_word' id='word_1_782' title='bbox 2468 5636 2833 5697; x_wconf 74' lang='lat' dir='ltr'><strong>machinatos,</strong></span> <span class='ocrx_word' id='word_1_783' title='bbox 2879 5630 2945 5685; x_wconf 86' lang='lat' dir='ltr'><strong>ad</strong></span> <span class='ocrx_word' id='word_1_784' title='bbox 2984 5626 3262 5697; x_wconf 89' lang='lat' dir='ltr'><strong>Opsicium</strong></span> <span class='ocrx_word' id='word_1_785' title='bbox 3311 5621 3364 5675; x_wconf 86' lang='lat' dir='ltr'><strong>in</strong></span> <span class='ocrx_word' id='word_1_786' title='bbox 3408 5615 3524 5673; x_wconf 76' lang='lat' dir='ltr'><strong>suis</strong></span> 
     </span>
    </p>
   </div>
   <div class='ocr_carea' id='block_1_117' title="bbox 1950 5718 3203 5806">
    <p class='ocr_par' dir='ltr' id='par_1_117' title="bbox 1950 5718 3203 5806">
     <span class='ocr_line' id='line_1_117' title="bbox 1950 5718 3203 5806; baseline -0.016 -15"><span class='ocrx_word' id='word_1_787' title='bbox 1950 5737 2191 5806; x_wconf 84' lang='lat' dir='ltr'><strong>ipsorum</strong></span> <span class='ocrx_word' id='word_1_788' title='bbox 2228 5731 2554 5790; x_wconf 87' lang='lat' dir='ltr'><strong>suburbanis</strong></span> <span class='ocrx_word' id='word_1_789' title='bbox 2589 5743 2683 5785; x_wconf 86' lang='lat' dir='ltr'><strong>eos</strong></span> <span class='ocrx_word' id='word_1_790' title='bbox 2730 5723 2983 5781; x_wconf 76' lang='lat' dir='ltr'><strong>exsulare</strong></span> <span class='ocrx_word' id='word_1_791' title='bbox 3008 5718 3203 5790; x_wconf 74' lang='lat' dir='ltr'><strong>coegit.</strong></span> 
     </span>
    </p>
   </div>
  </div>
